{"host":"baymyijz6sxaqj5s","time":1610109416,"event":{"mods":["AchievementEnabler","BaseMod","Colored Map","Colored Powertips","DeckTracker","Highlight Path","KOR Keyword Fix","Keyboard Shortcuts","Minty Spire (QoL Compilation)","Quick Restart","StSLib","SuperFastMode"],"gold_per_floor":[113,131,141,216,236,236,253,226,226,72,83,101,101,113,113,209,209,220,160,160],"floor_reached":19,"playtime":451,"items_purged":[],"score":212,"play_id":"0bc3a767-de30-41f9-a8de-5bd735fad75a","local_time":"20210108213656","is_ascension_mode":true,"campfire_choices":[{"data":"Thunderclap","floor":6,"key":"SMITH"},{"data":"Shrug It Off","floor":15,"key":"SMITH"}],"circlet_count":0,"master_deck":["Strike_R","Strike_R","Strike_R","Strike_R","Defend_R","Defend_R","Defend_R","Defend_R","Bash","Spot Weakness","Thunderclap+1","Pommel Strike","Shrug It Off+1","Ghostly Armor","Impervious"],"relics":["Burning Blood","Boot","Lee\u0027s Waffle","Runic Cube"],"acts_visited":["Exordium","TheCity"],"potions_floor_usage":[11,12,16,16],"damage_taken":[{"damage":0,"enemies":"2 Louse","floor":1,"turns":4},{"damage":8,"enemies":"Jaw Worm","floor":2,"turns":4},{"damage":4,"enemies":"Small Slimes","floor":3,"turns":4},{"damage":13,"enemies":"Exordium Thugs","floor":5,"turns":3},{"damage":11,"enemies":"2 Fungi Beasts","floor":7,"turns":4},{"damage":0,"enemies":"3 Louse","floor":11,"turns":1},{"damage":5,"enemies":"Gremlin Gang","floor":12,"turns":5},{"damage":7,"enemies":"Looter","floor":14,"turns":3},{"damage":33,"enemies":"Hexaghost","floor":16,"turns":9},{"damage":64,"enemies":"Spheric Guardian","floor":18,"turns":9},{"damage":17,"enemies":"2 Thieves","floor":19,"turns":3}],"seed_played":"-3010992222117301952","potions_obtained":[{"floor":3,"key":"Fire Potion"},{"floor":5,"key":"AttackPotion"},{"floor":7,"key":"Block Potion"},{"floor":14,"key":"PowerPotion"},{"floor":18,"key":"Weak Potion"}],"is_trial":false,"path_per_floor":["M","M","M","?","M","R","M","$","T","$","M","M","?","M","R","B",null,"M","M"],"character_chosen":"IRONCLAD","items_purchased":["Shrug It Off","Lee\u0027s Waffle"],"campfire_rested":0,"item_purchase_floors":[8,10],"current_hp_per_floor":[88,86,88,77,70,70,65,65,65,95,95,95,88,87,87,60,95,37,20,20],"gold":160,"neow_bonus":"TEN_PERCENT_HP_BONUS","is_daily":false,"chose_seed":false,"campfire_upgraded":2,"win_rate":0.0,"timestamp":1610109416,"path_taken":["M","M","M","?","M","R","M","?","T","$","M","M","?","M","R","BOSS","M","M"],"items_purchased_type":["Card","Relic"],"build_version":"2020-12-22","purchased_purges":0,"victory":false,"max_hp_per_floor":[88,88,88,88,88,88,88,88,88,95,95,95,95,95,95,95,95,95,95,95],"card_choices":[{"not_picked":["Havoc","Wild Strike","Cleave"],"picked":"SKIP","floor":1},{"not_picked":["Flex","Shrug It Off"],"picked":"Spot Weakness","floor":2},{"not_picked":["Rampage","Clash"],"picked":"Thunderclap","floor":3},{"not_picked":["Perfected Strike","Power Through","Immolate"],"picked":"SKIP","floor":5},{"not_picked":["Metallicize","Power Through"],"picked":"Pommel Strike","floor":7},{"not_picked":["Iron Wave","Infernal Blade"],"picked":"Ghostly Armor","floor":11},{"not_picked":["Wild Strike","Intimidate","Headbutt"],"picked":"SKIP","floor":12},{"not_picked":["Wild Strike","Perfected Strike","Pommel Strike"],"picked":"SKIP","floor":14},{"not_picked":["Offering","Bludgeon"],"picked":"Impervious","floor":16},{"not_picked":["Clothesline","Searing Blow","Feel No Pain"],"picked":"SKIP","floor":18}],"player_experience":83962,"relics_obtained":[{"floor":9,"key":"Boot"}],"event_choices":[{"damage_healed":0,"gold_gain":75,"player_choice":"Gather Gold","damage_taken":11,"max_hp_gain":0,"max_hp_loss":0,"event_name":"World of Goop","floor":4,"gold_loss":0},{"cards_removed":["Strike_R"],"damage_healed":0,"gold_gain":0,"player_choice":"Card Removal","damage_taken":7,"max_hp_gain":0,"max_hp_loss":0,"event_name":"Golden Wing","floor":13,"gold_loss":0}],"is_beta":false,"boss_relics":[{"not_picked":["Busted Crown","Fusion Hammer"],"picked":"Runic Cube"}],"items_purged_floors":[],"is_endless":false,"potions_floor_spawned":[3,5,7,14,18],"killed_by":"2 Thieves","ascension_level":3}}