{"host":"h4lp0eeso8a0ssq0","time":1610115355,"event":{"mods":["2.2 Compatiblity","AchievementEnabler","BaseMod","CapriCore","Colored Map","Minty Spire (QoL Compilation)","StSLib","SuperFastMode"],"gold_per_floor":[114,114,134,148,164,199,199,224,224,247,247,261,261,21,21,142,142,158,34,34,57,78,111,111,126,173,6,6,0,0,25,25,146,146,170,190,190,204,222,260,154,154,154,154,39,63,106,106,106,106,106,106,58,89,89],"floor_reached":56,"playtime":2070,"items_purged":["Strike_G","Defend_G","Defend_G","Normality"],"score":1477,"play_id":"b2f1d0b5-bd18-414d-8e80-6a92310935b1","local_time":"20210108231555","is_ascension_mode":true,"campfire_choices":[{"floor":7.0,"key":"REST"},{"data":"Backflip","floor":11.0,"key":"SMITH"},{"data":"Catalyst","floor":15.0,"key":"SMITH"},{"data":"Catalyst","floor":24.0,"key":"SMITH"},{"floor":28.0,"key":"REST"},{"data":"Catalyst","floor":32.0,"key":"SMITH"},{"data":"Catalyst","floor":44.0,"key":"SMITH"},{"floor":49.0,"key":"RECALL"},{"data":"Crippling Poison","floor":52.0,"key":"SMITH"}],"circlet_count":0,"master_deck":["Defend_G","Defend_G","Defend_G","Survivor","Neutralize+1","Backflip+1","Quick Slash","Calculated Gamble","Acrobatics","Die Die Die","Quick Slash","Acrobatics","Noxious Fumes+1","Footwork","Catalyst+1","Adrenaline","Blur+1","Acrobatics+1","Catalyst+1","Catalyst+1","Reflex+1","Burst","Riddle With Holes+1","Noxious Fumes+1","Catalyst+1","Caltrops","Crippling Poison+1","Deadly Poison+1","Calculated Gamble+1"],"relics":["Ring of the Snake","Golden Idol","Letter Opener","Odd Mushroom","InkBottle","Membership Card","Astrolabe","TwistedFunnel","Matryoshka","Oddly Smooth Stone","Art of War","Anchor","Cursed Key","Juzu Bracelet","MealTicket","PreservedInsect","Bottled Lightning"],"acts_visited":["Exordium","TheCity","TheBeyond","TheEnding"],"potions_floor_usage":[55,55],"damage_taken":[{"damage":0.0,"enemies":"2 Louse","floor":1.0,"turns":2.0},{"damage":2.0,"enemies":"Jaw Worm","floor":3.0,"turns":5.0},{"damage":4.0,"enemies":"Cultist","floor":4.0,"turns":3.0},{"damage":4.0,"enemies":"Exordium Thugs","floor":5.0,"turns":5.0},{"damage":28.0,"enemies":"Lagavulin","floor":6.0,"turns":10.0},{"damage":4.0,"enemies":"The Mushroom Lair","floor":8.0,"turns":3.0},{"damage":4.0,"enemies":"Blue Slaver","floor":10.0,"turns":3.0},{"damage":0.0,"enemies":"2 Fungi Beasts","floor":12.0,"turns":2.0},{"damage":20.0,"enemies":"Hexaghost","floor":16.0,"turns":12.0},{"damage":1.0,"enemies":"3 Byrds","floor":18.0,"turns":4.0},{"damage":12.0,"enemies":"Spheric Guardian","floor":21.0,"turns":6.0},{"damage":3.0,"enemies":"Centurion and Healer","floor":22.0,"turns":7.0},{"damage":26.0,"enemies":"Gremlin Leader","floor":23.0,"turns":7.0},{"damage":17.0,"enemies":"Cultist and Chosen","floor":25.0,"turns":8.0},{"damage":0.0,"enemies":"Snecko","floor":31.0,"turns":5.0},{"damage":0.0,"enemies":"Champ","floor":33.0,"turns":5.0},{"damage":0.0,"enemies":"3 Shapes","floor":35.0,"turns":4.0},{"damage":0.0,"enemies":"Orb Walker","floor":36.0,"turns":2.0},{"damage":10.0,"enemies":"Jaw Worm Horde","floor":38.0,"turns":3.0},{"damage":4.0,"enemies":"Writhing Mass","floor":39.0,"turns":3.0},{"damage":15.0,"enemies":"Nemesis","floor":40.0,"turns":3.0},{"damage":0.0,"enemies":"Sphere and 2 Shapes","floor":46.0,"turns":3.0},{"damage":0.0,"enemies":"Reptomancer","floor":47.0,"turns":2.0},{"damage":55.0,"enemies":"Awakened One","floor":50.0,"turns":10.0},{"damage":11,"enemies":"Shield and Spear","floor":54,"turns":5},{"damage":47,"enemies":"The Heart","floor":55,"turns":5}],"seed_played":"7228200661428823941","potions_obtained":[{"floor":1.0,"key":"Block Potion"},{"floor":6.0,"key":"PowerPotion"},{"floor":8.0,"key":"AttackPotion"},{"floor":10.0,"key":"CunningPotion"},{"floor":22.0,"key":"Block Potion"},{"floor":31.0,"key":"BlessingOfTheForge"},{"floor":36.0,"key":"AttackPotion"},{"floor":38.0,"key":"Weak Potion"}],"is_trial":false,"path_per_floor":["M","?","M","M","M","E","R","?","T","M","R","M","?","$","R","B",null,"M","$","?","M","M","E","R","M","T","$","R","?","?","M","R","B",null,"M","M","?","M","M","E","$","?","T","R","$","M","E","T","R","B",null,"R","$","E","B",null],"character_chosen":"THE_SILENT","items_purchased":["Membership Card","Footwork","Catalyst","TwistedFunnel","Fruit Juice","Catalyst","Anchor","Caltrops","Poison Potion","Crippling Poison","Fire Potion","Fire Potion"],"campfire_rested":2,"item_purchase_floors":[14,14,14,19,19,27,27,41,41,45,53,53],"current_hp_per_floor":[70,53,51,47,43,15,36,32,32,28,28,28,28,28,28,8,70,69,74,74,62,59,33,33,16,16,16,38,38,38,38,38,38,75,75,75,75,65,61,46,46,46,46,46,61,61,61,61,61,6,75,75,75,64,17],"gold":89,"neow_bonus":"UPGRADE_CARD","is_daily":false,"chose_seed":false,"campfire_upgraded":6,"win_rate":0.0,"timestamp":1610115355,"path_taken":["M","?","M","M","M","E","R","?","T","M","R","M","?","$","R","BOSS","M","$","?","M","M","E","R","M","T","$","R","?","?","M","R","BOSS","M","M","?","M","M","E","$","?","T","R","$","M","E","?","R","BOSS","R","$","E","BOSS"],"items_purchased_type":["Relic","Card","Card","Relic","Potion","Card","Relic","Card","Potion","Card","Potion","Potion"],"build_version":"2020-12-22","purchased_purges":4,"victory":true,"max_hp_per_floor":[70,70,70,70,70,70,70,70,70,70,70,70,70,70,70,70,70,70,75,75,75,75,75,75,75,75,75,75,75,75,75,75,75,75,75,75,75,75,75,75,75,75,75,75,75,75,75,75,75,75,75,75,75,75,75],"card_choices":[{"not_picked":["Heel Hook","Dagger Throw"],"picked":"Backflip","floor":1.0},{"not_picked":["Distraction","Infinite Blades"],"picked":"Quick Slash","floor":3.0},{"not_picked":["Underhanded Strike","Deflect"],"picked":"Calculated Gamble","floor":4.0},{"not_picked":["Deadly Poison","Dodge and Roll"],"picked":"Acrobatics","floor":5.0},{"not_picked":["Flying Knee","Bane"],"picked":"Die Die Die","floor":6.0},{"not_picked":["Dodge and Roll","Slice"],"picked":"Quick Slash","floor":8.0},{"not_picked":["Deflect","Prepared"],"picked":"Acrobatics","floor":10.0},{"not_picked":["Slice","Night Terror","Heel Hook"],"picked":"SKIP","floor":12.0},{"not_picked":["Unload","A Thousand Cuts"],"picked":"Adrenaline","floor":16.0},{"not_picked":["Quick Slash+1","Acrobatics"],"picked":"Catalyst","floor":18.0},{"not_picked":["Quick Slash","Acrobatics","Predator+1"],"picked":"SKIP","floor":21.0},{"not_picked":["Slice","Bane","Prepared"],"picked":"SKIP","floor":22.0},{"not_picked":["Dagger Throw","Riddle With Holes","Dodge and Roll"],"picked":"SKIP","floor":23.0},{"not_picked":["Skewer","A Thousand Cuts","Deflect"],"picked":"SKIP","floor":25.0},{"not_picked":["Flying Knee","Underhanded Strike"],"picked":"Reflex+1","floor":31.0},{"not_picked":["Unload","Envenom"],"picked":"Burst","floor":33.0},{"not_picked":["Finisher+1","Blade Dance"],"picked":"Riddle With Holes+1","floor":35.0},{"not_picked":["Riddle With Holes","Cloak And Dagger+1","Underhanded Strike+1"],"picked":"SKIP","floor":36.0},{"not_picked":["Backflip+1","Dodge and Roll"],"picked":"Noxious Fumes+1","floor":38.0},{"not_picked":["Sucker Punch","Slice","Acrobatics"],"picked":"SKIP","floor":39.0},{"not_picked":["Bullet Time","Distraction+1"],"picked":"Catalyst","floor":40.0},{"not_picked":["Deflect","Flying Knee"],"picked":"Deadly Poison+1","floor":46.0},{"not_picked":["Terror+1","Footwork","Expertise+1"],"picked":"SKIP","floor":47.0},{"not_picked":["Slice+1","Poisoned Stab"],"picked":"Calculated Gamble+1","floor":54}],"player_experience":105447,"relics_obtained":[{"floor":6.0,"key":"Letter Opener"},{"floor":8.0,"key":"Odd Mushroom"},{"floor":9.0,"key":"InkBottle"},{"floor":23.0,"key":"Matryoshka"},{"floor":26.0,"key":"Oddly Smooth Stone"},{"floor":26.0,"key":"Art of War"},{"floor":40.0,"key":"Juzu Bracelet"},{"floor":43.0,"key":"MealTicket"},{"floor":47.0,"key":"PreservedInsect"},{"floor":54,"key":"Bottled Lightning"}],"event_choices":[{"damage_healed":0.0,"max_hp_gain":0.0,"max_hp_loss":0.0,"gold_gain":0.0,"event_name":"Golden Idol","player_choice":"Take Damage","floor":2.0,"gold_loss":0.0,"damage_taken":17.0,"relics_obtained":["Golden Idol"]},{"damage_healed":0.0,"max_hp_gain":0.0,"max_hp_loss":0.0,"gold_gain":0.0,"event_name":"Mushrooms","player_choice":"Fought Mushrooms","floor":8.0,"gold_loss":0.0,"damage_taken":0.0},{"damage_healed":0.0,"max_hp_gain":0.0,"max_hp_loss":0.0,"gold_gain":0.0,"cards_transformed":["Strike_G"],"event_name":"Living Wall","player_choice":"Change","floor":13.0,"gold_loss":0.0,"damage_taken":0.0,"cards_obtained":["Noxious Fumes"]},{"damage_healed":0.0,"max_hp_gain":0.0,"max_hp_loss":0.0,"gold_gain":0.0,"event_name":"Cursed Tome","player_choice":"Ignored","floor":20.0,"gold_loss":0.0,"damage_taken":0.0},{"damage_healed":0.0,"max_hp_gain":0.0,"max_hp_loss":0.0,"gold_gain":0.0,"event_name":"Masked Bandits","player_choice":"Paid Fearfully","floor":29.0,"gold_loss":6.0,"damage_taken":0.0},{"damage_healed":0.0,"max_hp_gain":0.0,"max_hp_loss":0.0,"gold_gain":0.0,"event_name":"Vampires","player_choice":"Ignored","floor":30.0,"gold_loss":0.0,"damage_taken":0.0},{"damage_healed":0.0,"max_hp_gain":0.0,"max_hp_loss":0.0,"gold_gain":0.0,"event_name":"Accursed Blacksmith","player_choice":"Forge","floor":37.0,"gold_loss":0.0,"damage_taken":0.0,"cards_upgraded":["Noxious Fumes"]},{"cards_removed":["Envenom"],"damage_healed":0.0,"max_hp_gain":0.0,"max_hp_loss":0.0,"gold_gain":0.0,"event_name":"Purifier","player_choice":"Purged","floor":42.0,"gold_loss":0.0,"damage_taken":0.0}],"is_beta":false,"boss_relics":[{"not_picked":["SacredBark","Busted Crown"],"picked":"Astrolabe"},{"not_picked":["Pandora\u0027s Box","SlaversCollar"],"picked":"Cursed Key"}],"items_purged_floors":[14,27,41,45],"is_endless":false,"potions_floor_spawned":[1,6,8,10,22,31,36,38,46,54],"ascension_level":3}}