{"host":"r6da5kb9dzaaglw2","time":1610102966,"event":{"mods":["AchievementEnabler","BaseMod","Colored Powertips","Duelist Mod","GifTheSpireLib","Minty Spire (QoL Compilation)","StSLib"],"gold_per_floor":[141,141,155,155,171,171,506,506,506,538,548,323,323,423,423,522,522,457,442,442,442,422,392,392,372,372,337,312,307,307,302,302,287,287,282,277,2,2,2,2,2,2,2,2,2,2,2,2,2,2,2,2,2,2,2,2],"floor_reached":55,"playtime":4933,"items_purged":["Pain","theDuelist:CursedBill"],"score":936,"play_id":"0bb46942-10c6-4963-9c1b-1de36ea0e1cb","local_time":"20210108114926","is_ascension_mode":false,"campfire_choices":[{"floor":6.0,"key":"RECALL"},{"data":"theDuelist:OniGamiCombo","floor":8.0,"key":"SMITH"},{"data":"theDuelist:BookMoon","floor":15.0,"key":"SMITH"},{"floor":24.0,"key":"REST"},{"floor":32,"key":"REST"},{"data":"theDuelist:PatricianDarkness","floor":45,"key":"SMITH"},{"floor":49,"key":"REST"},{"data":"theDuelist:ArmoredZombie","floor":52,"key":"SMITH"}],"circlet_count":0,"master_deck":["theDuelist:ZombieCorpse","theDuelist:ZombieCorpse","theDuelist:ArchfiendZombieSkull","theDuelist:ArmoredZombie","theDuelist:ArmoredZombie+1","theDuelist:ClownZombie","theDuelist:PatricianDarkness+1","theDuelist:ShallowGrave+1","theDuelist:TutanMask","theDuelist:OniGamiCombo+1","theDuelist:CustomResummonCard+1","theDuelist:BookMoon+1","theDuelist:FusionGuard","theDuelist:MayakashiReturn","theDuelist:SkullServant","theDuelist:BurningSkullHead+1","theDuelist:Polymerization","theDuelist:OverpoweringEye+1","theDuelist:Polymerization","theDuelist:CustomResummonCard","theDuelist:ZombieTiger+1","theDuelist:BookMoon","theDuelist:SkullConductor+1"],"relics":["theDuelist:MillenniumPuzzle","theDuelist:CardPoolRelic","theDuelist:CardPoolBasicRelic","theDuelist:BoosterPackPoolRelic","theDuelist:CardPoolAddRelic","theDuelist:CardPoolMinusRelic","theDuelist:CardPoolSaveRelic","theDuelist:CardPoolOptionsRelic","theDuelist:ZombieResummonBuffRelic","WarpedTongs","Old Coin","Bottled Flame","Lantern","theDuelist:AknamkanonsEssence","theDuelist:MillenniumCoin","Ectoplasm","Nilry\u0027s Codex","theDuelist:WhiteBowlRelic","theDuelist:ResummonerBane","theDuelist:SolderToken","SlaversCollar","Orrery","CaptainsWheel","Akabeko","theDuelist:GhostToken","Incense Burner"],"acts_visited":["Exordium","TheCity","TheBeyond","TheEnding"],"potions_floor_usage":[31,46],"damage_taken":[{"damage":3.0,"enemies":"Jaw Worm","floor":1.0,"turns":4.0},{"damage":0.0,"enemies":"Small Slimes","floor":3.0,"turns":3.0},{"damage":6.0,"enemies":"Cultist","floor":5.0,"turns":4.0},{"damage":22.0,"enemies":"3 Sentries","floor":7.0,"turns":10.0},{"damage":10.0,"enemies":"Lagavulin","floor":10.0,"turns":5.0},{"damage":3.0,"enemies":"Large Slime","floor":11.0,"turns":5.0},{"damage":0.0,"enemies":"Hexaghost","floor":16.0,"turns":4.0},{"damage":17.0,"enemies":"2 Thieves","floor":18.0,"turns":4.0},{"damage":0.0,"enemies":"Spheric Guardian","floor":19.0,"turns":2.0},{"damage":21.0,"enemies":"Centurion and Healer","floor":22.0,"turns":5.0},{"damage":25.0,"enemies":"Gremlin Leader","floor":23.0,"turns":5.0},{"damage":0.0,"enemies":"Cultist and Chosen","floor":25.0,"turns":4.0},{"damage":12.0,"enemies":"Book of Stabbing","floor":27.0,"turns":4.0},{"damage":10,"enemies":"Snecko","floor":28,"turns":4},{"damage":0,"enemies":"Centurion and Healer","floor":29,"turns":4},{"damage":0,"enemies":"Snake Plant","floor":31,"turns":2},{"damage":0,"enemies":"Automaton","floor":33,"turns":5},{"damage":5,"enemies":"Orb Walker","floor":35,"turns":2},{"damage":1,"enemies":"3 Darklings","floor":36,"turns":4},{"damage":0,"enemies":"Jaw Worm Horde","floor":38,"turns":5},{"damage":0,"enemies":"Spire Growth","floor":39,"turns":3},{"damage":0,"enemies":"Maw","floor":40,"turns":4},{"damage":13,"enemies":"Nemesis","floor":41,"turns":3},{"damage":1,"enemies":"Giant Head","floor":44,"turns":5},{"damage":8,"enemies":"4 Shapes","floor":46,"turns":2},{"damage":10,"enemies":"Writhing Mass","floor":47,"turns":2},{"damage":0,"enemies":"Reptomancer","floor":48,"turns":3},{"damage":18,"enemies":"Time Eater","floor":50,"turns":3},{"damage":22,"enemies":"Shield and Spear","floor":54,"turns":3},{"damage":59,"enemies":"The Heart","floor":55,"turns":3}],"seed_played":"9116417534548179161","potions_obtained":[{"floor":3.0,"key":"ColorlessPotion"},{"floor":11.0,"key":"GamblersBrew"},{"floor":22.0,"key":"theDuelist:DebuffFuryPotion"},{"floor":25.0,"key":"theDuelist:BottledKuriboh"},{"floor":29,"key":"theDuelist:SealedPackC"},{"floor":36,"key":"theDuelist:BigTributeBottle"},{"floor":38,"key":"Energy Potion"},{"floor":40,"key":"theDuelist:TokenPotion"}],"is_trial":false,"path_per_floor":["M","?","M","?","M","R","E","R","T","E","M","$","?","?","R","B",null,"M","M","?","?","M","E","R","M","T","E","M","M","?","M","R","B",null,"M","M","$","M","M","M","E","?","T","E","R","M","M","E","R","B",null,"R","$","E","B"],"character_chosen":"THE_DUELIST","items_purchased":["theDuelist:AknamkanonsEssence","theDuelist:Polymerization","Orrery"],"campfire_rested":3,"item_purchase_floors":[12,37,37],"current_hp_per_floor":[77,74,74,74,68,68,46,46,46,36,33,33,33,33,33,33,80,63,63,47,47,26,1,25,25,25,13,3,3,3,3,27,27,80,75,74,74,74,74,74,61,80,80,79,79,71,61,61,80,62,80,80,80,58,0,0],"gold":2,"neow_bonus":"UPGRADE_CARD","is_daily":false,"chose_seed":false,"campfire_upgraded":4,"win_rate":0.0,"timestamp":1610102966,"path_taken":["M","?","M","?","M","R","E","R","T","E","?","$","?","?","R","BOSS","M","M","?","?","M","E","R","M","T","E","?","M","?","M","R","BOSS","M","?","$","M","M","M","E","?","T","E","R","M","?","E","R","BOSS","R","$","E","BOSS"],"items_purchased_type":["Relic","Card","Relic"],"build_version":"2020-12-22","purchased_purges":2,"victory":false,"max_hp_per_floor":[80,80,80,80,80,80,80,80,80,80,80,80,80,80,80,80,80,80,80,80,80,80,80,80,80,80,80,80,80,80,80,80,80,80,80,80,80,80,80,80,80,80,80,80,80,80,80,80,80,80,80,80,80,80,80,80],"card_choices":[{"not_picked":["theDuelist:VendreadReunion","theDuelist:GhostrickMansion","theDuelist:BookMoon"],"picked":"theDuelist:OniGamiCombo","floor":1.0},{"not_picked":["theDuelist:VampireTakeover","theDuelist:NecroFusion","theDuelist:HauntedShrine"],"picked":"SKIP","floor":3.0},{"not_picked":["theDuelist:FuryFire","theDuelist:FossilKnight","theDuelist:ShiranuiSpectralswordShade"],"picked":"SKIP","floor":5.0},{"not_picked":["theDuelist:NightmareHorse","theDuelist:MammothGraveyard","theDuelist:Dakki"],"picked":"SKIP","floor":7.0},{"not_picked":["theDuelist:YukiOnnaAbsolute","theDuelist:FusionGuard"],"picked":"theDuelist:BookLife","floor":10.0},{"not_picked":["theDuelist:SoulAbsorbingBone","theDuelist:OboroGuruma","theDuelist:Mausoleum"],"picked":"theDuelist:BookMoon","floor":11.0},{"not_picked":["theDuelist:VendreadNightmare","theDuelist:Scapeghost"],"picked":"theDuelist:FusionGuard","floor":16.0},{"not_picked":["theDuelist:VampireDesire","theDuelist:FusionTag"],"picked":"theDuelist:MayakashiReturn","floor":18.0},{"not_picked":["theDuelist:GhostrickDoll+1","theDuelist:GhostrickFairy+1","theDuelist:GhostrickNekomusume+1"],"picked":"SKIP","floor":19.0},{"not_picked":["theDuelist:Yasha","theDuelist:DarkDustSpirit"],"picked":"theDuelist:SkullServant","floor":22.0},{"not_picked":["theDuelist:VampireBaby","theDuelist:GhostrickYeti","theDuelist:GhostrickWarwolf"],"picked":"SKIP","floor":23.0},{"not_picked":["theDuelist:SkullServant"],"picked":"theDuelist:BurningSkullHead+1","floor":25.0},{"not_picked":["theDuelist:SpiritPharaoh","theDuelist:MammothGraveyard"],"picked":"theDuelist:Skelesaurus","floor":27.0},{"not_picked":["theDuelist:MammothGraveyard","theDuelist:Wightprince","theDuelist:GhostSister","theDuelist:YukiOnnaAbsolute","theDuelist:DecayedCommander"],"picked":"SKIP","floor":28},{"not_picked":["theDuelist:VampireGrimson","theDuelist:VampireLady","theDuelist:TriWight+1","theDuelist:Wightprince"],"picked":"theDuelist:Polymerization","floor":29},{"not_picked":["theDuelist:ShadowVampire","theDuelist:VampireFamiliar+1","theDuelist:GhostrickJackfrost","theDuelist:GhostrickJiangshi","theDuelist:Tsukahagi+1"],"picked":"SKIP","floor":31},{"not_picked":["theDuelist:BookEclipse","theDuelist:MayakashiWinter","theDuelist:SoulRelease","theDuelist:VendreadDaybreak"],"picked":"theDuelist:OverpoweringEye+1","floor":33},{"not_picked":["theDuelist:VampireSucker+1","theDuelist:VendreadBattlelord","theDuelist:VendreadCore+1","theDuelist:GhostrickAlucard+1","theDuelist:GhostrickYeti"],"picked":"SKIP","floor":35},{"not_picked":["theDuelist:FuryFire+2","theDuelist:EarthGiant+1","theDuelist:GigastoneOmega","theDuelist:YellowBelliedOni+1","theDuelist:TheCreator"],"picked":"SKIP","floor":36},{"not_picked":["theDuelist:Chewbone","theDuelist:GhostrickAlucard+1","theDuelist:MechMoleZombie+1","theDuelist:SkullServant"],"picked":"theDuelist:Bonecrusher+1","floor":37},{"not_picked":["theDuelist:ZombieMammoth+1","theDuelist:SoulRelease+1","theDuelist:GhostrickNight+1","theDuelist:VampireGrace+1"],"picked":"theDuelist:ZombieTiger+1","floor":38},{"not_picked":["theDuelist:RevendreadExecutor","theDuelist:VendreadBattlelord+1","theDuelist:VendreadChimera+1","theDuelist:VendreadHoundhorde","theDuelist:VendreadRevenants+1"],"picked":"SKIP","floor":39},{"not_picked":["theDuelist:Skullgios+1","theDuelist:ShiranuiSpiritmaster+1","theDuelist:MagicalGhost+1","theDuelist:ShiftingShadows+1","theDuelist:TimeFusion+1"],"picked":"SKIP","floor":40},{"not_picked":["theDuelist:ShiranuiSpectralsword","theDuelist:ShiranuiSwordsaga","theDuelist:FlameGhost+1","theDuelist:DarkFusion+3","theDuelist:MagicalGhost+1"],"picked":"SKIP","floor":41},{"not_picked":["theDuelist:DimensionBurial+1","theDuelist:DarkFusion+3","theDuelist:FuryFire+2","theDuelist:OneForOne+1","theDuelist:RedMedicine+1"],"picked":"SKIP","floor":44},{"not_picked":["theDuelist:AntiFusionDevice+1","theDuelist:OniGamiCombo","theDuelist:VampireKingdom","theDuelist:Mausoleum"],"picked":"theDuelist:BookMoon","floor":46},{"not_picked":["theDuelist:Relinkuriboh+1","theDuelist:GreyGreedOni","theDuelist:MagicalGhost","theDuelist:ReturnToDoomed","theDuelist:FlashFusion+1"],"picked":"SKIP","floor":47},{"not_picked":["theDuelist:InstantFusion","theDuelist:SoulRelease","theDuelist:VendreadNightmare","theDuelist:VendreadStriges","theDuelist:ZombieMaster"],"picked":"SKIP","floor":48},{"not_picked":["theDuelist:SkullServant+1","theDuelist:GhostrickJiangshi+1","theDuelist:Mezuki+1","theDuelist:PyramidTurtle+1"],"picked":"theDuelist:SkullConductor+1","floor":54}],"player_experience":471643,"relics_obtained":[{"floor":7.0,"key":"Old Coin"},{"floor":9.0,"key":"Bottled Flame"},{"floor":10.0,"key":"Lantern"},{"floor":20.0,"key":"Nilry\u0027s Codex"},{"floor":23.0,"key":"theDuelist:WhiteBowlRelic"},{"floor":26.0,"key":"theDuelist:ResummonerBane"},{"floor":27.0,"key":"theDuelist:SolderToken"},{"floor":41,"key":"CaptainsWheel"},{"floor":44,"key":"Akabeko"},{"floor":48,"key":"theDuelist:GhostToken"},{"floor":54,"key":"Incense Burner"}],"event_choices":[{"damage_healed":0.0,"max_hp_gain":0.0,"max_hp_loss":0.0,"gold_gain":0.0,"event_name":"Scrap Ooze","player_choice":"Success","floor":2.0,"gold_loss":0.0,"damage_taken":3.0,"relics_obtained":["theDuelist:ZombieResummonBuffRelic"]},{"damage_healed":0.0,"max_hp_gain":0.0,"max_hp_loss":0.0,"gold_gain":0.0,"event_name":"Accursed Blacksmith","player_choice":"Rummage","floor":4.0,"gold_loss":0.0,"damage_taken":0.0,"relics_obtained":["WarpedTongs"],"cards_obtained":["Pain"]},{"damage_healed":0.0,"max_hp_gain":0.0,"max_hp_loss":0.0,"gold_gain":0.0,"event_name":"Living Wall","player_choice":"Grow","floor":13.0,"gold_loss":0.0,"damage_taken":0.0,"cards_upgraded":["theDuelist:CustomResummonCard"]},{"damage_healed":0.0,"max_hp_gain":0.0,"max_hp_loss":0.0,"gold_gain":0.0,"event_name":"Millennium Items","player_choice":"Took item - Received: Millennium Coin","duelist":true,"floor":14.0,"gold_loss":0.0,"damage_taken":0.0},{"damage_healed":0.0,"max_hp_gain":0.0,"max_hp_loss":0.0,"gold_gain":0.0,"event_name":"Cursed Tome","player_choice":"Obtained Book","floor":20.0,"gold_loss":0.0,"damage_taken":16.0},{"damage_healed":0.0,"max_hp_gain":0.0,"max_hp_loss":0.0,"gold_gain":0.0,"event_name":"Egyptian Village","player_choice":"Leave","duelist":true,"floor":21.0,"gold_loss":0.0,"damage_taken":0.0},{"damage_healed":0,"gold_gain":0,"player_choice":"Leave","duelist":true,"damage_taken":0,"max_hp_gain":0,"max_hp_loss":0,"event_name":"Relic Duplicator","floor":30,"gold_loss":0},{"damage_healed":19,"gold_gain":0,"player_choice":"Full Heal","damage_taken":0,"max_hp_gain":0,"max_hp_loss":0,"event_name":"Wheel of Change","floor":42,"gold_loss":0}],"is_beta":false,"boss_relics":[{"not_picked":["Mark of Pain","theDuelist:HauntedRelic"],"picked":"Ectoplasm"},{"not_picked":["Astrolabe","Runic Cube"],"picked":"SlaversCollar"}],"items_purged_floors":[12,37],"is_endless":false,"potions_floor_spawned":[3,11,22,25,29,36,38,40],"killed_by":"The Heart","ascension_level":0}}