{"host":"79pwvnyrdes6uj7k","time":1610079946,"event":{"mods":["2.2 Compatiblity","Astrologer","BaseMod","Beaked The Cultist","Colored Powertips","Downfall","Exacting","Friendly Minions","HexUI Lib","Highlight Path","Hubris","Infinite Spire","JesterMod","Mad Scientist","Mimic Mod","Minty Spire (QoL Compilation)","Random Character Button","Replay The Spire","Reworked Bosses","Shop Mod","Somnambulant","StSLib","The Cursed","The Disciple","The Factory","The Judge","The Jungle","The Marked","The Poker Player","The Runesmith","TheHeartMod"],"gold_per_floor":[99,99,99,99,99,99,99,99,99,99,99,99,99,99,99,99,99,99,99,99,99,99,99,99,99,99,11,11,0,0,0,0,0,0,0,0,0,0,0,0,0],"floor_reached":40,"playtime":2663,"items_purged":[],"score":554,"play_id":"9b487504-202b-4f50-b1e8-745e424a228f","local_time":"20210107222546","is_ascension_mode":false,"campfire_choices":[{"floor":1,"key":"DIG"},{"data":"theMarked:MaelstromOfLightning","floor":13,"key":"SMITH"},{"floor":18,"key":"DIG"},{"floor":30,"key":"RECALL"}],"circlet_count":0,"master_deck":["theMarked:Strike","theMarked:Strike","theMarked:Strike","theMarked:Strike","theMarked:Defend","theMarked:Defend","theMarked:Defend","theMarked:SoldierOfQuellstein","theMarked:Static","theMarked:StartUp","theMarked:SwordAndMagic","theMarked:MaelstromOfLightning+1","theMarked:Polarize","theMarked:DispelDoubt+1","theMarked:Aftermath","theMarked:ElectricStrings","theMarked:Polarize","theMarked:BindingBlade","theMarked:WardOff","theMarked:ContemptForTheProud","theMarked:SummonStrength","ReplayTheSpireMod:Splinters","theMarked:BanishingWave","theMarked:ChainLightning+1","theMarked:EmpowerWeapon+1","Guardian:Aged","infinitespire:Pacifist","ReplayTheSpireMod:Book of Names","theMarked:BanishingStrike+1","theMarked:BindingBlade","theMarked:HeritageOfTheMarked","Hallucinations","theMarked:Frustration","theMarked:Overthink","theMarked:MagicAdept","ReplayTheSpireMod:Splinters","Voices","Normality","theMarked:PowerFlow+1","theMarked:SuspiciousRaven"],"relics":["downfall:Hecktoplasm","Replay:Multitool","MealTicket","Replay:Mystery Machine","downfall:HeartBlessingBlue","Philosopher\u0027s Stone","infinitespire:Golems Mask","ReplayTheSpireMod:Shallot","Replay:Bandana","Ring of Panic","Ring of Fangs","Replay:Ancient Bell","ReplayTheSpireMod:TigerMarble","hubris:Reverence","TungstenRod","downfall:HeartBlessingRed","infinitespire:Midas Blood"],"acts_visited":["Exordium","TheCity","TheBeyond"],"potions_floor_usage":[12,16,26,29,31,33,38,40],"damage_taken":[{"damage":9,"enemies":"infinitespire:Voidling","floor":2,"turns":4},{"damage":3,"enemies":"Small Slimes","floor":3,"turns":3},{"damage":0,"enemies":"Cultist","floor":4,"turns":3},{"damage":1,"enemies":"3 Louse","floor":5,"turns":3},{"damage":0,"enemies":"Large Slime","floor":6,"turns":4},{"damage":21,"enemies":"3 Sentries","floor":8,"turns":6},{"damage":0,"enemies":"2 Fungi Beasts","floor":9,"turns":2},{"damage":11,"enemies":"3 Louse","floor":11,"turns":2},{"damage":0,"enemies":"Gremlin Nob","floor":12,"turns":2},{"damage":0,"enemies":"Exordium Wildlife","floor":15,"turns":2},{"damage":8,"enemies":"downfall:Watcher","floor":16,"turns":5},{"damage":2,"enemies":"Spheric Guardian","floor":19,"turns":3},{"damage":9,"enemies":"Chosen","floor":21,"turns":2},{"damage":10,"enemies":"Centurion and Healer","floor":23,"turns":4},{"damage":16,"enemies":"Snecko","floor":26,"turns":4},{"damage":0,"enemies":"downfall:FleeingMerchant","floor":27,"turns":4},{"damage":7,"enemies":"downfall:FleeingMerchant","floor":29,"turns":4},{"damage":3,"enemies":"3 Cultists","floor":31,"turns":3},{"damage":14,"enemies":"Centurion and Healer","floor":32,"turns":5},{"damage":20,"enemies":"downfall:Defect","floor":33,"turns":5},{"damage":18,"enemies":"3 Darklings","floor":36,"turns":4},{"damage":0,"enemies":"Orb Walker","floor":37,"turns":2},{"damage":34,"enemies":"Sphere and 2 Shapes","floor":38,"turns":5},{"damage":38,"enemies":"Reptomancer","floor":40,"turns":2}],"seed_played":"3358904147127132761","potions_obtained":[{"floor":4,"key":"Adrenaline Potion"},{"floor":5,"key":"ColorlessPotion"},{"floor":12,"key":"sneckomod:MuddlingPotion"},{"floor":15,"key":"Swift Potion"},{"floor":20,"key":"SteroidPotion"},{"floor":21,"key":"champ:CounterPotion"},{"floor":26,"key":"SkillPotion"},{"floor":33,"key":"SkillPotion"},{"floor":36,"key":"Fire Potion"},{"floor":37,"key":"SteroidPotion"}],"is_trial":false,"path_per_floor":["R","M","M","M","M","M","T","E","M","?","M","E","R","?","M","B",null,"R","M","?","M","?","M","T","?","M","$","?","$","R","M","M","B",null,"R","M","M","M","?","E"],"character_chosen":"THE_DEFAULT","items_purchased":["theMarked:HeritageOfTheMarked"],"campfire_rested":0,"item_purchase_floors":[27],"current_hp_per_floor":[70,61,58,58,57,57,57,36,36,36,25,25,35,35,35,27,80,80,78,78,69,69,59,59,59,43,58,58,66,66,63,61,41,80,80,62,62,28,28,0,0],"gold":0,"neow_bonus":"BOSS_RELIC","is_daily":false,"chose_seed":false,"campfire_upgraded":1,"win_rate":0.0,"timestamp":1610079946,"path_taken":["R","M","M","M","M","?","T","E","M","?","?","E","R","?","M","BOSS","R","M","?","M","?","M","T","?","M","$","?","?","R","M","M","BOSS","R","M","M","M","?","E"],"items_purchased_type":["Card"],"build_version":"2020-12-22","purchased_purges":0,"victory":false,"max_hp_per_floor":[70,70,70,70,70,70,70,70,70,70,70,70,80,80,80,80,80,80,80,80,80,80,80,80,80,80,80,80,80,80,80,80,80,80,80,80,80,80,80,80,80],"card_choices":[{"not_picked":["theMarked:ElectricStrings","theMarked:WardOff"],"picked":"theMarked:Static","floor":2},{"not_picked":["theMarked:Static","theMarked:Overthink"],"picked":"theMarked:StartUp","floor":3},{"not_picked":["theMarked:ChainLightning","theMarked:WastefulAttack"],"picked":"theMarked:SwordAndMagic","floor":4},{"not_picked":["theMarked:EmpowerWeapon","theMarked:PowerFlow"],"picked":"theMarked:MaelstromOfLightning","floor":5},{"not_picked":["theMarked:Static","theMarked:Aftermath"],"picked":"theMarked:Polarize","floor":6},{"not_picked":["theMarked:RepellingDischarge","theMarked:Electrocute"],"picked":"theMarked:DispelDoubt","floor":8},{"not_picked":["theMarked:EmpowerWeapon","theMarked:BanishingStrike"],"picked":"theMarked:Aftermath","floor":9},{"not_picked":["theMarked:HeightenedSenses","theMarked:WastefulDefense"],"picked":"theMarked:Polarize","floor":11},{"not_picked":["theMarked:StartUp","theMarked:WardOff"],"picked":"theMarked:BindingBlade","floor":12},{"not_picked":["theMarked:WastefulAttack","theMarked:ChainLightning"],"picked":"theMarked:WardOff","floor":15},{"not_picked":["theMarked:KeepCalmAndFightOn","theMarked:Frustration"],"picked":"theMarked:ContemptForTheProud","floor":15},{"not_picked":["theMarked:Defy","theMarked:Levitate"],"picked":"theMarked:SummonStrength","floor":16},{"not_picked":["theMarked:SwordAndMagic","theMarked:WardOff","theMarked:AttractMetal"],"picked":"SKIP","floor":19},{"not_picked":["theMarked:Improvise","theMarked:MuscleMemory"],"picked":"theMarked:BanishingWave","floor":20},{"not_picked":["theMarked:WastefulDefense","theMarked:Convert"],"picked":"theMarked:ChainLightning+1","floor":21},{"not_picked":["theMarked:HeightenedSenses","theMarked:Improvise+1"],"picked":"theMarked:EmpowerWeapon+1","floor":23},{"not_picked":["ReplayTheSpireMod:Black Plague","infinitespire:SealOfDarkness+"],"picked":"ReplayTheSpireMod:Book of Names","floor":25},{"not_picked":["theMarked:Aftermath+1","theMarked:WastefulDefense"],"picked":"theMarked:BanishingStrike+1","floor":26},{"not_picked":["theMarked:Electrify","theMarked:ReduceFriction"],"picked":"theMarked:BindingBlade","floor":27},{"not_picked":["theMarked:Convert+1","theMarked:EmpowerWeapon+1"],"picked":"theMarked:Frustration","floor":29},{"not_picked":["theMarked:WardOff","theMarked:TwofoldDefense","theMarked:SwordAndMagic+1"],"picked":"SKIP","floor":31},{"not_picked":["theMarked:WastefulDefense","theMarked:SwordAndMagic+1"],"picked":"theMarked:Overthink","floor":32},{"not_picked":["theMarked:DispelDoubt","theMarked:ThrowWeapon"],"picked":"theMarked:MagicAdept","floor":33},{"not_picked":["Clumsy","Hallucinations"],"picked":"ReplayTheSpireMod:Splinters","floor":34},{"not_picked":["Delirium","hubris:Envy"],"picked":"Voices","floor":34},{"not_picked":["hubris:Despair","hubris:Disease"],"picked":"Normality","floor":34},{"not_picked":["theMarked:RepellingDischarge+1","theMarked:SwordAndMagic+1","theMarked:ResourceFulStrike"],"picked":"SKIP","floor":36},{"not_picked":["theMarked:HeightenedSenses","theMarked:SwordAndMagic"],"picked":"theMarked:PowerFlow+1","floor":37},{"not_picked":["theMarked:MaelstromOfLightning+1","theMarked:EmpowerWeapon"],"picked":"theMarked:SuspiciousRaven","floor":38}],"player_experience":368185,"relics_obtained":[{"floor":1,"key":"Replay:Multitool"},{"floor":8,"key":"MealTicket"},{"floor":12,"key":"Replay:Mystery Machine"},{"floor":18,"key":"infinitespire:Golems Mask"},{"floor":20,"key":"ReplayTheSpireMod:Shallot"},{"floor":24,"key":"Replay:Bandana"},{"floor":28,"key":"Ring of Panic"},{"floor":28,"key":"Ring of Fangs"},{"floor":39,"key":"infinitespire:Midas Blood"}],"event_choices":[{"damage_healed":0,"gold_gain":0,"cards_transformed":["theMarked:Defend"],"player_choice":"Transformed","damage_taken":0,"max_hp_gain":0,"max_hp_loss":0,"event_name":"Transmorgrifier","floor":10,"gold_loss":0,"cards_obtained":["theMarked:ElectricStrings"]},{"damage_healed":0,"gold_gain":0,"player_choice":"Grow","damage_taken":0,"max_hp_gain":0,"max_hp_loss":0,"event_name":"Living Wall","floor":14,"gold_loss":0,"cards_upgraded":["theMarked:DispelDoubt"]}],"is_beta":false,"boss_relics":[{"not_picked":["hubris:ScarierMask","Empty Cage"],"picked":"Philosopher\u0027s Stone"},{"not_picked":["Astrolabe","Snecko Eye"],"picked":"Replay:Ancient Bell"},{"not_picked":["Toy Ornithopter","MawBank"],"picked":"ReplayTheSpireMod:TigerMarble"},{"not_picked":["hubris:MysteriousPyramids","Replay:Accelerometer"],"picked":"hubris:Reverence"},{"not_picked":["infinitespire:Joker Card","Old Coin"],"picked":"TungstenRod"}],"items_purged_floors":[],"is_endless":false,"potions_floor_spawned":[4,5,12,15,21,26,33,36,37],"killed_by":"Reptomancer","ascension_level":0}}