{"host":"i2ir6b55gxkcwpt4","time":1610126876,"event":{"mods":["BaseMod","Colored Map","Colored Powertips","Lobotomy","Marisa£®ÏF”Í°°ƒß¿Ì…≥£©","Minty Spire (QoL Compilation)","Reimu£®≤©¿ˆ¡È√Œ£©"],"gold_per_floor":[119,119,133,146,146,146,173,173,173,189,222,222,259,319,319,448,448,486,50,325,382,307,307,307,341,367,440,485,3,48,95,95,221,221,289,289,289,356,356,356,115,115,185,185,220,22,39,39,39,29,29],"floor_reached":50,"playtime":6489,"items_purged":["Writhe"],"score":663,"play_id":"970b8ba5-0922-4efb-8e1f-6683a88b33be","local_time":"20210109012756","is_ascension_mode":false,"campfire_choices":[{"data":"UnstableBomb","floor":6,"key":"SMITH"},{"floor":8,"key":"REST"},{"floor":15,"key":"REST"},{"floor":23,"key":"REST"},{"floor":32,"key":"REST"},{"floor":40,"key":"REST"},{"data":"MillisecondPulsars","floor":44,"key":"SMITH"},{"data":"BigCrunch","floor":49,"key":"SMITH"}],"circlet_count":0,"master_deck":["WhiteNight","MasterSpark","UpSweep","OSAHOGD","SporeBomb","OldLady","Acceleration","UniverseFragment","UnstableBomb+1","ManaConvection","WitchOfGreed+1","Bloodbath","EarthLightRay","ShyLook","SuperPerseids","MilkyWay","AlicesGift","GreedKing","MillisecondPulsars+1","DespairKnight","Acceleration","Metamorphosis","WitchOfGreed","Wellcheers","EventHorizon","6A","MilkyWay+1","LongBird","IllusionStar","Panache","PropBag","Rudolta","MagicAbsorber","MeteoricShower","FairyDestructionRay","GalacticHalo","GrandCross","SuperPerseids","FinalSpark","QueenBee","ShootingEcho","Laetitia","DoubleSpark+1","WitchLeyline","Panache","Pain","BlueStar","SporeBomb+1","AsteroidBelt","Acceleration","Freischutz","BigCrunch+1"],"relics":["MiniHakkero","CogitoBucket","Dream Catcher","Letter Opener","AspirationHeart","Strawberry","Busted Crown","BreadOfAWashokuLover","Theresia","Anchor","HandmadeGrimoire","RuthlessExorcism:ReiMu","TentaclePot:ReiMu","Vajra","Pandora\u0027s Box","AtMidnight","TungstenRod","WarpedTongs","Darkstone Periapt","Pen Nib","Kunai","DeathAngel","Shuriken"],"acts_visited":["Exordium","TheCity","TheBeyond"],"potions_floor_usage":[11,11,14,16,16,21,21,21,25,33,33,33,35,48,48,50],"damage_taken":[{"damage":0,"enemies":"Small Slimes","floor":1,"turns":2},{"damage":2,"enemies":"2 Louse","floor":3,"turns":2},{"damage":0,"enemies":"Cultist","floor":4,"turns":2},{"damage":43,"enemies":"3 Sentries","floor":7,"turns":7},{"damage":0,"enemies":"3 Louse","floor":10,"turns":1},{"damage":21,"enemies":"Looter","floor":11,"turns":4},{"damage":0,"enemies":"Exordium Wildlife","floor":13,"turns":3},{"damage":4,"enemies":"Gremlin Nob","floor":14,"turns":3},{"damage":41,"enemies":"Hexaghost","floor":16,"turns":6},{"damage":15,"enemies":"Spheric Guardian","floor":18,"turns":4},{"damage":50,"enemies":"2 Thieves","floor":21,"turns":4},{"damage":12,"enemies":"Shelled Parasite and Fungi","floor":25,"turns":3},{"damage":12,"enemies":"Book of Stabbing","floor":27,"turns":3},{"damage":0,"enemies":"Centurion and Healer","floor":28,"turns":2},{"damage":0,"enemies":"Snecko","floor":30,"turns":3},{"damage":0,"enemies":"Gremlin Leader","floor":31,"turns":3},{"damage":16,"enemies":"Collector","floor":33,"turns":3},{"damage":82,"enemies":"3 Shapes","floor":35,"turns":7},{"damage":5,"enemies":"2 Orb Walkers","floor":38,"turns":2},{"damage":0,"enemies":"Orb Walker","floor":45,"turns":2},{"damage":0,"enemies":"4 Shapes","floor":47,"turns":1},{"damage":0,"enemies":"Transient","floor":48,"turns":3},{"damage":92,"enemies":"Donu and Deca","floor":50,"turns":7}],"seed_played":"6226161755415387310","potions_obtained":[{"floor":4,"key":"StarNLove"},{"floor":7,"key":"Energy Potion"},{"floor":10,"key":"Regen Potion"},{"floor":11,"key":"CultistPotion"},{"floor":13,"key":"Explosive Potion"},{"floor":14,"key":"Block Potion"},{"floor":14,"key":"PowerPotion"},{"floor":16,"key":"SteroidPotion"},{"floor":18,"key":"ShroomBrew"},{"floor":18,"key":"BottledSpark"},{"floor":21,"key":"PowerPotion"},{"floor":21,"key":"SpeedPotion"},{"floor":25,"key":"SteroidPotion"},{"floor":27,"key":"SpeedPotion"},{"floor":27,"key":"EssenceOfSteel"},{"floor":28,"key":"ZuzhouPotion:ReiMu"},{"floor":28,"key":"AttackPotion"},{"floor":31,"key":"MagicPotion:ReiMu"},{"floor":33,"key":"BlessingOfTheForge"},{"floor":35,"key":"ColorlessPotion"},{"floor":35,"key":"DistilledChaos"},{"floor":38,"key":"MagicPotion:ReiMu"},{"floor":45,"key":"CultistPotion"},{"floor":47,"key":"Swift Potion"},{"floor":48,"key":"AttackPotion"}],"is_trial":false,"path_per_floor":["M","?","M","M","?","R","E","R","T","M","M","?","M","E","R","B",null,"M","$","?","M","?","R","?","M","T","E","M","$","M","E","R","B",null,"M","?","?","?","?","R","$","?","T","R","M","$","M","M","R","B"],"character_chosen":"MARISA","items_purchased":["Metamorphosis","WitchOfGreed","BreadOfAWashokuLover","Panache","RuthlessExorcism:ReiMu","TentaclePot:ReiMu","Panache","Pen Nib","AsteroidBelt"],"campfire_rested":5,"item_purchase_floors":[19,19,19,29,29,29,41,46,46],"current_hp_per_floor":[75,68,66,66,66,66,23,45,45,45,50,50,55,59,86,50,92,77,77,77,32,32,59,59,52,52,45,49,49,52,57,84,69,92,26,49,49,50,50,77,77,77,77,77,77,77,78,92,92,0,0],"gold":29,"neow_bonus":"","is_daily":false,"chose_seed":false,"campfire_upgraded":3,"win_rate":0.0,"timestamp":1610126876,"path_taken":["M","?","M","M","?","R","E","R","T","?","M","?","M","E","R","BOSS","M","$","?","M","?","R","?","?","T","E","M","$","M","E","R","BOSS","M","?","?","?","?","R","$","?","T","R","M","$","M","?","R","BOSS"],"items_purchased_type":["Card","Card","Relic","Card","Relic","Relic","Card","Relic","Card"],"build_version":"2020-12-22","purchased_purges":1,"victory":false,"max_hp_per_floor":[75,75,75,75,75,75,75,75,75,75,85,85,85,92,92,92,92,92,92,92,92,92,92,92,92,92,92,92,92,92,92,92,92,92,92,92,92,92,92,92,92,92,92,92,92,92,92,92,92,105,105],"card_choices":[{"not_picked":["NakedNest","VoidDream"],"picked":"OSAHOGD","floor":1},{"not_picked":["AsteroidBelt","Orbital"],"picked":"SporeBomb","floor":1},{"not_picked":["FairyFestival","VoidDream"],"picked":"OldLady","floor":3},{"not_picked":["SporeBomb","GalacticHalo"],"picked":"Acceleration","floor":3},{"not_picked":["Funeral","Bloodbath"],"picked":"UniverseFragment","floor":4},{"not_picked":["MysteriousBeam","LuminesStrike"],"picked":"UnstableBomb","floor":4},{"not_picked":["IllusionStar","ChargingUp"],"picked":"ManaConvection","floor":7},{"not_picked":["Acceleration","DoubleSpark"],"picked":"WitchOfGreed","floor":8},{"not_picked":["LittlePrince","CherryBlossoms"],"picked":"Bloodbath","floor":10},{"not_picked":["GravityBeat","SporeBomb"],"picked":"EarthLightRay","floor":10},{"not_picked":["Scarecrow","Scorched"],"picked":"ShyLook","floor":11},{"not_picked":["MilkyWay","WitchOfGreed"],"picked":"SuperPerseids","floor":11},{"not_picked":["OrrerysSun","GrandCross"],"picked":"MilkyWay","floor":13},{"not_picked":["LuminesStrike","UnstableBomb"],"picked":"AlicesGift","floor":14},{"not_picked":["DarkSpark","DoubleSpark"],"picked":"OpenUniverse","floor":15},{"not_picked":["Scarecrow","CherryBlossoms"],"picked":"GreedKing","floor":16},{"not_picked":["MaximisePower","StarDustReverie"],"picked":"MillisecondPulsars","floor":16},{"not_picked":["VoidDream","MHz"],"picked":"DespairKnight","floor":18},{"not_picked":[],"picked":"Acceleration","floor":18},{"not_picked":["PunishingBird","MeatLantern"],"picked":"Wellcheers","floor":21},{"not_picked":[],"picked":"EventHorizon","floor":21},{"not_picked":[],"picked":"6A","floor":23},{"not_picked":[],"picked":"Acceleration+1","floor":25},{"not_picked":["Mercenary","MeatLantern"],"picked":"BeautyBeast","floor":27},{"not_picked":[],"picked":"MilkyWay+1","floor":27},{"not_picked":["FairyFestival","SingingMachine"],"picked":"LongBird","floor":28},{"not_picked":[],"picked":"IllusionStar","floor":28},{"not_picked":[],"picked":"PropBag","floor":30},{"not_picked":["SpiderBud","CherryBlossoms"],"picked":"Rudolta","floor":31},{"not_picked":[],"picked":"MagicAbsorber","floor":31},{"not_picked":[],"picked":"MeteoricShower","floor":32},{"not_picked":["LaLuna","CENSORED"],"picked":"QueenBee","floor":35},{"not_picked":[],"picked":"ShootingEcho","floor":35},{"not_picked":["HeroicMonk","MeltingLove"],"picked":"Laetitia","floor":38},{"not_picked":[],"picked":"DoubleSpark+1","floor":38},{"not_picked":[],"picked":"WitchLeyline","floor":40},{"not_picked":["CENSORED","Yin"],"picked":"BlueStar","floor":45},{"not_picked":[],"picked":"SporeBomb+1","floor":45},{"not_picked":["HeroicMonk","MeatLantern"],"picked":"PlagueDoctor","floor":47},{"not_picked":[],"picked":"Acceleration","floor":47},{"not_picked":["VoidDream","SnowQueen"],"picked":"Freischutz","floor":48},{"not_picked":[],"picked":"BigCrunch","floor":48}],"player_experience":68225,"relics_obtained":[{"floor":7,"key":"Dream Catcher"},{"floor":9,"key":"Letter Opener"},{"floor":14,"key":"Strawberry"},{"floor":26,"key":"Anchor"},{"floor":27,"key":"HandmadeGrimoire"},{"floor":31,"key":"Vajra"},{"floor":35,"key":"AtMidnight"},{"floor":38,"key":"TungstenRod"},{"floor":43,"key":"Darkstone Periapt"},{"floor":48,"key":"DeathAngel"}],"event_choices":[{"cards_removed":["Strike_MRS"],"damage_healed":0,"gold_gain":0,"player_choice":"Card Removal","damage_taken":7,"max_hp_gain":0,"max_hp_loss":0,"event_name":"Golden Wing","floor":2,"gold_loss":0},{"cards_removed":["Strike_MRS"],"damage_healed":0,"gold_gain":0,"player_choice":"Offered Basic","damage_taken":0,"max_hp_gain":0,"max_hp_loss":0,"event_name":"Bonfire Elementals","floor":5,"gold_loss":0},{"damage_healed":0,"gold_gain":0,"player_choice":"Grow","damage_taken":0,"max_hp_gain":0,"max_hp_loss":0,"event_name":"Living Wall","floor":12,"gold_loss":0,"cards_upgraded":["WitchOfGreed"]},{"damage_healed":0,"gold_gain":275,"player_choice":"Desecrate","damage_taken":0,"max_hp_gain":0,"max_hp_loss":0,"event_name":"Golden Shrine","floor":20,"gold_loss":0,"cards_obtained":["Regret"]},{"cards_removed":["Regret"],"damage_healed":0,"gold_gain":0,"player_choice":"Gave Gold","damage_taken":0,"max_hp_gain":0,"max_hp_loss":0,"event_name":"Beggar","floor":22,"gold_loss":75},{"damage_healed":0,"gold_gain":0,"player_choice":"0 cards matched","damage_taken":0,"max_hp_gain":0,"max_hp_loss":0,"event_name":"Match and Keep!","floor":24,"gold_loss":0,"cards_obtained":[]},{"damage_healed":23,"gold_gain":0,"player_choice":"Writhe","damage_taken":0,"max_hp_gain":0,"max_hp_loss":0,"event_name":"Winding Halls","floor":36,"gold_loss":0,"cards_obtained":["Writhe"]},{"damage_healed":0,"gold_gain":0,"player_choice":"Ignored","damage_taken":0,"max_hp_gain":0,"max_hp_loss":0,"event_name":"Tomb of Lord Red Mask","floor":37,"gold_loss":0},{"damage_healed":0,"gold_gain":0,"player_choice":"Fight","damage_taken":0,"max_hp_gain":0,"max_hp_loss":0,"event_name":"Mysterious Sphere","floor":38,"gold_loss":0},{"cards_removed":["BeautyBeast"],"damage_healed":0,"gold_gain":0,"player_choice":"Removed Skill","damage_taken":0,"max_hp_gain":0,"max_hp_loss":0,"event_name":"Falling","floor":39,"gold_loss":0},{"damage_healed":0,"gold_gain":0,"player_choice":"Rummage","damage_taken":0,"relics_obtained":["WarpedTongs"],"max_hp_gain":0,"max_hp_loss":0,"event_name":"Accursed Blacksmith","floor":42,"gold_loss":0,"cards_obtained":["Pain"]}],"is_beta":false,"boss_relics":[{"not_picked":["Ectoplasm","BewitchedHakkero"],"picked":"Busted Crown"},{"not_picked":["Fusion Hammer","RampagingMagicTools"],"picked":"Pandora\u0027s Box"}],"items_purged_floors":[41],"is_endless":false,"potions_floor_spawned":[4,7,10,14,18,27,28,31,47,48],"killed_by":"Donu and Deca","ascension_level":0}}