{"host":"4rvakrj1idbgia3f","time":1610148809,"event":{"mods":["BaseMod","Colored Map","Colored Powertips","DeckTracker","Highlight Path","Minty Spire (QoL Compilation)","Random Character Button","StSLib"],"gold_per_floor":[113,1,76,96,119,154,170,170,217,217,244,259,259,278,278,349,349,362,632,651,669,669,669,331,362,362,193,193,193,220,245,245,245,245],"floor_reached":33,"playtime":942,"items_purged":["Strike_R","Strike_R"],"score":632,"play_id":"c63bdb81-ac06-4b95-854d-53b0959f0ddd","local_time":"20210109083329","is_ascension_mode":true,"campfire_choices":[{"data":"Uppercut","floor":8,"key":"SMITH"},{"data":"Bash","floor":10,"key":"SMITH"},{"data":"True Grit","floor":13,"key":"SMITH"},{"data":"Sword Boomerang","floor":15,"key":"SMITH"},{"data":"Immolate","floor":23,"key":"SMITH"},{"data":"Dual Wield","floor":32,"key":"SMITH"}],"circlet_count":0,"master_deck":["AscendersBane","Strike_R","Strike_R","Strike_R","Defend_R","Defend_R","Defend_R","Bash+1","Sword Boomerang+1","Evolve","Uppercut+1","Battle Trance","True Grit+1","Immolate+1","Disarm","Wild Strike","Spot Weakness","Dual Wield+1","Dark Embrace","Second Wind"],"relics":["Burning Blood","NeowsBlessing","Omamori","Bag of Marbles","Turnip","Snecko Eye","Medical Kit","Molten Egg 2","Self Forming Clay","Chemical X","Centennial Puzzle","Bronze Scales"],"acts_visited":["Exordium","TheCity"],"potions_floor_usage":[6,11,25,25],"damage_taken":[{"damage":0,"enemies":"2 Louse","floor":1,"turns":1},{"damage":0,"enemies":"Jaw Worm","floor":4,"turns":1},{"damage":0,"enemies":"Lagavulin","floor":6,"turns":1},{"damage":4,"enemies":"Cultist","floor":7,"turns":3},{"damage":24,"enemies":"Gremlin Nob","floor":11,"turns":4},{"damage":6,"enemies":"3 Louse","floor":12,"turns":4},{"damage":24,"enemies":"Lots of Slimes","floor":14,"turns":6},{"damage":38,"enemies":"The Guardian","floor":16,"turns":12},{"damage":0,"enemies":"Chosen","floor":18,"turns":3},{"damage":14,"enemies":"2 Thieves","floor":20,"turns":4},{"damage":0,"enemies":"Snecko","floor":21,"turns":3},{"damage":2,"enemies":"Book of Stabbing","floor":25,"turns":4},{"damage":24,"enemies":"Gremlin Leader","floor":30,"turns":4},{"damage":0,"enemies":"Automaton","floor":33,"turns":2}],"seed_played":"4866576284435804121","potions_obtained":[{"floor":4,"key":"Block Potion"},{"floor":6,"key":"Fruit Juice"},{"floor":14,"key":"SkillPotion"},{"floor":20,"key":"AttackPotion"},{"floor":21,"key":"Dexterity Potion"}],"is_trial":false,"path_per_floor":["M","$","?","M","T","E","M","R","T","R","E","M","R","M","R","B",null,"M","?","M","M","?","R","$","E","T","$","?","?","E","T","R","B"],"character_chosen":"IRONCLAD","items_purchased":["Evolve","Medical Kit","Dark Embrace","Chemical X"],"campfire_rested":0,"item_purchase_floors":[2,24,24,27],"current_hp_per_floor":[74,74,63,69,69,80,80,80,80,80,62,62,62,44,44,12,63,69,42,34,40,40,40,40,44,44,44,44,44,26,26,26,26,26],"gold":245,"neow_bonus":"THREE_ENEMY_KILL","is_daily":false,"chose_seed":false,"campfire_upgraded":6,"win_rate":0.0,"timestamp":1610148809,"path_taken":["M","$","?","M","?","E","M","R","T","R","E","M","R","?","R","BOSS","M","?","M","?","?","R","$","E","T","$","?","?","E","?","R","BOSS"],"items_purchased_type":["Card","Relic","Card","Relic"],"build_version":"2020-12-22","purchased_purges":2,"victory":false,"max_hp_per_floor":[75,75,75,75,75,80,80,80,80,80,80,80,80,80,80,80,80,80,80,80,80,80,80,80,80,80,80,80,80,80,80,80,80,80],"card_choices":[{"not_picked":["Second Wind","Warcry"],"picked":"Sword Boomerang","floor":1},{"not_picked":["Reckless Charge","Clothesline"],"picked":"Uppercut","floor":4},{"not_picked":["Disarm","Inflame"],"picked":"Battle Trance","floor":6},{"not_picked":["Headbutt","Pommel Strike"],"picked":"True Grit","floor":7},{"not_picked":["Headbutt","Flex","Armaments"],"picked":"SKIP","floor":11},{"not_picked":["Sword Boomerang","Pommel Strike","Havoc"],"picked":"SKIP","floor":12},{"not_picked":["Seeing Red","Rampage","Berserk"],"picked":"SKIP","floor":14},{"not_picked":["Demon Form","Barricade"],"picked":"Immolate","floor":16},{"not_picked":["Armaments","Body Slam"],"picked":"Disarm","floor":18},{"not_picked":["Body Slam+1","Pommel Strike"],"picked":"Wild Strike","floor":20},{"not_picked":["Infernal Blade","Evolve"],"picked":"Spot Weakness","floor":21},{"not_picked":["Dark Embrace","Spot Weakness"],"picked":"Second Wind","floor":25},{"not_picked":["Thunderclap+1","Armaments","Anger+1"],"picked":"SKIP","floor":30}],"player_experience":1970176,"relics_obtained":[{"floor":5,"key":"Omamori"},{"floor":6,"key":"Bag of Marbles"},{"floor":11,"key":"Turnip"},{"floor":25,"key":"Molten Egg 2"},{"floor":26,"key":"Self Forming Clay"},{"floor":30,"key":"Centennial Puzzle"},{"floor":31,"key":"Bronze Scales"}],"event_choices":[{"damage_healed":0,"gold_gain":75,"player_choice":"Gather Gold","damage_taken":11,"max_hp_gain":0,"max_hp_loss":0,"event_name":"World of Goop","floor":3,"gold_loss":0},{"damage_healed":0,"gold_gain":270,"player_choice":"GOLD GOLD GOLD ","damage_taken":27,"max_hp_gain":0,"max_hp_loss":0,"event_name":"Knowing Skull","floor":19,"potions_obtained":[],"gold_loss":0,"cards_obtained":[]},{"damage_healed":0,"gold_gain":0,"player_choice":"Read","damage_taken":0,"max_hp_gain":0,"max_hp_loss":0,"event_name":"The Library","floor":22,"gold_loss":0,"cards_obtained":["Dual Wield"]},{"cards_removed":["Defend_R"],"damage_healed":0,"gold_gain":0,"player_choice":"Elegance","damage_taken":0,"max_hp_gain":0,"max_hp_loss":0,"event_name":"Back to Basics","floor":28,"gold_loss":0},{"damage_healed":0,"gold_gain":0,"player_choice":"Ignored","damage_taken":0,"max_hp_gain":0,"max_hp_loss":0,"event_name":"Vampires","floor":29,"gold_loss":0}],"is_beta":false,"boss_relics":[{"not_picked":["Empty Cage","Astrolabe"],"picked":"Snecko Eye"}],"items_purged_floors":[2,24],"is_endless":false,"potions_floor_spawned":[4,6,14,20,21],"killed_by":"Automaton","ascension_level":20}}