{"host":"flm17o2q7bfjyna6","time":1610122467,"event":{"mods":["2.2 Compatiblity","Act Like it!","BaseMod","Better Altar","Better Match","Better Note","Better Sensory Stone","Better Skull","Better Third Choice","Better Vampires","Colored Map","Colored Powertips","DeckTracker","Hermit","Minty Spire (QoL Compilation)","Quick Restart","Replay The Spire","Reworked Bosses","Spicy Shops","StSLib","Wandering Minibosses"],"gold_per_floor":[115,163,178,178,128,128,167,167,167,190,190,1,14,35,35,42,42],"floor_reached":16,"playtime":620,"items_purged":[],"score":150,"play_id":"ed05ff55-aae1-41bd-be3d-d8c40f771c5c","local_time":"20210108111427","is_ascension_mode":true,"campfire_choices":[{"data":"hermit:Snapshot","floor":6,"key":"SMITH"},{"data":"hermit:Enervate","floor":8,"key":"SMITH"},{"data":"hermit:Scavenge","floor":11,"key":"SMITH"},{"floor":15,"key":"REST"}],"circlet_count":0,"master_deck":["AscendersBane","hermit:Strike_Hermit","hermit:Strike_Hermit","hermit:Strike_Hermit","hermit:Defend_Hermit","hermit:Defend_Hermit","hermit:Defend_Hermit","hermit:Defend_Hermit+1","hermit:Snapshot+1","hermit:Covet","hermit:Enervate+1","hermit:Scavenge+1","Burning Pact+1","hermit:HeroicBravado","hermit:Misfire","Flash of Steel","hermit:Determination","hermit:Ricochet"],"relics":["hermit:Momento","Lantern","Happy Flower","War Paint","Membership Card"],"acts_visited":["Exordium"],"potions_floor_usage":[16,16],"damage_taken":[{"damage":1,"enemies":"Cultist","floor":1,"turns":3},{"damage":0,"enemies":"2 Louse","floor":3,"turns":3},{"damage":26,"enemies":"Gremlin Nob","floor":7,"turns":5},{"damage":0,"enemies":"Jaw Worm","floor":10,"turns":3},{"damage":21,"enemies":"Exordium Wildlife","floor":13,"turns":5},{"damage":8,"enemies":"Gremlin Gang","floor":14,"turns":4},{"damage":26,"enemies":"The Guardian","floor":16,"turns":13}],"seed_played":"-2828111864240151995","potions_obtained":[{"floor":7,"key":"Strength Potion"},{"floor":14,"key":"ColorlessPotion"}],"is_trial":false,"path_per_floor":["M","T","M","?","?","R","E","R","T","M","R","$","M","M","R","B"],"character_chosen":"HERMIT","items_purchased":["Membership Card","Flash of Steel"],"campfire_rested":1,"item_purchase_floors":[12,12],"current_hp_per_floor":[67,67,67,58,58,58,32,32,32,32,32,32,11,3,25,0,0],"gold":42,"neow_bonus":"RANDOM_COMMON_RELIC","is_daily":false,"chose_seed":false,"campfire_upgraded":3,"win_rate":0.0,"timestamp":1610122467,"path_taken":["M","?","M","?","?","R","E","R","T","?","R","$","M","M","R","BOSS"],"items_purchased_type":["Relic","Card"],"build_version":"2020-12-22","purchased_purges":0,"victory":false,"max_hp_per_floor":[75,75,75,75,75,75,75,75,75,75,75,75,75,75,75,75,75],"card_choices":[{"not_picked":["hermit:Coalescence","hermit:Snipe"],"picked":"hermit:Enervate","floor":1},{"not_picked":["hermit:Shortfuse","hermit:Headshot"],"picked":"hermit:Scavenge","floor":3},{"not_picked":["hermit:Coalescence","hermit:Brawl"],"picked":"hermit:HeroicBravado","floor":7},{"not_picked":["hermit:BodyArmor","hermit:HoleUp"],"picked":"hermit:Misfire","floor":10},{"not_picked":["hermit:Headshot","hermit:Horror"],"picked":"hermit:Determination","floor":13},{"not_picked":["hermit:TakeCover","hermit:HighCaliber"],"picked":"hermit:Ricochet","floor":14}],"player_experience":1649494,"relics_obtained":[{"floor":2,"key":"Happy Flower"},{"floor":7,"key":"War Paint"}],"event_choices":[{"cards_removed":["hermit:Strike_Hermit"],"damage_healed":0,"gold_gain":0,"player_choice":"Card Removal","damage_taken":0,"max_hp_gain":0,"max_hp_loss":0,"event_name":"The Cleric","floor":5,"gold_loss":50}],"is_beta":false,"boss_relics":[],"items_purged_floors":[],"is_endless":false,"potions_floor_spawned":[7,14],"killed_by":"The Guardian","ascension_level":10}}