{"host":"qxeepl7ydvsgmfdb","time":1610117745,"event":{"mods":["AchievementEnabler","BaseMod","Colored Powertips","Minty Spire (QoL Compilation)","Quick Restart","slay the spire mod where everything is the same but ironclad has a cowboy hat"],"gold_per_floor":[115,126,126,146,146,146,184,184,184,205,205,205],"floor_reached":11,"playtime":263,"items_purged":[],"score":99,"play_id":"e6afb3ac-766f-42c8-8e99-2e714c8e47a2","local_time":"20210108095545","is_ascension_mode":true,"campfire_choices":[{"data":"Infinite Blades","floor":6,"key":"SMITH"},{"floor":8,"key":"REST"}],"circlet_count":0,"master_deck":["Strike_G","Strike_G","Strike_G","Strike_G","Strike_G","Defend_G","Defend_G","Defend_G","Defend_G","Defend_G","Survivor","Neutralize","Dagger Throw+1","Infinite Blades+1","Injury","PiercingWail","Cloak And Dagger"],"relics":["Ring of the Snake","NeowsBlessing","Golden Idol","Peace Pipe","Meat on the Bone"],"acts_visited":["Exordium"],"potions_floor_usage":[7,11],"damage_taken":[{"damage":0,"enemies":"Small Slimes","floor":1,"turns":1},{"damage":0,"enemies":"Cultist","floor":2,"turns":1},{"damage":0,"enemies":"Jaw Worm","floor":4,"turns":1},{"damage":40,"enemies":"Lagavulin","floor":7,"turns":7},{"damage":8,"enemies":"Red Slaver","floor":10,"turns":4},{"damage":40,"enemies":"3 Sentries","floor":11,"turns":4}],"seed_played":"2568448235575708035","potions_obtained":[{"floor":4,"key":"Fire Potion"},{"floor":10,"key":"SteroidPotion"}],"is_trial":false,"path_per_floor":["M","M","?","M","?","R","E","R","T","M","E"],"character_chosen":"THE_SILENT","items_purchased":[],"campfire_rested":1,"item_purchase_floors":[],"current_hp_per_floor":[63,63,63,63,63,63,23,44,44,36,0,0],"gold":205,"neow_bonus":"THREE_ENEMY_KILL","is_daily":false,"chose_seed":false,"campfire_upgraded":1,"win_rate":0.0,"timestamp":1610117745,"path_taken":["M","M","?","?","?","R","E","R","T","M","E"],"items_purchased_type":[],"build_version":"2020-12-22","purchased_purges":0,"victory":false,"max_hp_per_floor":[70,70,70,70,70,70,70,70,70,70,70,70],"card_choices":[{"not_picked":["Underhanded Strike","Acrobatics","Masterful Stab"],"picked":"SKIP","floor":1},{"not_picked":["Terror","Dodge and Roll"],"picked":"Dagger Throw","floor":2},{"not_picked":["Dagger Throw","Outmaneuver"],"picked":"Infinite Blades","floor":4},{"not_picked":["Dodge and Roll","Dash"],"picked":"PiercingWail","floor":7},{"not_picked":["Flechettes","Backflip"],"picked":"Cloak And Dagger","floor":10}],"player_experience":396265,"relics_obtained":[{"floor":7,"key":"Peace Pipe"},{"floor":9,"key":"Meat on the Bone"}],"event_choices":[{"damage_healed":0,"gold_gain":0,"player_choice":"Forge","damage_taken":0,"max_hp_gain":0,"max_hp_loss":0,"event_name":"Accursed Blacksmith","floor":3,"gold_loss":0,"cards_upgraded":["Dagger Throw"]},{"damage_healed":0,"gold_gain":0,"player_choice":"Take Wound","damage_taken":0,"relics_obtained":["Golden Idol"],"max_hp_gain":0,"max_hp_loss":0,"event_name":"Golden Idol","floor":5,"gold_loss":0,"cards_obtained":["Injury"]}],"is_beta":false,"boss_relics":[],"items_purged_floors":[],"is_endless":false,"potions_floor_spawned":[4,10],"killed_by":"3 Sentries","ascension_level":7}}