{"host":"ds1yr10zonoc6w4a","time":1610088380,"event":{"mods":["BaseMod","Better Match","Better Third Choice","BetterRewards","Minty Spire (QoL Compilation)","StSLib","The Animator"],"gold_per_floor":[124,154,154,154,169,169,169],"floor_reached":6,"playtime":298,"items_purged":[],"score":67,"play_id":"2a6bd6eb-4c92-4ea3-ae8a-2fae122603f0","local_time":"20210107234620","is_ascension_mode":true,"campfire_choices":[],"circlet_count":0,"master_deck":["AscendersBane","animator:Strike_Overlord","animator:Defend_Overlord","animator:Strike","animator:Strike","animator:Strike","animator:Defend","animator:Defend","animator:Defend","animator:Cocytus","animator:Demiurge","animator:Shalltear","animator:DolaStephanie","animator:Chung"],"relics":["animator:LivingPicture","animator:TheMissingPiece","animator:PurgingStone","NeowsBlessing","Golden Idol"],"acts_visited":["Exordium"],"potions_floor_usage":[6],"damage_taken":[{"damage":0,"enemies":"Small Slimes","floor":1,"turns":1},{"damage":0,"enemies":"2 Louse","floor":2,"turns":1},{"damage":0,"enemies":"Cultist","floor":5,"turns":1},{"damage":51,"enemies":"Gremlin Nob","floor":6,"turns":5}],"seed_played":"7035411109859927760","potions_obtained":[{"floor":5,"key":"AttackPotion"}],"is_trial":false,"path_per_floor":["M","M","?","?","M","E"],"character_chosen":"THE_ANIMATOR","items_purchased":[],"campfire_rested":0,"item_purchase_floors":[],"current_hp_per_floor":[54,54,59,37,37,0,0],"gold":169,"neow_bonus":"THREE_ENEMY_KILL","is_daily":false,"chose_seed":false,"campfire_upgraded":0,"win_rate":0.0,"timestamp":1610088380,"path_taken":["M","M","?","?","M","E"],"items_purchased_type":[],"build_version":"2020-12-22","purchased_purges":0,"victory":false,"max_hp_per_floor":[60,60,65,65,65,65,65],"card_choices":[{"not_picked":["animator:DolaRiku","animator:Mitsuba"],"picked":"animator:Shalltear","floor":1},{"not_picked":["animator:Mitsuba","animator:Emonzaemon"],"picked":"animator:DolaStephanie","floor":2},{"not_picked":["animator:Jibril","animator:DolaStephanie"],"picked":"animator:Chung","floor":5}],"player_experience":690141,"relics_obtained":[],"event_choices":[{"damage_healed":0,"gold_gain":0,"player_choice":"Donut","damage_taken":0,"max_hp_gain":5,"max_hp_loss":0,"event_name":"Big Fish","floor":3,"gold_loss":0},{"damage_healed":0,"gold_gain":0,"player_choice":"Take Damage","damage_taken":22,"relics_obtained":["Golden Idol"],"max_hp_gain":0,"max_hp_loss":0,"event_name":"Golden Idol","floor":4,"gold_loss":0}],"is_beta":false,"boss_relics":[],"items_purged_floors":[],"is_endless":false,"potions_floor_spawned":[5],"killed_by":"Gremlin Nob","ascension_level":17}}