{"host":"f5gffvlv6a66yqkd","time":1610110187,"event":{"mods":["2.2 Compatiblity","BaseMod","Colored Map","DeckTracker","Keyboard Shortcuts","Minty Spire (QoL Compilation)","Permanent Neow","Quick Restart","Relic Stats","StSLib","SuperFastMode"],"gold_per_floor":[10,22,22,197,99,99,127,127,173,202,217,217,217,247,247,347,347,364,75,87,99,99,128,128,159,159,159,34,60,60,80,80,177,177,187,187,197,214,226,226,260,273,273,300,300,328,328,361,361,361,361,361,33,65,65],"floor_reached":56,"playtime":2497,"items_purged":["Doubt","Bash","Havoc","Hemokinesis"],"score":2384,"play_id":"42da0970-8c4a-4e3a-9a64-f3dd0e89c6de","local_time":"20210108214947","is_ascension_mode":true,"campfire_choices":[{"data":"Bludgeon","floor":6.0,"key":"SMITH"},{"data":"Barricade","floor":8.0,"key":"SMITH"},{"floor":12.0,"key":"REST"},{"data":"Body Slam","floor":15.0,"key":"SMITH"},{"data":"Impervious","floor":24.0,"key":"SMITH"},{"data":"Evolve","floor":27.0,"key":"SMITH"},{"data":"Offering","floor":32.0,"key":"SMITH"},{"data":"Deep Breath","floor":40.0,"key":"SMITH"},{"floor":45.0,"key":"RECALL"},{"data":"Battle Trance","floor":47.0,"key":"SMITH"},{"data":"Shrug It Off","floor":49.0,"key":"SMITH"},{"data":"Finesse","floor":52,"key":"SMITH"}],"circlet_count":0,"master_deck":["AscendersBane","Bludgeon+1","Whirlwind","Barricade+1","Shrug It Off+1","Carnage","Ghostly Armor","Body Slam+1","Double Tap","Ghostly Armor","Bloodletting","Fire Breathing","Impervious+1","Battle Trance+1","Entrench+1","Evolve+1","True Grit+1","Offering+1","Wild Strike","Finesse+1","Deep Breath+1","Flash of Steel","Feel No Pain+1","Warcry+1","Warcry+1","Thinking Ahead+1"],"relics":["Burning Blood","Bottled Tornado","Anchor","Regal Pillow","Pandora\u0027s Box","OrangePellets","Turnip","Mummified Hand","Prayer Wheel","Philosopher\u0027s Stone","Strawberry","Torii","Meat on the Bone","Toxic Egg 2","Pantograph"],"acts_visited":["Exordium","TheCity","TheBeyond","TheEnding"],"potions_floor_usage":[50,55],"damage_taken":[{"damage":19.0,"enemies":"2 Louse","floor":1.0,"turns":3.0},{"damage":2.0,"enemies":"Jaw Worm","floor":2.0,"turns":4.0},{"damage":17.0,"enemies":"Lagavulin","floor":7.0,"turns":7.0},{"damage":34.0,"enemies":"3 Sentries","floor":10.0,"turns":12.0},{"damage":11.0,"enemies":"Small Slimes","floor":11.0,"turns":3.0},{"damage":26.0,"enemies":"Gremlin Nob","floor":14.0,"turns":4.0},{"damage":0.0,"enemies":"Hexaghost","floor":16.0,"turns":8.0},{"damage":5.0,"enemies":"3 Byrds","floor":18.0,"turns":6.0},{"damage":0.0,"enemies":"Spheric Guardian","floor":20.0,"turns":2.0},{"damage":7.0,"enemies":"Shelled Parasite and Fungi","floor":21.0,"turns":3.0},{"damage":10.0,"enemies":"Slavers","floor":23.0,"turns":8.0},{"damage":15.0,"enemies":"Book of Stabbing","floor":25.0,"turns":6.0},{"damage":11.0,"enemies":"Slavers","floor":29.0,"turns":5.0},{"damage":6.0,"enemies":"Sentry and Sphere","floor":31.0,"turns":4.0},{"damage":9.0,"enemies":"Collector","floor":33.0,"turns":6.0},{"damage":0.0,"enemies":"Orb Walker","floor":35.0,"turns":3.0},{"damage":6.0,"enemies":"3 Shapes","floor":37.0,"turns":3.0},{"damage":6.0,"enemies":"Writhing Mass","floor":38.0,"turns":2.0},{"damage":9.0,"enemies":"4 Shapes","floor":39.0,"turns":5.0},{"damage":6.0,"enemies":"Nemesis","floor":41.0,"turns":3.0},{"damage":6.0,"enemies":"Spire Growth","floor":42.0,"turns":3.0},{"damage":0.0,"enemies":"Giant Head","floor":44.0,"turns":7.0},{"damage":6.0,"enemies":"Nemesis","floor":46.0,"turns":3.0},{"damage":0.0,"enemies":"Reptomancer","floor":48.0,"turns":4.0},{"damage":6,"enemies":"Donu and Deca","floor":50,"turns":5},{"damage":9,"enemies":"Shield and Spear","floor":54,"turns":3},{"damage":9,"enemies":"The Heart","floor":55,"turns":8}],"seed_played":"-3070852428219049715","potions_obtained":[{"floor":7.0,"key":"Weak Potion"},{"floor":10.0,"key":"BlessingOfTheForge"},{"floor":13.0,"key":"BloodPotion"},{"floor":13.0,"key":"DistilledChaos"},{"floor":14.0,"key":"PowerPotion"},{"floor":16.0,"key":"PowerPotion"},{"floor":20.0,"key":"DuplicationPotion"},{"floor":37.0,"key":"Energy Potion"}],"is_trial":false,"path_per_floor":["M","M","?","?","$","R","E","R","T","E","M","R","?","E","R","B",null,"M","$","M","M","$","E","R","E","T","R","$","E","?","M","R","B",null,"M","?","M","M","M","R","E","M","T","E","R","E","R","E","R","B",null,"R","$","E","B",null],"character_chosen":"IRONCLAD","items_purchased":["Shrug It Off","Evolve","OrangePellets","Thinking Ahead+1"],"campfire_rested":1,"item_purchase_floors":[5,19,19,53],"current_hp_per_floor":[59,63,63,63,63,63,52,52,52,24,19,58,74,54,54,60,75,76,76,80,79,79,75,75,66,66,66,66,61,61,61,61,58,75,80,70,70,70,67,67,74,74,74,80,80,80,80,86,86,86,87,87,87,84,84],"gold":65,"neow_bonus":"THREE_RARE_CARDS","is_daily":false,"chose_seed":true,"campfire_upgraded":10,"win_rate":0.0,"timestamp":1610110187,"path_taken":["M","M","?","?","$","R","E","R","T","E","M","R","?","E","R","BOSS","M","$","M","M","?","E","R","E","T","R","$","E","?","?","R","BOSS","M","?","M","M","M","R","E","M","T","E","R","E","R","E","R","BOSS","R","$","E","BOSS"],"items_purchased_type":["Card","Card","Relic","Card"],"build_version":"2020-12-22","purchased_purges":4,"victory":true,"max_hp_per_floor":[80,80,80,80,80,80,80,80,80,80,80,80,80,80,80,80,80,80,80,80,80,80,80,80,80,80,80,80,80,80,80,80,80,80,80,80,80,80,80,80,87,87,87,87,87,87,87,87,87,87,87,87,87,87,87],"relic_stats":{"OrangePellets":[11],"Regal Pillow":15,"Torii":0,"counters":[27,130],"Mummified Hand":[76],"Pantograph":3,"Pandora\u0027s Box":["Hemokinesis","Havoc","Ghostly Armor","Double Tap","Bloodletting","Fire Breathing","Impervious","Battle Trance"],"Prayer Wheel":9,"Turnip":[10],"obtain_stats":[{"Regal Pillow":10,"Torii":44,"Bottled Tornado":7,"Burning Blood":0,"OrangePellets":19,"Anchor":9,"Mummified Hand":26,"Strawberry":41,"Pantograph":54,"Pandora\u0027s Box":17,"Prayer Wheel":29,"Philosopher\u0027s Stone":34,"Turnip":25,"Toxic Egg 2":48,"Meat on the Bone":46},{"Regal Pillow":4,"Torii":22,"Bottled Tornado":3,"Burning Blood":0,"OrangePellets":8,"Anchor":3,"Mummified Hand":12,"Strawberry":20,"Pantograph":26,"Pandora\u0027s Box":7,"Prayer Wheel":13,"Philosopher\u0027s Stone":15,"Turnip":12,"Toxic Egg 2":24,"Meat on the Bone":23},{"Regal Pillow":26,"Torii":107,"Bottled Tornado":14,"Burning Blood":0,"OrangePellets":47,"Anchor":14,"Mummified Hand":66,"Strawberry":97,"Pantograph":122,"Pandora\u0027s Box":41,"Prayer Wheel":71,"Philosopher\u0027s Stone":81,"Turnip":66,"Toxic Egg 2":114,"Meat on the Bone":110}],"Burning Blood":159,"Meat on the Bone":0},"card_choices":[{"not_picked":["Brutality","Juggernaut"],"picked":"Bludgeon","floor":0.0},{"not_picked":["Heavy Blade","Flex","Dropkick"],"picked":"SKIP","floor":1.0},{"not_picked":["Body Slam","Twin Strike"],"picked":"Whirlwind","floor":2.0},{"not_picked":["Warcry","Reaper","Iron Wave"],"picked":"SKIP","floor":7.0},{"not_picked":["Rupture","Dark Embrace"],"picked":"Carnage","floor":10.0},{"not_picked":["Reckless Charge","Rupture"],"picked":"Ghostly Armor","floor":11.0},{"not_picked":["Flex","Thunderclap"],"picked":"Body Slam","floor":14.0},{"not_picked":["Reaper","Barricade"],"picked":"Double Tap","floor":16.0},{"not_picked":["Warcry+1","Clash"],"picked":"Entrench+1","floor":18.0},{"not_picked":["Spot Weakness","Headbutt","Clothesline+1"],"picked":"SKIP","floor":20.0},{"not_picked":["Blood for Blood","Clash"],"picked":"True Grit+1","floor":21.0},{"not_picked":["Pommel Strike","Limit Break","Body Slam"],"picked":"SKIP","floor":23.0},{"not_picked":["Searing Blow","Anger","Ghostly Armor"],"picked":"SKIP","floor":25.0},{"not_picked":["Searing Blow","Anger","Ghostly Armor"],"picked":"SKIP","floor":25.0},{"not_picked":["Cleave","Intimidate"],"picked":"Offering","floor":29.0},{"not_picked":["Heavy Blade+1","Second Wind"],"picked":"Wild Strike","floor":31.0},{"not_picked":["Sword Boomerang","Thunderclap","Berserk"],"picked":"SKIP","floor":31.0},{"not_picked":["Flex","Iron Wave+1","Armaments"],"picked":"SKIP","floor":35.0},{"not_picked":["Heavy Blade","Thunderclap","Havoc+1"],"picked":"SKIP","floor":35.0},{"not_picked":["Blind","Forethought"],"picked":"Finesse","floor":36.0},{"not_picked":["Chrysalis","Flash of Steel"],"picked":"Deep Breath","floor":36.0},{"not_picked":["Dramatic Entrance","Mind Blast"],"picked":"Flash of Steel","floor":36.0},{"not_picked":["Disarm+1","Heavy Blade"],"picked":"Feel No Pain+1","floor":37.0},{"not_picked":["Armaments","Anger+1","Shrug It Off"],"picked":"SKIP","floor":37.0},{"not_picked":["Reckless Charge+1","Rampage","Entrench"],"picked":"SKIP","floor":38.0},{"not_picked":["Havoc","Reaper","Iron Wave+1"],"picked":"SKIP","floor":38.0},{"not_picked":["Intimidate+1","Headbutt","Anger"],"picked":"SKIP","floor":39.0},{"not_picked":["Clash+1","Sentinel","Uppercut"],"picked":"SKIP","floor":39.0},{"not_picked":["Sword Boomerang+1","Fire Breathing+1","Whirlwind"],"picked":"SKIP","floor":41.0},{"not_picked":["Armaments+1","Shrug It Off+1"],"picked":"Warcry+1","floor":42.0},{"not_picked":["Perfected Strike+1","Iron Wave","Sword Boomerang"],"picked":"SKIP","floor":42.0},{"not_picked":["Combust+1","Sword Boomerang","Juggernaut"],"picked":"SKIP","floor":44.0},{"not_picked":["True Grit+1","Disarm","Intimidate+1"],"picked":"SKIP","floor":46.0},{"not_picked":["Combust","Sword Boomerang"],"picked":"Warcry+1","floor":48.0},{"not_picked":["Perfected Strike","Inflame+1","True Grit+1"],"picked":"SKIP","floor":54}],"player_experience":1536132,"relics_obtained":[{"floor":7.0,"key":"Bottled Tornado"},{"floor":9.0,"key":"Anchor"},{"floor":10.0,"key":"Regal Pillow"},{"floor":25.0,"key":"Turnip"},{"floor":26.0,"key":"Mummified Hand"},{"floor":29.0,"key":"Prayer Wheel"},{"floor":41.0,"key":"Strawberry"},{"floor":44.0,"key":"Torii"},{"floor":46.0,"key":"Meat on the Bone"},{"floor":48.0,"key":"Toxic Egg 2"},{"floor":54,"key":"Pantograph"}],"event_choices":[{"damage_healed":0.0,"max_hp_gain":0.0,"max_hp_loss":0.0,"gold_gain":0.0,"cards_transformed":["Strike_R"],"event_name":"Living Wall","player_choice":"Change","floor":3.0,"gold_loss":0.0,"damage_taken":0.0,"cards_obtained":["Barricade"]},{"damage_healed":0.0,"max_hp_gain":0.0,"max_hp_loss":0.0,"gold_gain":175.0,"event_name":"Liars Game","player_choice":"AGREE","floor":4.0,"gold_loss":0.0,"damage_taken":0.0,"cards_obtained":["Doubt"]},{"damage_healed":0.0,"max_hp_gain":0.0,"max_hp_loss":0.0,"gold_gain":0.0,"event_name":"Lab","player_choice":"Got Potions","floor":13.0,"gold_loss":0.0,"damage_taken":0.0},{"cards_removed":["Double Tap"],"damage_healed":0.0,"max_hp_gain":0.0,"max_hp_loss":0.0,"gold_gain":0.0,"event_name":"Purifier","player_choice":"Purged","floor":30.0,"gold_loss":0.0,"damage_taken":0.0},{"damage_healed":0.0,"max_hp_gain":0.0,"max_hp_loss":0.0,"gold_gain":0.0,"event_name":"SensoryStone","player_choice":"Memory 3","floor":36.0,"gold_loss":0.0,"damage_taken":10.0}],"is_beta":false,"boss_relics":[{"not_picked":["SlaversCollar","Sozu"],"picked":"Pandora\u0027s Box"},{"not_picked":["Black Blood","Tiny House"],"picked":"Philosopher\u0027s Stone"}],"items_purged_floors":[5,19,28,53],"is_endless":false,"potions_floor_spawned":[7,10,14,16,20,21,23,33,37,38,42],"ascension_level":10}}