{"host":"yuoancq4cku3x8wq","time":1610107962,"event":{"mods":["AchievementEnabler","BaseMod","Minty Spire (QoL Compilation)","Quick Restart","StSLib","SuperFastMode"],"gold_per_floor":[117,117,42,117,141,176,14,14,37,78,99,99,99,119,119,213,213,232,247,247,247,266,310,310,346,372,391,431,443,476,205,205,205,205],"floor_reached":33,"playtime":1051,"items_purged":["Strike_R"],"score":676,"play_id":"d78b86f1-b8d1-49b4-9157-de4c3fe0e6ef","local_time":"20210108201242","is_ascension_mode":true,"campfire_choices":[{"data":"Fire Breathing","floor":8.0,"key":"SMITH"},{"data":"Armaments","floor":13.0,"key":"SMITH"},{"data":"True Grit","floor":15.0,"key":"SMITH"},{"floor":24.0,"key":"REST"},{"data":"Body Slam","floor":29.0,"key":"SMITH"},{"data":"Feel No Pain","floor":32.0,"key":"SMITH"}],"circlet_count":0,"master_deck":["AscendersBane","Defend_R","Defend_R","Defend_R","Defend_R","Bash","Bloodletting","Fire Breathing+1","Sword Boomerang","Impervious","Armaments+1","True Grit+1","Corruption+1","Whirlwind+1","Flame Barrier+1","Sword Boomerang+1","Flame Barrier+1","Feel No Pain+1","Burning Pact+1","Shrug It Off","Body Slam+1","Disarm","Power Through","Second Wind","Inflame"],"relics":["Burning Blood","NeowsBlessing","Golden Idol","Oddly Smooth Stone","Centennial Puzzle","Omamori","Paper Frog","Astrolabe","Matryoshka","Prayer Wheel","HornCleat","Eternal Feather","Red Skull","MawBank"],"acts_visited":["Exordium","TheCity"],"potions_floor_usage":[33],"damage_taken":[{"damage":0.0,"enemies":"Small Slimes","floor":1.0,"turns":1.0},{"damage":0.0,"enemies":"Jaw Worm","floor":5.0,"turns":1.0},{"damage":0.0,"enemies":"3 Sentries","floor":6.0,"turns":2.0},{"damage":8.0,"enemies":"Gremlin Nob","floor":10.0,"turns":3.0},{"damage":4.0,"enemies":"2 Louse","floor":11.0,"turns":3.0},{"damage":14.0,"enemies":"Red Slaver","floor":14.0,"turns":2.0},{"damage":48.0,"enemies":"Hexaghost","floor":16.0,"turns":8.0},{"damage":6.0,"enemies":"Chosen","floor":18.0,"turns":4.0},{"damage":0.0,"enemies":"3 Byrds","floor":19.0,"turns":5.0},{"damage":30.0,"enemies":"Centurion and Healer","floor":22.0,"turns":9.0},{"damage":19.0,"enemies":"Gremlin Leader","floor":23.0,"turns":7.0},{"damage":23.0,"enemies":"Slavers","floor":25.0,"turns":4.0},{"damage":3.0,"enemies":"Cultist and Chosen","floor":27.0,"turns":4.0},{"damage":12.0,"enemies":"Gremlin Leader","floor":28.0,"turns":8.0},{"damage":3.0,"enemies":"Snecko","floor":30.0,"turns":5.0},{"damage":95,"enemies":"Champ","floor":33,"turns":18}],"seed_played":"-3164402541871041638","potions_obtained":[{"floor":5.0,"key":"Strength Potion"},{"floor":6.0,"key":"SpeedPotion"},{"floor":11.0,"key":"CultistPotion"},{"floor":12.0,"key":"BlessingOfTheForge"},{"floor":16.0,"key":"BlessingOfTheForge"},{"floor":18.0,"key":"Ancient Potion"},{"floor":25.0,"key":"Weak Potion"},{"floor":30.0,"key":"SmokeBomb"}],"is_trial":false,"path_per_floor":["M","?","?","?","M","E","$","R","T","E","M","?","R","M","R","B",null,"M","M","T","?","M","E","R","E","T","M","E","R","M","$","R","B"],"character_chosen":"IRONCLAD","items_purchased":["Centennial Puzzle","Power Through","Second Wind","Inflame"],"campfire_rested":1,"item_purchase_floors":[7,31,31,31],"current_hp_per_floor":[74,68,68,57,63,68,68,68,68,66,68,68,68,60,60,18,56,56,62,62,62,38,25,45,28,28,31,25,37,40,40,55,0,0],"gold":205,"neow_bonus":"THREE_ENEMY_KILL","is_daily":false,"chose_seed":false,"campfire_upgraded":5,"win_rate":0.0,"timestamp":1610107962,"path_taken":["M","?","?","?","?","E","$","R","T","E","M","?","R","M","R","BOSS","M","M","?","?","M","E","R","E","T","?","E","R","?","$","R","BOSS"],"items_purchased_type":["Relic","Card","Card","Card"],"build_version":"2020-12-22","purchased_purges":1,"victory":false,"max_hp_per_floor":[75,68,68,68,68,68,68,68,68,68,68,68,68,68,68,68,68,68,68,68,68,68,68,68,68,68,68,68,68,68,68,68,68,68],"card_choices":[{"not_picked":["Anger","Reckless Charge"],"picked":"Bloodletting","floor":1.0},{"not_picked":["Warcry","Thunderclap"],"picked":"Fire Breathing","floor":5.0},{"not_picked":["Sever Soul","Flex"],"picked":"Sword Boomerang","floor":6.0},{"not_picked":["Cleave","Headbutt"],"picked":"Impervious","floor":10.0},{"not_picked":["Uppercut","Iron Wave"],"picked":"Armaments","floor":11.0},{"not_picked":["Twin Strike","Sword Boomerang"],"picked":"True Grit","floor":14.0},{"not_picked":["Brutality","Demon Form"],"picked":"Corruption","floor":16.0},{"not_picked":["Headbutt","Warcry","Rampage"],"picked":"SKIP","floor":18.0},{"not_picked":["Combust","Wild Strike","Iron Wave"],"picked":"SKIP","floor":19.0},{"not_picked":["Pummel","Flex"],"picked":"Flame Barrier+1","floor":22.0},{"not_picked":["Thunderclap","Shockwave"],"picked":"Feel No Pain","floor":23.0},{"not_picked":["Limit Break","Clash"],"picked":"Burning Pact+1","floor":25.0},{"not_picked":["Uppercut","Clash"],"picked":"Shrug It Off","floor":27.0},{"not_picked":["Entrench","Sword Boomerang","Twin Strike"],"picked":"SKIP","floor":27.0},{"not_picked":["Rupture","Spot Weakness"],"picked":"Body Slam","floor":28.0},{"not_picked":["Havoc+1","Iron Wave"],"picked":"Disarm","floor":30.0},{"not_picked":["Clash","Heavy Blade","Hemokinesis"],"picked":"SKIP","floor":30.0}],"player_experience":252254,"relics_obtained":[{"floor":6.0,"key":"Oddly Smooth Stone"},{"floor":9.0,"key":"Omamori"},{"floor":10.0,"key":"Paper Frog"},{"floor":20.0,"key":"Matryoshka"},{"floor":23.0,"key":"Prayer Wheel"},{"floor":25.0,"key":"HornCleat"},{"floor":26.0,"key":"Eternal Feather"},{"floor":26.0,"key":"Red Skull"},{"floor":28.0,"key":"MawBank"}],"event_choices":[{"damage_healed":0.0,"max_hp_gain":0.0,"max_hp_loss":7.0,"gold_gain":0.0,"event_name":"Golden Idol","player_choice":"Lose Max HP","floor":2.0,"gold_loss":0.0,"damage_taken":0.0,"relics_obtained":["Golden Idol"]},{"cards_removed":["Strike_R"],"damage_healed":0.0,"max_hp_gain":0.0,"max_hp_loss":0.0,"gold_gain":0.0,"event_name":"The Cleric","player_choice":"Card Removal","floor":3.0,"gold_loss":75.0,"damage_taken":0.0},{"damage_healed":0.0,"max_hp_gain":0.0,"max_hp_loss":0.0,"gold_gain":75.0,"event_name":"World of Goop","player_choice":"Gather Gold","floor":4.0,"gold_loss":0.0,"damage_taken":11.0},{"damage_healed":0.0,"max_hp_gain":0.0,"max_hp_loss":0.0,"gold_gain":0.0,"event_name":"Lab","player_choice":"Got Potions","floor":12.0,"gold_loss":0.0,"damage_taken":0.0},{"damage_healed":0.0,"max_hp_gain":0.0,"max_hp_loss":0.0,"gold_gain":0.0,"event_name":"Accursed Blacksmith","player_choice":"Forge","floor":21.0,"gold_loss":0.0,"damage_taken":0.0,"cards_upgraded":["Corruption"]}],"is_beta":false,"boss_relics":[{"not_picked":["Velvet Choker","Empty Cage"],"picked":"Astrolabe"}],"items_purged_floors":[31],"is_endless":false,"potions_floor_spawned":[5,6,11,16,18,23,25,30],"killed_by":"Champ","ascension_level":20}}