{"host":"x52zk6e1f2bye2h7","time":1610101904,"event":{"mods":["AchievementEnabler","BaseMod","Highlight Path","Minty Spire (QoL Compilation)","everything is the same but u backflip on backflip"],"gold_per_floor":[114,189,199,124,23,23,49,69,69,69,104,118,18,30,30,30,30],"floor_reached":16,"playtime":945,"items_purged":["Strike_R","Strike_R"],"score":146,"play_id":"0ef70375-616e-4d5e-9b8a-69b2fc926d70","local_time":"20210108103144","is_ascension_mode":true,"campfire_choices":[{"data":"Iron Wave","floor":6,"key":"SMITH"},{"data":"Bash","floor":10,"key":"SMITH"},{"data":"Thunderclap","floor":15,"key":"SMITH"}],"circlet_count":0,"master_deck":["Strike_R","Strike_R","Strike_R","Defend_R","Defend_R","Defend_R","Defend_R","Bash+1","Iron Wave+1","Thunderclap+1","Shrug It Off+1","Warcry+1","Ghostly Armor+1"],"relics":["Burning Blood","Toxic Egg 2","Question Card","Pear","Regal Pillow"],"acts_visited":["Exordium"],"potions_floor_usage":[12,16,16],"damage_taken":[{"damage":0,"enemies":"2 Louse","floor":1,"turns":4},{"damage":1,"enemies":"Cultist","floor":3,"turns":3},{"damage":21,"enemies":"Gremlin Nob","floor":7,"turns":4},{"damage":8,"enemies":"Jaw Worm","floor":8,"turns":5},{"damage":40,"enemies":"3 Sentries","floor":11,"turns":9},{"damage":16,"enemies":"Gremlin Gang","floor":12,"turns":7},{"damage":5,"enemies":"Large Slime","floor":14,"turns":7},{"damage":52,"enemies":"The Guardian","floor":16,"turns":8}],"seed_played":"-8769155009244011743","potions_obtained":[{"floor":7,"key":"EssenceOfSteel"},{"floor":8,"key":"SteroidPotion"},{"floor":12,"key":"ColorlessPotion"}],"is_trial":false,"path_per_floor":["M","?","M","$","?","R","E","M","T","R","E","M","$","M","R","B"],"character_chosen":"IRONCLAD","items_purchased":[],"campfire_rested":0,"item_purchase_floors":[],"current_hp_per_floor":[88,80,85,85,85,85,70,68,78,78,44,34,34,35,35,0,0],"gold":30,"neow_bonus":"TEN_PERCENT_HP_BONUS","is_daily":false,"chose_seed":false,"campfire_upgraded":3,"win_rate":0.0,"timestamp":1610101904,"path_taken":["M","?","?","$","?","R","E","?","T","R","E","M","$","M","R","BOSS"],"items_purchased_type":[],"build_version":"2020-12-22","purchased_purges":2,"victory":false,"max_hp_per_floor":[88,88,88,88,88,88,88,88,98,98,98,98,98,98,98,98,98],"card_choices":[{"not_picked":["Twin Strike","Anger"],"picked":"Iron Wave","floor":1},{"not_picked":["Clothesline","Anger"],"picked":"Thunderclap","floor":3},{"not_picked":["Rage+1","Twin Strike"],"picked":"Shrug It Off+1","floor":7},{"not_picked":["Carnage","Iron Wave","Rupture","Rage+1"],"picked":"SKIP","floor":8},{"not_picked":["Combust","Sever Soul","Wild Strike","Shockwave+1"],"picked":"SKIP","floor":11},{"not_picked":["Seeing Red+1","Headbutt","Dark Embrace"],"picked":"Warcry+1","floor":12},{"not_picked":["Sword Boomerang","Headbutt","Inflame"],"picked":"Ghostly Armor+1","floor":14}],"player_experience":88342,"relics_obtained":[{"floor":7,"key":"Question Card"},{"floor":9,"key":"Pear"},{"floor":11,"key":"Regal Pillow"}],"event_choices":[{"damage_healed":0,"gold_gain":75,"player_choice":"Touch","damage_taken":8,"max_hp_gain":0,"max_hp_loss":0,"event_name":"FaceTrader","floor":2,"gold_loss":0},{"damage_healed":0,"gold_gain":0,"player_choice":"Paid Gold","damage_taken":0,"relics_obtained":["Toxic Egg 2"],"max_hp_gain":0,"max_hp_loss":0,"event_name":"WeMeetAgain","floor":5,"gold_loss":101}],"is_beta":false,"boss_relics":[],"items_purged_floors":[4,13],"is_endless":false,"potions_floor_spawned":[7,8,12],"killed_by":"The Guardian","ascension_level":2}}