{"host":"ji1fk25fd1ga4ji1","time":1610081849,"event":{"mods":["2.2 Compatiblity","BaseMod","Colored Map","DeckTracker","Minty Spire (QoL Compilation)","Permanent Neow","Quick Restart","StSLib","SuperFastMode"],"gold_per_floor":[19,37,47,47,60,60,85,103,103,119,119,146,164,164,164,164,164],"floor_reached":16,"playtime":306,"items_purged":[],"score":120,"play_id":"f46283fc-2722-4755-99b1-d6a0d35b9bfd","local_time":"20210108135729","is_ascension_mode":true,"campfire_choices":[{"data":"Wild Strike","floor":6.0,"key":"SMITH"},{"data":"Evolve","floor":11.0,"key":"SMITH"},{"data":"Second Wind","floor":15,"key":"SMITH"}],"circlet_count":0,"master_deck":["Strike_R","Strike_R","Strike_R","Strike_R","Strike_R","Defend_R","Defend_R","Bash","Evolve+1","Heavy Blade","Wild Strike+1","Second Wind+1","Feel No Pain","Headbutt"],"relics":["Burning Blood","Potion Belt","Du-Vu Doll"],"acts_visited":["Exordium"],"potions_floor_usage":[],"damage_taken":[{"damage":3.0,"enemies":"Small Slimes","floor":1.0,"turns":4.0},{"damage":1.0,"enemies":"Cultist","floor":2.0,"turns":3.0},{"damage":6.0,"enemies":"Jaw Worm","floor":3.0,"turns":3.0},{"damage":14.0,"enemies":"Blue Slaver","floor":5.0,"turns":3.0},{"damage":20.0,"enemies":"Gremlin Nob","floor":7.0,"turns":4.0},{"damage":0.0,"enemies":"2 Fungi Beasts","floor":8.0,"turns":1.0},{"damage":12.0,"enemies":"Exordium Wildlife","floor":10.0,"turns":3.0},{"damage":8.0,"enemies":"3 Sentries","floor":12.0,"turns":6.0},{"damage":16,"enemies":"Red Slaver","floor":13,"turns":3},{"damage":30,"enemies":"Hexaghost","floor":16,"turns":3}],"seed_played":"-2188474987160098489","potions_obtained":[{"floor":1.0,"key":"DistilledChaos"},{"floor":4.0,"key":"SpeedPotion"},{"floor":4.0,"key":"Explosive Potion"},{"floor":7.0,"key":"DistilledChaos"}],"is_trial":false,"path_per_floor":["M","M","M","?","M","R","E","M","T","M","R","E","M","?","R","B"],"character_chosen":"IRONCLAD","items_purchased":[],"campfire_rested":0,"item_purchase_floors":[],"current_hp_per_floor":[80,80,80,80,72,72,58,64,64,58,58,56,46,51,51,21,21],"gold":164,"neow_bonus":"REMOVE_TWO","is_daily":false,"chose_seed":false,"campfire_upgraded":3,"win_rate":0.0,"timestamp":1610081849,"path_taken":["M","M","M","?","M","R","E","?","T","M","R","E","M","?","R","BOSS"],"items_purchased_type":[],"build_version":"2020-12-22","purchased_purges":0,"victory":false,"max_hp_per_floor":[80,80,80,80,80,80,80,80,80,80,80,80,80,85,85,85,85],"card_choices":[{"not_picked":["Seeing Red","Shrug It Off"],"picked":"Evolve","floor":1.0},{"not_picked":["Combust","Thunderclap"],"picked":"Heavy Blade","floor":2.0},{"not_picked":["Warcry","Heavy Blade","Headbutt"],"picked":"SKIP","floor":3.0},{"not_picked":["Thunderclap","Warcry"],"picked":"Wild Strike","floor":5.0},{"not_picked":["Pommel Strike","Clash"],"picked":"Second Wind","floor":7.0},{"not_picked":["Entrench","Bloodletting","Bludgeon"],"picked":"SKIP","floor":8.0},{"not_picked":["Havoc","Iron Wave"],"picked":"Feel No Pain","floor":10.0},{"not_picked":["Combust","Uppercut","Shockwave"],"picked":"SKIP","floor":12},{"not_picked":["Shrug It Off","Rupture"],"picked":"Headbutt","floor":13}],"player_experience":815974,"relics_obtained":[{"floor":7.0,"key":"Potion Belt"},{"floor":12,"key":"Du-Vu Doll"}],"event_choices":[{"damage_healed":0.0,"max_hp_gain":0.0,"max_hp_loss":0.0,"gold_gain":0.0,"event_name":"Lab","player_choice":"Got Potions","floor":4.0,"gold_loss":0.0,"damage_taken":0.0},{"damage_healed":0,"gold_gain":0,"player_choice":"Donut","damage_taken":0,"max_hp_gain":5,"max_hp_loss":0,"event_name":"Big Fish","floor":14,"gold_loss":0}],"is_beta":false,"boss_relics":[],"items_purged_floors":[],"is_endless":false,"potions_floor_spawned":[1,5,7],"killed_by":"Hexaghost","ascension_level":1}}