{"host":"7gewg82ormp6yt4e","time":1610108021,"event":{"mods":["BaseMod","Block Reminder","Colored Map","Colored Powertips","DeckTracker","Highlight Path","Minty Spire (QoL Compilation)","Relic Stats","StSLib","ojb\u0027s Info Mod"],"gold_per_floor":[115,115,133,35,0,34,34,54,79,94,94,106,106,139,139,216,216,231,231,146,166,166,166,166,166],"floor_reached":24,"playtime":906,"items_purged":[],"score":508,"play_id":"272ecaf0-68a9-4f69-b564-5e939cf2e1c7","local_time":"20210108211341","is_ascension_mode":true,"campfire_choices":[{"data":"Barrage","floor":7.0,"key":"SMITH"},{"data":"Panacea","floor":11.0,"key":"SMITH"},{"data":"Creative AI","floor":13.0,"key":"SMITH"},{"data":"Hologram","floor":15.0,"key":"SMITH"},{"floor":23,"key":"REST"}],"circlet_count":0,"master_deck":["AscendersBane","Strike_B","Strike_B","Strike_B+1","Strike_B","Defend_B","Defend_B","Defend_B+1","Defend_B","Zap","Dualcast+1","Cold Snap","Barrage+1","Panacea+1","Cold Snap","Conserve Battery+1","Hologram+1","Creative AI+1","Chill","Electrodynamics","CurseOfTheBell","Self Repair","Loop+1"],"relics":["Cracked Core","NeowsBlessing","Bag of Preparation","Anchor","War Paint","Calling Bell","Akabeko","Shuriken","Thread and Needle","Pantograph"],"acts_visited":["Exordium","TheCity"],"potions_floor_usage":[16,18,24],"damage_taken":[{"damage":0.0,"enemies":"Cultist","floor":1.0,"turns":1.0},{"damage":0.0,"enemies":"2 Louse","floor":3.0,"turns":1.0},{"damage":0.0,"enemies":"Lagavulin","floor":6.0,"turns":1.0},{"damage":2.0,"enemies":"Jaw Worm","floor":8.0,"turns":2.0},{"damage":0.0,"enemies":"Exordium Wildlife","floor":10.0,"turns":3.0},{"damage":4.0,"enemies":"Looter","floor":12.0,"turns":3.0},{"damage":0.0,"enemies":"3 Sentries","floor":14.0,"turns":6.0},{"damage":30,"enemies":"The Guardian","floor":16,"turns":10},{"damage":7,"enemies":"2 Thieves","floor":18,"turns":5},{"damage":3,"enemies":"Spheric Guardian","floor":21,"turns":5},{"damage":55,"enemies":"Slavers","floor":24,"turns":4}],"seed_played":"-4216163490755135899","potions_obtained":[{"floor":6.0,"key":"BlessingOfTheForge"},{"floor":10.0,"key":"Dexterity Potion"},{"floor":14.0,"key":"Explosive Potion"},{"floor":18,"key":"Block Potion"}],"is_trial":false,"path_per_floor":["M","?","M","$","?","E","R","M","T","M","R","M","R","E","R","B",null,"M","?","?","M","?","R","E"],"character_chosen":"DEFECT","items_purchased":["Panacea"],"campfire_rested":1,"item_purchase_floors":[4],"current_hp_per_floor":[64,43,43,43,60,60,60,58,58,58,58,54,54,54,54,24,59,52,52,52,49,29,51,0,0],"gold":166,"neow_bonus":"THREE_ENEMY_KILL","is_daily":false,"chose_seed":false,"campfire_upgraded":4,"win_rate":0.0,"timestamp":1610108021,"path_taken":["M","?","M","$","?","E","R","M","T","M","R","M","R","E","R","BOSS","M","?","?","M","?","R","E"],"items_purchased_type":["Card"],"build_version":"2020-12-22","purchased_purges":0,"victory":false,"max_hp_per_floor":[71,71,71,71,71,71,71,71,71,71,71,71,71,71,71,71,71,71,71,71,71,76,76,76,76],"relic_stats":{"counters":[11,41],"Shuriken":[3],"Pantograph":0,"Bag of Preparation":[16],"War Paint":["Conserve Battery","Defend_B"],"obtain_stats":[{"Calling Bell":17,"Anchor":9,"NeowsBlessing":0,"Shuriken":17,"Pantograph":20,"Thread and Needle":17,"Bag of Preparation":6,"War Paint":14,"Cracked Core":0,"Akabeko":17},{"Calling Bell":8,"Anchor":4,"NeowsBlessing":0,"Shuriken":8,"Pantograph":9,"Thread and Needle":8,"Bag of Preparation":3,"War Paint":7,"Cracked Core":0,"Akabeko":8},{"Calling Bell":27,"Anchor":5,"NeowsBlessing":0,"Shuriken":27,"Pantograph":32,"Thread and Needle":27,"Bag of Preparation":3,"War Paint":17,"Cracked Core":0,"Akabeko":27}]},"card_choices":[{"not_picked":["Sweeping Beam","Beam Cell"],"picked":"Cold Snap","floor":1.0},{"not_picked":["Gash","Go for the Eyes"],"picked":"Barrage","floor":3.0},{"not_picked":["Steam Power","Rebound"],"picked":"Cold Snap","floor":6.0},{"not_picked":["Leap","Heatsinks"],"picked":"Conserve Battery","floor":8.0},{"not_picked":["Stack","Redo"],"picked":"Hologram","floor":10.0},{"not_picked":["Ball Lightning","Compile Driver"],"picked":"Creative AI","floor":12.0},{"not_picked":["Barrage","Creative AI"],"picked":"Chill","floor":14.0},{"not_picked":["Buffer","Reboot"],"picked":"Electrodynamics","floor":16},{"not_picked":["Steam","Go for the Eyes"],"picked":"Self Repair","floor":18},{"not_picked":["Go for the Eyes+1","BootSequence"],"picked":"Loop+1","floor":21}],"player_experience":2503504,"relics_obtained":[{"floor":6.0,"key":"Bag of Preparation"},{"floor":9.0,"key":"Anchor"},{"floor":14.0,"key":"War Paint"},{"floor":17,"key":"Akabeko"},{"floor":17,"key":"Shuriken"},{"floor":17,"key":"Thread and Needle"}],"event_choices":[{"damage_healed":0.0,"max_hp_gain":0.0,"max_hp_loss":0.0,"gold_gain":0.0,"event_name":"Shining Light","player_choice":"Entered Light","floor":2.0,"gold_loss":0.0,"damage_taken":21.0,"cards_upgraded":["Strike_B","Dualcast"]},{"damage_healed":17.0,"max_hp_gain":0.0,"max_hp_loss":0.0,"gold_gain":0.0,"event_name":"The Cleric","player_choice":"Healed","floor":5.0,"gold_loss":35.0,"damage_taken":0.0},{"damage_healed":0,"gold_gain":0,"player_choice":"Ignored","damage_taken":0,"max_hp_gain":0,"max_hp_loss":0,"event_name":"The Mausoleum","floor":19,"gold_loss":0},{"damage_healed":0,"gold_gain":0,"player_choice":"Obtained Relic","damage_taken":0,"relics_obtained":["Pantograph"],"max_hp_gain":0,"max_hp_loss":0,"event_name":"Addict","floor":20,"gold_loss":85},{"damage_healed":0,"gold_gain":0,"player_choice":"Shed Blood","damage_taken":25,"max_hp_gain":5,"max_hp_loss":0,"event_name":"Forgotten Altar","floor":22,"gold_loss":0}],"is_beta":false,"boss_relics":[{"not_picked":["Snecko Eye","Ectoplasm"],"picked":"Calling Bell"}],"items_purged_floors":[],"is_endless":false,"potions_floor_spawned":[6,10,12,14,18],"killed_by":"Slavers","ascension_level":20}}