{"host":"sav7uxregyirlf69","time":1610086058,"event":{"mods":["AchievementEnabler","BaseMod","Colored Map","DeckTracker","Keyboard Shortcuts","Minty Spire (QoL Compilation)","READ ME - Guardian Mod","StSLib","SuperFastMode"],"gold_per_floor":[112,112,131,131,142,142,168,168,168,185,202,202,97,115,115,115,115],"floor_reached":16,"playtime":192,"items_purged":["Strike_B"],"score":204,"play_id":"7451167b-b115-4a63-b3b6-2f5e79570b88","local_time":"20210108150738","is_ascension_mode":true,"campfire_choices":[{"data":"Go for the Eyes","floor":6,"key":"SMITH"},{"floor":8,"key":"REST"},{"data":"Consume","floor":15,"key":"SMITH"}],"circlet_count":0,"master_deck":["AscendersBane","Strike_B","Defend_B+1","Defend_B","Defend_B+1","Zap","Dualcast","Loop","Consume+1","Lockon","Go for the Eyes+1","Self Repair","Streamline","Ball Lightning","Turbo","Conserve Battery","Hologram"],"relics":["Cracked Core","Symbiotic Virus","Art of War","Turnip"],"acts_visited":["Exordium"],"potions_floor_usage":[7,10],"damage_taken":[{"damage":0,"enemies":"Cultist","floor":1,"turns":3},{"damage":7,"enemies":"2 Louse","floor":3,"turns":3},{"damage":4,"enemies":"Jaw Worm","floor":5,"turns":3},{"damage":4,"enemies":"Lagavulin","floor":7,"turns":4},{"damage":4,"enemies":"2 Fungi Beasts","floor":10,"turns":3},{"damage":0,"enemies":"Large Slime","floor":11,"turns":2},{"damage":14,"enemies":"Exordium Thugs","floor":14,"turns":5},{"damage":38,"enemies":"Slime Boss","floor":16,"turns":3}],"seed_played":"-5981723894556969903","potions_obtained":[{"floor":1,"key":"AttackPotion"},{"floor":3,"key":"Weak Potion"},{"floor":10,"key":"LiquidMemories"},{"floor":11,"key":"DistilledChaos"}],"is_trial":false,"path_per_floor":["M","?","M","?","M","R","E","R","T","M","M","T","$","M","R","B"],"character_chosen":"DEFECT","items_purchased":["Conserve Battery"],"campfire_rested":1,"item_purchase_floors":[13],"current_hp_per_floor":[46,39,32,11,7,7,3,24,24,27,27,27,27,20,20,0,0],"gold":115,"neow_bonus":"TRANSFORM_TWO_CARDS","is_daily":false,"chose_seed":false,"campfire_upgraded":2,"win_rate":0.0,"timestamp":1610086058,"path_taken":["M","?","M","?","M","R","E","R","T","M","M","?","$","M","R","BOSS"],"items_purchased_type":["Card"],"build_version":"2020-12-22","purchased_purges":1,"victory":false,"max_hp_per_floor":[71,71,71,71,71,71,71,71,71,71,71,71,71,71,71,71,71],"card_choices":[{"not_picked":["Doom and Gloom","Turbo"],"picked":"Lockon","floor":1},{"not_picked":["Steam Power","Reprogram"],"picked":"Go for the Eyes","floor":3},{"not_picked":["Compile Driver","Cold Snap"],"picked":"Self Repair","floor":5},{"not_picked":["Gash","Reprogram"],"picked":"Streamline","floor":7},{"not_picked":["Aggregate","Turbo"],"picked":"Ball Lightning","floor":10},{"not_picked":["Conserve Battery","Streamline"],"picked":"Turbo","floor":11},{"not_picked":["Compile Driver","Rebound"],"picked":"Hologram","floor":14}],"player_experience":1196071,"relics_obtained":[{"floor":7,"key":"Symbiotic Virus"},{"floor":9,"key":"Art of War"},{"floor":12,"key":"Turnip"}],"event_choices":[{"cards_removed":["Defend_B"],"damage_healed":0,"gold_gain":0,"player_choice":"Card Removal","damage_taken":7,"max_hp_gain":0,"max_hp_loss":0,"event_name":"Golden Wing","floor":2,"gold_loss":0},{"damage_healed":0,"gold_gain":0,"player_choice":"Entered Light","damage_taken":21,"max_hp_gain":0,"max_hp_loss":0,"event_name":"Shining Light","floor":4,"gold_loss":0,"cards_upgraded":["Defend_B","Defend_B"]}],"is_beta":false,"boss_relics":[],"items_purged_floors":[13],"is_endless":false,"potions_floor_spawned":[1,3,5,10,11],"killed_by":"Slime Boss","ascension_level":20}}