{"host":"aijg3q29dt6ws75i","time":1610118557,"event":{"mods":["Act Like it!","BaseMod","Downfall","Hallownest","Hermit","Jorbs\u0027s Wanderer Trilogy","Minty Spire (QoL Compilation)","Rare Cards Sparkle","StSLib","Td1madao Mod","The Bug Knight","The Cursed","The Hierophant","The Necromancer","The Servant 0.9.4","everything is the same but u backflip on backflip"],"gold_per_floor":[119,135,135,60,80,80,95,95,95,114,114,114,128,162,162,264,264,264,264,72,72,72,72,72,72,72,72,72,72,72,72,72,72,72],"floor_reached":33,"playtime":3189,"items_purged":[],"score":310,"play_id":"44fea4e6-bed4-46ca-9e32-80f2f6534824","local_time":"20210108100917","is_ascension_mode":false,"campfire_choices":[{"data":"HollowMod:NewGlowingWomb","floor":6,"key":"SMITH"},{"data":"HollowMod:FocusHealStart","floor":8,"key":"SMITH"},{"data":"HollowMod:DesolateDive","floor":11,"key":"SMITH"},{"data":"HollowMod:ZotesMagnificence","floor":15,"key":"SMITH"},{"data":"HollowMod:CycloneSlash","floor":23,"key":"SMITH"},{"data":"HollowMod:Hiveblood","floor":25,"key":"SMITH"},{"data":"HollowMod:AbyssShriek","floor":28,"key":"SMITH"},{"data":"Hallownest:skillSlugHide","floor":30,"key":"SMITH"},{"data":"Hallownest:skillSlugHide","floor":32,"key":"SMITH"}],"circlet_count":0,"master_deck":["HollowMod:NailStrikeStart","HollowMod:NailStrikeStart","HollowMod:NailStrikeStart","HollowMod:NailStrikeStart","HollowMod:FocusHealStart+1","HollowMod:PogoStrike","HollowMod:NewGlowingWomb+1","HollowMod:DreamGate","Hallownest:skillGreenpathMap","HollowMod:AbyssShriek+1","HollowMod:DescendingDark","HollowMod:DesolateDive+1","Hallownest:skillSlugHide","Hallownest:skillSlugHide","Hallownest:skillSlugHide+1","Hallownest:skillSlugHide+1","Hallownest:skillSlugHide","HollowMod:ZotesMagnificence+1","HollowMod:Hiveblood+1","HollowMod:GoodIntentions+1","HollowMod:CycloneSlash+1","HollowMod:DesolateDive","HollowMod:FallenFury","HollowMod:DashSlash+1","HollowMod:CloakDash","HollowMod:DungDefenderAura"],"relics":["HollowMod:VesselMask","Peace Pipe","Eternal Feather","Vajra","Regal Pillow","MealTicket","Ectoplasm","Anchor","Ancient Tea Set","Sundial","Molten Egg 2","Bag of Preparation"],"acts_visited":["Hallownest:Greenpath","Hallownest:CityofTears"],"potions_floor_usage":[],"damage_taken":[{"damage":1,"enemies":"Hallownest:monsterHuskWarrior","floor":1,"turns":5},{"damage":2,"enemies":"Hallownest:monsterHuskGuard","floor":2,"turns":4},{"damage":6,"enemies":"Hallownest:2_Baldur","floor":5,"turns":4},{"damage":32,"enemies":"Hallownest:Guard_and_Warrior","floor":7,"turns":7},{"damage":16,"enemies":"Hallownest:1_Ooma_and_2_Uuma","floor":10,"turns":4},{"damage":17,"enemies":"Hallownest:monsterFoolEater","floor":13,"turns":4},{"damage":3,"enemies":"Hallownest:eliteVengeflyKing","floor":14,"turns":8},{"damage":72,"enemies":"Hallownest:BossHornet","floor":16,"turns":15},{"damage":22,"enemies":"Hallownest:2_Mistakes","floor":18,"turns":7},{"damage":14,"enemies":"Hallownest:3_Youths","floor":22,"turns":4},{"damage":39,"enemies":"Hallownest:Nosk","floor":24,"turns":9},{"damage":47,"enemies":"Hallownest:eliteWatcherKnight","floor":27,"turns":12},{"damage":9,"enemies":"Hallownest:2_Husk_Sentries","floor":29,"turns":3},{"damage":0,"enemies":"Hallownest:Master_and_Novice","floor":31,"turns":2},{"damage":108,"enemies":"Hallownest:BossMantisLord","floor":33,"turns":8}],"seed_played":"9112729007907835203","potions_obtained":[{"floor":1,"key":"Ancient Potion"},{"floor":5,"key":"Energy Potion"},{"floor":10,"key":"Fire Potion"},{"floor":16,"key":"LiquidBronze"},{"floor":29,"key":"CultistPotion"}],"is_trial":false,"path_per_floor":["M","M","?","?","M","R","M","R","T","M","R","?","M","E","R","B",null,"M","?","$","T","M","R","E","R","T","E","R","M","R","M","R","B"],"character_chosen":"THE_BUGKNIGHT","items_purchased":["HollowMod:CycloneSlash","Anchor"],"campfire_rested":0,"item_purchase_floors":[20,20],"current_hp_per_floor":[63,67,63,63,63,69,47,56,56,46,55,55,48,57,66,6,75,74,74,75,75,73,75,56,68,68,52,64,61,75,75,75,0,0],"gold":72,"neow_bonus":"ONE_RARE_RELIC","is_daily":false,"chose_seed":false,"campfire_upgraded":9,"win_rate":0.0,"timestamp":1610118557,"path_taken":["M","M","?","?","M","R","M","R","T","M","R","?","?","E","R","BOSS","M","?","$","?","M","R","E","R","T","E","R","M","R","M","R","BOSS"],"items_purchased_type":["Card","Relic"],"build_version":"2020-12-22","purchased_purges":0,"victory":false,"max_hp_per_floor":[75,75,75,75,75,75,75,75,75,75,75,75,75,75,75,75,75,75,75,75,75,75,75,75,75,75,75,75,75,75,75,75,75,75],"card_choices":[{"not_picked":["HollowMod:FastStrike","HollowMod:InfectedCysts"],"picked":"HollowMod:NewGlowingWomb","floor":1},{"not_picked":["HollowMod:SoulStrike","HollowMod:SoulEater"],"picked":"HollowMod:DreamGate","floor":2},{"not_picked":["HollowMod:LifebloodCocoon","HollowMod:SoulSplash"],"picked":"HollowMod:AbyssShriek","floor":5},{"not_picked":["HollowMod:WraithStrike","HollowMod:SoulStrike"],"picked":"HollowMod:DescendingDark","floor":7},{"not_picked":["HollowMod:DreamGate","HollowMod:SiblingsSouls"],"picked":"HollowMod:DesolateDive","floor":10},{"not_picked":["HollowMod:WraithStrike","HollowMod:SharpenedNail"],"picked":"HollowMod:ShapeofUnn","floor":13},{"not_picked":["HollowMod:CrystalDash","HollowMod:WraithStrike"],"picked":"HollowMod:ZotesMagnificence","floor":14},{"not_picked":["HollowMod:SlysStrikes","HollowMod:LifebloodCore"],"picked":"HollowMod:Hiveblood","floor":16},{"not_picked":["HollowMod:VengefulSpirit","HollowMod:NewGlowingWomb"],"picked":"HollowMod:GoodIntentions+1","floor":18},{"not_picked":["HollowMod:MothsMistake","HollowMod:DashSlash"],"picked":"HollowMod:DesolateDive","floor":22},{"not_picked":["HollowMod:HeavyBlow","HollowMod:SoulVessel"],"picked":"HollowMod:FallenFury","floor":24},{"not_picked":["HollowMod:VengefulVoid+1","HollowMod:FallenFury+1"],"picked":"HollowMod:DashSlash+1","floor":27},{"not_picked":["HollowMod:CrystalDash","HollowMod:NewGlowingWomb"],"picked":"HollowMod:CloakDash","floor":29},{"not_picked":["HollowMod:VengefulVoid+1","HollowMod:SoulSplash"],"picked":"HollowMod:DungDefenderAura","floor":31}],"player_experience":46510,"relics_obtained":[{"floor":9,"key":"Regal Pillow"},{"floor":14,"key":"MealTicket"},{"floor":21,"key":"Ancient Tea Set"},{"floor":24,"key":"Sundial"},{"floor":26,"key":"Molten Egg 2"},{"floor":27,"key":"Bag of Preparation"}],"event_choices":[],"is_beta":false,"boss_relics":[{"not_picked":["Busted Crown","Runic Dome"],"picked":"Ectoplasm"}],"items_purged_floors":[],"is_endless":false,"potions_floor_spawned":[1,5,10,16,18,27,29],"killed_by":"Hallownest:BossMantisLord","ascension_level":0}}