{"host":"jh7kh5nqtgzr3auj","time":1610117371,"event":{"mods":["AchievementEnabler","Act Like it!","BaseMod","CapriCore","Gensokyo","Highlight Path","Minty Spire (QoL Compilation)","Quick Restart","StSLib","TestMod","The Bug Knight"],"gold_per_floor":[112,124,22,40,353,388,388,413,440,440,440,461,474,506,506,607,607,620,637,653,603,624,624,666,626,626,668,668,692,236,249,249,350,350,667,677,111,111,122,122,149,548,597,623,623,636,660,660,660,660],"floor_reached":51,"playtime":4309,"items_purged":[],"score":1058,"play_id":"3d5668e8-d418-4caa-bc1f-0711f643fbda","local_time":"20210108224931","is_ascension_mode":true,"campfire_choices":[{"data":"HollowMod:CloakDash","floor":10.0,"key":"SMITH"},{"data":"HollowMod:AwokenDreamNail","floor":15.0,"key":"SMITH"},{"data":"HollowMod:ElderbugsWisdom","floor":23.0,"key":"SMITH"},{"data":"HollowMod:SlysStrikes","floor":28.0,"key":"SMITH"},{"data":"HollowMod:HuntersJournal","floor":32,"key":"SMITH"},{"data":"HollowMod:PureNailStrike","floor":40,"key":"SMITH"},{"data":"HollowMod:Hiveblood","floor":49,"key":"SMITH"}],"circlet_count":0,"master_deck":["HollowMod:NailStrikeStart","HollowMod:NailStrikeStart","HollowMod:NailStrikeStart","HollowMod:QuickDashStart","HollowMod:QuickDashStart","HollowMod:QuickDashStart","HollowMod:QuickDashStart","HollowMod:FocusHealStart+1","HollowMod:PogoStrike","Secret Technique+1","HollowMod:CycloneSlash","HollowMod:CloakDash+1","HollowMod:DoubleDash","HollowMod:GreatSlash","HollowMod:AwokenDreamNail+1","HollowMod:ElderbugsWisdom+1","Pain","HollowMod:PureNailStrike+1","HollowMod:LifebloodCore","HollowMod:SlysStrikes+1","HollowMod:NewLittleFool","HollowMod:ChannelNail+1","HollowMod:NewLittleFool","HollowMod:Weaversong","HollowMod:SlysStrikes+1","HollowMod:GoodIntentions","HollowMod:GoodIntentions+1","HollowMod:HuntersJournal+1","HollowMod:LifebloodCocoon+1","HollowMod:PerfectDash","HollowMod:LifebloodCore","HollowMod:CornifersMapStart+1","HollowMod:MothsMistake","Gensokyo:Apocalypse","HollowMod:SoulSplash+1","HollowMod:theNailsmith","HollowMod:Hiveblood+1","Gensokyo:UnhurriedMind+1"],"relics":["HollowMod:VesselMask","testmod-AscensionHeart","Bag of Marbles","Calipers","testmod-Acrobat","Orichalcum","Gensokyo:LunaticRedEyes","Pen Nib","SlaversCollar","MealTicket","testmod-ArcanaOfDestiny","Tiny Chest","testmod-Charity","Orrery","HollowMod:KingsBrand","testmod-Fanaticism","Incense Burner","ClockworkSouvenir","Sling","Dream Catcher","Torii","Vajra","Blood Vial","Ornamental Fan","HornCleat","Darkstone Periapt"],"acts_visited":["Gensokyo:Gensokyo","Gensokyo:Gensokyoer","Gensokyo:Gensokyoest"],"potions_floor_usage":[33,41,47],"damage_taken":[{"damage":2.0,"enemies":"Gensokyo:Gryphon","floor":1.0,"turns":4.0},{"damage":8.0,"enemies":"Gensokyo:2_Kodama","floor":2.0,"turns":4.0},{"damage":5.0,"enemies":"Gensokyo:Python","floor":4.0,"turns":5.0},{"damage":3.0,"enemies":"Gensokyo:3_Kodama","floor":5.0,"turns":8.0},{"damage":0.0,"enemies":"Gensokyo:Cirno","floor":6.0,"turns":4.0},{"damage":21.0,"enemies":"Gensokyo:Aya","floor":8.0,"turns":6.0},{"damage":3.0,"enemies":"Gensokyo:LivingMonolith","floor":12.0,"turns":3.0},{"damage":0.0,"enemies":"Gensokyo:Kitsune","floor":13.0,"turns":2.0},{"damage":31.0,"enemies":"Gensokyo:Mamizou","floor":14.0,"turns":10.0},{"damage":23.0,"enemies":"Gensokyo:Kokoro","floor":16.0,"turns":10.0},{"damage":0.0,"enemies":"Gensokyo:CosmicMonolith","floor":18.0,"turns":4.0},{"damage":6.0,"enemies":"Gensokyo:Chomper","floor":19.0,"turns":5.0},{"damage":18.0,"enemies":"Gensokyo:Wraith","floor":20.0,"turns":3.0},{"damage":16.0,"enemies":"Gensokyo:Slime_Group","floor":22.0,"turns":5.0},{"damage":1.0,"enemies":"Gensokyo:Tenshi","floor":24.0,"turns":6.0},{"damage":3.0,"enemies":"Gensokyo:Reisen","floor":27.0,"turns":5.0},{"damage":11,"enemies":"Gensokyo:Swordslinger","floor":29,"turns":4},{"damage":27,"enemies":"Gensokyo:3_Gloops","floor":31,"turns":5},{"damage":56,"enemies":"Gensokyo:Eiki","floor":33,"turns":12},{"damage":85,"enemies":"Gensokyo:3_Boulders","floor":35,"turns":6},{"damage":29,"enemies":"Gensokyo:AncientGuardian","floor":36,"turns":5},{"damage":18,"enemies":"Gensokyo:3_Boulders","floor":39,"turns":4},{"damage":12,"enemies":"Gensokyo:Marisa","floor":41,"turns":3},{"damage":30,"enemies":"Gensokyo:Doremy","floor":44,"turns":3},{"damage":0,"enemies":"Gensokyo:Sharpion","floor":46,"turns":2},{"damage":11,"enemies":"Gensokyo:Marisa","floor":47,"turns":1},{"damage":0,"enemies":"Gensokyo:Marisa","floor":48,"turns":2},{"damage":33,"enemies":"Gensokyo:Shinki","floor":50,"turns":7}],"seed_played":"4009918964000633020","potions_obtained":[{"floor":4.0,"key":"EntropicBrew"},{"floor":13.0,"key":"SteroidPotion"},{"floor":16.0,"key":"GamblersBrew"},{"floor":18.0,"key":"AttackPotion"},{"floor":19.0,"key":"Swift Potion"},{"floor":24.0,"key":"FearPotion"},{"floor":35,"key":"testmod-TestPotion"},{"floor":44,"key":"Swift Potion"}],"is_trial":false,"path_per_floor":["M","M","COS","M","M","E","?","E","T","R","?","M","M","E","R","B",null,"M","M","M","?","M","R","E","?","T","E","R","M","COS","M","R","B",null,"M","M","COS","?","M","R","E","?","T","E","T","M","E","?","R","B",null],"character_chosen":"THE_BUGKNIGHT","items_purchased":[],"campfire_rested":0,"item_purchase_floors":[],"current_hp_per_floor":[62,60,60,65,74,74,74,59,59,59,59,66,72,53,53,42,75,75,69,51,58,52,52,61,61,61,64,64,53,53,40,40,17,113,123,131,131,131,137,137,137,138,139,149,149,154,158,158,158,190],"gold":660,"neow_bonus":"RANDOM_COLORLESS_2","is_daily":false,"chose_seed":false,"campfire_upgraded":7,"win_rate":0.0,"timestamp":1610117371,"path_taken":["M","M","COS","M","M","E","?","E","T","R","?","M","M","E","R","BOSS","M","M","M","?","M","R","E","?","T","E","R","?","COS","M","R","BOSS","M","M","COS","?","M","R","E","?","T","E","?","M","E","?","R","BOSS"],"items_purchased_type":[],"build_version":"2020-12-22","purchased_purges":0,"victory":true,"max_hp_per_floor":[75,75,75,75,75,75,75,75,75,75,75,75,75,75,75,75,75,75,75,75,82,82,82,82,82,82,82,82,82,82,90,90,113,113,123,136,136,136,146,146,153,154,155,164,164,167,173,173,173,190],"card_choices":[{"not_picked":["testmod-TaurusBlackCat","testmod-CardIndex"],"picked":"Secret Technique","floor":0.0},{"not_picked":["HollowMod:HeavyBlow","HollowMod:PureNailStrike"],"picked":"HollowMod:CycloneSlash","floor":1.0},{"not_picked":["HollowMod:SoulStrike","HollowMod:SiblingsSouls"],"picked":"HollowMod:CloakDash","floor":2.0},{"not_picked":["HollowMod:SoulShaman","HollowMod:CoiledNail"],"picked":"HollowMod:DoubleDash","floor":4.0},{"not_picked":["HollowMod:BrokenVessel","HollowMod:LifebloodCocoon"],"picked":"HollowMod:GreatSlash","floor":5.0},{"not_picked":["HollowMod:ZotesMagnificence","HollowMod:VoidDash"],"picked":"HollowMod:AwokenDreamNail","floor":6.0},{"not_picked":["HollowMod:ElderbugsWisdom","HollowMod:PureVessel"],"picked":"HollowMod:ElderbugsWisdom","floor":8.0},{"not_picked":["HollowMod:ShadowDash","HollowMod:MonarchWings"],"picked":"HollowMod:PureNailStrike","floor":12.0},{"not_picked":["HollowMod:FallenFury","HollowMod:SharpenedNail","HollowMod:HowlingWraiths"],"picked":"SKIP","floor":13.0},{"not_picked":["HollowMod:LordofShades","HollowMod:ElderbugsWisdom"],"picked":"HollowMod:LifebloodCore","floor":14.0},{"not_picked":["HollowMod:HornetsHelp","HollowMod:SoulMaster"],"picked":"HollowMod:SlysStrikes","floor":16.0},{"not_picked":["HollowMod:BlackTendrils+1","HollowMod:DoubleDash","HollowMod:DescendingDark"],"picked":"SKIP","floor":18.0},{"not_picked":["HollowMod:DesolateDive+1","HollowMod:SoulEater+1"],"picked":"HollowMod:NewLittleFool","floor":19.0},{"not_picked":["HollowMod:MonomonsArchive","HollowMod:CloakDash"],"picked":"HollowMod:ChannelNail+1","floor":20.0},{"not_picked":["HollowMod:CoiledNail","HollowMod:LifebloodCocoon"],"picked":"HollowMod:NewLittleFool","floor":22.0},{"not_picked":["HollowMod:HerrahsAnger","HollowMod:theNailsmith"],"picked":"HollowMod:Weaversong","floor":24.0},{"not_picked":["HollowMod:HornetsHelp","HollowMod:HerrahsAnger"],"picked":"HollowMod:SlysStrikes","floor":27.0},{"not_picked":["HollowMod:BrokenVessel","HollowMod:WraithStrike"],"picked":"HollowMod:GoodIntentions","floor":29},{"not_picked":["HollowMod:NewJinnsSoul","HollowMod:WraithStrike"],"picked":"HollowMod:GoodIntentions+1","floor":30},{"not_picked":["HollowMod:HeavyBlow","HollowMod:HowlingWraiths+1"],"picked":"HollowMod:HuntersJournal","floor":30},{"not_picked":["HollowMod:SoulStrike","HollowMod:DoubleDash"],"picked":"HollowMod:LifebloodCocoon+1","floor":30},{"not_picked":["HollowMod:LuriensSpire","HollowMod:MothsMistake"],"picked":"HollowMod:PerfectDash","floor":31},{"not_picked":["HollowMod:theNailsmith","HollowMod:ZotesMagnificence"],"picked":"HollowMod:LifebloodCore","floor":33},{"not_picked":["HollowMod:InfectedCysts+1","HollowMod:SiblingsSouls"],"picked":"HollowMod:CornifersMapStart+1","floor":35},{"not_picked":["HollowMod:TaintedHusks+1","HollowMod:SoulStrike"],"picked":"HollowMod:MothsMistake","floor":36},{"not_picked":["HollowMod:SoulStrike+1","HollowMod:HeavyBlow"],"picked":"HollowMod:SoulSplash+1","floor":39},{"not_picked":["HollowMod:VoidDash","HollowMod:PureVessel"],"picked":"HollowMod:theNailsmith","floor":41},{"not_picked":["HollowMod:LordofShades","HollowMod:SlysStrikes"],"picked":"HollowMod:Hiveblood","floor":44},{"not_picked":["HollowMod:InfectedCysts","HollowMod:DoubleDash+1","HollowMod:SharpenedShadows"],"picked":"SKIP","floor":46},{"not_picked":["HollowMod:LifebloodCore","HollowMod:Weaversong","HollowMod:NewInfectedGuardian"],"picked":"SKIP","floor":47},{"not_picked":["Gensokyo:DreamlikeParadise+1","Gensokyo:MorningStar+1"],"picked":"Gensokyo:UnhurriedMind+1","floor":48}],"player_experience":300992,"relics_obtained":[{"floor":6.0,"key":"Bag of Marbles"},{"floor":8.0,"key":"testmod-Acrobat"},{"floor":9.0,"key":"Orichalcum"},{"floor":14.0,"key":"Pen Nib"},{"floor":24.0,"key":"MealTicket"},{"floor":26.0,"key":"testmod-ArcanaOfDestiny"},{"floor":27.0,"key":"Tiny Chest"},{"floor":41,"key":"Torii"},{"floor":43,"key":"Vajra"},{"floor":44,"key":"Ornamental Fan"},{"floor":45,"key":"HornCleat"},{"floor":47,"key":"Darkstone Periapt"}],"event_choices":[{"damage_healed":0.0,"max_hp_gain":0.0,"max_hp_loss":0.0,"gold_gain":0.0,"event_name":"给自己的盒子","player_choice":"Swap Relic","floor":7.0,"relics_lost":["War Paint"],"gold_loss":0.0,"damage_taken":0.0,"relics_obtained":["War Paint"]},{"damage_healed":0,"gold_gain":400,"player_choice":"Sell","damage_taken":0,"max_hp_gain":0,"max_hp_loss":0,"event_name":"恩洛斯的盘子","floor":42,"relics_lost":["testmod-TestBox"],"gold_loss":0}],"is_beta":false,"boss_relics":[{"not_picked":["testmod-HarvestTotem","Cursed Key"],"picked":"SlaversCollar"},{"not_picked":["Fusion Hammer","Runic Pyramid"],"picked":"testmod-Fanaticism"}],"items_purged_floors":[],"is_endless":false,"potions_floor_spawned":[4,13,16,18,19,24,35,44],"ascension_level":1}}