{"host":"q9szs7qndgdlcq24","time":1610128591,"event":{"mods":["AchievementEnabler","BaseMod","Bestiary","Colored Powertips","DeckTracker","Minty Spire (QoL Compilation)","Random Character Button","StSLib"],"gold_per_floor":[212,227,67,77,91,121,133,133,158,170,170,170,182,199,199,298,298,312,325,325,325,325],"floor_reached":21,"playtime":1294,"items_purged":["Defend_R"],"score":235,"play_id":"b2d3669c-71c5-4371-82eb-335aead77d4e","local_time":"20210108205631","is_ascension_mode":false,"campfire_choices":[{"data":"Heavy Blade","floor":8,"key":"SMITH"},{"data":"Inflame","floor":11,"key":"SMITH"},{"floor":15,"key":"REST"}],"circlet_count":0,"master_deck":["Strike_R","Strike_R","Strike_R","Strike_R","Defend_R","Defend_R","Defend_R","Bash","Clothesline","Pommel Strike","Inflame+1","Shrug It Off","Heavy Blade+1","Thunderclap","Twin Strike","Flex","Twin Strike","Armaments","Headbutt","Juggernaut","Flex","Clash+1"],"relics":["Burning Blood","Vajra","SlaversCollar","Nloth\u0027s Gift"],"acts_visited":["Exordium","TheCity"],"potions_floor_usage":[16,16,16,21,21],"damage_taken":[{"damage":1,"enemies":"Jaw Worm","floor":1,"turns":6},{"damage":1,"enemies":"Cultist","floor":2,"turns":4},{"damage":0,"enemies":"Small Slimes","floor":4,"turns":3},{"damage":8,"enemies":"Red Slaver","floor":5,"turns":4},{"damage":28,"enemies":"Gremlin Nob","floor":6,"turns":4},{"damage":8,"enemies":"3 Louse","floor":7,"turns":4},{"damage":2,"enemies":"Blue Slaver","floor":10,"turns":2},{"damage":5,"enemies":"Looter","floor":13,"turns":2},{"damage":0,"enemies":"2 Fungi Beasts","floor":14,"turns":3},{"damage":0,"enemies":"Slime Boss","floor":16,"turns":6},{"damage":20,"enemies":"2 Thieves","floor":18,"turns":3},{"damage":44,"enemies":"3 Byrds","floor":19,"turns":6},{"damage":33,"enemies":"Shelled Parasite and Fungi","floor":21,"turns":4}],"seed_played":"-9090250241186278963","potions_obtained":[{"floor":2,"key":"Dexterity Potion"},{"floor":7,"key":"Explosive Potion"},{"floor":13,"key":"ElixirPotion"},{"floor":14,"key":"EssenceOfSteel"},{"floor":16,"key":"EssenceOfSteel"},{"floor":19,"key":"Block Potion"}],"is_trial":false,"path_per_floor":["M","M","$","M","M","E","M","R","T","M","R","?","M","M","R","B",null,"M","M","?","M"],"character_chosen":"IRONCLAD","items_purchased":["Inflame","Shrug It Off"],"campfire_rested":1,"item_purchase_floors":[3,3],"current_hp_per_floor":[80,80,80,80,78,56,54,54,54,58,58,58,59,65,80,80,80,66,28,28,0,0],"gold":325,"neow_bonus":"HUNDRED_GOLD","is_daily":false,"chose_seed":false,"campfire_upgraded":2,"win_rate":0.0,"timestamp":1610128591,"path_taken":["M","M","$","M","M","E","M","R","T","M","R","?","?","M","R","BOSS","M","M","?","M"],"items_purchased_type":["Card","Card"],"build_version":"2020-12-22","purchased_purges":1,"victory":false,"max_hp_per_floor":[80,80,80,80,80,80,80,80,80,80,80,80,80,80,80,80,80,80,80,80,80,80],"card_choices":[{"not_picked":["Iron Wave","Searing Blow"],"picked":"Clothesline","floor":1},{"not_picked":["Whirlwind","Sword Boomerang"],"picked":"Pommel Strike","floor":2},{"not_picked":["Thunderclap","Burning Pact"],"picked":"Heavy Blade","floor":4},{"not_picked":["Reckless Charge","Twin Strike"],"picked":"Thunderclap","floor":5},{"not_picked":["Shockwave","True Grit"],"picked":"Twin Strike","floor":6},{"not_picked":["Double Tap","Twin Strike"],"picked":"Flex","floor":7},{"not_picked":["Anger","Rage"],"picked":"Twin Strike","floor":10},{"not_picked":["Clash","Body Slam"],"picked":"Armaments","floor":13},{"not_picked":["Anger","Iron Wave"],"picked":"Headbutt","floor":14},{"not_picked":["Reaper","Impervious"],"picked":"Juggernaut","floor":16},{"not_picked":["Body Slam","Thunderclap"],"picked":"Flex","floor":18},{"not_picked":["Cleave+1","Armaments"],"picked":"Clash+1","floor":19}],"player_experience":34935,"relics_obtained":[{"floor":6,"key":"Vajra"},{"floor":9,"key":"Centennial Puzzle"}],"event_choices":[{"cards_removed":["Strike_R"],"damage_healed":0,"gold_gain":0,"player_choice":"Offered Basic","damage_taken":0,"max_hp_gain":0,"max_hp_loss":0,"event_name":"Bonfire Elementals","floor":12,"gold_loss":0},{"damage_healed":0,"gold_gain":0,"player_choice":"Traded Relic","damage_taken":0,"relics_obtained":["Nloth\u0027s Gift"],"max_hp_gain":0,"max_hp_loss":0,"event_name":"N\u0027loth","floor":20,"relics_lost":["Centennial Puzzle"],"gold_loss":0}],"is_beta":false,"boss_relics":[{"not_picked":["Runic Pyramid","Busted Crown"],"picked":"SlaversCollar"}],"items_purged_floors":[3],"is_endless":false,"potions_floor_spawned":[2,7,13,14,16,19],"killed_by":"Shelled Parasite and Fungi","ascension_level":0}}