{"host":"9709z2dy8v1s63sm","time":1610121630,"event":{"mods":["AchievementEnabler","BaseMod","Minty Spire (QoL Compilation)","StSLib","SuperFastMode"],"gold_per_floor":[116,116,126,137,155,155,185,185,185,29,29,29,56,69,69,69,69],"floor_reached":16,"playtime":449,"items_purged":[],"score":110,"play_id":"e6763819-9d72-4521-bcf6-6629eb3039c8","local_time":"20210109010030","is_ascension_mode":true,"campfire_choices":[{"data":"Genetic Algorithm","floor":6,"key":"SMITH"},{"floor":8,"key":"REST"},{"data":"Conserve Battery","floor":15,"key":"SMITH"}],"circlet_count":0,"master_deck":["Strike_B","Strike_B","Strike_B","Strike_B","Defend_B","Defend_B","Defend_B","Defend_B","Zap+1","Dualcast","Turbo","FTL","Genetic Algorithm+1","Conserve Battery+1","Capacitor"],"relics":["Cracked Core","Dream Catcher","Blood Vial","Omamori","White Beast Statue","Art of War"],"acts_visited":["Exordium"],"potions_floor_usage":[16,16],"damage_taken":[{"damage":9.0,"enemies":"Jaw Worm","floor":1.0,"turns":3.0},{"damage":0.0,"enemies":"Cultist","floor":3.0,"turns":2.0},{"damage":10.0,"enemies":"2 Louse","floor":4.0,"turns":2.0},{"damage":6,"enemies":"Blue Slaver","floor":5,"turns":3},{"damage":29,"enemies":"3 Sentries","floor":7,"turns":8},{"damage":2,"enemies":"Looter","floor":14,"turns":3},{"damage":38,"enemies":"Hexaghost","floor":16,"turns":9}],"seed_played":"1339924131602565107","potions_obtained":[{"floor":3.0,"key":"SteroidPotion"},{"floor":4.0,"key":"Energy Potion"},{"floor":7,"key":"Explosive Potion"},{"floor":14,"key":"SteroidPotion"}],"is_trial":false,"path_per_floor":["M","?","M","M","M","R","E","R","T","$","?","$","T","M","R","B"],"character_chosen":"DEFECT","items_purchased":["Omamori"],"campfire_rested":1,"item_purchase_floors":[10],"current_hp_per_floor":[73,73,73,63,57,57,28,52,52,52,34,34,34,34,34,0,0],"gold":69,"neow_bonus":"TEN_PERCENT_HP_BONUS","is_daily":false,"chose_seed":false,"campfire_upgraded":2,"win_rate":0.0,"timestamp":1610121630,"path_taken":["M","?","M","M","M","R","E","R","T","?","?","?","?","M","R","BOSS"],"items_purchased_type":["Relic"],"build_version":"2020-12-22","purchased_purges":0,"victory":false,"max_hp_per_floor":[82,82,82,82,82,82,82,82,82,82,82,82,82,82,82,82,82],"card_choices":[{"not_picked":["Go for the Eyes","White Noise"],"picked":"Turbo","floor":1.0},{"not_picked":["Streamline","Steam"],"picked":"FTL","floor":3.0},{"not_picked":["Steam Power","Steam","Hello World"],"picked":"SKIP","floor":4.0},{"not_picked":["Beam Cell","Streamline"],"picked":"Genetic Algorithm","floor":5},{"not_picked":["Beam Cell","Rainbow"],"picked":"Conserve Battery","floor":7},{"not_picked":["Sweeping Beam","Hyperbeam"],"picked":"Capacitor","floor":14}],"player_experience":57777,"relics_obtained":[{"floor":7,"key":"Dream Catcher"},{"floor":9,"key":"Blood Vial"},{"floor":13,"key":"Art of War"}],"event_choices":[{"damage_healed":0.0,"max_hp_gain":0.0,"max_hp_loss":0.0,"gold_gain":0.0,"event_name":"Accursed Blacksmith","player_choice":"Forge","floor":2.0,"gold_loss":0.0,"damage_taken":0.0,"cards_upgraded":["Zap"]},{"damage_healed":0,"gold_gain":0,"player_choice":"Success","damage_taken":18,"relics_obtained":["White Beast Statue"],"max_hp_gain":0,"max_hp_loss":0,"event_name":"Scrap Ooze","floor":11,"gold_loss":0}],"is_beta":false,"boss_relics":[],"items_purged_floors":[],"is_endless":false,"potions_floor_spawned":[3,4,7,14],"killed_by":"Hexaghost","ascension_level":2}}