{"host":"obbn5gje3893ci3z","time":1610097841,"event":{"mods":["BaseMod","Colored Powertips","Minty Spire (QoL Compilation)","Remilia£®¿Ÿ√◊¿Ú—«£©"],"gold_per_floor":[117,129,79,90,100,100,125,125,170,182,192,192,208,222,222,322,322,341,341,184,184,84,119,132,132,184,184,198,73,97,97,97,199,199,216,227,227,8,8,8,18,18,42,42,71,71,91,125,125,125,125],"floor_reached":50,"playtime":2411,"items_purged":["Strike_RM","Defend_RM","Strike_RM","Defend_RM"],"score":650,"play_id":"0577921f-3ffe-4f49-8777-7927e7445720","local_time":"20210108172401","is_ascension_mode":true,"campfire_choices":[{"data":"BloodyTrap","floor":6.0,"key":"SMITH"},{"data":"QueenOfMidnight","floor":8.0,"key":"SMITH"},{"data":"EmergencyRegeneration","floor":12.0,"key":"SMITH"},{"data":"RedMagic","floor":15.0,"key":"SMITH"},{"data":"VampireClaw","floor":27.0,"key":"SMITH"},{"data":"KillingBlow","floor":32.0,"key":"SMITH"},{"data":"UltimateOffering","floor":40,"key":"SMITH"},{"data":"Defend_RM","floor":42,"key":"PURGE"},{"data":"Defend_RM","floor":44,"key":"PURGE"},{"data":"Strike_RM","floor":46,"key":"PURGE"},{"data":"VampireKiss","floor":49,"key":"SMITH"}],"circlet_count":0,"master_deck":["RedMoon","ScarletShoot+1","BloodyTrap+1","BloodyMagicSquare","VampireKiss+1","RedMagic+1","QueenOfMidnight+1","UltimateOffering+1","EmergencyRegeneration+1","VampireKiss+1","KillingBlow+1","VampireClaw+1","BloodyMagicSquare+1"],"relics":["ScarletHat","Darkstone Periapt","PreservedInsect","Coffee Dripper","Juzu Bracelet","Peace Pipe","Bronze Scales","Orichalcum","ScarletEmblem","Membership Card","Boot","Whetstone","Calipers"],"acts_visited":["Exordium","TheCity","TheBeyond"],"potions_floor_usage":[],"damage_taken":[{"damage":0.0,"enemies":"2 Louse","floor":1.0,"turns":2.0},{"damage":0.0,"enemies":"Small Slimes","floor":2.0,"turns":3.0},{"damage":35.0,"enemies":"Cultist","floor":4.0,"turns":4.0},{"damage":26.0,"enemies":"Lots of Slimes","floor":5.0,"turns":4.0},{"damage":7.0,"enemies":"3 Sentries","floor":7.0,"turns":6.0},{"damage":9.0,"enemies":"Exordium Thugs","floor":10.0,"turns":4.0},{"damage":0.0,"enemies":"2 Fungi Beasts","floor":11.0,"turns":3.0},{"damage":118.0,"enemies":"Gremlin Gang","floor":13.0,"turns":2.0},{"damage":90.0,"enemies":"Large Slime","floor":14.0,"turns":5.0},{"damage":76.0,"enemies":"The Guardian","floor":16.0,"turns":7.0},{"damage":45.0,"enemies":"Spheric Guardian","floor":18.0,"turns":2.0},{"damage":45.0,"enemies":"Slavers","floor":23.0,"turns":2.0},{"damage":99.0,"enemies":"2 Thieves","floor":24.0,"turns":2.0},{"damage":43.0,"enemies":"Snake Plant","floor":28.0,"turns":2.0},{"damage":108.0,"enemies":"Automaton","floor":33.0,"turns":7.0},{"damage":101,"enemies":"3 Shapes","floor":35,"turns":6},{"damage":22,"enemies":"Orb Walker","floor":36,"turns":2},{"damage":158,"enemies":"Spire Growth","floor":41,"turns":2},{"damage":163,"enemies":"Nemesis","floor":45,"turns":3},{"damage":47,"enemies":"Sphere and 2 Shapes","floor":47,"turns":1},{"damage":221,"enemies":"Giant Head","floor":48,"turns":2},{"damage":160,"enemies":"Donu and Deca","floor":50,"turns":2}],"seed_played":"-1918805931875314600","potions_obtained":[{"floor":2.0,"key":"Swift Potion"},{"floor":7.0,"key":"CultistPotion"},{"floor":10.0,"key":"Block Potion"},{"floor":24.0,"key":"SmokeBomb"}],"is_trial":false,"path_per_floor":["M","M","?","M","M","R","E","R","T","M","M","R","M","M","R","B",null,"M","?","$","?","$","E","M","?","T","R","M","$","T","?","R","B",null,"M","M","?","$","?","R","M","R","T","R","E","R","M","E","R","B"],"character_chosen":"REMILIA","items_purchased":["VampireClaw","Membership Card"],"campfire_rested":0,"item_purchase_floors":[20,38],"current_hp_per_floor":[68,70,70,39,14,14,9,9,9,13,16,16,89,89,89,89,89,89,89,89,89,89,79,89,89,89,89,71,71,71,71,71,93,93,93,88,88,88,88,88,93,93,93,93,93,93,93,97,97,0,0],"gold":125,"neow_bonus":"TWENTY_PERCENT_HP_BONUS","is_daily":false,"chose_seed":false,"campfire_upgraded":8,"win_rate":0.0,"timestamp":1610097841,"path_taken":["M","M","?","M","M","R","E","R","T","M","M","R","M","M","R","BOSS","M","?","$","?","$","E","M","?","T","R","M","?","?","?","R","BOSS","M","M","?","$","?","R","M","R","T","R","E","R","M","E","R","BOSS"],"items_purchased_type":["Card","Relic"],"build_version":"2020-12-22","purchased_purges":4,"victory":false,"max_hp_per_floor":[89,89,89,89,89,89,89,89,89,89,89,89,89,89,89,89,89,89,89,89,89,89,89,89,89,89,89,89,89,89,89,89,93,93,93,93,93,93,93,93,93,93,93,93,93,93,93,97,97,101,101],"card_choices":[{"not_picked":["DiffusionOfMisfortune","StarOfDavid"],"picked":"BloodyTrap","floor":1.0},{"not_picked":["FavorOfDestiny","ScarletDevil"],"picked":"BloodyMagicSquare","floor":2.0},{"not_picked":["DiffusionOfMisfortune","RedNightlessCastle"],"picked":"VampireKiss","floor":4.0},{"not_picked":["BloodyMagicSquare","ScarletImprint"],"picked":"RedMagic","floor":5.0},{"not_picked":["ScarletDream","ScarletNetherworld"],"picked":"QueenOfMidnight","floor":7.0},{"not_picked":["NightDance","ScarletDevil"],"picked":"UltimateOffering","floor":10.0},{"not_picked":["Stigmanizer","Ultimatum"],"picked":"EmergencyRegeneration","floor":11.0},{"not_picked":["ScarletImprint","Septette"],"picked":"VampireKiss","floor":13.0},{"not_picked":["RedMagic","UnderTheZenith","BombardNight"],"picked":"SKIP","floor":14.0},{"not_picked":["ChaoticDestiny","CeilingFear"],"picked":"KillingBlow","floor":16.0},{"not_picked":["BlasphemousPunishment","BloodHunter","NightDance"],"picked":"SKIP","floor":18.0},{"not_picked":["EndlessAdversity","DiffusionOfMisfortune+1","ForecastOfChange"],"picked":"SKIP","floor":23.0},{"not_picked":["StarOfDavid","EndlessAdversity","CharismaGuard"],"picked":"SKIP","floor":24.0},{"not_picked":["VampirishNight","LeisurelyOfLord","BlasphemousPunishment"],"picked":"SKIP","floor":28.0},{"not_picked":["BloodHunter+1","UnstableMagic+1","ScarletSymphony+1"],"picked":"SKIP","floor":35},{"not_picked":["RedMagic","MastersStateliness+1","BlasphemousPunishment"],"picked":"SKIP","floor":36},{"not_picked":["Stigmanizer","BloodAndWine+1"],"picked":"BloodyMagicSquare+1","floor":41},{"not_picked":["ScarletImprint","StarOfDavid","UnderTheZenith"],"picked":"SKIP","floor":45},{"not_picked":["BloodHunter","FavorOfDestiny+1","ScarletSymphony"],"picked":"SKIP","floor":47},{"not_picked":["MastersStateliness","GlobalNightmare+1","ChainGang+1"],"picked":"SKIP","floor":48}],"player_experience":39197,"relics_obtained":[{"floor":7.0,"key":"Darkstone Periapt"},{"floor":9.0,"key":"PreservedInsect"},{"floor":23.0,"key":"Peace Pipe"},{"floor":26.0,"key":"Bronze Scales"},{"floor":30.0,"key":"Orichalcum"},{"floor":43,"key":"Boot"},{"floor":45,"key":"Whetstone"},{"floor":48,"key":"Calipers"}],"event_choices":[{"cards_removed":["Strike_RM"],"damage_healed":0.0,"max_hp_gain":0.0,"max_hp_loss":0.0,"gold_gain":0.0,"event_name":"The Cleric","player_choice":"Card Removal","floor":3.0,"gold_loss":50.0,"damage_taken":0.0},{"damage_healed":0.0,"max_hp_gain":0.0,"max_hp_loss":0.0,"gold_gain":0.0,"event_name":"Ghosts","player_choice":"Ignored","floor":19.0,"gold_loss":0.0,"damage_taken":0.0},{"damage_healed":0.0,"max_hp_gain":0.0,"max_hp_loss":0.0,"gold_gain":0.0,"event_name":"WeMeetAgain","player_choice":"Gave Potion","floor":21.0,"gold_loss":0.0,"damage_taken":0.0,"relics_obtained":["Juzu Bracelet"]},{"damage_healed":0.0,"max_hp_gain":0.0,"max_hp_loss":0.0,"gold_gain":0.0,"event_name":"The Woman in Blue","player_choice":"Bought 0 Potions","floor":25.0,"gold_loss":0.0,"damage_taken":0.0},{"damage_healed":0.0,"max_hp_gain":0.0,"max_hp_loss":0.0,"gold_gain":0.0,"event_name":"Match and Keep!","player_choice":"0 cards matched","floor":31.0,"gold_loss":0.0,"damage_taken":0.0,"cards_obtained":[]},{"damage_healed":0,"gold_gain":0,"player_choice":"Ignored","damage_taken":0,"max_hp_gain":0,"max_hp_loss":0,"event_name":"Tomb of Lord Red Mask","floor":37,"gold_loss":0},{"damage_healed":0,"gold_gain":0,"player_choice":"Memory 1","damage_taken":0,"max_hp_gain":0,"max_hp_loss":0,"event_name":"SensoryStone","floor":39,"gold_loss":0}],"is_beta":false,"boss_relics":[{"not_picked":["Tiny House","SacredBark"],"picked":"Coffee Dripper"},{"not_picked":["Philosopher\u0027s Stone","APieceOfRedMist"],"picked":"ScarletEmblem"}],"items_purged_floors":[20,22,29,38],"is_endless":false,"potions_floor_spawned":[2,7,10,11,13,18,24,28,33,41,45,47,48],"killed_by":"Donu and Deca","ascension_level":1}}