{"host":"1ltt377nc7aury4n","time":1610076071,"event":{"mods":["AchievementEnabler","BaseMod","Best Route Mod","Colored Powertips","Minty Spire (QoL Compilation)","StSLib"],"gold_per_floor":[115,190,208,208,223,248,248,279,329,344,344,344],"floor_reached":11,"playtime":1410,"items_purged":[],"score":100,"play_id":"3e82d664-b040-4a12-9f77-631426bb8943","local_time":"20210107222111","is_ascension_mode":true,"campfire_choices":[{"floor":7.0,"key":"REST"}],"circlet_count":0,"master_deck":["Strike_G","Strike_G","Strike_G","Strike_G","Strike_G","Defend_G","Defend_G","Defend_G","Defend_G","Defend_G","Survivor","Neutralize","Bouncing Flask","Escape Plan","Night Terror","Caltrops+1"],"relics":["Velvet Choker","Paper Crane","Vajra","Frozen Egg 2","Art of War"],"acts_visited":["Exordium"],"potions_floor_usage":[10],"damage_taken":[{"damage":0.0,"enemies":"Jaw Worm","floor":1.0,"turns":6.0},{"damage":1.0,"enemies":"2 Louse","floor":3.0,"turns":3.0},{"damage":0.0,"enemies":"Small Slimes","floor":5.0,"turns":3.0},{"damage":19.0,"enemies":"Gremlin Nob","floor":6.0,"turns":4.0},{"damage":20.0,"enemies":"Lagavulin","floor":8.0,"turns":6.0},{"damage":7,"enemies":"Gremlin Gang","floor":10,"turns":5},{"damage":15,"enemies":"3 Sentries","floor":11,"turns":4}],"seed_played":"-8213526606333876562","potions_obtained":[{"floor":1.0,"key":"SteroidPotion"},{"floor":8.0,"key":"LiquidBronze"}],"is_trial":false,"path_per_floor":["M","?","M","?","M","E","R","E","T","M","E"],"character_chosen":"THE_SILENT","items_purchased":[],"campfire_rested":1,"item_purchase_floors":[],"current_hp_per_floor":[70,59,58,46,46,27,48,28,28,21,6,6],"gold":344,"neow_bonus":"BOSS_RELIC","is_daily":false,"chose_seed":false,"campfire_upgraded":0,"win_rate":0.0,"timestamp":1610076071,"path_taken":["M","?","M","?","M","E","R","E","T","M","E"],"items_purchased_type":[],"build_version":"2020-12-22","purchased_purges":0,"victory":false,"max_hp_per_floor":[70,70,70,70,70,70,70,70,70,70,70,70],"card_choices":[{"not_picked":["All Out Attack","Acrobatics","Outmaneuver"],"picked":"SKIP","floor":1.0},{"not_picked":["Well Laid Plans","Reflex"],"picked":"Bouncing Flask","floor":3.0},{"not_picked":["Well Laid Plans","Bouncing Flask"],"picked":"Escape Plan","floor":5.0},{"not_picked":["Quick Slash","Backstab"],"picked":"Night Terror","floor":6.0},{"not_picked":["Flying Knee","Bane","Underhanded Strike"],"picked":"SKIP","floor":8.0},{"not_picked":["Dagger Throw","Acrobatics"],"picked":"Caltrops+1","floor":10}],"player_experience":281424,"relics_obtained":[{"floor":6.0,"key":"Vajra"},{"floor":8.0,"key":"Frozen Egg 2"},{"floor":9.0,"key":"Art of War"}],"event_choices":[{"damage_healed":0.0,"max_hp_gain":0.0,"max_hp_loss":0.0,"gold_gain":75.0,"event_name":"World of Goop","player_choice":"Gather Gold","floor":2.0,"gold_loss":0.0,"damage_taken":11.0},{"damage_healed":0.0,"max_hp_gain":0.0,"max_hp_loss":0.0,"gold_gain":0.0,"event_name":"Scrap Ooze","player_choice":"Success","floor":4.0,"gold_loss":0.0,"damage_taken":12.0,"relics_obtained":["Paper Crane"]}],"is_beta":false,"boss_relics":[],"items_purged_floors":[],"is_endless":false,"potions_floor_spawned":[1,8],"killed_by":"3 Sentries","ascension_level":4}}