{"host":"p245q48pmopyklqs","time":1610065687,"event":{"mods":["AchievementEnabler","BaseMod","DeckTracker","Minty Spire (QoL Compilation)","Relic Stats","StSLib","SuperFastMode"],"gold_per_floor":[118,129,141,291,37,72,72,105,130,144,144,155,155,186,186,259,259,271,186,237,255,255,255,281,299,299,119,119,34,59,34,34,108,108,127,127,127,48,73,106,106,106,106],"floor_reached":42,"playtime":1170,"items_purged":["Doubt","Strike_R"],"score":1081,"play_id":"3513da1d-e4ed-4f69-b332-2f5c3a314183","local_time":"20210108092807","is_ascension_mode":true,"campfire_choices":[{"floor":7,"key":"REST"},{"data":"Immolate","floor":13,"key":"SMITH"},{"data":"Fire Breathing","floor":15,"key":"SMITH"},{"data":"Offering","floor":23,"key":"SMITH"},{"data":"Immolate","floor":28,"key":"SMITH"},{"data":"Flex","floor":32,"key":"SMITH"},{"data":"Limit Break","floor":41,"key":"SMITH"}],"circlet_count":0,"master_deck":["AscendersBane","Strike_R","Strike_R","Defend_R","Defend_R+1","Defend_R","Defend_R+1","Bash","Clothesline","Headbutt","Immolate+1","Offering+1","Shrug It Off","Fire Breathing+1","Shrug It Off","Immolate+1","Inflame+1","Reckless Charge","Feed","Flex+1","Heavy Blade","Limit Break+1","True Grit","Burning Pact","Exhume"],"relics":["Burning Blood","Boot","War Paint","Tiny Chest","Vajra","Happy Flower","Coffee Dripper","Unceasing Top","Bag of Marbles","TungstenRod","Singing Bowl","Paper Frog","Empty Cage","Torii","Mercury Hourglass"],"acts_visited":["Exordium","TheCity","TheBeyond"],"potions_floor_usage":[16,16,24,42],"damage_taken":[{"damage":13,"enemies":"Small Slimes","floor":1,"turns":5},{"damage":14,"enemies":"Jaw Worm","floor":2,"turns":5},{"damage":1,"enemies":"Cultist","floor":3,"turns":3},{"damage":49,"enemies":"Lagavulin","floor":6,"turns":8},{"damage":11,"enemies":"3 Sentries","floor":8,"turns":2},{"damage":10,"enemies":"Blue Slaver","floor":10,"turns":3},{"damage":0,"enemies":"3 Louse","floor":12,"turns":1},{"damage":25,"enemies":"Lagavulin","floor":14,"turns":5},{"damage":27,"enemies":"The Guardian","floor":16,"turns":12},{"damage":6,"enemies":"Chosen","floor":18,"turns":4},{"damage":2,"enemies":"3 Byrds","floor":21,"turns":4},{"damage":6,"enemies":"Slavers","floor":24,"turns":1},{"damage":5,"enemies":"Snake Plant","floor":25,"turns":2},{"damage":21,"enemies":"Book of Stabbing","floor":30,"turns":4},{"damage":23,"enemies":"Automaton","floor":33,"turns":6},{"damage":7,"enemies":"3 Darklings","floor":35,"turns":5},{"damage":5,"enemies":"Mind Bloom Boss Battle","floor":39,"turns":4},{"damage":76,"enemies":"Reptomancer","floor":40,"turns":5},{"damage":89,"enemies":"Giant Head","floor":42,"turns":6}],"seed_played":"3705761285905903151","potions_obtained":[{"floor":3,"key":"BloodPotion"},{"floor":6,"key":"GamblersBrew"},{"floor":14,"key":"DistilledChaos"},{"floor":16,"key":"Strength Potion"},{"floor":18,"key":"GamblersBrew"},{"floor":24,"key":"FairyPotion"},{"floor":40,"key":"HeartOfIron"}],"is_trial":false,"path_per_floor":["M","M","M","?","$","E","R","E","T","M","?","M","R","E","R","B",null,"M","?","T","M","?","R","E","M","T","$","R","$","E","$","R","B",null,"M","?","T","$","?","E","R","E"],"character_chosen":"IRONCLAD","items_purchased":["Immolate","Feed","Flex","Heavy Blade","True Grit","Burning Pact"],"campfire_rested":1,"item_purchase_floors":[5,27,29,29,31,38],"current_hp_per_floor":[68,60,65,65,65,22,46,41,41,37,37,43,43,24,24,19,66,66,66,66,70,46,46,46,47,47,47,47,47,35,35,35,23,77,81,81,81,81,84,14,14,0,0],"gold":106,"neow_bonus":"TEN_PERCENT_HP_BONUS","is_daily":false,"chose_seed":false,"campfire_upgraded":6,"win_rate":0.0,"timestamp":1610065687,"path_taken":["M","M","M","?","$","E","R","E","T","M","?","?","R","E","R","BOSS","M","?","?","M","?","R","E","M","T","$","R","?","E","$","R","BOSS","M","?","?","$","?","E","R","E"],"items_purchased_type":["Card","Card","Card","Card","Card","Card"],"build_version":"2020-12-22","purchased_purges":2,"victory":false,"max_hp_per_floor":[82,82,82,82,82,82,82,82,82,82,82,82,82,82,82,82,82,82,82,82,82,87,87,87,87,87,87,87,87,90,90,90,95,95,100,95,95,95,97,97,97,97,97],"relic_stats":{"Happy Flower":[17],"Singing Bowl":6,"Torii":0,"counters":[19,85],"Tiny Chest":2,"War Paint":["Defend_R","Defend_R"],"Boot":[9],"obtain_stats":[{"Happy Flower":14,"Singing Bowl":26,"Torii":39,"Vajra":11,"War Paint":8,"Boot":6,"Empty Cage":34,"Burning Blood":0,"Mercury Hourglass":40,"Tiny Chest":9,"Coffee Dripper":17,"Bag of Marbles":20,"Unceasing Top":19,"TungstenRod":24,"Paper Frog":30},{"Happy Flower":8,"Singing Bowl":13,"Torii":17,"Vajra":6,"War Paint":5,"Boot":4,"Empty Cage":15,"Burning Blood":0,"Mercury Hourglass":18,"Tiny Chest":5,"Coffee Dripper":9,"Bag of Marbles":10,"Unceasing Top":10,"TungstenRod":12,"Paper Frog":14},{"Happy Flower":32,"Singing Bowl":55,"Torii":74,"Vajra":26,"War Paint":23,"Boot":21,"Empty Cage":65,"Burning Blood":0,"Mercury Hourglass":79,"Tiny Chest":23,"Coffee Dripper":44,"Bag of Marbles":48,"Unceasing Top":48,"TungstenRod":53,"Paper Frog":59}],"Burning Blood":108,"Unceasing Top":[1],"TungstenRod":26,"Mercury Hourglass":[18]},"card_choices":[{"not_picked":["Bloodletting","Clash"],"picked":"Clothesline","floor":1},{"not_picked":["Iron Wave","Entrench"],"picked":"Headbutt","floor":2},{"not_picked":["Fire Breathing","Perfected Strike","True Grit"],"picked":"SKIP","floor":3},{"not_picked":["Rage","Hemokinesis"],"picked":"Offering","floor":6},{"not_picked":["Cleave","Hemokinesis"],"picked":"Shrug It Off","floor":8},{"not_picked":["Rupture","Headbutt"],"picked":"Fire Breathing","floor":10},{"not_picked":["Pommel Strike","Thunderclap","Armaments"],"picked":"SKIP","floor":12},{"not_picked":["Brutality","Pommel Strike","Shrug It Off"],"picked":"SKIP","floor":14},{"not_picked":["Brutality","Pommel Strike"],"picked":"Shrug It Off","floor":14},{"not_picked":["Brutality","Juggernaut"],"picked":"Immolate","floor":16},{"not_picked":["Dual Wield","Sever Soul","Warcry"],"picked":"SKIP","floor":18},{"not_picked":["Heavy Blade","Warcry"],"picked":"Inflame+1","floor":21},{"not_picked":["Perfected Strike","Pommel Strike"],"picked":"Reckless Charge","floor":24},{"not_picked":["Carnage","True Grit","Dropkick"],"picked":"SKIP","floor":25},{"not_picked":["Headbutt","Power Through"],"picked":"Limit Break","floor":30},{"not_picked":["Berserk","Feed","Double Tap"],"picked":"Singing Bowl","floor":33},{"not_picked":["Sever Soul","Warcry","Dark Embrace"],"picked":"Singing Bowl","floor":35},{"not_picked":["Uppercut+1","Spot Weakness","Clothesline"],"picked":"Singing Bowl","floor":39},{"not_picked":["Pummel","Sever Soul+1"],"picked":"Exhume","floor":40}],"player_experience":2325522,"relics_obtained":[{"floor":6,"key":"Boot"},{"floor":8,"key":"War Paint"},{"floor":9,"key":"Tiny Chest"},{"floor":11,"key":"Vajra"},{"floor":14,"key":"Happy Flower"},{"floor":20,"key":"Bag of Marbles"},{"floor":24,"key":"TungstenRod"},{"floor":26,"key":"Singing Bowl"},{"floor":30,"key":"Paper Frog"},{"floor":39,"key":"Torii"},{"floor":40,"key":"Mercury Hourglass"}],"event_choices":[{"damage_healed":0,"gold_gain":150,"player_choice":"AGREE","damage_taken":0,"max_hp_gain":0,"max_hp_loss":0,"event_name":"Liars Game","floor":4,"gold_loss":0,"cards_obtained":["Doubt"]},{"damage_healed":0,"gold_gain":0,"player_choice":"Relic","damage_taken":0,"max_hp_gain":0,"max_hp_loss":0,"event_name":"Wheel of Change","floor":11,"gold_loss":0},{"damage_healed":0,"gold_gain":0,"player_choice":"Obtained Relic","damage_taken":0,"relics_obtained":["Unceasing Top"],"max_hp_gain":0,"max_hp_loss":0,"event_name":"Addict","floor":19,"gold_loss":85},{"damage_healed":0,"gold_gain":0,"player_choice":"Shed Blood","damage_taken":29,"max_hp_gain":5,"max_hp_loss":0,"event_name":"Forgotten Altar","floor":22,"gold_loss":0},{"damage_healed":0,"gold_gain":0,"player_choice":"Max HP","damage_taken":0,"max_hp_gain":0,"max_hp_loss":5,"event_name":"Winding Halls","floor":36,"gold_loss":0},{"damage_healed":0,"gold_gain":0,"player_choice":"Fight","damage_taken":0,"max_hp_gain":0,"max_hp_loss":0,"event_name":"MindBloom","floor":39,"gold_loss":0}],"is_beta":false,"boss_relics":[{"not_picked":["SacredBark","Runic Pyramid"],"picked":"Coffee Dripper"},{"not_picked":["Sozu","Tiny House"],"picked":"Empty Cage"}],"items_purged_floors":[5,27],"is_endless":false,"potions_floor_spawned":[3,6,14,16,18,24,40],"killed_by":"Giant Head","ascension_level":20}}