{"host":"t7mx8yfj1no5p62f","time":1610069761,"event":{"mods":["BaseMod","Colored Map","Colored Powertips","Minty Spire (QoL Compilation)","Relic Stats","StSLib"],"gold_per_floor":[115,134,154,154,174,174,202,220,220,238,238,238,267,267,267,345,345,345,260,279,296,315,345,345,345,345,345,345,395,89,115,115,188,188,201,201,1200,797,813,844,844,891,916,943,943,975,302,302,302,302,302,302,302,134,163,163,163],"floor_reached":56,"playtime":4163,"items_purged":["Shame","Normality","Normality"],"score":2083,"play_id":"c9e31af0-8f81-41c3-80c6-e9fabcc40ab7","local_time":"20210107203601","is_ascension_mode":true,"campfire_choices":[{"data":"Dagger Spray","floor":6.0,"key":"SMITH"},{"floor":11.0,"key":"REST"},{"data":"Noxious Fumes","floor":15.0,"key":"SMITH"},{"data":"Malaise","floor":24.0,"key":"SMITH"},{"data":"Cloak And Dagger","floor":28.0,"key":"SMITH"},{"data":"Well Laid Plans","floor":32.0,"key":"SMITH"},{"floor":45.0,"key":"RECALL"},{"data":"Calculated Gamble","floor":49.0,"key":"SMITH"},{"data":"Acrobatics","floor":53.0,"key":"SMITH"}],"circlet_count":0,"master_deck":["AscendersBane","Defend_G","Defend_G","Defend_G","Defend_G","Defend_G","Survivor","Neutralize","Dagger Throw","Noxious Fumes+1","Dagger Spray+1","Bane","PiercingWail","Venomology","All Out Attack","Malaise+1","Cloak And Dagger+1","Deadly Poison+1","Tools of the Trade","Calculated Gamble+1","Neutralize","Bite","Bite","Bite","Bite","Well Laid Plans+1","Purity","Night Terror","Acrobatics","Discovery","Madness","Normality","Footwork+1","Crippling Poison+1","PiercingWail","Acrobatics+1","Footwork","Crippling Poison+1","PiercingWail+1","Adrenaline","Acrobatics","Thinking Ahead"],"relics":["Black Star","Bag of Preparation","Lantern","InkBottle","Meat on the Bone","Dead Branch","Cursed Key","FossilizedHelix","Pen Nib","Juzu Bracelet","Turnip","PreservedInsect","Letter Opener","Coffee Dripper","Orrery","Art of War","Bottled Lightning","Torii","Tingsha","Anchor","Mercury Hourglass","Ancient Tea Set","Lee\u0027s Waffle","Chemical X","StoneCalendar","Boot"],"acts_visited":["Exordium","TheCity","TheBeyond","TheEnding"],"potions_floor_usage":[],"damage_taken":[{"damage":5.0,"enemies":"Small Slimes","floor":1.0,"turns":5.0},{"damage":0.0,"enemies":"2 Louse","floor":2.0,"turns":3.0},{"damage":6.0,"enemies":"Cultist","floor":3.0,"turns":5.0},{"damage":19.0,"enemies":"3 Louse","floor":5.0,"turns":4.0},{"damage":18.0,"enemies":"Lagavulin","floor":7.0,"turns":8.0},{"damage":1.0,"enemies":"Blue Slaver","floor":8.0,"turns":4.0},{"damage":1.0,"enemies":"Looter","floor":10.0,"turns":4.0},{"damage":10.0,"enemies":"3 Sentries","floor":13.0,"turns":6.0},{"damage":9.0,"enemies":"Hexaghost","floor":16.0,"turns":9.0},{"damage":0.0,"enemies":"2 Thieves","floor":18.0,"turns":1.0},{"damage":11.0,"enemies":"Spheric Guardian","floor":20.0,"turns":4.0},{"damage":7.0,"enemies":"Snecko","floor":21.0,"turns":6.0},{"damage":12.0,"enemies":"Sentry and Sphere","floor":22.0,"turns":6.0},{"damage":29.0,"enemies":"Gremlin Leader","floor":23.0,"turns":10.0},{"damage":0.0,"enemies":"Book of Stabbing","floor":31.0,"turns":8.0},{"damage":32.0,"enemies":"Champ","floor":33.0,"turns":19.0},{"damage":0.0,"enemies":"Orb Walker","floor":35.0,"turns":3.0},{"damage":0.0,"enemies":"3 Darklings","floor":39.0,"turns":3.0},{"damage":2.0,"enemies":"Nemesis","floor":40.0,"turns":9.0},{"damage":1.0,"enemies":"2 Orb Walkers","floor":42.0,"turns":5.0},{"damage":21.0,"enemies":"Reptomancer","floor":44.0,"turns":9.0},{"damage":1.0,"enemies":"Nemesis","floor":46.0,"turns":8.0},{"damage":16.0,"enemies":"Time Eater","floor":50.0,"turns":18.0},{"damage":11.0,"enemies":"Awakened One","floor":51.0,"turns":21.0},{"damage":28.0,"enemies":"Shield and Spear","floor":55.0,"turns":6.0},{"damage":48,"enemies":"The Heart","floor":56,"turns":6}],"seed_played":"-6346859112769628291","potions_obtained":[{"floor":3.0,"key":"PowerPotion"},{"floor":5.0,"key":"Energy Potion"},{"floor":10.0,"key":"PowerPotion"},{"floor":13.0,"key":"Ancient Potion"},{"floor":20.0,"key":"DuplicationPotion"},{"floor":41.0,"key":"PowerPotion"}],"is_trial":false,"path_per_floor":["M","M","M","?","M","R","E","M","T","M","R","?","E","?","R","B",null,"M","?","M","M","M","E","R","?","T","?","R","?","$","E","R","B",null,"M","?","?","$","M","E","?","?","T","E","R","E","$","?","R","B","B",null,"R","$","E","B"],"character_chosen":"THE_SILENT","items_purchased":["Well Laid Plans","Poison Potion","Purity","Orrery","Acrobatics","Footwork","Lee\u0027s Waffle","Adrenaline","Acrobatics","Thinking Ahead","Chemical X"],"campfire_rested":1,"item_purchase_floors":[30,30,30,38,38,38,47,47,47,47,54],"current_hp_per_floor":[54,54,48,53,34,34,16,15,15,14,35,35,25,25,25,28,60,60,60,49,42,42,25,25,25,25,25,25,25,25,41,41,33,45,47,37,37,37,39,49,49,48,48,40,40,49,56,56,56,52,49,54,54,54,44,0,0],"gold":163,"neow_bonus":"BOSS_RELIC","is_daily":false,"chose_seed":false,"campfire_upgraded":7,"win_rate":0.0,"timestamp":1610069761,"path_taken":["M","M","M","?","M","R","E","M","T","M","R","?","E","?","R","BOSS","M","?","M","M","M","E","R","?","T","?","R","?","$","E","R","BOSS","M","?","?","$","M","E","?","?","T","E","R","E","$","?","R","BOSS","BOSS","R","$","E","BOSS"],"items_purchased_type":["Card","Potion","Card","Relic","Card","Card","Relic","Card","Card","Card","Relic"],"build_version":"2020-12-22","purchased_purges":3,"victory":false,"max_hp_per_floor":[66,66,66,71,71,71,71,71,71,71,71,71,71,71,71,71,71,71,71,71,71,71,71,71,71,71,49,49,49,49,49,49,49,49,49,49,49,49,49,49,49,49,49,49,49,49,56,56,56,56,56,56,56,56,56,56,56],"relic_stats":{"Lee\u0027s Waffle":7,"Torii":8,"counters":[26,189],"Dead Branch":[291],"Tingsha":[404],"StoneCalendar":[0],"Pen Nib":[24],"PreservedInsect":238,"Bag of Preparation":[42],"Juzu Bracelet":2,"Letter Opener":[449],"Cursed Key":2,"Boot":[2],"Mercury Hourglass":[161],"Turnip":[15],"Black Star":8,"Art of War":[14],"Chemical X":[5],"obtain_stats":[{"Lantern":7,"Torii":42,"StoneCalendar":55,"Bag of Preparation":7,"Juzu Bracelet":23,"Cursed Key":17,"Ancient Tea Set":46,"Boot":55,"Chemical X":54,"InkBottle":9,"Ring of the Snake":0,"Lee\u0027s Waffle":47,"Dead Branch":13,"Tingsha":44,"Pen Nib":23,"PreservedInsect":31,"Letter Opener":31,"Mercury Hourglass":46,"Anchor":44,"Orrery":38,"Turnip":26,"Black Star":0,"Coffee Dripper":34,"Art of War":40,"Bottled Lightning":40,"FossilizedHelix":19,"Meat on the Bone":13},{"Lantern":5,"Torii":20,"StoneCalendar":25,"Bag of Preparation":5,"Juzu Bracelet":14,"Cursed Key":9,"Ancient Tea Set":22,"Boot":25,"Chemical X":24,"InkBottle":6,"Ring of the Snake":0,"Lee\u0027s Waffle":22,"Dead Branch":8,"Tingsha":21,"Pen Nib":14,"PreservedInsect":15,"Letter Opener":15,"Mercury Hourglass":22,"Anchor":21,"Orrery":17,"Turnip":14,"Black Star":0,"Coffee Dripper":16,"Art of War":19,"Bottled Lightning":19,"FossilizedHelix":10,"Meat on the Bone":8},{"Lantern":25,"Torii":122,"StoneCalendar":183,"Bag of Preparation":25,"Juzu Bracelet":75,"Cursed Key":48,"Ancient Tea Set":139,"Boot":183,"Chemical X":177,"InkBottle":29,"Ring of the Snake":0,"Lee\u0027s Waffle":139,"Dead Branch":39,"Tingsha":131,"Pen Nib":75,"PreservedInsect":83,"Letter Opener":83,"Mercury Hourglass":139,"Anchor":131,"Orrery":105,"Turnip":75,"Black Star":0,"Coffee Dripper":102,"Art of War":117,"Bottled Lightning":117,"FossilizedHelix":49,"Meat on the Bone":39}],"InkBottle":[83],"Meat on the Bone":36},"card_choices":[{"not_picked":["Deadly Poison","Poisoned Stab"],"picked":"Dagger Throw","floor":1.0},{"not_picked":["Blade Dance","Bane"],"picked":"Noxious Fumes","floor":2.0},{"not_picked":["Bane","Blade Dance"],"picked":"Dagger Spray","floor":3.0},{"not_picked":["Concentrate","Prepared"],"picked":"Bane","floor":5.0},{"not_picked":["Flying Knee","Riddle With Holes"],"picked":"PiercingWail","floor":7.0},{"not_picked":["Escape Plan","Accuracy"],"picked":"Venomology","floor":8.0},{"not_picked":["Dagger Spray","Heel Hook","Concentrate"],"picked":"SKIP","floor":10.0},{"not_picked":["Expertise","Tactician"],"picked":"All Out Attack","floor":13.0},{"not_picked":["Envenom","Burst"],"picked":"Malaise","floor":16.0},{"not_picked":["Backflip","Slice"],"picked":"Cloak And Dagger","floor":20.0},{"not_picked":["Bane+1","Prepared+1"],"picked":"Deadly Poison+1","floor":21.0},{"not_picked":["Deadly Poison+1","Caltrops"],"picked":"Tools of the Trade","floor":22.0},{"not_picked":["PiercingWail+1","Underhanded Strike+1"],"picked":"Calculated Gamble","floor":23.0},{"not_picked":["Deflect","Bouncing Flask"],"picked":"Night Terror","floor":31.0},{"not_picked":["Poisoned Stab+1","Predator"],"picked":"Acrobatics","floor":35.0},{"not_picked":["Impatience","Secret Weapon"],"picked":"Discovery","floor":36.0},{"not_picked":["Forethought","The Bomb"],"picked":"Madness","floor":36.0},{"not_picked":["Calculated Gamble","Underhanded Strike"],"picked":"Footwork+1","floor":38.0},{"not_picked":["Dash","Underhanded Strike"],"picked":"Crippling Poison+1","floor":38.0},{"not_picked":["Setup+1","Heel Hook"],"picked":"PiercingWail","floor":38.0},{"not_picked":["Riddle With Holes","Quick Slash","Flechettes"],"picked":"SKIP","floor":39.0},{"not_picked":["Escape Plan","Bane"],"picked":"Crippling Poison+1","floor":40.0},{"not_picked":["Concentrate","Predator","Poisoned Stab"],"picked":"SKIP","floor":44.0},{"not_picked":["Dagger Spray","Riddle With Holes"],"picked":"PiercingWail+1","floor":46.0},{"not_picked":["Slice+1","Dagger Throw","Deadly Poison"],"picked":"SKIP","floor":55.0}],"player_experience":1673004,"relics_obtained":[{"floor":7.0,"key":"Bag of Preparation"},{"floor":7.0,"key":"Lantern"},{"floor":9.0,"key":"InkBottle"},{"floor":13.0,"key":"Meat on the Bone"},{"floor":13.0,"key":"Dead Branch"},{"floor":23.0,"key":"Pen Nib"},{"floor":23.0,"key":"Juzu Bracelet"},{"floor":26.0,"key":"Turnip"},{"floor":31.0,"key":"PreservedInsect"},{"floor":31.0,"key":"Letter Opener"},{"floor":40.0,"key":"Art of War"},{"floor":40.0,"key":"Bottled Lightning"},{"floor":42.0,"key":"Torii"},{"floor":44.0,"key":"Tingsha"},{"floor":44.0,"key":"Anchor"},{"floor":46.0,"key":"Mercury Hourglass"},{"floor":46.0,"key":"Ancient Tea Set"},{"floor":55.0,"key":"StoneCalendar"},{"floor":55.0,"key":"Boot"}],"event_choices":[{"damage_healed":0.0,"max_hp_gain":5.0,"max_hp_loss":0.0,"gold_gain":0.0,"event_name":"Big Fish","player_choice":"Donut","floor":4.0,"gold_loss":0.0,"damage_taken":0.0},{"damage_healed":0.0,"max_hp_gain":0.0,"max_hp_loss":0.0,"gold_gain":0.0,"event_name":"Shining Light","player_choice":"Ignored","floor":12.0,"gold_loss":0.0,"damage_taken":0.0},{"damage_healed":0.0,"max_hp_gain":0.0,"max_hp_loss":0.0,"gold_gain":0.0,"event_name":"Scrap Ooze","player_choice":"Fled","floor":14.0,"gold_loss":0.0,"damage_taken":0.0},{"damage_healed":0.0,"max_hp_gain":0.0,"max_hp_loss":0.0,"gold_gain":0.0,"event_name":"Addict","player_choice":"Obtained Relic","floor":19.0,"gold_loss":85.0,"damage_taken":0.0,"relics_obtained":["FossilizedHelix"]},{"damage_healed":0.0,"max_hp_gain":0.0,"max_hp_loss":0.0,"gold_gain":0.0,"event_name":"Match and Keep!","player_choice":"1 cards matched","floor":25.0,"gold_loss":0.0,"damage_taken":0.0,"cards_obtained":["Neutralize"]},{"damage_healed":0.0,"max_hp_gain":0.0,"max_hp_loss":22.0,"gold_gain":0.0,"event_name":"Vampires","player_choice":"Became a vampire","floor":27.0,"gold_loss":0.0,"damage_taken":0.0,"cards_obtained":["Bite","Bite","Bite","Bite","Bite"]},{"damage_healed":0.0,"max_hp_gain":0.0,"max_hp_loss":0.0,"gold_gain":50.0,"event_name":"Nest","player_choice":"Stole From Cult","floor":29.0,"gold_loss":0.0,"damage_taken":0.0},{"damage_healed":0.0,"max_hp_gain":0.0,"max_hp_loss":0.0,"gold_gain":0.0,"event_name":"SensoryStone","player_choice":"Memory 3","floor":36.0,"gold_loss":0.0,"damage_taken":10.0},{"damage_healed":0.0,"max_hp_gain":0.0,"max_hp_loss":0.0,"gold_gain":999.0,"event_name":"MindBloom","player_choice":"Gold","floor":37.0,"gold_loss":0.0,"damage_taken":0.0,"cards_obtained":["Normality","Normality"]},{"damage_healed":0.0,"max_hp_gain":0.0,"max_hp_loss":0.0,"gold_gain":0.0,"event_name":"Lab","player_choice":"Got Potions","floor":41.0,"gold_loss":0.0,"damage_taken":0.0},{"damage_healed":0.0,"max_hp_gain":0.0,"max_hp_loss":0.0,"gold_gain":0.0,"event_name":"Mysterious Sphere","player_choice":"Fight","floor":42.0,"gold_loss":0.0,"damage_taken":0.0},{"cards_removed":["Bite"],"damage_healed":0.0,"max_hp_gain":0.0,"max_hp_loss":0.0,"gold_gain":0.0,"event_name":"Falling","player_choice":"Removed Attack","floor":48.0,"gold_loss":0.0,"damage_taken":0.0}],"is_beta":false,"boss_relics":[{"not_picked":["Empty Cage","Tiny House"],"picked":"Cursed Key"},{"not_picked":["Philosopher\u0027s Stone","Fusion Hammer"],"picked":"Coffee Dripper"}],"items_purged_floors":[30,38,47],"is_endless":false,"potions_floor_spawned":[3,5,10,13,18,20,42,55],"killed_by":"The Heart","ascension_level":20}}