{"host":"c3lc60y5x60jlt1y","time":1610120648,"event":{"mods":["AchievementEnabler","BaseMod","Bestiary","Colored Map","Minty Spire (QoL Compilation)","Quick Restart","StSLib","ojb\u0027s Info Mod"],"gold_per_floor":[114,124,74,74,85,85,119,119,119,132,146,163,195,212,212,312,312,326,343,360,388,388,419,419,453,505,524,524,538,538,175,175,272,272,283,283,283,283,505,540,3,28,28,28,62,75,75,75,75,75],"floor_reached":51,"playtime":3771,"items_purged":["Strike_B","Strike_B"],"score":953,"play_id":"065b4872-b4d1-4ff4-b3a4-8d7ba18dc825","local_time":"20210108174408","is_ascension_mode":true,"campfire_choices":[{"data":"Dualcast","floor":6,"key":"SMITH"},{"data":"Buffer","floor":8,"key":"SMITH"},{"data":"Defragment","floor":15,"key":"SMITH"},{"data":"Capacitor","floor":24,"key":"SMITH"},{"data":"Electrodynamics","floor":28,"key":"SMITH"},{"data":"Loop","floor":30,"key":"SMITH"},{"data":"Discovery","floor":32,"key":"SMITH"},{"data":"Chrysalis","floor":44,"key":"SMITH"},{"data":"Thunder Strike","floor":47,"key":"SMITH"},{"data":"Darkness","floor":49,"key":"SMITH"}],"circlet_count":0,"master_deck":["Defend_B","Defend_B","Defend_B","Defend_B","Zap","Dualcast+1","Clumsy","Ball Lightning","Beam Cell","Lockon","Buffer+1","Capacitor+1","Defragment+1","Storm","Genetic Algorithm","Glacier","Electrodynamics+1","Streamline+1","Leap+1","Loop+1","Coolheaded","White Noise","Redo+1","Coolheaded","Discovery+1","Thunder Strike+1","Darkness+1","Madness","Madness","Discovery","Chrysalis+1","Storm+1","Apotheosis","Core Surge"],"relics":["Cracked Core","Mango","Dream Catcher","StoneCalendar","HornCleat","Ancient Tea Set","Coffee Dripper","Red Mask","Potion Belt","CaptainsWheel","Vajra","Centennial Puzzle","Toy Ornithopter","Inserter","Bronze Scales","Meat on the Bone","Ornamental Fan","Incense Burner","MealTicket"],"acts_visited":["Exordium","TheCity","TheBeyond"],"potions_floor_usage":[21,23,25,25,25,25,33,33,40,40,50],"damage_taken":[{"damage":1,"enemies":"Jaw Worm","floor":1,"turns":4},{"damage":7,"enemies":"2 Louse","floor":2,"turns":2},{"damage":0,"enemies":"Cultist","floor":5,"turns":3},{"damage":17,"enemies":"3 Sentries","floor":7,"turns":6},{"damage":24,"enemies":"Gremlin Gang","floor":10,"turns":5},{"damage":0,"enemies":"Large Slime","floor":11,"turns":4},{"damage":2,"enemies":"Blue Slaver","floor":12,"turns":4},{"damage":0,"enemies":"Lagavulin","floor":13,"turns":7},{"damage":2,"enemies":"Red Slaver","floor":14,"turns":3},{"damage":0,"enemies":"Hexaghost","floor":16,"turns":7},{"damage":0,"enemies":"Spheric Guardian","floor":18,"turns":3},{"damage":5,"enemies":"Shell Parasite","floor":19,"turns":5},{"damage":17,"enemies":"Sentry and Sphere","floor":20,"turns":7},{"damage":0,"enemies":"Masked Bandits","floor":21,"turns":3},{"damage":16,"enemies":"Slavers","floor":23,"turns":7},{"damage":0,"enemies":"Gremlin Leader","floor":25,"turns":5},{"damage":6,"enemies":"Centurion and Healer","floor":27,"turns":5},{"damage":0,"enemies":"Shelled Parasite and Fungi","floor":29,"turns":4},{"damage":0,"enemies":"Champ","floor":33,"turns":7},{"damage":2,"enemies":"3 Darklings","floor":35,"turns":3},{"damage":25,"enemies":"Reptomancer","floor":40,"turns":6},{"damage":3,"enemies":"Giant Head","floor":42,"turns":8},{"damage":0,"enemies":"Nemesis","floor":45,"turns":7},{"damage":13,"enemies":"3 Shapes","floor":46,"turns":3},{"damage":9,"enemies":"Time Eater","floor":50,"turns":10}],"seed_played":"-1941425663242055742","potions_obtained":[{"floor":2,"key":"Fire Potion"},{"floor":7,"key":"BlessingOfTheForge"},{"floor":11,"key":"SpeedPotion"},{"floor":16,"key":"DistilledChaos"},{"floor":21,"key":"LiquidBronze"},{"floor":23,"key":"EntropicBrew"},{"floor":25,"key":"SkillPotion"},{"floor":35,"key":"LiquidBronze"},{"floor":46,"key":"SteroidPotion"}],"is_trial":false,"path_per_floor":["M","M","?","?","M","R","E","R","T","M","M","M","E","M","R","B",null,"M","M","M","?","?","E","R","E","T","M","R","M","R","$","R","B",null,"M","?","?","?","?","E","$","E","T","R","E","M","R","$","R","B",null],"character_chosen":"DEFECT","items_purchased":["Toy Ornithopter","Discovery","ColorlessPotion","Apotheosis","Meat on the Bone"],"campfire_rested":0,"item_purchase_floors":[31,31,31,41,41],"current_hp_per_floor":[88,81,81,81,81,81,64,64,64,40,40,38,38,36,36,36,89,89,84,67,67,67,51,51,63,63,57,57,57,57,57,57,67,89,87,87,76,71,71,56,56,53,53,53,53,52,52,67,67,63],"gold":75,"neow_bonus":"ONE_RARE_RELIC","is_daily":false,"chose_seed":false,"campfire_upgraded":10,"win_rate":0.0,"timestamp":1610120648,"path_taken":["M","M","?","?","?","R","E","R","T","M","M","M","E","M","R","BOSS","M","?","M","?","?","E","R","E","T","M","R","?","R","$","R","BOSS","M","?","?","?","?","E","$","E","T","R","E","M","R","?","R","BOSS"],"items_purchased_type":["Relic","Card","Potion","Card","Relic"],"build_version":"2020-12-22","purchased_purges":2,"victory":true,"max_hp_per_floor":[89,89,89,89,89,89,89,89,89,89,89,89,89,89,89,89,89,89,89,89,89,89,89,89,89,89,89,89,89,89,89,89,89,89,89,89,89,89,89,89,89,89,89,89,89,89,89,89,89,89],"card_choices":[{"not_picked":["Chaos","Redo"],"picked":"Ball Lightning","floor":1},{"not_picked":["Compile Driver","Steam Power"],"picked":"Beam Cell","floor":2},{"not_picked":["Streamline","Loop"],"picked":"Lockon","floor":5},{"not_picked":["Streamline","Chaos"],"picked":"Buffer","floor":7},{"not_picked":["Steam","Redo"],"picked":"Capacitor","floor":10},{"not_picked":["Tempest","Beam Cell"],"picked":"Defragment","floor":11},{"not_picked":["Static Discharge","Conserve Battery"],"picked":"Storm","floor":12},{"not_picked":["Double Energy","Go for the Eyes"],"picked":"Genetic Algorithm","floor":13},{"not_picked":["Turbo","Streamline"],"picked":"Glacier","floor":14},{"not_picked":["Creative AI","All For One"],"picked":"Electrodynamics","floor":16},{"not_picked":["Go for the Eyes","Rebound"],"picked":"Streamline+1","floor":18},{"not_picked":["Aggregate+1","Gash"],"picked":"Leap+1","floor":19},{"not_picked":["Redo","Ball Lightning"],"picked":"Loop","floor":20},{"not_picked":["Turbo","Leap"],"picked":"Coolheaded","floor":21},{"not_picked":["Meteor Strike","Barrage"],"picked":"White Noise","floor":23},{"not_picked":["Auto Shields+1","Barrage","Beam Cell"],"picked":"SKIP","floor":25},{"not_picked":["Gash","Barrage"],"picked":"Redo+1","floor":27},{"not_picked":["Sweeping Beam","Rebound"],"picked":"Coolheaded","floor":29},{"not_picked":["Reboot","Multi-Cast"],"picked":"Thunder Strike","floor":33},{"not_picked":["Rebound+1","Sweeping Beam+1"],"picked":"Darkness","floor":35},{"not_picked":["Bandage Up","Transmutation"],"picked":"Discovery","floor":38},{"not_picked":["Flash of Steel","Dramatic Entrance"],"picked":"Chrysalis","floor":38},{"not_picked":["Ball Lightning+1","Compile Driver+1"],"picked":"Storm+1","floor":40},{"not_picked":["Barrage+1","Stack+1"],"picked":"Core Surge","floor":42},{"not_picked":["Leap","Compile Driver+1","Steam"],"picked":"SKIP","floor":45},{"not_picked":["Barrage","Go for the Eyes","Turbo"],"picked":"SKIP","floor":46}],"player_experience":7618237,"relics_obtained":[{"floor":4,"key":"Dream Catcher"},{"floor":7,"key":"StoneCalendar"},{"floor":9,"key":"HornCleat"},{"floor":13,"key":"Ancient Tea Set"},{"floor":21,"key":"Red Mask"},{"floor":23,"key":"CaptainsWheel"},{"floor":25,"key":"Vajra"},{"floor":26,"key":"Centennial Puzzle"},{"floor":40,"key":"Bronze Scales"},{"floor":42,"key":"Ornamental Fan"},{"floor":43,"key":"Incense Burner"},{"floor":45,"key":"MealTicket"}],"event_choices":[{"cards_removed":["Strike_B"],"damage_healed":0,"gold_gain":0,"player_choice":"Card Removal","damage_taken":0,"max_hp_gain":0,"max_hp_loss":0,"event_name":"The Cleric","floor":3,"gold_loss":50},{"damage_healed":0,"gold_gain":0,"player_choice":"Relic","damage_taken":0,"max_hp_gain":0,"max_hp_loss":0,"event_name":"Wheel of Change","floor":4,"gold_loss":0},{"damage_healed":0,"gold_gain":0,"player_choice":"Fought Bandits","damage_taken":0,"max_hp_gain":0,"max_hp_loss":0,"event_name":"Masked Bandits","floor":21,"gold_loss":0},{"damage_healed":0,"gold_gain":0,"player_choice":"Gave Potion","damage_taken":0,"relics_obtained":["Potion Belt"],"max_hp_gain":0,"max_hp_loss":0,"event_name":"WeMeetAgain","floor":22,"gold_loss":0},{"cards_removed":["Strike_B"],"damage_healed":0,"gold_gain":0,"player_choice":"Removed Attack","damage_taken":0,"max_hp_gain":0,"max_hp_loss":0,"event_name":"Falling","floor":36,"gold_loss":0},{"damage_healed":0,"gold_gain":0,"player_choice":"Embrace Madness","damage_taken":11,"max_hp_gain":0,"max_hp_loss":0,"event_name":"Winding Halls","floor":37,"gold_loss":0,"cards_obtained":["Madness","Madness"]},{"damage_healed":0,"gold_gain":0,"player_choice":"Memory 2","damage_taken":5,"max_hp_gain":0,"max_hp_loss":0,"event_name":"SensoryStone","floor":38,"gold_loss":0},{"damage_healed":0,"gold_gain":222,"player_choice":"Wore Mask","damage_taken":0,"max_hp_gain":0,"max_hp_loss":0,"event_name":"Tomb of Lord Red Mask","floor":39,"gold_loss":0}],"is_beta":false,"boss_relics":[{"not_picked":["Velvet Choker","FrozenCore"],"picked":"Coffee Dripper"},{"not_picked":["Runic Pyramid","SacredBark"],"picked":"Inserter"}],"items_purged_floors":[31,41],"is_endless":false,"potions_floor_spawned":[2,7,11,14,16,18,21,23,25,35,46],"ascension_level":1}}