{"host":"Qube","time":1610144958,"event":{"mods":["AchievementEnabler","BaseMod","Colored Map","Colored Powertips","Minty Spire (QoL Compilation)","Quick Restart","Random Character Button","StSLib"],"gold_per_floor":[109,122,122,134,149,149,175,175,202,232,242,252,277,295,295,295,295],"floor_reached":16,"playtime":598,"items_purged":[],"score":291,"play_id":"96ae26f0-0770-4458-8b6b-dac0799d915c","local_time":"20210108142918","is_ascension_mode":true,"campfire_choices":[{"data":"Leg Sweep","floor":6.0,"key":"SMITH"},{"data":"Calculated Gamble","floor":8.0,"key":"SMITH"},{"data":"Prepared","floor":15.0,"key":"SMITH"}],"circlet_count":0,"master_deck":["AscendersBane","Strike_G","Strike_G","Strike_G","Strike_G","Strike_G","Defend_G","Defend_G","Defend_G","Defend_G","Defend_G","Survivor","Neutralize","Dagger Throw","Slice+1","Terror","Leg Sweep+1","Calculated Gamble+1","Blur","Prepared+1","Acrobatics","Outmaneuver","Deflect"],"relics":["Ring of the Snake","NeowsBlessing","Akabeko","PreservedInsect","Omamori","TungstenRod"],"acts_visited":["Exordium"],"potions_floor_usage":[16],"damage_taken":[{"damage":0.0,"enemies":"Cultist","floor":1.0,"turns":1.0},{"damage":0.0,"enemies":"Small Slimes","floor":2.0,"turns":1.0},{"damage":0.0,"enemies":"Jaw Worm","floor":4.0,"turns":1.0},{"damage":0.0,"enemies":"2 Fungi Beasts","floor":5.0,"turns":3.0},{"damage":1.0,"enemies":"Lagavulin","floor":7.0,"turns":6.0},{"damage":9.0,"enemies":"Gremlin Nob","floor":10.0,"turns":3.0},{"damage":7.0,"enemies":"Gremlin Gang","floor":11.0,"turns":6.0},{"damage":15.0,"enemies":"Large Slime","floor":12.0,"turns":8.0},{"damage":0.0,"enemies":"Lagavulin","floor":13.0,"turns":7.0},{"damage":0.0,"enemies":"2 Fungi Beasts","floor":14.0,"turns":4.0},{"damage":20,"enemies":"Slime Boss","floor":16,"turns":6}],"seed_played":"-6983380790502845109","potions_obtained":[{"floor":1.0,"key":"EssenceOfSteel"},{"floor":2.0,"key":"SpeedPotion"},{"floor":5.0,"key":"Strength Potion"},{"floor":12.0,"key":"SpeedPotion"},{"floor":13.0,"key":"Dexterity Potion"},{"floor":14.0,"key":"Fruit Juice"}],"is_trial":false,"path_per_floor":["M","M","?","M","M","R","E","R","T","E","M","M","E","M","R","B"],"character_chosen":"THE_SILENT","items_purchased":[],"campfire_rested":0,"item_purchase_floors":[],"current_hp_per_floor":[59,59,59,59,59,59,58,58,58,49,42,27,27,27,27,7,7],"gold":295,"neow_bonus":"THREE_ENEMY_KILL","is_daily":false,"chose_seed":false,"campfire_upgraded":3,"win_rate":0.0,"timestamp":1610144958,"path_taken":["M","?","?","M","M","R","E","R","T","E","?","M","E","M","R","BOSS"],"items_purchased_type":[],"build_version":"2020-12-18","purchased_purges":0,"victory":false,"max_hp_per_floor":[66,66,66,66,66,66,66,66,66,66,66,66,66,66,66,66,66],"card_choices":[{"not_picked":["Concentrate","Bane"],"picked":"Dagger Throw","floor":1.0},{"not_picked":["Skewer","Sucker Punch"],"picked":"Slice","floor":2.0},{"not_picked":["Outmaneuver","Flying Knee"],"picked":"Terror","floor":4.0},{"not_picked":["Outmaneuver","Distraction"],"picked":"Leg Sweep","floor":5.0},{"not_picked":["Underhanded Strike","Quick Slash"],"picked":"Calculated Gamble","floor":7.0},{"not_picked":["Blade Dance","Dagger Spray"],"picked":"Blur","floor":10.0},{"not_picked":["Choke","Bane"],"picked":"Prepared","floor":11.0},{"not_picked":["Wraith Form v2","Well Laid Plans"],"picked":"Acrobatics","floor":12.0},{"not_picked":["Deadly Poison","Eviscerate"],"picked":"Outmaneuver","floor":13.0},{"not_picked":["PiercingWail","Concentrate"],"picked":"Deflect","floor":14.0}],"player_experience":849117,"relics_obtained":[{"floor":7.0,"key":"Akabeko"},{"floor":9.0,"key":"PreservedInsect"},{"floor":10.0,"key":"Omamori"},{"floor":13.0,"key":"TungstenRod"}],"event_choices":[{"damage_healed":0.0,"max_hp_gain":0.0,"max_hp_loss":0.0,"gold_gain":0.0,"event_name":"Upgrade Shrine","player_choice":"Upgraded","floor":3.0,"gold_loss":0.0,"damage_taken":0.0,"cards_upgraded":["Slice"]}],"is_beta":true,"boss_relics":[],"items_purged_floors":[],"is_endless":false,"potions_floor_spawned":[1,2,5,12,13,14],"killed_by":"Slime Boss","ascension_level":19}}