{"host":"ufl0k2so27eic2iy","time":1610113072,"event":{"mods":["BaseMod","Minty Spire (QoL Compilation)","StSLib","The Animator"],"gold_per_floor":[112,187,205,215,215,254,84,84,84,111,124,124,156,171,171,260,260,272,272,288,288,303,336,336,361,361,361,361,361],"floor_reached":28,"playtime":1349,"items_purged":["animator:Strike"],"score":600,"play_id":"536eb132-d68c-4f18-bf8b-5ab4e3751023","local_time":"20210108133752","is_ascension_mode":true,"campfire_choices":[{"floor":8.0,"key":"REST"},{"data":"animator:Kuroyukihime","floor":15.0,"key":"SMITH"},{"floor":24.0,"key":"REST"},{"data":"animator:AcuraShin","floor":27,"key":"SMITH"}],"circlet_count":0,"master_deck":["AscendersBane","animator:Strike_HitsugiNoChaika","animator:Defend_HitsugiNoChaika","animator:Strike","animator:Strike","animator:Defend","animator:Defend","animator:Defend","animator:AcuraAkari+1","animator:Gillette","animator:ReimuHakurei","animator:Tyuule","animator:Fredrika","animator:Kuroyukihime+1","animator:Archer","animator:Gillette","animator:TukaLunaMarceau","animator:Viivi","animator:AcuraShin+1","animator:CowGirl","animator:DolaStephanie","animator:TukaLunaMarceau","Pain"],"relics":["animator:LivingPicture","animator:TheMissingPiece","CultistMask","Paper Frog","Pantograph","Nunchaku","Cursed Key","Blue Candle","Regal Pillow","Eternal Feather"],"acts_visited":["Exordium","TheCity"],"potions_floor_usage":[25],"damage_taken":[{"damage":7.0,"enemies":"Jaw Worm","floor":1.0,"turns":3.0},{"damage":0.0,"enemies":"2 Louse","floor":3.0,"turns":2.0},{"damage":0.0,"enemies":"Cultist","floor":4.0,"turns":3.0},{"damage":24.0,"enemies":"3 Sentries","floor":6.0,"turns":9.0},{"damage":0.0,"enemies":"3 Louse","floor":10.0,"turns":1.0},{"damage":0.0,"enemies":"Blue Slaver","floor":11.0,"turns":3.0},{"damage":11.0,"enemies":"Gremlin Nob","floor":13.0,"turns":4.0},{"damage":8.0,"enemies":"Looter","floor":14.0,"turns":2.0},{"damage":0.0,"enemies":"Slime Boss","floor":16.0,"turns":3.0},{"damage":0.0,"enemies":"3 Byrds","floor":18.0,"turns":3.0},{"damage":12.0,"enemies":"Spheric Guardian","floor":20.0,"turns":4.0},{"damage":7.0,"enemies":"Cultist and Chosen","floor":22.0,"turns":5.0},{"damage":0.0,"enemies":"Gremlin Leader","floor":23.0,"turns":7.0},{"damage":31,"enemies":"animator:HornedBat","floor":25,"turns":9},{"damage":31,"enemies":"Sentry and Sphere","floor":28,"turns":5}],"seed_played":"5683689098510948678","potions_obtained":[{"floor":6.0,"key":"SteroidPotion"},{"floor":11.0,"key":"LiquidBronze"},{"floor":13.0,"key":"DuplicationPotion"},{"floor":18.0,"key":"LiquidBronze"},{"floor":22.0,"key":"Energy Potion"}],"is_trial":false,"path_per_floor":["M","?","M","M","?","E","$","R","T","M","M","?","E","M","R","B",null,"M","?","M","?","M","E","R","E","T","R","M"],"character_chosen":"THE_ANIMATOR","items_purchased":["animator:Kuroyukihime"],"campfire_rested":2,"item_purchase_floors":[7],"current_hp_per_floor":[47,36,36,36,36,12,12,30,30,30,30,35,24,17,17,42,60,60,42,30,30,23,23,44,13,13,25,0,0],"gold":361,"neow_bonus":"UPGRADE_CARD","is_daily":false,"chose_seed":true,"campfire_upgraded":2,"win_rate":0.0,"timestamp":1610113072,"path_taken":["M","?","M","M","?","E","$","R","T","M","?","?","E","M","R","BOSS","M","?","M","?","M","E","R","E","T","R","M"],"items_purchased_type":["Card"],"build_version":"2020-12-22","purchased_purges":1,"victory":false,"max_hp_per_floor":[60,60,60,60,60,60,60,60,60,60,60,65,65,66,66,66,66,66,71,71,71,71,71,71,71,71,71,71,71],"card_choices":[{"not_picked":["animator:DwarfShaman","animator:RoyMustang"],"picked":"animator:ReimuHakurei","floor":1.0},{"not_picked":["animator:Berserker","animator:Illya"],"picked":"animator:Tyuule","floor":3.0},{"not_picked":["animator:Tyuule","animator:Sora","animator:Priestess"],"picked":"SKIP","floor":4.0},{"not_picked":["animator:ChaikaBohdan","animator:AcuraAkari"],"picked":"animator:Fredrika","floor":6.0},{"not_picked":["animator:LeleiLaLalena","animator:Rider"],"picked":"animator:Archer","floor":10.0},{"not_picked":["animator:Tyuule","animator:Alexander"],"picked":"animator:Gillette","floor":11.0},{"not_picked":["animator:Berserker","animator:Alexander"],"picked":"animator:TukaLunaMarceau","floor":13.0},{"not_picked":["animator:ChaikaBohdan","animator:Guy"],"picked":"animator:Viivi","floor":14.0},{"not_picked":["animator:Father","animator:KoishiKomeiji"],"picked":"animator:AcuraShin","floor":16.0},{"not_picked":["animator:Sloth","animator:ShinjiMatou"],"picked":"animator:CowGirl","floor":18.0},{"not_picked":["animator:Jibril","animator:MarisaKirisame","animator:Gillette"],"picked":"SKIP","floor":20.0},{"not_picked":["animator:Kuribayashi","animator:Sloth"],"picked":"animator:DolaStephanie","floor":22.0},{"not_picked":["animator:Tyuule","animator:YaoHaDucy"],"picked":"animator:TukaLunaMarceau","floor":23.0},{"not_picked":["animator:Kuribayashi","animator:Rider+1","animator:Tyuule"],"picked":"SKIP","floor":25}],"player_experience":2416991,"relics_obtained":[{"floor":6.0,"key":"Paper Frog"},{"floor":9.0,"key":"Pantograph"},{"floor":13.0,"key":"Nunchaku"},{"floor":23.0,"key":"Blue Candle"},{"floor":25,"key":"Regal Pillow"},{"floor":26,"key":"Eternal Feather"}],"event_choices":[{"damage_healed":0.0,"max_hp_gain":0.0,"max_hp_loss":0.0,"gold_gain":75.0,"event_name":"World of Goop","player_choice":"Gather Gold","floor":2.0,"gold_loss":0.0,"damage_taken":11.0},{"damage_healed":0.0,"max_hp_gain":0.0,"max_hp_loss":0.0,"gold_gain":0.0,"event_name":"FaceTrader","player_choice":"Trade","floor":5.0,"gold_loss":0.0,"damage_taken":0.0,"relics_obtained":["CultistMask"]},{"damage_healed":0.0,"max_hp_gain":5.0,"max_hp_loss":0.0,"gold_gain":0.0,"event_name":"Big Fish","player_choice":"Donut","floor":12.0,"gold_loss":0.0,"damage_taken":0.0},{"damage_healed":0.0,"max_hp_gain":5.0,"max_hp_loss":0.0,"gold_gain":0.0,"event_name":"Forgotten Altar","player_choice":"Shed Blood","floor":19.0,"gold_loss":0.0,"damage_taken":23.0},{"damage_healed":0.0,"max_hp_gain":0.0,"max_hp_loss":0.0,"gold_gain":0.0,"event_name":"Vampires","player_choice":"Ignored","floor":21.0,"gold_loss":0.0,"damage_taken":0.0}],"is_beta":false,"boss_relics":[{"not_picked":["Mark of Pain","Ectoplasm"],"picked":"Cursed Key"}],"items_purged_floors":[7],"is_endless":false,"potions_floor_spawned":[6,11,13,18,22],"killed_by":"Sentry and Sphere","ascension_level":15}}