{"host":"l97fnvmr74b5xfzs","time":1610126782,"event":{"mods":["100% Spire Juice","AchievementEnabler","Act Like it!","BaseMod","Better Third Choice","Evolution","Gensokyo","Hermit","Koishi","Marisa（霧雨　魔理沙）","Minty Spire (QoL Compilation)","Relic Stats","StSLib","The Marked","The Servant 0.9.4"],"gold_per_floor":[118,118,118,2,102,102,137,69,96,96,16,16,16,31,31,31,31],"floor_reached":16,"playtime":812,"items_purged":["hermit:Defend_Hermit"],"score":94,"play_id":"c240ae31-b265-42ca-897b-3df844ba819b","local_time":"20210108122622","is_ascension_mode":false,"campfire_choices":[{"data":"1","floor":6,"key":"LIFT"},{"data":"2","floor":12,"key":"LIFT"},{"data":"3","floor":15,"key":"LIFT"}],"circlet_count":0,"master_deck":["hermit:Strike_Hermit","hermit:Strike_Hermit","hermit:Strike_Hermit","hermit:Strike_Hermit","hermit:Defend_Hermit","hermit:Defend_Hermit","hermit:Defend_Hermit","hermit:Snapshot","hermit:Covet","hermit:GhostlyPresence","hermit:Quickdraw","hermit:GoldenBullet","Injury","Gensokyo:TarnishedGold","Gensokyo:Shovel","Pain","hermit:TrackingShot"],"relics":["hermit:Momento","EVO:Axolotl","Girya","Gensokyo:PortableGap","Gensokyo:OccultBall","CaptainsWheel","Toy Ornithopter","White Beast Statue","Gensokyo:LunaticRedEyes"],"acts_visited":["Exordium"],"potions_floor_usage":[],"damage_taken":[{"damage":6,"enemies":"Gensokyo:Gryphon","floor":1,"turns":4},{"damage":18,"enemies":"Gensokyo:Mamizou","floor":7,"turns":7},{"damage":0,"enemies":"Gensokyo:2_Kodama","floor":14,"turns":2},{"damage":37,"enemies":"Gensokyo:Yukari","floor":16,"turns":10}],"seed_played":"-2663285975479453946","potions_obtained":[{"floor":14,"key":"Explosive Potion"}],"is_trial":false,"path_per_floor":["M","?","?","$","?","R","E","$","T","?","COS","R","?","M","R","B"],"character_chosen":"HERMIT","items_purchased":["hermit:GhostlyPresence","hermit:GoldenBullet"],"campfire_rested":0,"item_purchase_floors":[4,8],"current_hp_per_floor":[62,59,56,53,50,50,32,32,32,32,32,32,32,32,32,0,0],"gold":31,"neow_bonus":"ONE_RARE_RELIC","is_daily":false,"chose_seed":false,"campfire_upgraded":0,"win_rate":0.0,"timestamp":1610126782,"path_taken":["M","?","?","$","?","R","E","$","T","?","COS","R","?","?","R","BOSS"],"items_purchased_type":["Card","Card"],"build_version":"2020-12-22","purchased_purges":1,"victory":false,"max_hp_per_floor":[68,59,56,53,50,50,47,47,47,44,44,41,38,35,35,35,35],"relic_stats":{"counters":[4,23],"obtain_stats":[{"Girya":0,"CaptainsWheel":7,"Gensokyo:OccultBall":3,"EVO:Axolotl":0,"Gensokyo:PortableGap":2,"hermit:Momento":0,"Toy Ornithopter":9,"White Beast Statue":10,"Gensokyo:LunaticRedEyes":13},{"Girya":0,"CaptainsWheel":2,"Gensokyo:OccultBall":1,"EVO:Axolotl":0,"Gensokyo:PortableGap":1,"hermit:Momento":0,"Toy Ornithopter":2,"White Beast Statue":2,"Gensokyo:LunaticRedEyes":2},{"Girya":0,"CaptainsWheel":11,"Gensokyo:OccultBall":4,"EVO:Axolotl":0,"Gensokyo:PortableGap":4,"hermit:Momento":0,"Toy Ornithopter":11,"White Beast Statue":11,"Gensokyo:LunaticRedEyes":11}],"Toy Ornithopter":0},"card_choices":[{"not_picked":["hermit:WideOpen","hermit:Virtue"],"picked":"hermit:ShadowCloak","floor":1},{"not_picked":["hermit:LowProfile","hermit:LuckOfTheDraw"],"picked":"hermit:Quickdraw","floor":7},{"not_picked":["hermit:Snipe","hermit:Virtue"],"picked":"hermit:TrackingShot","floor":14}],"player_experience":281564,"relics_obtained":[{"floor":7,"key":"CaptainsWheel"},{"floor":9,"key":"Toy Ornithopter"},{"floor":14,"key":"Gensokyo:OccultBall"}],"event_choices":[],"is_beta":false,"boss_relics":[],"items_purged_floors":[4],"is_endless":false,"potions_floor_spawned":[14],"killed_by":"Gensokyo:Yukari","ascension_level":0}}