{"host":"u7lm8z2rvb4dg2oo","time":1610085210,"event":{"mods":["AchievementEnabler","BaseMod","Colored Map","Colored Powertips","Curses Come First","Googly Eyes","Highlight Path","Minty Spire (QoL Compilation)","Quick Restart","StSLib"],"gold_per_floor":[115,131,131,146,1,1,21,21,21],"floor_reached":8,"playtime":511,"items_purged":[],"score":77,"play_id":"38cd8aa3-c88f-4524-93ea-36b0f8c2af5c","local_time":"20210108005330","is_ascension_mode":true,"campfire_choices":[{"data":"Ragnarok","floor":6.0,"key":"SMITH"}],"circlet_count":0,"master_deck":["AscendersBane","Strike_P","Strike_P","Strike_P","Strike_P","Defend_P","Defend_P","Defend_P","Defend_P","Eruption","Vigilance","Ragnarok+1","WindmillStrike"],"relics":["PureWater","Golden Idol","Bag of Marbles"],"acts_visited":["Exordium"],"potions_floor_usage":[8],"damage_taken":[{"damage":0.0,"enemies":"Small Slimes","floor":1.0,"turns":2.0},{"damage":7.0,"enemies":"Jaw Worm","floor":2.0,"turns":3.0},{"damage":0.0,"enemies":"2 Louse","floor":4.0,"turns":3.0},{"damage":0.0,"enemies":"Looter","floor":7.0,"turns":1.0},{"damage":23,"enemies":"3 Sentries","floor":8,"turns":6}],"seed_played":"-7838500481242554367","potions_obtained":[{"floor":2.0,"key":"SpeedPotion"}],"is_trial":false,"path_per_floor":["M","M","?","M","$","R","M","E"],"character_chosen":"WATCHER","items_purchased":["Bag of Marbles"],"campfire_rested":0,"item_purchase_floors":[5],"current_hp_per_floor":[65,58,40,40,40,40,40,17,17],"gold":21,"neow_bonus":"ONE_RANDOM_RARE_CARD","is_daily":false,"chose_seed":false,"campfire_upgraded":1,"win_rate":0.0,"timestamp":1610085210,"path_taken":["M","M","?","M","$","R","M","E"],"items_purchased_type":["Relic"],"build_version":"2020-12-22","purchased_purges":0,"victory":false,"max_hp_per_floor":[72,72,72,72,72,72,72,72,72],"card_choices":[{"not_picked":["CrushJoints","ClearTheMind","BowlingBash"],"picked":"SKIP","floor":1.0},{"not_picked":["SashWhip","Pray"],"picked":"WindmillStrike","floor":2.0},{"not_picked":["Indignation","CrushJoints","ThirdEye"],"picked":"SKIP","floor":4.0},{"not_picked":["Pray","Collect","Consecrate"],"picked":"SKIP","floor":7.0}],"player_experience":1123082,"relics_obtained":[],"event_choices":[{"damage_healed":0.0,"max_hp_gain":0.0,"max_hp_loss":0.0,"gold_gain":0.0,"event_name":"Golden Idol","player_choice":"Take Damage","floor":3.0,"gold_loss":0.0,"damage_taken":18.0,"relics_obtained":["Golden Idol"]}],"is_beta":false,"boss_relics":[],"items_purged_floors":[],"is_endless":false,"potions_floor_spawned":[2],"killed_by":"3 Sentries","ascension_level":12}}