{"host":"m77rrhbqzv44va4v","time":1610128471,"event":{"mods":["AchievementEnabler","BaseMod","Colored Map","DeckTracker","Keyboard Shortcuts","Minty Spire (QoL Compilation)","StSLib","SuperFastMode","everything is the same but u backflip on backflip"],"gold_per_floor":[116,116,127,139,152,152,184,184,184,209,209,227,244,256,256,256,256],"floor_reached":16,"playtime":514,"items_purged":[],"score":228,"play_id":"a71f84d2-52ab-4ed6-97da-673d7f5628e7","local_time":"20210109025431","is_ascension_mode":true,"campfire_choices":[{"data":"Cloak And Dagger","floor":6,"key":"SMITH"},{"floor":8,"key":"REST"},{"floor":15,"key":"REST"}],"circlet_count":0,"master_deck":["AscendersBane","Strike_G","Strike_G","Strike_G","Strike_G","Strike_G","Defend_G","Defend_G","Defend_G","Defend_G","Defend_G","Survivor","Neutralize","Masterful Stab","Cloak And Dagger+1","Backflip","Blade Dance+1","Noxious Fumes+1","Corpse Explosion","PiercingWail"],"relics":["Ring of the Snake","Kunai","Frozen Egg 2","White Beast Statue"],"acts_visited":["Exordium"],"potions_floor_usage":[7,7,14,16,16],"damage_taken":[{"damage":0,"enemies":"Small Slimes","floor":1,"turns":5},{"damage":4,"enemies":"Cultist","floor":3,"turns":4},{"damage":0,"enemies":"2 Louse","floor":4,"turns":2},{"damage":5,"enemies":"Looter","floor":5,"turns":5},{"damage":38,"enemies":"Lagavulin","floor":7,"turns":9},{"damage":31,"enemies":"3 Sentries","floor":10,"turns":13},{"damage":0,"enemies":"Large Slime","floor":12,"turns":6},{"damage":4,"enemies":"Exordium Wildlife","floor":13,"turns":4},{"damage":0,"enemies":"Lots of Slimes","floor":14,"turns":3},{"damage":34,"enemies":"Slime Boss","floor":16,"turns":7}],"seed_played":"-775116317904191573","potions_obtained":[{"floor":2,"key":"CunningPotion"},{"floor":2,"key":"DuplicationPotion"},{"floor":7,"key":"GhostInAJar"},{"floor":12,"key":"Energy Potion"},{"floor":13,"key":"DistilledChaos"},{"floor":14,"key":"Explosive Potion"}],"is_trial":false,"path_per_floor":["M","?","M","M","M","R","E","R","T","E","?","M","M","M","R","B"],"character_chosen":"THE_SILENT","items_purchased":[],"campfire_rested":2,"item_purchase_floors":[],"current_hp_per_floor":[65,65,61,61,56,56,18,39,39,8,8,8,4,4,25,0,0],"gold":256,"neow_bonus":"TEN_PERCENT_HP_BONUS","is_daily":false,"chose_seed":false,"campfire_upgraded":1,"win_rate":0.0,"timestamp":1610128471,"path_taken":["M","?","M","M","?","R","E","R","T","E","?","M","M","M","R","BOSS"],"items_purchased_type":[],"build_version":"2020-12-22","purchased_purges":0,"victory":false,"max_hp_per_floor":[72,72,72,72,72,72,72,72,72,72,72,72,72,72,72,72,72],"card_choices":[{"not_picked":["PiercingWail","Concentrate"],"picked":"Masterful Stab","floor":1},{"not_picked":["Catalyst","Deflect","Bane"],"picked":"SKIP","floor":3},{"not_picked":["Dodge and Roll","Underhanded Strike"],"picked":"Cloak And Dagger","floor":4},{"not_picked":["Choke","Crippling Poison"],"picked":"Backflip","floor":5},{"not_picked":["Caltrops","Deadly Poison","Expertise"],"picked":"SKIP","floor":7},{"not_picked":["Tactician","PiercingWail"],"picked":"Blade Dance","floor":10},{"not_picked":["Dagger Throw","Underhanded Strike"],"picked":"Noxious Fumes+1","floor":12},{"not_picked":["Deflect","Flechettes"],"picked":"Corpse Explosion","floor":13},{"not_picked":["Noxious Fumes+1","Masterful Stab"],"picked":"PiercingWail","floor":14}],"player_experience":917400,"relics_obtained":[{"floor":7,"key":"Kunai"},{"floor":9,"key":"Frozen Egg 2"},{"floor":10,"key":"White Beast Statue"}],"event_choices":[{"damage_healed":0,"gold_gain":0,"player_choice":"Got Potions","damage_taken":0,"max_hp_gain":0,"max_hp_loss":0,"event_name":"Lab","floor":2,"gold_loss":0},{"damage_healed":0,"gold_gain":0,"player_choice":"Grow","damage_taken":0,"max_hp_gain":0,"max_hp_loss":0,"event_name":"Living Wall","floor":11,"gold_loss":0,"cards_upgraded":["Blade Dance"]}],"is_beta":false,"boss_relics":[],"items_purged_floors":[],"is_endless":false,"potions_floor_spawned":[4,7,12,13,14],"killed_by":"Slime Boss","ascension_level":20}}