{"host":"fibyd43azno9rfrs","time":1610110809,"event":{"mods":["AchievementEnabler","BaseMod","Better Match","BetterRewards","Card Forge","Colored Map","Colored Powertips","Minty Spire (QoL Compilation)","Quick Restart","Rare Cards Sparkle","StSLib","Starting Relic: Pandora\u0027s Box","Swap Starting Deck Mod","everything is the same but u backflip on backflip"],"gold_per_floor":[118,118,128,144,159,159,189,205,205,230,250,262,262,294,294,399,399,399],"floor_reached":17,"playtime":820,"items_purged":["Slice"],"score":267,"play_id":"46bb7183-ec48-443b-b6fa-35f961c2976a","local_time":"20210108220009","is_ascension_mode":true,"campfire_choices":[{"floor":6,"key":"RECALL"},{"floor":15,"key":"REST"}],"circlet_count":0,"master_deck":["Expertise+1","Deadly Poison+1","Noxious Fumes+1","Catalyst+1","Bouncing Flask+1","Crippling Poison+1","Adrenaline+1","Burst+1","Footwork+1","Backflip+1","Deadly Poison+1","Footwork+1","Catalyst+1","Bouncing Flask+1","Backflip+1","Footwork+1","Expertise+1","After Image+1","Catalyst+1","Blur+1","Adrenaline+1","Adrenaline+1","Bullet Time+1"],"relics":["Pandora\u0027s Box","Hammer of Thor","Seething Fire","Anvil of the Gods","The Specimen","ClockworkSouvenir","TungstenRod","Red Mask","Calipers","MealTicket","Omamori","Blue Candle","Calling Bell","Potion Belt","Darkstone Periapt","Lizard Tail"],"acts_visited":["Exordium","TheCity"],"potions_floor_usage":[16],"damage_taken":[{"damage":0,"enemies":"Cultist","floor":1,"turns":2},{"damage":4,"enemies":"Small Slimes","floor":3,"turns":2},{"damage":0,"enemies":"2 Louse","floor":4,"turns":2},{"damage":1,"enemies":"Looter","floor":5,"turns":2},{"damage":0,"enemies":"Gremlin Nob","floor":7,"turns":2},{"damage":0,"enemies":"Exordium Wildlife","floor":8,"turns":2},{"damage":4,"enemies":"3 Sentries","floor":10,"turns":4},{"damage":0,"enemies":"3 Louse","floor":11,"turns":3},{"damage":0,"enemies":"Gremlin Gang","floor":12,"turns":3},{"damage":0,"enemies":"Gremlin Nob","floor":14,"turns":2},{"damage":35,"enemies":"Hexaghost","floor":16,"turns":3}],"seed_played":"-8081504540522335913","potions_obtained":[{"floor":5,"key":"AttackPotion"},{"floor":7,"key":"EssenceOfSteel"},{"floor":8,"key":"FairyPotion"}],"is_trial":false,"path_per_floor":["M","?","M","M","M","R","E","M","T","E","M","M","?","E","R","B",null],"character_chosen":"THE_SILENT","items_purchased":["The Specimen","ClockworkSouvenir"],"campfire_rested":1,"item_purchase_floors":[0,0],"current_hp_per_floor":[38,38,34,34,33,33,33,33,33,29,29,29,80,80,80,45,80,80],"gold":399,"neow_bonus":"","is_daily":false,"chose_seed":false,"campfire_upgraded":0,"win_rate":0.0,"timestamp":1610110809,"path_taken":["M","?","?","M","M","R","E","M","T","E","M","M","?","E","R","BOSS"],"items_purchased_type":["Relic","Relic"],"build_version":"2020-12-22","purchased_purges":1,"victory":false,"max_hp_per_floor":[70,70,70,70,70,70,70,70,70,70,70,70,80,80,80,80,80,80],"card_choices":[{"not_picked":["Reflex","Deflect","Bouncing Flask"],"picked":"SKIP","floor":1},{"not_picked":["Backflip","Dagger Throw","Setup"],"picked":"SKIP","floor":3},{"not_picked":["Dash","Flechettes","Sucker Punch"],"picked":"SKIP","floor":4},{"not_picked":["Blade Dance","Deadly Poison","Prepared"],"picked":"SKIP","floor":5},{"not_picked":["PiercingWail","Malaise","Bane"],"picked":"SKIP","floor":7},{"not_picked":["Blade Dance","All Out Attack","Dodge and Roll"],"picked":"SKIP","floor":8},{"not_picked":["Dagger Throw","Cloak And Dagger","Poisoned Stab"],"picked":"SKIP","floor":10},{"not_picked":["Sucker Punch","Finisher","Deadly Poison"],"picked":"SKIP","floor":11},{"not_picked":["Tactician","Dagger Throw","Predator"],"picked":"SKIP","floor":12},{"not_picked":["Deflect","Underhanded Strike","Dagger Spray"],"picked":"SKIP","floor":14},{"not_picked":["Venomology","Adrenaline"],"picked":"Bullet Time","floor":16}],"player_experience":165294,"relics_obtained":[{"floor":7,"key":"Calipers"},{"floor":9,"key":"MealTicket"},{"floor":10,"key":"Omamori"},{"floor":14,"key":"Blue Candle"},{"floor":17,"key":"Potion Belt"},{"floor":17,"key":"Darkstone Periapt"},{"floor":17,"key":"Lizard Tail"}],"event_choices":[{"damage_healed":0,"gold_gain":0,"player_choice":"Ignored","damage_taken":0,"max_hp_gain":0,"max_hp_loss":0,"event_name":"NoteForYourself","floor":2,"gold_loss":0},{"cards_removed":["Adrenaline"],"damage_healed":41,"gold_gain":0,"player_choice":"Offered Rare","damage_taken":0,"max_hp_gain":10,"max_hp_loss":0,"event_name":"Bonfire Elementals","floor":13,"gold_loss":0}],"is_beta":false,"boss_relics":[{"not_picked":["Snecko Eye","Ectoplasm"],"picked":"Calling Bell"}],"items_purged_floors":[0],"is_endless":false,"potions_floor_spawned":[5,7,8,10,14,16],"ascension_level":1}}