{"host":"a4s27ghlnr83kbqz","time":1610110621,"event":{"mods":["AchievementEnabler","BaseMod","Colored Map","Minty Spire (QoL Compilation)","Permanent Neow","SuperFastMode"],"gold_per_floor":[111,111,131,144,164,164,191,225,225,225,256,256,57,57,57,129,129,141,141,141,151,169,169,183,512,512,512,546,279,308,50,50,50,50],"floor_reached":33,"playtime":735,"items_purged":[],"score":622,"play_id":"4420e61b-5743-4c08-b478-265b6c6f68e4","local_time":"20210108205701","is_ascension_mode":true,"campfire_choices":[{"data":"Perfected Strike","floor":6,"key":"SMITH"},{"data":"Perfected Strike","floor":10,"key":"SMITH"},{"data":"Bash","floor":12,"key":"SMITH"},{"data":"Fire Breathing","floor":15,"key":"SMITH"},{"data":"Double Tap","floor":23,"key":"SMITH"},{"data":"Corruption","floor":32,"key":"SMITH"}],"circlet_count":0,"master_deck":["AscendersBane","Strike_R+1","Strike_R+1","Strike_R+1","Strike_R+1","Defend_R+1","Defend_R+1","Defend_R+1","Bash+1","Perfected Strike+1","Intimidate+1","Perfected Strike+1","Wild Strike","Bloodletting","Headbutt","Fire Breathing+1","Double Tap+1","Evolve","Pommel Strike+1","Rage","Power Through","Master of Strategy","Corruption+1","Dark Embrace","Shrug It Off"],"relics":["Burning Blood","Bag of Preparation","Toy Ornithopter","Gambling Chip","PreservedInsect","Lee\u0027s Waffle","War Paint","Philosopher\u0027s Stone","CultistMask","Old Coin","Bottled Tornado","Boot","Membership Card"],"acts_visited":["Exordium","TheCity"],"potions_floor_usage":[8,16,18,22,24],"damage_taken":[{"damage":0,"enemies":"2 Louse","floor":1,"turns":3},{"damage":12,"enemies":"Jaw Worm","floor":3,"turns":2},{"damage":9,"enemies":"Small Slimes","floor":4,"turns":4},{"damage":12,"enemies":"3 Louse","floor":5,"turns":4},{"damage":20,"enemies":"Gremlin Nob","floor":8,"turns":4},{"damage":25,"enemies":"3 Sentries","floor":11,"turns":6},{"damage":24,"enemies":"Slime Boss","floor":16,"turns":7},{"damage":27,"enemies":"3 Byrds","floor":18,"turns":5},{"damage":11,"enemies":"Shell Parasite","floor":21,"turns":2},{"damage":10,"enemies":"Centurion and Healer","floor":22,"turns":3},{"damage":3,"enemies":"Sentry and Sphere","floor":24,"turns":3},{"damage":35,"enemies":"Book of Stabbing","floor":25,"turns":3},{"damage":26,"enemies":"Gremlin Leader","floor":28,"turns":3},{"damage":24,"enemies":"Slavers","floor":30,"turns":4},{"damage":40,"enemies":"Automaton","floor":33,"turns":4}],"seed_played":"-8631111570599024501","potions_obtained":[{"floor":1,"key":"Block Potion"},{"floor":4,"key":"SpeedPotion"},{"floor":8,"key":"FearPotion"},{"floor":16,"key":"FearPotion"},{"floor":18,"key":"Block Potion"},{"floor":22,"key":"FairyPotion"},{"floor":27,"key":"LiquidBronze"},{"floor":30,"key":"Weak Potion"}],"is_trial":false,"path_per_floor":["M","?","M","M","M","R","T","E","T","R","E","R","$","?","R","B",null,"M","?","?","M","M","R","M","E","T","?","E","$","E","$","R","B"],"character_chosen":"IRONCLAD","items_purchased":["Fire Breathing","Lee\u0027s Waffle","Power Through","Master of Strategy","Membership Card","Dark Embrace","Shrug It Off","SteroidPotion"],"campfire_rested":0,"item_purchase_floors":[13,13,29,29,31,31,31,31],"current_hp_per_floor":[74,74,68,65,59,59,59,45,45,45,26,26,82,71,71,58,76,60,60,60,55,56,56,64,35,35,35,15,15,29,29,29,0,0],"gold":50,"neow_bonus":"REMOVE_CARD","is_daily":false,"chose_seed":false,"campfire_upgraded":6,"win_rate":0.0,"timestamp":1610110621,"path_taken":["M","?","M","M","M","R","?","E","T","R","E","R","$","?","R","BOSS","M","?","?","M","?","R","M","E","T","?","E","$","E","$","R","BOSS"],"items_purchased_type":["Card","Relic","Card","Card","Relic","Card","Card","Potion"],"build_version":"2020-12-22","purchased_purges":0,"victory":false,"max_hp_per_floor":[75,75,75,75,75,75,75,75,75,75,75,75,82,82,82,82,82,82,82,82,82,82,82,82,82,82,82,82,82,82,82,82,82,82],"card_choices":[{"not_picked":["Dropkick","Inflame"],"picked":"Perfected Strike","floor":1},{"not_picked":["Rampage","Body Slam"],"picked":"Perfected Strike","floor":3},{"not_picked":["Iron Wave","Clothesline"],"picked":"Wild Strike","floor":4},{"not_picked":["Clothesline","Iron Wave"],"picked":"Bloodletting","floor":5},{"not_picked":["Havoc","Sentinel","Barricade"],"picked":"SKIP","floor":8},{"not_picked":["Iron Wave","Flex"],"picked":"Headbutt","floor":11},{"not_picked":["Limit Break","Exhume"],"picked":"Double Tap","floor":16},{"not_picked":["Sword Boomerang","Searing Blow","Iron Wave"],"picked":"SKIP","floor":18},{"not_picked":["True Grit","Havoc"],"picked":"Evolve","floor":21},{"not_picked":["Sentinel","Clash"],"picked":"Pommel Strike+1","floor":22},{"not_picked":["Anger","Fire Breathing+1","Havoc"],"picked":"SKIP","floor":24},{"not_picked":["Cleave","Heavy Blade"],"picked":"Rage","floor":25},{"not_picked":["Iron Wave","Double Tap","Burning Pact+1"],"picked":"SKIP","floor":28},{"not_picked":["Evolve","Clothesline"],"picked":"Corruption","floor":30}],"player_experience":1089829,"relics_obtained":[{"floor":7,"key":"Bag of Preparation"},{"floor":8,"key":"Toy Ornithopter"},{"floor":9,"key":"Gambling Chip"},{"floor":11,"key":"PreservedInsect"},{"floor":25,"key":"Old Coin"},{"floor":28,"key":"Bottled Tornado"},{"floor":30,"key":"Boot"}],"event_choices":[{"damage_healed":0,"gold_gain":0,"cards_transformed":["Defend_R"],"player_choice":"Change","damage_taken":0,"max_hp_gain":0,"max_hp_loss":0,"event_name":"Living Wall","floor":2,"gold_loss":0,"cards_obtained":["Intimidate"]},{"damage_healed":0,"gold_gain":0,"player_choice":"Success","damage_taken":11,"relics_obtained":["War Paint"],"max_hp_gain":0,"max_hp_loss":0,"event_name":"Scrap Ooze","floor":14,"gold_loss":0},{"damage_healed":0,"gold_gain":0,"player_choice":"Simplicity","damage_taken":0,"max_hp_gain":0,"max_hp_loss":0,"event_name":"Back to Basics","floor":19,"gold_loss":0,"cards_upgraded":["Strike_R","Strike_R","Strike_R","Strike_R","Defend_R","Defend_R"]},{"damage_healed":0,"gold_gain":0,"player_choice":"Trade","damage_taken":0,"relics_obtained":["CultistMask"],"max_hp_gain":0,"max_hp_loss":0,"event_name":"FaceTrader","floor":20,"gold_loss":0},{"damage_healed":0,"gold_gain":0,"player_choice":"Got Potions","damage_taken":0,"max_hp_gain":0,"max_hp_loss":0,"event_name":"Lab","floor":27,"gold_loss":0}],"is_beta":false,"boss_relics":[{"not_picked":["Runic Dome","SlaversCollar"],"picked":"Philosopher\u0027s Stone"}],"items_purged_floors":[],"is_endless":false,"potions_floor_spawned":[1,4,8,16,18,22,28,30],"killed_by":"Automaton","ascension_level":20}}