{"host":"56ghxnzsglgdq727","time":1610119435,"event":{"mods":["AchievementEnabler","BaseMod","Downfall","Duelist Mod","Hermit","Minty Spire (QoL Compilation)","Rare Cards Sparkle","SOS???????","StSLib","The Bug Knight","The Senshi","The Servant 0.9.4","The Wild Card","Yuri Mod"],"gold_per_floor":[135,135,135,135,168,168,168,168,194,119,148,148,148,203,203,168,168,36,36,66,66,66,66,45,67,67,67,108,156,81,81,81,184,184,97,97,136,132,132,132,152,60,60,60,100,166,9,45,45,29],"floor_reached":51,"playtime":1868,"items_purged":["Shoot"],"score":834,"play_id":"a26bf499-d134-4a9a-8b7f-877becf075b3","local_time":"20210108102355","is_ascension_mode":false,"campfire_choices":[{"data":"theWildCard:Metatron","floor":6,"key":"SMITH"},{"data":"Redorb","floor":8,"key":"SMITH"},{"data":"Attack_a","floor":12,"key":"SMITH"},{"data":"Purpleorb","floor":15,"key":"SMITH"},{"data":"Swordcombo","floor":23,"key":"SMITH"},{"data":"LucifercomboA","floor":27,"key":"SMITH"},{"data":"GilgameshcomboA","floor":32,"key":"SMITH"},{"data":"Darkslayer","floor":40,"key":"SMITH"},{"data":"1","floor":49,"key":"LIFT"}],"circlet_count":0,"master_deck":["Attack_a+1","Attack_b+1","Provocation","Redorb+1","Gilgamesh+1","theWildCard:Metatron+1","Swordcombo+1","Doubleshoot+1","DevilstarS+1","Straight+1","LucifercomboB","LucifercomboA+1","GilgameshcomboA+1","GilgameshcomboA+1","Trickster","Darkslayer+1","Shock+1","Kick13+1"],"relics":["SSS","Combocheck","Singing Bowl","Bag of Preparation","Astrolabe","PreservedInsect","MutagenicStrength","Juzu Bracelet","Ornamental Fan","Empty Cage","Girya","HandDrill"],"acts_visited":["Exordium","TheCity","TheBeyond"],"potions_floor_usage":[14,25,29,33,41],"damage_taken":[{"damage":10,"enemies":"2 Louse","floor":1,"turns":2},{"damage":1,"enemies":"Small Slimes","floor":5,"turns":3},{"damage":7,"enemies":"Jaw Worm","floor":11,"turns":3},{"damage":0,"enemies":"Looter","floor":14,"turns":2},{"damage":8,"enemies":"The Guardian","floor":16,"turns":3},{"damage":0,"enemies":"2 Thieves","floor":18,"turns":1},{"damage":0,"enemies":"Sentry and Sphere","floor":20,"turns":1},{"damage":0,"enemies":"Centurion and Healer","floor":24,"turns":1},{"damage":0,"enemies":"HollowMod:Nosk","floor":25,"turns":1},{"damage":0,"enemies":"Snecko","floor":28,"turns":2},{"damage":11,"enemies":"Snake Plant","floor":29,"turns":2},{"damage":0,"enemies":"Collector","floor":33,"turns":2},{"damage":0,"enemies":"3 Darklings","floor":35,"turns":1},{"damage":0,"enemies":"Orb Walker","floor":37,"turns":1},{"damage":0,"enemies":"Spire Growth","floor":38,"turns":2},{"damage":0,"enemies":"Transient","floor":41,"turns":5},{"damage":0,"enemies":"3 Darklings","floor":42,"turns":1},{"damage":0,"enemies":"Jaw Worm Horde","floor":45,"turns":1},{"damage":0,"enemies":"Spire Growth","floor":46,"turns":1},{"damage":0,"enemies":"Sphere and 2 Shapes","floor":48,"turns":1},{"damage":0,"enemies":"Donu and Deca","floor":50,"turns":2}],"seed_played":"-486713696798404444","potions_obtained":[{"floor":0,"key":"LiquidBronze"},{"floor":0,"key":"Block Potion"},{"floor":0,"key":"Slimebound:ThreeZeroPotion"},{"floor":5,"key":"BlessingOfTheForge"},{"floor":24,"key":"DistilledChaos"},{"floor":25,"key":"Swift Potion"},{"floor":29,"key":"FairyPotion"},{"floor":33,"key":"Explosive Potion"},{"floor":42,"key":"Explosive Potion"}],"is_trial":false,"path_per_floor":["M","?","?","?","M","R","T","R","T","$","M","R","?","M","R","B",null,"M","?","M","$","?","R","M","E","T","R","M","M","?","?","R","B",null,"M","?","M","M","?","R","M","M","T","?","M","M","$","M","R","B",null],"character_chosen":"DANTE","items_purchased":["HandDrill"],"campfire_rested":0,"item_purchase_floors":[47],"current_hp_per_floor":[70,70,70,63,62,62,62,62,62,62,57,57,41,41,41,33,82,82,82,82,82,82,82,84,84,84,84,84,73,73,73,73,73,84,86,82,82,84,84,84,86,88,88,88,90,92,92,92,92,92],"gold":29,"neow_bonus":"THREE_SMALL_POTIONS","is_daily":false,"chose_seed":false,"campfire_upgraded":8,"win_rate":0.0,"timestamp":1610119435,"path_taken":["M","?","?","?","M","R","?","R","T","?","?","R","?","M","R","BOSS","M","?","M","?","?","R","M","E","T","R","M","M","?","?","R","BOSS","M","?","M","M","?","R","M","M","T","?","M","M","$","M","R","BOSS"],"items_purchased_type":["Relic"],"build_version":"2020-12-22","purchased_purges":1,"victory":true,"max_hp_per_floor":[80,80,80,80,80,80,80,80,80,80,82,82,82,82,82,82,82,82,82,82,82,82,82,84,84,84,84,84,84,84,84,84,84,84,86,82,82,84,84,84,86,88,88,88,90,92,92,92,92,92],"card_choices":[{"not_picked":["LucifercomboA","Whiteorb"],"picked":"Gilgamesh","floor":1},{"not_picked":["Dash2","VitalstarS","Whiteorb"],"picked":"SKIP","floor":5},{"not_picked":["Unrisingdragon","Dash2","Gunslinger"],"picked":"Singing Bowl","floor":11},{"not_picked":["Whiteorb","LucifercomboB"],"picked":"Purpleorb","floor":14},{"not_picked":["Royalguard","Trickster"],"picked":"Swordcombo","floor":16},{"not_picked":["Chargeshoot2+1","Splesh"],"picked":"LucifercomboB","floor":18},{"not_picked":["Stinger","LucifercomboB"],"picked":"LucifercomboA","floor":20},{"not_picked":["Millionstab","Dash2","Doubleshoot+1"],"picked":"Singing Bowl","floor":24},{"not_picked":["Swordcombo","Straight"],"picked":"GilgameshcomboA+1","floor":25},{"not_picked":["Rebellion","Straight"],"picked":"GilgameshcomboA","floor":28},{"not_picked":["BeastUppercut+1","Dash2"],"picked":"Trickster","floor":29},{"not_picked":["Demonreform","Weaponreturn"],"picked":"Darkslayer","floor":33},{"not_picked":["Airhike","LucifercomboB","Royaldefend+1"],"picked":"Singing Bowl","floor":35},{"not_picked":["VitalstarS","Doubleshoot"],"picked":"Shock+1","floor":37},{"not_picked":["Greenorb+1","Straight+1","Gunslinger"],"picked":"Singing Bowl","floor":38},{"not_picked":["DevilstarS+1","Kick13","Lucifer+1"],"picked":"Singing Bowl","floor":41},{"not_picked":["CoyoteA","Chargeshoot+1","Weaponchange+1"],"picked":"Singing Bowl","floor":42},{"not_picked":["Dash1+1","Doubleshoot+1","GilgameshcomboA"],"picked":"Singing Bowl","floor":45},{"not_picked":["Rebellion","DevilstarS","Airhike+1"],"picked":"Singing Bowl","floor":46},{"not_picked":["EbonyIvory","LucifercomboB+1"],"picked":"Kick13+1","floor":48}],"player_experience":194700,"relics_obtained":[{"floor":7,"key":"Singing Bowl"},{"floor":9,"key":"Bag of Preparation"},{"floor":25,"key":"Juzu Bracelet"},{"floor":26,"key":"Ornamental Fan"},{"floor":43,"key":"Girya"}],"event_choices":[{"damage_healed":0,"gold_gain":0,"player_choice":"Grow","damage_taken":0,"max_hp_gain":0,"max_hp_loss":0,"event_name":"Living Wall","floor":2,"gold_loss":0,"cards_upgraded":["Gilgamesh"]},{"cards_removed":["Defend_Dante"],"damage_healed":0,"gold_gain":0,"player_choice":"Card Removal","damage_taken":7,"max_hp_gain":0,"max_hp_loss":0,"event_name":"Golden Wing","floor":4,"gold_loss":0},{"damage_healed":0,"gold_gain":0,"player_choice":"Entered Light","damage_taken":16,"max_hp_gain":0,"max_hp_loss":0,"event_name":"Shining Light","floor":13,"gold_loss":0,"cards_upgraded":["Attack_b","Defend_Dante"]},{"damage_healed":0,"gold_gain":0,"player_choice":"Opened","damage_taken":0,"relics_obtained":["PreservedInsect"],"max_hp_gain":0,"max_hp_loss":0,"event_name":"The Mausoleum","floor":19,"gold_loss":0,"cards_obtained":["Writhe"]},{"damage_healed":0,"gold_gain":0,"player_choice":"Inject Mutagens","damage_taken":0,"relics_obtained":["MutagenicStrength"],"max_hp_gain":0,"max_hp_loss":0,"event_name":"Drug Dealer","floor":22,"gold_loss":0},{"cards_removed":["Writhe"],"damage_healed":0,"gold_gain":0,"player_choice":"Gave Gold","damage_taken":0,"max_hp_gain":0,"max_hp_loss":0,"event_name":"Beggar","floor":30,"gold_loss":75},{"damage_healed":0,"gold_gain":0,"player_choice":"Ignored","damage_taken":0,"max_hp_gain":0,"max_hp_loss":0,"event_name":"Vampires","floor":31,"gold_loss":0},{"damage_healed":0,"gold_gain":0,"player_choice":"Max HP","damage_taken":0,"max_hp_gain":0,"max_hp_loss":4,"event_name":"Winding Halls","floor":36,"gold_loss":0},{"damage_healed":0,"gold_gain":0,"player_choice":"Ignored","damage_taken":0,"max_hp_gain":0,"max_hp_loss":0,"event_name":"Tomb of Lord Red Mask","floor":39,"gold_loss":0},{"cards_removed":["Purpleorb"],"damage_healed":0,"gold_gain":0,"player_choice":"Removed Skill","damage_taken":0,"max_hp_gain":0,"max_hp_loss":0,"event_name":"Falling","floor":44,"gold_loss":0}],"is_beta":false,"boss_relics":[{"not_picked":["Busted Crown","SacredBark"],"picked":"Astrolabe"},{"not_picked":["Sozu","Calling Bell"],"picked":"Empty Cage"}],"items_purged_floors":[10],"is_endless":false,"potions_floor_spawned":[5,11,24,25,28,29,33,37,41,42],"ascension_level":0}}