{"host":"hm3ikmf8oxbtqms2","time":1610115104,"event":{"mods":["BaseMod","Best Route Mod","Bestiary","Better Vampires","Block Reminder","Colored Map","Colored Powertips","Curses Come First","DeckTracker","Displayed Cursed Tome","Highlight Path","Minty Spire (QoL Compilation)","Quick Restart","StSLib"],"gold_per_floor":[117,170,170,170,170,170,170,270,270,13,44,44,76,90,90,193,193,203,19,19,36,14,14,49,49,73,87,120,39,139,153,153,256,256,266,266,266,280,333,333,333],"floor_reached":40,"playtime":3879,"items_purged":["Regret"],"score":571,"play_id":"a4fdb891-0e66-4bea-b86a-079e71c79c9e","local_time":"20210108091144","is_ascension_mode":true,"campfire_choices":[{"data":"Neutralize","floor":6.0,"key":"SMITH"},{"data":"1","floor":15.0,"key":"LIFT"},{"data":"Infinite Blades","floor":23.0,"key":"SMITH"},{"data":"Phantasmal Killer","floor":25.0,"key":"SMITH"},{"floor":32.0,"key":"DIG"}],"circlet_count":0,"master_deck":["Strike_G+1","Strike_G","Strike_G","Strike_G","Defend_G","Defend_G","Defend_G","Defend_G","Survivor","Neutralize+1","Accuracy+1","Infinite Blades+1","Blade Dance","Dodge and Roll","Purity","Flechettes","Prepared","Phantasmal Killer+1","Malaise","Deflect+1","Sadistic Nature","Underhanded Strike","PiercingWail","Dodge and Roll+1","Finisher","Footwork","PiercingWail","Dagger Throw+1","Die Die Die","Phantasmal Killer+1","Concentrate+1","Dodge and Roll+1"],"relics":["Ring of the Snake","Juzu Bracelet","Happy Flower","Girya","Meat on the Bone","Singing Bowl","Toolbox","Pear","Pen Nib","SlaversCollar","Ornamental Fan","MealTicket","Bronze Scales","Shovel","Pantograph","Smiling Mask","Coffee Dripper","FossilizedHelix"],"acts_visited":["Exordium","TheCity","TheBeyond"],"potions_floor_usage":[33],"damage_taken":[{"damage":0.0,"enemies":"Cultist","floor":1.0,"turns":5.0},{"damage":32.0,"enemies":"3 Sentries","floor":11.0,"turns":7.0},{"damage":17.0,"enemies":"Lagavulin","floor":13.0,"turns":5.0},{"damage":0.0,"enemies":"Small Slimes","floor":14.0,"turns":3.0},{"damage":0.0,"enemies":"Slime Boss","floor":16.0,"turns":5.0},{"damage":7.0,"enemies":"Spheric Guardian","floor":18.0,"turns":3.0},{"damage":9.0,"enemies":"Chosen","floor":21.0,"turns":6.0},{"damage":7.0,"enemies":"Book of Stabbing","floor":24.0,"turns":6.0},{"damage":12.0,"enemies":"Sentry and Sphere","floor":27.0,"turns":4.0},{"damage":23.0,"enemies":"Slavers","floor":28.0,"turns":5.0},{"damage":14.0,"enemies":"Colosseum Slavers","floor":30.0,"turns":3.0},{"damage":10.0,"enemies":"Colosseum Nobs","floor":30.0,"turns":4.0},{"damage":5.0,"enemies":"Centurion and Healer","floor":31.0,"turns":7.0},{"damage":36,"enemies":"Automaton","floor":33,"turns":8},{"damage":32,"enemies":"3 Shapes","floor":35,"turns":6},{"damage":39,"enemies":"3 Darklings","floor":38,"turns":4},{"damage":19,"enemies":"2 Orb Walkers","floor":39,"turns":5},{"damage":42,"enemies":"Nemesis","floor":40,"turns":4}],"seed_played":"8317099601872283501","potions_obtained":[{"floor":13.0,"key":"Fire Potion"},{"floor":16.0,"key":"Weak Potion"},{"floor":18.0,"key":"LiquidMemories"},{"floor":27.0,"key":"LiquidBronze"},{"floor":28.0,"key":"PowerPotion"},{"floor":30.0,"key":"DistilledChaos"},{"floor":35,"key":"Poison Potion"},{"floor":39,"key":"BlessingOfTheForge"}],"is_trial":false,"path_per_floor":["M","T","?","?","?","R","?","?","T","$","E","?","E","M","R","B",null,"M","$","?","M","$","R","E","R","T","M","E","$","?","M","R","B",null,"M","?","?","M","?","E"],"character_chosen":"THE_SILENT","items_purchased":["Infinite Blades","Toolbox","Sadistic Nature","Underhanded Strike","Footwork"],"campfire_rested":0,"item_purchase_floors":[10,10,19,22,29],"current_hp_per_floor":[70,70,70,70,56,56,44,44,44,44,34,34,29,41,41,41,80,73,73,73,66,66,66,59,59,59,47,36,51,51,46,46,47,82,52,52,52,25,18,0,0],"gold":333,"neow_bonus":"RANDOM_COMMON_RELIC","is_daily":false,"chose_seed":false,"campfire_upgraded":3,"win_rate":0.0,"timestamp":1610115104,"path_taken":["M","?","?","?","?","R","?","?","T","?","E","?","E","M","R","BOSS","M","$","?","M","?","R","E","R","T","M","E","$","?","M","R","BOSS","M","?","?","M","?","E"],"items_purchased_type":["Card","Relic","Card","Card","Card"],"build_version":"2020-12-22","purchased_purges":1,"victory":false,"max_hp_per_floor":[70,70,70,70,70,70,70,70,70,70,80,80,80,80,80,80,80,80,80,80,82,82,82,82,82,82,82,82,82,82,82,82,82,82,84,84,84,84,84,84,84],"card_choices":[{"not_picked":["Poisoned Stab","Well Laid Plans"],"picked":"Accuracy","floor":1.0},{"not_picked":["Sucker Punch","Dagger Spray"],"picked":"Blade Dance","floor":11.0},{"not_picked":["Tactician","Sucker Punch"],"picked":"Prepared","floor":13.0},{"not_picked":["Underhanded Strike","Prepared"],"picked":"Phantasmal Killer","floor":14.0},{"not_picked":["Wraith Form v2","Venomology"],"picked":"Malaise","floor":16.0},{"not_picked":["Sucker Punch+1","Poisoned Stab"],"picked":"Deflect+1","floor":18.0},{"not_picked":["Reflex","Outmaneuver","Dagger Throw"],"picked":"Singing Bowl","floor":21.0},{"not_picked":["Grand Finale","Blur"],"picked":"PiercingWail","floor":24.0},{"not_picked":["Flying Knee","Concentrate"],"picked":"Dodge and Roll+1","floor":27.0},{"not_picked":["Night Terror","Dodge and Roll"],"picked":"Finisher","floor":28.0},{"not_picked":["Dagger Spray+1","Dagger Throw"],"picked":"PiercingWail","floor":30.0},{"not_picked":["Backflip","Quick Slash+1"],"picked":"Dagger Throw+1","floor":31.0},{"not_picked":["Venomology","Unload"],"picked":"Die Die Die","floor":33},{"not_picked":["Flying Knee+1","Prepared+1","Dagger Spray"],"picked":"Singing Bowl","floor":35},{"not_picked":["Deflect","Outmaneuver+1"],"picked":"Concentrate+1","floor":38},{"not_picked":["Quick Slash","Expertise"],"picked":"Dodge and Roll+1","floor":39}],"player_experience":291606,"relics_obtained":[{"floor":2.0,"key":"Happy Flower"},{"floor":9.0,"key":"Singing Bowl"},{"floor":11.0,"key":"Pear"},{"floor":13.0,"key":"Pen Nib"},{"floor":24.0,"key":"Ornamental Fan"},{"floor":26.0,"key":"MealTicket"},{"floor":28.0,"key":"Bronze Scales"},{"floor":30.0,"key":"Shovel"},{"floor":30.0,"key":"Pantograph"},{"floor":32.0,"key":"Smiling Mask"},{"floor":39,"key":"FossilizedHelix"}],"event_choices":[{"damage_healed":0.0,"max_hp_gain":0.0,"max_hp_loss":0.0,"gold_gain":0.0,"event_name":"Golden Wing","player_choice":"Ignored","floor":3.0,"gold_loss":0.0,"damage_taken":0.0},{"damage_healed":0.0,"max_hp_gain":0.0,"max_hp_loss":0.0,"gold_gain":0.0,"event_name":"Big Fish","player_choice":"Box","floor":4.0,"gold_loss":0.0,"damage_taken":0.0,"relics_obtained":["Girya"],"cards_obtained":["Regret"]},{"damage_healed":0.0,"max_hp_gain":0.0,"max_hp_loss":0.0,"gold_gain":0.0,"event_name":"Shining Light","player_choice":"Entered Light","floor":5.0,"gold_loss":0.0,"damage_taken":14.0,"cards_upgraded":["Strike_G","Accuracy"]},{"damage_healed":0.0,"max_hp_gain":0.0,"max_hp_loss":0.0,"gold_gain":0.0,"event_name":"Scrap Ooze","player_choice":"Success","floor":7.0,"gold_loss":0.0,"damage_taken":12.0,"relics_obtained":["Meat on the Bone"]},{"damage_healed":0.0,"max_hp_gain":0.0,"max_hp_loss":0.0,"gold_gain":100.0,"event_name":"Golden Shrine","player_choice":"Pray","floor":8.0,"gold_loss":0.0,"damage_taken":0.0},{"damage_healed":0.0,"max_hp_gain":0.0,"max_hp_loss":0.0,"gold_gain":0.0,"event_name":"Match and Keep!","player_choice":"3 cards matched","floor":12.0,"gold_loss":0.0,"damage_taken":0.0,"cards_obtained":["Dodge and Roll","Purity","Flechettes"]},{"cards_removed":["Strike_G"],"damage_healed":0.0,"max_hp_gain":0.0,"max_hp_loss":0.0,"gold_gain":0.0,"event_name":"Purifier","player_choice":"Purged","floor":20.0,"gold_loss":0.0,"damage_taken":0.0},{"damage_healed":0.0,"max_hp_gain":0.0,"max_hp_loss":0.0,"gold_gain":0.0,"event_name":"Colosseum","player_choice":"Fight","floor":30.0,"gold_loss":0.0,"damage_taken":0.0},{"damage_healed":0.0,"max_hp_gain":0.0,"max_hp_loss":0.0,"gold_gain":0.0,"event_name":"Colosseum","player_choice":"Fought Nobs","floor":30.0,"gold_loss":0.0,"damage_taken":0.0},{"cards_removed":["Defend_G"],"damage_healed":0,"gold_gain":0,"player_choice":"Purged","damage_taken":0,"max_hp_gain":0,"max_hp_loss":0,"event_name":"Purifier","floor":36,"gold_loss":0},{"damage_healed":0,"gold_gain":0,"player_choice":"Copied","damage_taken":0,"max_hp_gain":0,"max_hp_loss":0,"event_name":"Duplicator","floor":37,"gold_loss":0,"cards_obtained":["Phantasmal Killer"]},{"damage_healed":0,"gold_gain":0,"player_choice":"Fight","damage_taken":0,"max_hp_gain":0,"max_hp_loss":0,"event_name":"Mysterious Sphere","floor":39,"gold_loss":0}],"is_beta":false,"boss_relics":[{"not_picked":["Sozu","Runic Dome"],"picked":"SlaversCollar"},{"not_picked":["Empty Cage","Cursed Key"],"picked":"Coffee Dripper"}],"items_purged_floors":[10],"is_endless":false,"potions_floor_spawned":[13,16,18,27,28,30,35,39],"killed_by":"Nemesis","ascension_level":4}}