{"host":"j3h0p3l2xgzxhnx7","time":1610116474,"event":{"mods":["BaseMod","Luminous","Marisa????????","Minty Spire (QoL Compilation)","Remilia??????","StSLib","The Bug Knight","The Cursed","The Servant 0.9.4"],"gold_per_floor":[113,133,208,208,228,257,277,302,364,376,388,388],"floor_reached":11,"playtime":462,"items_purged":[],"score":80,"play_id":"cd01a236-a4cc-4d3f-aa1f-7a279ae59128","local_time":"20210108223434","is_ascension_mode":true,"campfire_choices":[],"circlet_count":0,"master_deck":["Strike_G","Strike_G","Strike_G","Defend_G","Defend_G","Defend_G","Defend_G","Defend_G","Survivor","Neutralize","Reflex","Poisoned Stab","Leg Sweep","Cloak And Dagger","Underhanded Strike","Injury"],"relics":["Empty Cage","Centennial Puzzle","MawBank","Strawberry","Golden Idol"],"acts_visited":["Exordium"],"potions_floor_usage":[6,6],"damage_taken":[{"damage":1,"enemies":"Small Slimes","floor":1,"turns":5},{"damage":9,"enemies":"2 Louse","floor":2,"turns":3},{"damage":0,"enemies":"Jaw Worm","floor":5,"turns":4},{"damage":30,"enemies":"Lagavulin","floor":6,"turns":13},{"damage":1,"enemies":"3 Louse","floor":7,"turns":5},{"damage":49,"enemies":"3 Sentries","floor":11,"turns":13}],"seed_played":"-1405360092986668487","potions_obtained":[{"floor":1,"key":"Weak Potion"},{"floor":5,"key":"Dexterity Potion"}],"is_trial":false,"path_per_floor":["M","M","?","?","M","E","M","T","T","?","E"],"character_chosen":"THE_SILENT","items_purchased":[],"campfire_rested":0,"item_purchase_floors":[],"current_hp_per_floor":[69,60,49,70,70,40,39,39,46,46,0,0],"gold":388,"neow_bonus":"BOSS_RELIC","is_daily":false,"chose_seed":false,"campfire_upgraded":0,"win_rate":0.0,"timestamp":1610116474,"path_taken":["M","M","?","?","M","E","M","?","T","?","E"],"items_purchased_type":[],"build_version":"2020-12-22","purchased_purges":0,"victory":false,"max_hp_per_floor":[70,70,70,70,70,70,70,70,77,77,77,77],"card_choices":[{"not_picked":["Flechettes","Escape Plan"],"picked":"Reflex","floor":1},{"not_picked":["Bouncing Flask","Accuracy"],"picked":"Poisoned Stab","floor":2},{"not_picked":["Acrobatics","PiercingWail"],"picked":"Leg Sweep","floor":5},{"not_picked":["Escape Plan","Footwork"],"picked":"Cloak And Dagger","floor":6},{"not_picked":["Sucker Punch","Prepared"],"picked":"Underhanded Strike","floor":7}],"player_experience":110628,"relics_obtained":[{"floor":6,"key":"Centennial Puzzle"},{"floor":8,"key":"MawBank"},{"floor":9,"key":"Strawberry"}],"event_choices":[{"damage_healed":0,"gold_gain":75,"player_choice":"Gather Gold","damage_taken":11,"max_hp_gain":0,"max_hp_loss":0,"event_name":"World of Goop","floor":3,"gold_loss":0},{"damage_healed":23,"gold_gain":0,"player_choice":"Banana","damage_taken":0,"max_hp_gain":0,"max_hp_loss":0,"event_name":"Big Fish","floor":4,"gold_loss":0},{"damage_healed":0,"gold_gain":0,"player_choice":"Take Wound","damage_taken":0,"relics_obtained":["Golden Idol"],"max_hp_gain":0,"max_hp_loss":0,"event_name":"Golden Idol","floor":10,"gold_loss":0,"cards_obtained":["Injury"]}],"is_beta":false,"boss_relics":[],"items_purged_floors":[],"is_endless":false,"potions_floor_spawned":[1,5],"killed_by":"3 Sentries","ascension_level":2}}