{"host":"uqbebr2vlnosvkft","time":1610143084,"event":{"mods":["AchievementEnabler","BaseMod","Minty Spire (QoL Compilation)"],"gold_per_floor":[109,39,39,53,128,159,159,173,173,173,113,142,62,12,12,126,126,149,27,72,171,55,55,130,130,192,192,203,203,229,181,181,294,303,326,342,342,342,119,119,0,20,55,55,70,86,86,111,111,111,111],"floor_reached":50,"playtime":1459,"items_purged":["Strike_P","Defend_P","Writhe"],"score":461,"play_id":"53860aa9-a206-4975-a557-699e073ca342","local_time":"20210109005804","is_ascension_mode":false,"campfire_choices":[{"data":"Eruption","floor":7,"key":"SMITH"},{"data":"Tantrum","floor":10,"key":"SMITH"},{"data":"WindmillStrike","floor":15,"key":"SMITH"},{"data":"Establishment","floor":23,"key":"SMITH"},{"data":"Bite","floor":25,"key":"SMITH"},{"data":"Bite","floor":27,"key":"SMITH"},{"data":"Bite","floor":29,"key":"SMITH"},{"data":"Bite","floor":32,"key":"SMITH"},{"data":"Wish","floor":40,"key":"SMITH"},{"floor":47,"key":"RECALL"},{"floor":49,"key":"REST"}],"circlet_count":0,"master_deck":["Eruption+1","Vigilance","Wallop+1","JustLucky+1","WreathOfFlame+1","Tantrum+1","WindmillStrike+1","EmptyFist","ClearTheMind","Establishment+1","Wireheading+1","Bite+1","Bite","Bite+1","Bite+1","Bite+1","Wallop+1","Halt+1","Conclude","Wish+1","CurseOfTheBell","Halt+1","SashWhip","Halt"],"relics":["Astrolabe","The Courier","CeramicFish","Cursed Key","Vajra","DollysMirror","Calling Bell","Akabeko","Frozen Egg 2","Ginger","Bag of Preparation","Red Mask","Omamori"],"acts_visited":["Exordium","TheCity","TheBeyond"],"potions_floor_usage":[33,46,46,48,50],"damage_taken":[{"damage":0,"enemies":"Cultist","floor":1,"turns":2},{"damage":0,"enemies":"2 Louse","floor":4,"turns":2},{"damage":13,"enemies":"Lagavulin","floor":6,"turns":3},{"damage":0,"enemies":"Jaw Worm","floor":8,"turns":2},{"damage":0,"enemies":"Exordium Thugs","floor":12,"turns":2},{"damage":37,"enemies":"The Guardian","floor":16,"turns":7},{"damage":0,"enemies":"Shell Parasite","floor":18,"turns":2},{"damage":22,"enemies":"3 Byrds","floor":28,"turns":4},{"damage":0,"enemies":"Snecko","floor":30,"turns":3},{"damage":51,"enemies":"Collector","floor":33,"turns":7},{"damage":0,"enemies":"Orb Walker","floor":35,"turns":2},{"damage":29,"enemies":"3 Shapes","floor":36,"turns":4},{"damage":0,"enemies":"Maw","floor":42,"turns":5},{"damage":0,"enemies":"4 Shapes","floor":45,"turns":2},{"damage":18,"enemies":"Jaw Worm Horde","floor":46,"turns":5},{"damage":28,"enemies":"Writhing Mass","floor":48,"turns":3},{"damage":43,"enemies":"Donu and Deca","floor":50,"turns":2}],"seed_played":"6976273425967814560","potions_obtained":[{"floor":1,"key":"LiquidMemories"},{"floor":8,"key":"FearPotion"},{"floor":18,"key":"ColorlessPotion"},{"floor":33,"key":"Fire Potion"},{"floor":46,"key":"DuplicationPotion"}],"is_trial":false,"path_per_floor":["M","$","?","M","?","E","R","M","T","R","$","M","$","?","R","B",null,"M","$","?","?","$","R","?","R","T","R","M","R","M","$","R","B",null,"M","M","?","?","$","R","?","M","T","?","M","M","R","M","R","B"],"character_chosen":"WATCHER","items_purchased":["WindmillStrike","Vajra","DollysMirror","Conclude","Bag of Preparation"],"campfire_rested":1,"item_purchase_floors":[2,19,22,31,39],"current_hp_per_floor":[72,72,65,65,54,41,41,41,41,41,41,41,41,41,41,4,72,72,72,50,50,50,50,45,45,45,45,34,34,45,45,45,9,50,50,24,24,24,24,24,24,32,32,32,40,31,31,3,17,0,0],"gold":111,"neow_bonus":"BOSS_RELIC","is_daily":false,"chose_seed":false,"campfire_upgraded":9,"win_rate":0.0,"timestamp":1610143084,"path_taken":["M","$","?","M","?","E","R","M","T","R","$","?","$","?","R","BOSS","M","$","?","?","$","R","?","R","T","R","?","R","M","?","R","BOSS","M","M","?","?","$","R","?","M","T","?","?","M","R","M","R","BOSS"],"items_purchased_type":["Card","Relic","Relic","Card","Relic"],"build_version":"2020-12-22","purchased_purges":3,"victory":false,"max_hp_per_floor":[72,72,72,72,72,72,72,72,72,72,72,72,72,72,72,72,72,72,72,50,50,50,50,50,50,50,50,50,50,50,50,50,50,50,50,50,50,47,47,47,47,47,47,47,47,47,47,47,47,47,47],"card_choices":[{"not_picked":["Consecrate","TalkToTheHand"],"picked":"Tantrum","floor":1},{"not_picked":["ClearTheMind","ForeignInfluence","Worship"],"picked":"SKIP","floor":4},{"not_picked":["EmptyMind","Nirvana"],"picked":"EmptyFist","floor":6},{"not_picked":["BowlingBash","Evaluate","FlurryOfBlows"],"picked":"SKIP","floor":8},{"not_picked":["Indignation","FlurryOfBlows"],"picked":"ClearTheMind","floor":12},{"not_picked":["Blasphemy","ConjureBlade"],"picked":"Establishment","floor":16},{"not_picked":["Evaluate","Crescendo"],"picked":"Wireheading+1","floor":18},{"not_picked":["Prostrate+1","SignatureMove","FlurryOfBlows"],"picked":"SKIP","floor":28},{"not_picked":["FollowUp","Meditate"],"picked":"Halt+1","floor":30},{"not_picked":["DeusExMachina","Omniscience"],"picked":"Wish","floor":33},{"not_picked":["Prostrate","FlyingSleeves+1"],"picked":"Halt+1","floor":35},{"not_picked":["Crescendo+1","Establishment+1","FlurryOfBlows+1"],"picked":"SKIP","floor":36},{"not_picked":["Swivel","FlurryOfBlows"],"picked":"SashWhip","floor":42},{"not_picked":["Wireheading+1","Vengeance","InnerPeace"],"picked":"SKIP","floor":45},{"not_picked":["CutThroughFate+1","Wallop","LikeWater+1"],"picked":"SKIP","floor":46},{"not_picked":["FlyingSleeves+1","ForeignInfluence+1"],"picked":"Halt","floor":48}],"player_experience":248757,"relics_obtained":[{"floor":6,"key":"The Courier"},{"floor":9,"key":"CeramicFish"},{"floor":34,"key":"Akabeko"},{"floor":34,"key":"Frozen Egg 2"},{"floor":34,"key":"Ginger"},{"floor":43,"key":"Omamori"}],"event_choices":[{"cards_removed":["Strike_P"],"damage_healed":0,"gold_gain":0,"player_choice":"Card Removal","damage_taken":7,"max_hp_gain":0,"max_hp_loss":0,"event_name":"Golden Wing","floor":3,"gold_loss":0},{"damage_healed":0,"gold_gain":75,"player_choice":"Gather Gold","damage_taken":11,"max_hp_gain":0,"max_hp_loss":0,"event_name":"World of Goop","floor":5,"gold_loss":0},{"cards_removed":["Strike_P"],"damage_healed":0,"gold_gain":0,"player_choice":"Card Removal","damage_taken":0,"max_hp_gain":0,"max_hp_loss":0,"event_name":"The Cleric","floor":14,"gold_loss":50},{"damage_healed":0,"gold_gain":0,"player_choice":"Became a vampire","damage_taken":0,"max_hp_gain":0,"max_hp_loss":22,"event_name":"Vampires","floor":20,"gold_loss":0,"cards_obtained":["Bite","Bite","Bite","Bite","Bite"]},{"damage_healed":0,"gold_gain":99,"player_choice":"Stole From Cult","damage_taken":0,"max_hp_gain":0,"max_hp_loss":0,"event_name":"Nest","floor":21,"gold_loss":0},{"damage_healed":0,"gold_gain":75,"player_choice":"Touch","damage_taken":5,"max_hp_gain":0,"max_hp_loss":0,"event_name":"FaceTrader","floor":24,"gold_loss":0},{"damage_healed":0,"gold_gain":0,"player_choice":"Ignored","damage_taken":0,"max_hp_gain":0,"max_hp_loss":0,"event_name":"Mysterious Sphere","floor":37,"gold_loss":0},{"damage_healed":0,"gold_gain":0,"player_choice":"Max HP","damage_taken":0,"max_hp_gain":0,"max_hp_loss":3,"event_name":"Winding Halls","floor":38,"gold_loss":0},{"damage_healed":0,"gold_gain":0,"player_choice":"Paid","damage_taken":0,"relics_obtained":["Red Mask"],"max_hp_gain":0,"max_hp_loss":0,"event_name":"Tomb of Lord Red Mask","floor":41,"gold_loss":119},{"cards_removed":["Clumsy"],"damage_healed":0,"gold_gain":0,"player_choice":"Removed Curses","damage_taken":0,"max_hp_gain":0,"max_hp_loss":0,"event_name":"Fountain of Cleansing","floor":44,"gold_loss":0}],"is_beta":false,"boss_relics":[{"not_picked":["Sozu","Runic Dome"],"picked":"Cursed Key"},{"not_picked":["Fusion Hammer","Pandora\u0027s Box"],"picked":"Calling Bell"}],"items_purged_floors":[11,13,39],"is_endless":false,"potions_floor_spawned":[1,8,18,33,42,46],"killed_by":"Donu and Deca","ascension_level":0}}