{"host":"9m5fqm7mzo46r5jo","time":1610113481,"event":{"mods":["BaseMod","Conspire","Downfall","Friendly Minions","GifTheSpireLib","Lobotomy","Minty Spire (QoL Compilation)","READ ME - Guardian Mod","Remilia（蕾米莉亚）","RumiaBox-露米娅的神秘盒子","Shop Mod","StSLib","The Cursed","The Death Knight","The Hierophant","The Jungle","The Necromancer","vexMod","【功能Mod】聪明的最终Boss"],"gold_per_floor":[17,61,102,277,314,314,308,368,368,368,346,346],"floor_reached":11,"playtime":1052,"items_purged":[],"score":90,"play_id":"bdf6d2c0-ab9f-4e91-b92e-8dcfa43042f2","local_time":"20210108214441","is_ascension_mode":false,"campfire_choices":[{"data":"hierophant:RustyCrate","floor":6,"key":"SMITH"},{"floor":10,"key":"REST"}],"circlet_count":0,"master_deck":["hierophant:Strike_Hierophant","hierophant:Strike_Hierophant","hierophant:Strike_Hierophant","hierophant:Strike_Hierophant","hierophant:Punish","hierophant:Defend_Hierophant","hierophant:Defend_Hierophant","hierophant:Defend_Hierophant","hierophant:Defend_Hierophant","hierophant:ChurchCoffers","hierophant:Embezzle","hierophant:RustyCrate+1","hierophant:Doubloon","hierophant:Doubloon","hierophant:RustyCrate","hierophant:Doubloon","hierophant:Doubloon","Doubt","hierophant:Alms","hierophant:Doubloon","hierophant:CursedGold","hierophant:PassingBell","hierophant:Smite"],"relics":["hierophant:PropheticMaskRelic","Potion Belt","Dream Catcher"],"acts_visited":["Exordium"],"potions_floor_usage":[2],"damage_taken":[{"damage":11,"enemies":"Jaw Worm","floor":1,"turns":4},{"damage":12,"enemies":"conspire:MimicChest","floor":2,"turns":7},{"damage":8,"enemies":"2 Louse","floor":3,"turns":3},{"damage":15,"enemies":"Cultist","floor":5,"turns":6},{"damage":12,"enemies":"Looter","floor":7,"turns":4},{"damage":20,"enemies":"Exordium Wildlife","floor":8,"turns":5},{"damage":38,"enemies":"Gremlin Nob","floor":11,"turns":3}],"seed_played":"2969284144894180183","potions_obtained":[{"floor":1,"key":"Strength Potion"},{"floor":5,"key":"LiquidMemories"}],"is_trial":false,"path_per_floor":["M","?","M","?","M","R","M","M","T","R","E"],"character_chosen":"HIEROPHANT","items_purchased":[],"campfire_rested":1,"item_purchase_floors":[],"current_hp_per_floor":[78,66,58,58,43,43,31,11,11,37,0,0],"gold":346,"neow_bonus":"TWENTY_PERCENT_HP_BONUS","is_daily":false,"chose_seed":false,"campfire_upgraded":1,"win_rate":0.0,"timestamp":1610113481,"path_taken":["M","?","?","?","M","R","M","M","T","R","E"],"items_purchased_type":[],"build_version":"2020-12-22","purchased_purges":0,"victory":false,"max_hp_per_floor":[89,89,89,89,89,89,89,89,89,89,89,89],"card_choices":[{"not_picked":["hierophant:Smite","hierophant:RepressedViolence"],"picked":"hierophant:Embezzle","floor":1},{"not_picked":["hierophant:Encroach","hierophant:Zeal"],"picked":"hierophant:RustyCrate","floor":2},{"not_picked":["hierophant:Upheaval","hierophant:DisplayOfPower"],"picked":"hierophant:RustyCrate","floor":3},{"not_picked":["hierophant:DisplayOfPower","hierophant:Encroach"],"picked":"hierophant:Alms","floor":5},{"not_picked":["hierophant:ThreeLashes","hierophant:Kindle"],"picked":"hierophant:CursedGold","floor":7},{"not_picked":["hierophant:AuricBeam","hierophant:Chorus"],"picked":"hierophant:PassingBell","floor":8},{"not_picked":["hierophant:DisplayOfPower","hierophant:ThreeLashes"],"picked":"hierophant:Smite","floor":10}],"player_experience":83480,"relics_obtained":[{"floor":2,"key":"Potion Belt"},{"floor":9,"key":"Dream Catcher"}],"event_choices":[{"damage_healed":0,"gold_gain":175,"player_choice":"AGREE","damage_taken":0,"max_hp_gain":0,"max_hp_loss":0,"event_name":"Liars Game","floor":4,"gold_loss":0,"cards_obtained":["Doubt"]}],"is_beta":false,"boss_relics":[],"items_purged_floors":[],"is_endless":false,"potions_floor_spawned":[1,5],"killed_by":"Gremlin Nob","ascension_level":0}}