{"host":"7krnriczr1b2ou5r","time":1610126961,"event":{"mods":["BaseMod","Keyboard Shortcuts","Marisa£¨Ùöéë¡¡Øª×âÞÞ£©","Minty Spire (QoL Compilation)","Relic Stats","StSLib"],"gold_per_floor":[213,231,251,61,81,81,94,108,135,135,9,20,49,69,69,170,170,187,204,220,220,220,255,255,284,365,465,390,422,422,436,436,540,540,554,554,573,591,607,640,660,692,737,748,761,796,812,838,838,838,838,838,367,398,398],"floor_reached":56,"playtime":6372,"items_purged":["Strike_MRS","Strike_MRS","Defend_MRS"],"score":1800,"play_id":"38c328d1-d4c9-4581-9f96-94275f9da588","local_time":"20210109022921","is_ascension_mode":true,"campfire_choices":[{"data":"IllusionStar","floor":6,"key":"SMITH"},{"data":"MysteriousBeam","floor":10,"key":"SMITH"},{"data":"OpenUniverse","floor":15,"key":"SMITH"},{"data":"UltimateShortwave","floor":24,"key":"SMITH"},{"data":"EarthLightRay","floor":30,"key":"SMITH"},{"data":"Orbital","floor":32,"key":"SMITH"},{"data":"SatelliteIllusion","floor":49,"key":"SMITH"},{"data":"GasGiant","floor":52,"key":"SMITH"}],"circlet_count":0,"master_deck":["Defend_MRS","Defend_MRS","MasterSpark","UpSweep","SuperNova+1","WitchLeyline","IllusionStar+1","MysteriousBeam+1","OpenUniverse+1","UltimateShortwave+1","SuperPerseids","Parasite","Parasite","AbsoluteMagnitude","GasGiant+1","Orbital+1","EarthLightRay+1","SatelliteIllusion+1","CurseOfTheBell","OpenUniverse+1","Acceleration+1","Parasite","MachineGunSpark+1","Orbital+1","DarkMatter+1","SatelliteIllusion+1","MagicChant+1","Madness+1","MaximisePower+1"],"relics":["MiniHakkero","Membership Card","Oddly Smooth Stone","PreservedInsect","Turnip","RampagingMagicTools","ShroomBag","Bronze Scales","MealTicket","Toxic Egg 2","Calipers","Eternal Feather","Akabeko","Calling Bell","Nunchaku","Darkstone Periapt","StoneCalendar","Bag of Preparation","Sundial","Regal Pillow","Shuriken","MagicBroom","ClockworkSouvenir","Bag of Marbles","Pen Nib","Pear"],"acts_visited":["Exordium","TheCity","TheBeyond","TheEnding"],"potions_floor_usage":[8,16,18,23,38,45,45,48,55,55,55],"damage_taken":[{"damage":1,"enemies":"Cultist","floor":1,"turns":3},{"damage":3,"enemies":"2 Louse","floor":2,"turns":3},{"damage":0,"enemies":"Small Slimes","floor":3,"turns":2},{"damage":5,"enemies":"2 Fungi Beasts","floor":5,"turns":3},{"damage":2,"enemies":"Looter","floor":7,"turns":3},{"damage":13,"enemies":"Lots of Slimes","floor":8,"turns":3},{"damage":0,"enemies":"3 Louse","floor":12,"turns":1},{"damage":11,"enemies":"Lagavulin","floor":13,"turns":5},{"damage":5,"enemies":"Looter","floor":14,"turns":2},{"damage":0,"enemies":"Slime Boss","floor":16,"turns":6},{"damage":6,"enemies":"Shell Parasite","floor":18,"turns":4},{"damage":2,"enemies":"Spheric Guardian","floor":19,"turns":5},{"damage":24,"enemies":"Snake Plant","floor":20,"turns":3},{"damage":2,"enemies":"Slavers","floor":23,"turns":3},{"damage":9,"enemies":"Gremlin Leader","floor":25,"turns":3},{"damage":21,"enemies":"Colosseum Slavers","floor":27,"turns":3},{"damage":2,"enemies":"Colosseum Nobs","floor":27,"turns":4},{"damage":26,"enemies":"Book of Stabbing","floor":29,"turns":4},{"damage":5,"enemies":"Centurion and Healer","floor":31,"turns":3},{"damage":9,"enemies":"Champ","floor":33,"turns":5},{"damage":1,"enemies":"3 Shapes","floor":35,"turns":2},{"damage":14,"enemies":"Orb Walker","floor":37,"turns":2},{"damage":0,"enemies":"Sphere and 2 Shapes","floor":38,"turns":4},{"damage":33,"enemies":"Writhing Mass","floor":39,"turns":3},{"damage":9,"enemies":"Giant Head","floor":40,"turns":4},{"damage":25,"enemies":"Jaw Worm Horde","floor":41,"turns":2},{"damage":31,"enemies":"Nemesis","floor":42,"turns":3},{"damage":0,"enemies":"3 Darklings","floor":44,"turns":2},{"damage":38,"enemies":"4 Shapes","floor":45,"turns":3},{"damage":0,"enemies":"Giant Head","floor":46,"turns":3},{"damage":0,"enemies":"Spire Growth","floor":47,"turns":2},{"damage":18,"enemies":"Nemesis","floor":48,"turns":3},{"damage":12,"enemies":"Donu and Deca","floor":50,"turns":3},{"damage":0,"enemies":"Shield and Spear","floor":54,"turns":2},{"damage":131,"enemies":"The Heart","floor":55,"turns":7}],"seed_played":"-2387202129115840356","potions_obtained":[{"floor":1,"key":"Fruit Juice"},{"floor":3,"key":"SpeedPotion"},{"floor":5,"key":"Weak Potion"},{"floor":12,"key":"ColorlessPotion"},{"floor":20,"key":"Block Potion"},{"floor":25,"key":"EssenceOfSteel"},{"floor":29,"key":"DistilledChaos"},{"floor":37,"key":"StarNLove"},{"floor":40,"key":"ColorlessPotion"},{"floor":45,"key":"SmokeBomb"},{"floor":47,"key":"Block Potion"},{"floor":48,"key":"SpeedPotion"}],"is_trial":false,"path_per_floor":["M","M","M","$","M","R","M","M","T","R","$","M","E","M","R","B",null,"M","M","M","?","?","E","R","E","T","?","?","E","R","M","R","B",null,"M","?","M","M","M","E","M","E","T","M","M","E","M","E","R","B",null,"R","$","E","B",null],"character_chosen":"MARISA","items_purchased":["Membership Card","PreservedInsect","Madness+1","MaximisePower+1","ClockworkSouvenir","Bag of Marbles","Pen Nib","CultistPotion"],"campfire_rested":0,"item_purchase_floors":[4,11,53,53,53,53,53,53],"current_hp_per_floor":[74,71,71,71,66,66,64,56,56,56,56,56,45,40,40,40,70,64,62,38,38,38,40,40,33,33,28,28,12,21,28,37,44,71,72,72,68,78,63,66,51,34,34,54,32,56,64,64,79,83,85,86,86,96,28],"gold":398,"neow_bonus":"HUNDRED_GOLD","is_daily":false,"chose_seed":false,"campfire_upgraded":8,"win_rate":0.0,"timestamp":1610126961,"path_taken":["M","?","M","$","M","R","M","M","T","R","$","M","E","M","R","BOSS","M","M","?","?","?","E","R","E","T","?","?","E","R","M","R","BOSS","M","?","?","M","M","E","M","E","T","M","M","E","M","E","R","BOSS","R","$","E","BOSS"],"items_purchased_type":["Relic","Relic","Card","Card","Relic","Relic","Relic","Potion"],"build_version":"2020-12-22","purchased_purges":3,"victory":true,"max_hp_per_floor":[75,75,75,75,75,75,75,80,80,80,80,80,80,80,80,80,80,80,80,80,80,80,80,80,80,80,80,80,80,80,80,80,80,80,80,80,80,80,86,86,86,86,86,86,86,86,86,86,86,86,86,86,86,96,96],"relic_stats":{"Darkstone Periapt":6,"Regal Pillow":0,"counters":[35,113],"Eternal Feather":34,"StoneCalendar":[0],"PreservedInsect":598,"Pen Nib":[2],"Bag of Preparation":[20],"Nunchaku":[11],"Sundial":[12],"Shuriken":[7],"Bronze Scales":[211],"MealTicket":0,"Turnip":[22],"obtain_stats":[{"Darkstone Periapt":34,"AmplifyWand":38,"Regal Pillow":43,"Calipers":27,"StoneCalendar":34,"Bag of Preparation":40,"ClockworkSouvenir":53,"Nunchaku":34,"Mummified Hand":25,"Sundial":42,"MealTicket":25,"RampagingMagicTools":17,"Toxic Egg 2":26,"MagicBroom":48,"Pear":54,"Blue Candle":41,"Oddly Smooth Stone":9,"Eternal Feather":27,"PreservedInsect":11,"Pen Nib":53,"Akabeko":29,"Mercury Hourglass":29,"Calling Bell":34,"ShroomBag":21,"Shuriken":19,"Bronze Scales":23,"Turnip":13,"Bag of Marbles":53,"MiniHakkero":0,"Membership Card":4,"Meat on the Bone":41},{"Darkstone Periapt":20,"AmplifyWand":23,"Regal Pillow":27,"Calipers":17,"StoneCalendar":20,"Bag of Preparation":25,"ClockworkSouvenir":33,"Nunchaku":20,"Mummified Hand":15,"Sundial":27,"MealTicket":15,"RampagingMagicTools":10,"Toxic Egg 2":15,"MagicBroom":32,"Pear":34,"Blue Candle":26,"Oddly Smooth Stone":6,"Eternal Feather":17,"PreservedInsect":6,"Pen Nib":33,"Akabeko":18,"Mercury Hourglass":18,"Calling Bell":20,"ShroomBag":13,"Shuriken":12,"Bronze Scales":14,"Turnip":8,"Bag of Marbles":33,"MiniHakkero":0,"Membership Card":3,"Meat on the Bone":26},{"Darkstone Periapt":68,"AmplifyWand":74,"Regal Pillow":88,"Calipers":56,"StoneCalendar":68,"Bag of Preparation":83,"ClockworkSouvenir":104,"Nunchaku":68,"Mummified Hand":47,"Sundial":88,"MealTicket":49,"RampagingMagicTools":31,"Toxic Egg 2":49,"MagicBroom":101,"Pear":106,"Blue Candle":85,"Oddly Smooth Stone":17,"Eternal Feather":56,"PreservedInsect":17,"Pen Nib":104,"Akabeko":60,"Mercury Hourglass":59,"Calling Bell":68,"ShroomBag":43,"Shuriken":37,"Bronze Scales":46,"Turnip":23,"Bag of Marbles":104,"MiniHakkero":0,"Membership Card":8,"Meat on the Bone":85}]},"card_choices":[{"not_picked":["GasGiant","LuminesStrike"],"picked":"WitchLeyline","floor":1},{"not_picked":["FairyDestructionRay","WitchLeyline"],"picked":"IllusionStar","floor":2},{"not_picked":["StarBarrage","Robbery","WitchOfGreed"],"picked":"SKIP","floor":3},{"not_picked":["StarBarrage","Robbery","WitchOfGreed"],"picked":"SKIP","floor":3},{"not_picked":["WitchOfGreed","BlazeAway","DC"],"picked":"SKIP","floor":5},{"not_picked":["StarlightTyphoon","PulseMagic"],"picked":"MysteriousBeam","floor":7},{"not_picked":["DC","OortCloud","SporeBomb"],"picked":"SKIP","floor":8},{"not_picked":["BlazeAway","DoubleSpark","DragonMeteor"],"picked":"SKIP","floor":12},{"not_picked":["EnergyFlow","OneTimeOff","ShootTheMoon"],"picked":"SKIP","floor":13},{"not_picked":["DarkMatter","PulseMagic"],"picked":"OpenUniverse","floor":14},{"not_picked":["SuperNova","JA"],"picked":"UltimateShortwave","floor":16},{"not_picked":["Acceleration","Robbery","WitchOfGreed"],"picked":"SKIP","floor":18},{"not_picked":["GravityBeat+1","WitchOfGreed","LuminesStrike"],"picked":"SKIP","floor":19},{"not_picked":["PulseMagic","SprinkleStarSeal"],"picked":"SuperPerseids","floor":20},{"not_picked":["GasGiant","WitchLeyline"],"picked":"Orbital","floor":23},{"not_picked":["MagicAbsorber+1","BigCrunch"],"picked":"EarthLightRay","floor":25},{"not_picked":["StarlightTyphoon+1","6A","SuperPerseids+1"],"picked":"SKIP","floor":29},{"not_picked":["SporeBomb+1","DC","LuminesStrike"],"picked":"SKIP","floor":31},{"not_picked":["FinalSpark","ManaRampage+1"],"picked":"SatelliteIllusion","floor":33},{"not_picked":["WitchLeyline+1","OneTimeOff+1"],"picked":"OpenUniverse+1","floor":35},{"not_picked":["UnstableBomb+1","OpenUniverse+1"],"picked":"Acceleration+1","floor":37},{"not_picked":["OortCloud+1","OpenUniverse+1","StarBarrage+1"],"picked":"SKIP","floor":38},{"not_picked":["MilkyWay+1","PowerUp+1","ChargeUpSpray"],"picked":"SKIP","floor":39},{"not_picked":["StarlightTyphoon+1","BlazeAway+1"],"picked":"MachineGunSpark+1","floor":40},{"not_picked":["SprinkleStarSeal+1","WitchOfGreed"],"picked":"Orbital+1","floor":41},{"not_picked":["MilkyWay+1","6A"],"picked":"DarkMatter+1","floor":42},{"not_picked":["AsteroidBelt+1","WitchOfGreed+1"],"picked":"SatelliteIllusion","floor":44},{"not_picked":["GrandCross","EnergyFlow+1","DoubleSpark+1"],"picked":"SKIP","floor":45},{"not_picked":["EarthLightRay+1","ShootingEcho"],"picked":"MagicChant+1","floor":46},{"not_picked":["DeepEcoloBomb","PropBag+1","DarkMatter+1"],"picked":"SKIP","floor":47},{"not_picked":["WitchLeyline","Acceleration+1","DarkSpark"],"picked":"SKIP","floor":48},{"not_picked":["SprinkleStarSeal+1","ShootingEcho+1","BlazeAway+1"],"picked":"SKIP","floor":54}],"player_experience":1088872,"relics_obtained":[{"floor":9,"key":"Oddly Smooth Stone"},{"floor":13,"key":"Turnip"},{"floor":23,"key":"Bronze Scales"},{"floor":25,"key":"MealTicket"},{"floor":26,"key":"Toxic Egg 2"},{"floor":27,"key":"Calipers"},{"floor":27,"key":"Eternal Feather"},{"floor":29,"key":"Akabeko"},{"floor":34,"key":"Nunchaku"},{"floor":34,"key":"Darkstone Periapt"},{"floor":34,"key":"StoneCalendar"},{"floor":40,"key":"Bag of Preparation"},{"floor":42,"key":"Sundial"},{"floor":43,"key":"Regal Pillow"},{"floor":46,"key":"Shuriken"},{"floor":48,"key":"MagicBroom"},{"floor":54,"key":"Pear"}],"event_choices":[{"damage_healed":0,"gold_gain":0,"player_choice":"Opened","damage_taken":0,"relics_obtained":["ShroomBag"],"max_hp_gain":0,"max_hp_loss":0,"event_name":"The Mausoleum","floor":21,"gold_loss":0},{"damage_healed":0,"gold_gain":0,"cards_transformed":["Strike_MRS","Defend_MRS"],"player_choice":"Became Test Subject","damage_taken":0,"max_hp_gain":0,"max_hp_loss":0,"event_name":"Drug Dealer","floor":22,"gold_loss":0,"cards_obtained":["AbsoluteMagnitude","GasGiant"]},{"damage_healed":0,"gold_gain":0,"player_choice":"Fight","damage_taken":0,"max_hp_gain":0,"max_hp_loss":0,"event_name":"Colosseum","floor":27,"gold_loss":0},{"damage_healed":0,"gold_gain":0,"player_choice":"Fought Nobs","damage_taken":0,"max_hp_gain":0,"max_hp_loss":0,"event_name":"Colosseum","floor":27,"gold_loss":0},{"cards_removed":["Strike_MRS"],"damage_healed":0,"gold_gain":0,"player_choice":"Gave Gold","damage_taken":0,"max_hp_gain":0,"max_hp_loss":0,"event_name":"Beggar","floor":28,"gold_loss":75},{"damage_healed":0,"gold_gain":0,"player_choice":"Upgraded","damage_taken":0,"max_hp_gain":0,"max_hp_loss":0,"event_name":"Upgrade Shrine","floor":36,"gold_loss":0,"cards_upgraded":["SatelliteIllusion"]}],"is_beta":false,"boss_relics":[{"not_picked":["ExperimentalFamiliar","Coffee Dripper"],"picked":"RampagingMagicTools"},{"not_picked":["SacredBark","Cursed Key"],"picked":"Calling Bell"}],"items_purged_floors":[4,11,53],"is_endless":false,"potions_floor_spawned":[1,3,5,12,14,20,25,27,29,31,37,40,42,45,47,48,54],"ascension_level":5}}