{"host":"b7j598ve05halrwk","time":1610075544,"event":{"mods":["2.2 Compatiblity","BaseMod","Block Reminder","DeckTracker","Minty Spire (QoL Compilation)","Relic Stats","Slay the Relics Exporter","StSLib","ojb\u0027s Better Paths Mod","ojb\u0027s Info Mod"],"gold_per_floor":[115,51,64,81,101,101,127,127,150,0,30,30,73,96,105,191,191,212,232,260,185,4,13,56,65,65,83,50,50,91,110,119,203,203,219,241,263,286,55,55,55],"floor_reached":40,"playtime":2884,"items_purged":["Strike_B","Strike_B"],"score":917,"play_id":"0bd4d3d1-1226-4c43-badf-247976e77ea3","local_time":"20210107221223","is_ascension_mode":true,"campfire_choices":[{"floor":6.0,"key":"REST"},{"floor":8.0,"key":"REST"},{"floor":15.0,"key":"REST"},{"floor":23.0,"key":"REST"},{"floor":25.0,"key":"REST"},{"floor":32,"key":"REST"}],"circlet_count":0,"master_deck":["AscendersBane","Defend_B","Defend_B","Defend_B","Defend_B","Zap","Dualcast","Streamline","Glacier","Hologram","Coolheaded","Sunder","Ball Lightning","Genetic Algorithm","Core Surge","Loop","Undo","Conserve Battery","Barrage","Rainbow","Compile Driver","Skim","Hyperbeam","Chill+1","Stack","Barrage+1","Reboot","Thunder Strike","Genetic Algorithm","Machine Learning","Compile Driver","Ball Lightning+1","Core Surge","Lockon+1","Doom and Gloom","Turbo+1","Capacitor"],"relics":["Fusion Hammer","Dream Catcher","Happy Flower","Regal Pillow","Turnip","Tiny Chest","CeramicFish","Velvet Choker","PreservedInsect","Oddly Smooth Stone","StoneCalendar","HornCleat","Runic Pyramid","ClockworkSouvenir"],"acts_visited":["Exordium","TheCity","TheBeyond"],"potions_floor_usage":[33,40],"damage_taken":[{"damage":7.0,"enemies":"Small Slimes","floor":1.0,"turns":4.0},{"damage":6.0,"enemies":"Cultist","floor":3.0,"turns":4.0},{"damage":0.0,"enemies":"Jaw Worm","floor":4.0,"turns":3.0},{"damage":47.0,"enemies":"Gremlin Gang","floor":5.0,"turns":8.0},{"damage":14.0,"enemies":"Lagavulin","floor":7.0,"turns":7.0},{"damage":3.0,"enemies":"3 Sentries","floor":11.0,"turns":11.0},{"damage":14.0,"enemies":"Gremlin Nob","floor":13.0,"turns":4.0},{"damage":0.0,"enemies":"Lots of Slimes","floor":14.0,"turns":5.0},{"damage":31.0,"enemies":"Hexaghost","floor":16.0,"turns":12.0},{"damage":2.0,"enemies":"Spheric Guardian","floor":18.0,"turns":3.0},{"damage":12.0,"enemies":"Chosen","floor":19.0,"turns":6.0},{"damage":25.0,"enemies":"Shelled Parasite and Fungi","floor":20.0,"turns":7.0},{"damage":32.0,"enemies":"Slavers","floor":24.0,"turns":5.0},{"damage":11.0,"enemies":"Gremlin Leader","floor":30.0,"turns":7.0},{"damage":0,"enemies":"Snecko","floor":31,"turns":6},{"damage":50,"enemies":"Champ","floor":33,"turns":17},{"damage":1,"enemies":"Orb Walker","floor":35,"turns":4},{"damage":0,"enemies":"3 Shapes","floor":36,"turns":4},{"damage":9,"enemies":"Spire Growth","floor":37,"turns":7},{"damage":0,"enemies":"3 Darklings","floor":38,"turns":4},{"damage":44,"enemies":"Giant Head","floor":40,"turns":7}],"seed_played":"-5687711236282151932","potions_obtained":[{"floor":5.0,"key":"GamblersBrew"},{"floor":7.0,"key":"Swift Potion"},{"floor":13.0,"key":"Strength Potion"},{"floor":16.0,"key":"PowerPotion"},{"floor":20.0,"key":"Weak Potion"},{"floor":24.0,"key":"Regen Potion"},{"floor":33,"key":"FocusPotion"},{"floor":37,"key":"Energy Potion"}],"is_trial":false,"path_per_floor":["M","?","M","M","M","R","E","R","T","$","E","T","E","M","R","B",null,"M","M","M","$","$","R","E","R","T","?","$","T","E","M","R","B",null,"M","M","M","M","$","E"],"character_chosen":"DEFECT","items_purchased":["Core Surge","Hyperbeam","Genetic Algorithm","Capacitor","ClockworkSouvenir"],"campfire_rested":6,"item_purchase_floors":[10,22,28,39,39],"current_hp_per_floor":[57,57,51,51,4,25,11,32,32,32,29,29,15,15,51,20,58,56,44,19,19,19,55,23,59,59,59,59,59,61,61,71,21,59,58,58,49,49,49,5,5],"gold":55,"neow_bonus":"BOSS_RELIC","is_daily":false,"chose_seed":false,"campfire_upgraded":0,"win_rate":0.0,"timestamp":1610075543,"path_taken":["M","?","?","M","M","R","E","R","T","$","E","?","E","M","R","BOSS","M","?","M","?","$","R","E","R","T","?","$","?","E","M","R","BOSS","M","M","M","?","?","E"],"items_purchased_type":["Card","Card","Card","Card","Relic"],"build_version":"2020-12-22","purchased_purges":2,"victory":false,"max_hp_per_floor":[71,71,71,71,71,71,71,71,71,71,71,71,71,71,71,71,71,71,71,71,71,71,71,71,71,71,71,71,71,71,71,71,71,71,71,71,71,71,71,71,71],"relic_stats":{"Dream Catcher":6,"Regal Pillow":45,"Happy Flower":[36],"counters":[21,135],"CeramicFish":189,"Tiny Chest":1,"StoneCalendar":[93],"Turnip":[19],"PreservedInsect":176,"obtain_stats":[{"Regal Pillow":9,"Happy Flower":7,"CeramicFish":13,"Velvet Choker":17,"Oddly Smooth Stone":26,"StoneCalendar":29,"PreservedInsect":24,"ClockworkSouvenir":39,"Dream Catcher":2,"HornCleat":30,"Tiny Chest":12,"Fusion Hammer":0,"Turnip":11,"Cracked Core":0,"Runic Pyramid":34},{"Regal Pillow":5,"Happy Flower":5,"CeramicFish":7,"Velvet Choker":9,"Oddly Smooth Stone":13,"StoneCalendar":13,"PreservedInsect":13,"ClockworkSouvenir":20,"Dream Catcher":1,"HornCleat":14,"Tiny Chest":6,"Fusion Hammer":0,"Turnip":6,"Cracked Core":0,"Runic Pyramid":16},{"Regal Pillow":26,"Happy Flower":26,"CeramicFish":41,"Velvet Choker":58,"Oddly Smooth Stone":79,"StoneCalendar":79,"PreservedInsect":79,"ClockworkSouvenir":128,"Dream Catcher":4,"HornCleat":86,"Tiny Chest":37,"Fusion Hammer":0,"Turnip":37,"Cracked Core":0,"Runic Pyramid":109}]},"card_choices":[{"not_picked":["Leap","Gash"],"picked":"Streamline","floor":1.0},{"not_picked":["Chaos","Gash"],"picked":"Glacier","floor":3.0},{"not_picked":["Steam","Stack"],"picked":"Hologram","floor":4.0},{"not_picked":["Leap","Conserve Battery"],"picked":"Coolheaded","floor":5.0},{"not_picked":["Barrage","Coolheaded"],"picked":"Sunder","floor":6.0},{"not_picked":["Streamline","Capacitor"],"picked":"Ball Lightning","floor":7.0},{"not_picked":["Gash","Scrape"],"picked":"Genetic Algorithm","floor":8.0},{"not_picked":["Core Surge","Cold Snap"],"picked":"Loop","floor":11.0},{"not_picked":["Conserve Battery","Hello World"],"picked":"Undo","floor":13.0},{"not_picked":["Beam Cell","Turbo"],"picked":"Conserve Battery","floor":14.0},{"not_picked":["Rebound","BootSequence"],"picked":"Barrage","floor":15.0},{"not_picked":["Buffer","Thunder Strike"],"picked":"Rainbow","floor":16.0},{"not_picked":["Steam","Go for the Eyes"],"picked":"Compile Driver","floor":18.0},{"not_picked":["Rebound","Scrape","Redo"],"picked":"SKIP","floor":19.0},{"not_picked":["Steam","Stack"],"picked":"Skim","floor":20.0},{"not_picked":["Turbo","Gash"],"picked":"Chill+1","floor":23.0},{"not_picked":["Recycle","Rebound","Stack"],"picked":"SKIP","floor":24.0},{"not_picked":["Recycle","Rebound"],"picked":"Stack","floor":24.0},{"not_picked":["White Noise","Rip and Tear"],"picked":"Barrage+1","floor":25.0},{"not_picked":["Barrage","Fusion"],"picked":"Machine Learning","floor":30.0},{"not_picked":["Hologram","Hello World+1"],"picked":"Compile Driver","floor":31},{"not_picked":["Self Repair","Sweeping Beam"],"picked":"Ball Lightning+1","floor":32},{"not_picked":["Buffer","Multi-Cast"],"picked":"Core Surge","floor":33},{"not_picked":["Coolheaded","Compile Driver","FTL+1"],"picked":"SKIP","floor":35},{"not_picked":["Coolheaded","Compile Driver","FTL+1"],"picked":"SKIP","floor":35},{"not_picked":["Steam","Beam Cell"],"picked":"Lockon+1","floor":36},{"not_picked":["Reboot","Gash"],"picked":"Doom and Gloom","floor":37},{"not_picked":["Coolheaded","Auto Shields"],"picked":"Turbo+1","floor":38}],"player_experience":858269,"relics_obtained":[{"floor":7.0,"key":"Happy Flower"},{"floor":9.0,"key":"Regal Pillow"},{"floor":11.0,"key":"Turnip"},{"floor":12.0,"key":"Tiny Chest"},{"floor":13.0,"key":"CeramicFish"},{"floor":24.0,"key":"PreservedInsect"},{"floor":26.0,"key":"Oddly Smooth Stone"},{"floor":29.0,"key":"StoneCalendar"},{"floor":30.0,"key":"HornCleat"}],"event_choices":[{"damage_healed":0.0,"max_hp_gain":0.0,"max_hp_loss":0.0,"gold_gain":0.0,"event_name":"WeMeetAgain","player_choice":"Paid Gold","floor":2.0,"gold_loss":64.0,"damage_taken":0.0,"relics_obtained":["Dream Catcher"]},{"damage_healed":0.0,"max_hp_gain":0.0,"max_hp_loss":0.0,"gold_gain":0.0,"cards_transformed":["Strike_B","Strike_B"],"event_name":"Drug Dealer","player_choice":"Became Test Subject","floor":27.0,"gold_loss":0.0,"damage_taken":0.0,"cards_obtained":["Reboot","Thunder Strike"]}],"is_beta":false,"boss_relics":[{"not_picked":["Nuclear Battery","Cursed Key"],"picked":"Velvet Choker"},{"not_picked":["Astrolabe","Sozu"],"picked":"Runic Pyramid"}],"items_purged_floors":[21,22],"is_endless":false,"potions_floor_spawned":[5,7,13,16,20,24,33,37],"killed_by":"Giant Head","ascension_level":20}}