{"host":"d5orsqx4lxgzjfwi","time":1610079686,"event":{"mods":["AchievementEnabler","BaseMod","Colored Map","Downfall","Hermit","Minty Spire (QoL Compilation)","Permanent Neow","Replay The Spire","StSLib","The Cursed","The Hierophant"],"gold_per_floor":[99,110,110,121,121,133,133,173,83,98,248,248,248,259,285,285,285,285],"floor_reached":16,"playtime":1111,"items_purged":["hexamod:EtherealExpedition"],"score":102,"play_id":"a0b61465-427b-4e3c-ad15-6b37d30e3637","local_time":"20210107222126","is_ascension_mode":false,"campfire_choices":[{"data":"hexamod:GhostOfSpirePresent","floor":12,"key":"SMITH"}],"circlet_count":0,"master_deck":["hexamod:Strike","hexamod:Strike","hexamod:Strike","hexamod:Strike","hexamod:Defend","hexamod:Defend","hexamod:Defend","hexamod:Defend","hexamod:Sear","hexamod:Float","hexamod:GhostOfSpirePresent","hexamod:GhostOfSpirePresent+1","hexamod:SecondSeal","hexamod:SpectersWail","hexamod:GhostShield","Slimebound:Icky","hexamod:NightmareStrike","hexamod:FifthSeal","hexamod:Hexaguard"],"relics":["Black Star","Calipers","FossilizedHelix","Sundial","Eternal Feather"],"acts_visited":["Exordium"],"potions_floor_usage":[15,16],"damage_taken":[{"damage":0,"enemies":"Small Slimes","floor":2,"turns":3},{"damage":0,"enemies":"Cultist","floor":3,"turns":1},{"damage":0,"enemies":"2 Louse","floor":4,"turns":3},{"damage":8,"enemies":"2 Fungi Beasts","floor":6,"turns":5},{"damage":17,"enemies":"Replay:BlueRogue","floor":8,"turns":7},{"damage":4,"enemies":"downfall:FleeingMerchant","floor":9,"turns":4},{"damage":15,"enemies":"Exordium Thugs","floor":10,"turns":5},{"damage":2,"enemies":"Blue Slaver","floor":14,"turns":5},{"damage":0,"enemies":"2 Fungi Beasts","floor":15,"turns":3},{"damage":57,"enemies":"downfall:Defect","floor":16,"turns":6}],"seed_played":"-6010152688812484070","potions_obtained":[{"floor":4,"key":"FairyPotion"},{"floor":6,"key":"AttackPotion"},{"floor":8,"key":"SkillPotion"}],"is_trial":false,"path_per_floor":["R_BF","M","M","M","?","M","T","E","$","M","?","R","?","M","M","B"],"character_chosen":"THE_SPIRIT","items_purchased":[],"campfire_rested":0,"item_purchase_floors":[],"current_hp_per_floor":[70,70,70,70,67,59,59,42,38,23,23,32,32,30,30,0,0,0],"gold":285,"neow_bonus":"BOSS_RELIC","is_daily":false,"chose_seed":false,"campfire_upgraded":1,"win_rate":0.0,"timestamp":1610079686,"path_taken":["R_BF","M","M","M","?","M","T","E","$","M","?","R","?","M","M","BOSS"],"items_purchased_type":[],"build_version":"2020-12-22","purchased_purges":1,"victory":false,"max_hp_per_floor":[70,70,70,70,70,70,70,70,70,70,70,70,70,70,70,70,70,70],"card_choices":[{"not_picked":["hexamod:BacktrackSmack","hexamod:NightmareGuise"],"picked":"hexamod:GhostOfSpirePresent","floor":2},{"not_picked":["hexamod:GhostShield","hexamod:EtherealExpedition"],"picked":"hexamod:GhostOfSpirePresent","floor":3},{"not_picked":["hexamod:Incineration","hexamod:GhostOfSpirePast"],"picked":"hexamod:SecondSeal","floor":4},{"not_picked":["hexamod:Firestarter","hexamod:Incineration"],"picked":"hexamod:SpectersWail","floor":6},{"not_picked":["hexamod:AdvancingGuard","hexamod:NecessarySacrifice","hexamod:ExtraCrispy"],"picked":"SKIP","floor":8},{"not_picked":["hexamod:SkipABeat","hexamod:NecessarySacrifice"],"picked":"hexamod:EtherealExpedition","floor":9},{"not_picked":["hexamod:FastForward","hexamod:HexaLevel"],"picked":"hexamod:GhostShield","floor":10},{"not_picked":["hexamod:BacktrackSmack","hexamod:Rewind","hexamod:Incineration"],"picked":"SKIP","floor":14},{"not_picked":["hexamod:SpectersWail","hexamod:ThermalTransfer"],"picked":"hexamod:Hexaguard","floor":15}],"player_experience":206420,"relics_obtained":[{"floor":7,"key":"FossilizedHelix"},{"floor":8,"key":"Sundial"},{"floor":8,"key":"Eternal Feather"}],"event_choices":[{"damage_healed":0,"gold_gain":0,"player_choice":"Success","damage_taken":3,"relics_obtained":["Calipers"],"max_hp_gain":0,"max_hp_loss":0,"event_name":"Scrap Ooze","floor":5,"gold_loss":0}],"is_beta":false,"boss_relics":[],"items_purged_floors":[9],"is_endless":false,"potions_floor_spawned":[4,6,8,10,14],"killed_by":"downfall:Defect","ascension_level":0}}