{"host":"2zw05eexjythz74b","time":1610070185,"event":{"mods":["AchievementEnabler","BaseMod","Better Altar","Colored Map","Minty Spire (QoL Compilation)","StSLib","everything is the same but u backflip on backflip"],"gold_per_floor":[111,126,97,107,107,140,140,160,160,179,179,193,227,227,227,227,227],"floor_reached":16,"playtime":735,"items_purged":[],"score":123,"play_id":"48e4694a-33d9-41ba-8f4b-49b117259602","local_time":"20210107194305","is_ascension_mode":true,"campfire_choices":[{"floor":7.0,"key":"REST"},{"data":"Pummel","floor":11.0,"key":"SMITH"},{"data":"Inflame","floor":15,"key":"SMITH"}],"circlet_count":0,"master_deck":["Strike_R","Strike_R","Strike_R","Strike_R","Strike_R","Defend_R","Defend_R","Defend_R","Defend_R","Bash","Bloodletting","Pummel+1","Inflame+1","Second Wind"],"relics":["Burning Blood","Ginger","Letter Opener","Singing Bowl","Strawberry"],"acts_visited":["Exordium"],"potions_floor_usage":[13,13,16,16,16],"damage_taken":[{"damage":7.0,"enemies":"2 Louse","floor":1.0,"turns":4.0},{"damage":11.0,"enemies":"Cultist","floor":2.0,"turns":4.0},{"damage":7.0,"enemies":"Small Slimes","floor":4.0,"turns":3.0},{"damage":36.0,"enemies":"Lagavulin","floor":6.0,"turns":6.0},{"damage":6.0,"enemies":"Gremlin Gang","floor":8.0,"turns":7.0},{"damage":4.0,"enemies":"Lots of Slimes","floor":10.0,"turns":4.0},{"damage":16.0,"enemies":"3 Louse","floor":12.0,"turns":3.0},{"damage":23,"enemies":"3 Sentries","floor":13,"turns":5},{"damage":19,"enemies":"Slime Boss","floor":16,"turns":7}],"seed_played":"1388642230439269728","potions_obtained":[{"floor":1.0,"key":"SteroidPotion"},{"floor":6.0,"key":"DistilledChaos"},{"floor":8.0,"key":"Weak Potion"},{"floor":12.0,"key":"DuplicationPotion"},{"floor":14,"key":"SneckoOil"},{"floor":14,"key":"Block Potion"},{"floor":14,"key":"Swift Potion"}],"is_trial":false,"path_per_floor":["M","M","?","M","?","E","R","M","T","M","R","M","E","?","R","B"],"character_chosen":"IRONCLAD","items_purchased":[],"campfire_rested":1,"item_purchase_floors":[],"current_hp_per_floor":[55,50,50,49,41,11,35,35,35,39,39,29,19,19,19,0,0],"gold":227,"neow_bonus":"ONE_RARE_RELIC","is_daily":false,"chose_seed":false,"campfire_upgraded":2,"win_rate":0.0,"timestamp":1610070185,"path_taken":["M","M","?","M","?","E","R","M","T","M","R","?","E","?","R","BOSS"],"items_purchased_type":[],"build_version":"2020-12-22","purchased_purges":0,"victory":false,"max_hp_per_floor":[80,80,80,80,80,80,80,80,80,82,82,82,89,89,89,89,89],"card_choices":[{"not_picked":["Uppercut","Armaments"],"picked":"Bloodletting","floor":1.0},{"not_picked":["Thunderclap","Flex"],"picked":"Pummel","floor":2.0},{"not_picked":["Havoc","Reckless Charge","Intimidate"],"picked":"SKIP","floor":4.0},{"not_picked":["Heavy Blade","Intimidate","Ghostly Armor"],"picked":"SKIP","floor":6.0},{"not_picked":["Shrug It Off","Heavy Blade","Uppercut"],"picked":"SKIP","floor":8.0},{"not_picked":["Uppercut","Cleave","Metallicize"],"picked":"Singing Bowl","floor":10.0},{"not_picked":["Pommel Strike","Clothesline"],"picked":"Inflame","floor":12.0},{"not_picked":["Sever Soul","Wild Strike"],"picked":"Second Wind","floor":13}],"player_experience":199088,"relics_obtained":[{"floor":6.0,"key":"Letter Opener"},{"floor":9.0,"key":"Singing Bowl"},{"floor":13,"key":"Strawberry"}],"event_choices":[{"damage_healed":0.0,"max_hp_gain":0.0,"max_hp_loss":0.0,"gold_gain":0.0,"event_name":"World of Goop","player_choice":"Left Gold","floor":3.0,"gold_loss":29.0,"damage_taken":0.0},{"damage_healed":0.0,"max_hp_gain":0.0,"max_hp_loss":0.0,"gold_gain":0.0,"event_name":"Wheel of Change","player_choice":"Damaged","floor":5.0,"gold_loss":0.0,"damage_taken":8.0},{"damage_healed":0,"gold_gain":0,"player_choice":"Got Potions","damage_taken":0,"max_hp_gain":0,"max_hp_loss":0,"event_name":"Lab","floor":14,"gold_loss":0}],"is_beta":false,"boss_relics":[],"items_purged_floors":[],"is_endless":false,"potions_floor_spawned":[1,6,8,12],"killed_by":"Slime Boss","ascension_level":2}}