{"host":"duxoyu97j36znyap","time":1610086795,"event":{"mods":["AlwaysNeverKeys","BaseMod","Bestiary","BetterRewards","Colored Map","DeckTracker","Filter the Spire","Googly Eyes","Minty Spire (QoL Compilation)","Permanent Neow","Rare Cards Sparkle","Relic Stats","StSLib"],"gold_per_floor":[119,119,119,136,25,58,58,58,58],"floor_reached":8,"playtime":219,"items_purged":["Strike_R"],"score":95,"play_id":"8a0df031-ffa6-40f5-9638-e254d44ba86f","local_time":"20210108011955","is_ascension_mode":true,"campfire_choices":[{"floor":7,"key":"REST"}],"circlet_count":0,"master_deck":["AscendersBane","Strike_R","Strike_R","Strike_R","Defend_R","Defend_R","Defend_R","Defend_R","Bash","Sword Boomerang","Carnage","Combust","Seeing Red"],"relics":["Black Star","Pantograph","Bird Faced Urn","Lantern"],"acts_visited":["Exordium"],"potions_floor_usage":[8],"damage_taken":[{"damage":11.0,"enemies":"Cultist","floor":1.0,"turns":4.0},{"damage":7,"enemies":"2 Louse","floor":4,"turns":4},{"damage":41,"enemies":"Lagavulin","floor":6,"turns":6},{"damage":30,"enemies":"Gremlin Nob","floor":8,"turns":3}],"seed_played":"-4964784103125907612","potions_obtained":[{"floor":1.0,"key":"SteroidPotion"}],"is_trial":false,"path_per_floor":["M","T","?","M","$","E","R","E"],"character_chosen":"IRONCLAD","items_purchased":["Combust"],"campfire_rested":1,"item_purchase_floors":[5],"current_hp_per_floor":[57,57,50,43,43,2,24,0,0],"gold":58,"neow_bonus":"BOSS_RELIC","is_daily":false,"chose_seed":false,"campfire_upgraded":0,"win_rate":0.0,"timestamp":1610086795,"path_taken":["M","?","?","M","$","E","R","E"],"items_purchased_type":["Card"],"build_version":"2020-12-22","purchased_purges":1,"victory":false,"max_hp_per_floor":[75,75,75,75,75,75,75,75,75],"relic_stats":{"counters":[4,17],"Pantograph":0,"Bird Faced Urn":[0],"Black Star":1,"obtain_stats":[{"Lantern":6,"Pantograph":2,"Bird Faced Urn":6,"Black Star":0,"Burning Blood":0},{"Lantern":3,"Pantograph":1,"Bird Faced Urn":3,"Black Star":0,"Burning Blood":0},{"Lantern":14,"Pantograph":4,"Bird Faced Urn":14,"Black Star":0,"Burning Blood":0}]},"card_choices":[{"not_picked":["Entrench","Clothesline"],"picked":"Sword Boomerang","floor":1.0},{"not_picked":["Feel No Pain","Anger"],"picked":"Carnage","floor":4},{"not_picked":["Anger","Shrug It Off"],"picked":"Seeing Red","floor":6}],"player_experience":556254,"relics_obtained":[{"floor":2.0,"key":"Pantograph"},{"floor":6,"key":"Bird Faced Urn"},{"floor":6,"key":"Lantern"}],"event_choices":[{"cards_removed":["Strike_R"],"damage_healed":0.0,"max_hp_gain":0.0,"max_hp_loss":0.0,"gold_gain":0.0,"event_name":"Golden Wing","player_choice":"Card Removal","floor":3.0,"gold_loss":0.0,"damage_taken":7.0}],"is_beta":false,"boss_relics":[],"items_purged_floors":[5],"is_endless":false,"potions_floor_spawned":[1],"killed_by":"Gremlin Nob","ascension_level":15}}