{"host":"gsmj583br51y3r1c","time":1610091056,"event":{"mods":["AchievementEnabler","BaseMod","Colored Map","Dark Map","Downfall","Hermit","Highlight Path","Hubris","Infinite Spire","Marisa????????","Minty Spire (QoL Compilation)","Permanent Neow","Quick Restart","StSLib","The Bug Knight","The Cursed","The Disciple","The Marked","The Mystic","The Runesmith","The Servant 0.9.4","everything is the same but u backflip on backflip"],"gold_per_floor":[13,24,37,37,37,37,54,54,54,54,71,83,83,103,103,203,203,219,219,238,248,264,291,391,391],"floor_reached":24,"playtime":2502,"items_purged":[],"score":212,"play_id":"e7b69798-7cf8-4d52-ba64-2d4ea4e3b747","local_time":"20210108093056","is_ascension_mode":false,"campfire_choices":[{"data":"hermit:Brawl","floor":6,"key":"SMITH"},{"data":"hermit:Dive","floor":8,"key":"SMITH"},{"data":"hermit:FlashPowder","floor":13,"key":"SMITH"},{"data":"hermit:LoneWolf","floor":15,"key":"SMITH"}],"circlet_count":0,"master_deck":["hermit:Strike_Hermit","hermit:Strike_Hermit","hermit:Strike_Hermit","hermit:Defend_Hermit","hermit:Defend_Hermit","hermit:Defend_Hermit","hermit:Snapshot","hermit:Covet","hermit:Enervate","hermit:Dive+1","hermit:Headshot","hermit:Brawl+1","hermit:Enervate","hermit:CalledShot","hermit:FlashPowder+1","hermit:LoneWolf+1","hermit:FromBeyond","hermit:Brawl","hermit:Misfire","hermit:WideOpen+1","hermit:Feint+1","hermit:Enervate"],"relics":["hermit:Momento","Letter Opener","hubris:Icosahedron","Sozu","Potion Belt"],"acts_visited":["Exordium","TheCity"],"potions_floor_usage":[11,16],"damage_taken":[{"damage":0,"enemies":"2 Louse","floor":1,"turns":2},{"damage":1,"enemies":"Jaw Worm","floor":2,"turns":3},{"damage":0,"enemies":"Cultist","floor":3,"turns":3},{"damage":3,"enemies":"Exordium Wildlife","floor":7,"turns":3},{"damage":0,"enemies":"Large Slime","floor":11,"turns":4},{"damage":40,"enemies":"Exordium Thugs","floor":12,"turns":6},{"damage":5,"enemies":"Exordium Wildlife","floor":14,"turns":3},{"damage":20,"enemies":"The Guardian","floor":16,"turns":7},{"damage":7,"enemies":"2 Thieves","floor":18,"turns":4},{"damage":25,"enemies":"Snake Plant","floor":20,"turns":5},{"damage":12,"enemies":"Cultist and Chosen","floor":21,"turns":6},{"damage":3,"enemies":"Snecko","floor":22,"turns":4},{"damage":16,"enemies":"Nightmare","floor":23,"turns":9},{"damage":0,"enemies":"Centurion and Healer","floor":24,"turns":2}],"seed_played":"7158656158525210302","potions_obtained":[{"floor":2,"key":"CultistPotion"},{"floor":7,"key":"sneckomod:MuddlingPotion"}],"is_trial":false,"path_per_floor":["M","M","M","?","?","R","M","R","T","?","M","M","R","M","R","B",null,"M","?","M","M","M","NM","M"],"character_chosen":"HERMIT","items_purchased":[],"campfire_rested":0,"item_purchase_floors":[],"current_hp_per_floor":[75,74,74,74,74,74,71,71,71,71,71,31,31,26,26,6,75,68,68,43,31,28,12,12,12],"gold":391,"neow_bonus":"REMOVE_TWO","is_daily":false,"chose_seed":false,"campfire_upgraded":4,"win_rate":0.0,"timestamp":1610091056,"path_taken":["M","M","M","?","?","R","M","R","T","?","M","M","R","M","R","BOSS","M","?","M","?","M","NM","M"],"items_purchased_type":[],"build_version":"2020-12-22","purchased_purges":0,"victory":false,"max_hp_per_floor":[75,75,75,75,75,75,75,75,75,75,75,75,75,75,75,75,75,75,75,75,75,75,75,75,75],"card_choices":[{"not_picked":["hermit:HighCaliber","hermit:BodyArmor"],"picked":"hermit:Enervate","floor":1},{"not_picked":["hermit:Misfire","hermit:Feint"],"picked":"hermit:Dive","floor":2},{"not_picked":["hermit:Desperado","hermit:LowProfile"],"picked":"hermit:Headshot","floor":3},{"not_picked":["hermit:CalledShot","hermit:Ricochet"],"picked":"hermit:Enervate","floor":7},{"not_picked":["hermit:NoHoldsBarred","hermit:Malice"],"picked":"hermit:CalledShot","floor":11},{"not_picked":["hermit:Brawl","hermit:LowProfile"],"picked":"hermit:FlashPowder","floor":12},{"not_picked":["hermit:HighCaliber","hermit:CalledShot"],"picked":"hermit:LoneWolf","floor":14},{"not_picked":["hermit:BlackWind","hermit:FinalCanter"],"picked":"hermit:FromBeyond","floor":16},{"not_picked":["hermit:HighCaliber","hermit:Coalescence"],"picked":"hermit:Brawl","floor":18},{"not_picked":["hermit:Desperado","hermit:SprayPray+1"],"picked":"hermit:Misfire","floor":20},{"not_picked":["hermit:Desperado","hermit:Roulette"],"picked":"hermit:WideOpen+1","floor":21},{"not_picked":["hermit:Horror","hermit:Headshot"],"picked":"hermit:Feint+1","floor":22},{"not_picked":["hermit:Glare","hermit:ItchyTrigger+1"],"picked":"hermit:Enervate","floor":23}],"player_experience":344264,"relics_obtained":[{"floor":9,"key":"Letter Opener"},{"floor":23,"key":"Potion Belt"}],"event_choices":[{"damage_healed":0,"gold_gain":0,"player_choice":"Leave","damage_taken":0,"max_hp_gain":0,"max_hp_loss":0,"event_name":"The Cleric","floor":5,"gold_loss":0},{"damage_healed":0,"gold_gain":0,"player_choice":"Got Potions","damage_taken":0,"max_hp_gain":0,"max_hp_loss":0,"event_name":"Lab","floor":19,"gold_loss":0}],"is_beta":false,"boss_relics":[{"not_picked":["hubris:RunicObelisk","hubris:TerracottaHorce"],"picked":"Sozu"}],"items_purged_floors":[],"is_endless":true,"potions_floor_spawned":[2,7,18],"killed_by":"Centurion and Healer","ascension_level":0}}