{"host":"08sn1703g14rasc1","time":1610098606,"event":{"mods":["AchievementEnabler","BaseMod","Colored Map","Colored Powertips","Hermit","Minty Spire (QoL Compilation)","StSLib"],"gold_per_floor":[116,116,129,129,79,79,106,106,153,195,270,296,296,336,336,336,336],"floor_reached":16,"playtime":392,"items_purged":[],"score":222,"play_id":"d860af2e-7621-4733-bcbd-a71a591a3795","local_time":"20210108013646","is_ascension_mode":true,"campfire_choices":[{"data":"Bash","floor":6,"key":"SMITH"},{"data":"Perfected Strike","floor":8,"key":"SMITH"},{"floor":13,"key":"REST"},{"floor":15,"key":"REST"}],"circlet_count":0,"master_deck":["Strike_R","Strike_R","Strike_R","Strike_R","Defend_R","Defend_R","Defend_R","Bash+1","Perfected Strike+1","Pummel","Rampage","Twin Strike","Second Wind","Feed"],"relics":["Burning Blood","NeowsBlessing","Pear","CeramicFish","Letter Opener"],"acts_visited":["Exordium"],"potions_floor_usage":[14,16],"damage_taken":[{"damage":0,"enemies":"Jaw Worm","floor":1,"turns":1},{"damage":0,"enemies":"2 Louse","floor":3,"turns":1},{"damage":0,"enemies":"3 Sentries","floor":7,"turns":1},{"damage":37,"enemies":"Lagavulin","floor":10,"turns":6},{"damage":10,"enemies":"Small Slimes","floor":12,"turns":3},{"damage":25,"enemies":"3 Sentries","floor":14,"turns":6},{"damage":86,"enemies":"The Guardian","floor":16,"turns":10}],"seed_played":"5254010784087724918","potions_obtained":[{"floor":3,"key":"LiquidMemories"},{"floor":10,"key":"LiquidBronze"},{"floor":12,"key":"Swift Potion"}],"is_trial":false,"path_per_floor":["M","?","M","?","?","R","E","R","T","E","?","M","R","E","R","B"],"character_chosen":"IRONCLAD","items_purchased":[],"campfire_rested":2,"item_purchase_floors":[],"current_hp_per_floor":[78,83,85,78,78,78,94,94,94,63,52,48,76,57,85,0,0],"gold":336,"neow_bonus":"THREE_ENEMY_KILL","is_daily":false,"chose_seed":false,"campfire_upgraded":2,"win_rate":0.0,"timestamp":1610098606,"path_taken":["M","?","M","?","?","R","E","R","T","E","?","M","R","E","R","BOSS"],"items_purchased_type":[],"build_version":"2020-12-22","purchased_purges":0,"victory":false,"max_hp_per_floor":[80,85,85,85,85,85,95,95,95,95,95,95,95,95,95,95,95],"card_choices":[{"not_picked":["Flex","Fire Breathing"],"picked":"Perfected Strike","floor":1},{"not_picked":["Pommel Strike","Second Wind"],"picked":"Pummel","floor":3},{"not_picked":["Carnage","Reckless Charge"],"picked":"Rampage","floor":7},{"not_picked":["Headbutt","Iron Wave"],"picked":"Twin Strike","floor":10},{"not_picked":["Body Slam","Heavy Blade"],"picked":"Second Wind","floor":12},{"not_picked":["Sever Soul","Intimidate"],"picked":"Feed","floor":14}],"player_experience":470493,"relics_obtained":[{"floor":7,"key":"Pear"},{"floor":10,"key":"CeramicFish"},{"floor":14,"key":"Letter Opener"}],"event_choices":[{"damage_healed":0,"gold_gain":0,"player_choice":"Donut","damage_taken":0,"max_hp_gain":5,"max_hp_loss":0,"event_name":"Big Fish","floor":2,"gold_loss":0},{"cards_removed":["Defend_R"],"damage_healed":0,"gold_gain":0,"player_choice":"Card Removal","damage_taken":7,"max_hp_gain":0,"max_hp_loss":0,"event_name":"Golden Wing","floor":4,"gold_loss":0},{"cards_removed":["Strike_R"],"damage_healed":0,"gold_gain":0,"player_choice":"Card Removal","damage_taken":0,"max_hp_gain":0,"max_hp_loss":0,"event_name":"The Cleric","floor":5,"gold_loss":50},{"damage_healed":0,"gold_gain":75,"player_choice":"Gather Gold","damage_taken":11,"max_hp_gain":0,"max_hp_loss":0,"event_name":"World of Goop","floor":11,"gold_loss":0}],"is_beta":false,"boss_relics":[],"items_purged_floors":[],"is_endless":false,"potions_floor_spawned":[3,10,12],"killed_by":"The Guardian","ascension_level":8}}