{"host":"bf9sa99gaumonoeu","time":1610145092,"event":{"mods":["AchievementEnabler","Act Like it!","BaseMod","Better Sensory Stone","Colored Map","Colored Powertips","Downfall","Friendly Minions","Gensokyo","GifTheSpireLib","Googly Eyes","Hallownest","Hermit","Jorbs\u0027s Wanderer Trilogy","KinomotoSakuraMod(????)","Koishi","Lobotomy","Marisa????????","Minty Spire (QoL Compilation)","Rare Cards Sparkle","Reimu??????","Relic Stats","Remilia??????","StSLib","The Administrix","The Animator","The Blue Laboratory","The Bug Knight","The Construct","The Cursed","The Disciple","The Hierophant","The Mystic","The Necromancer","The Poker Player","The Runesmith","The Senshi","The Servant 0.9.4","TheLocksmith"],"gold_per_floor":[111,129,146,164,174,174,174,191,215,188,113,113,130,150,150,150,150,150],"floor_reached":16,"playtime":779,"items_purged":["locksmith:Strike"],"score":96,"play_id":"99c59685-0571-4f63-96f2-bff866a4d79d","local_time":"20210108203132","is_ascension_mode":false,"campfire_choices":[{"data":"locksmith:ShrapnelLock","floor":7,"key":"SMITH"},{"data":"locksmith:KeyMove","floor":15,"key":"SMITH"}],"circlet_count":0,"master_deck":["locksmith:Strike","locksmith:Strike","locksmith:Strike","locksmith:Defend","locksmith:Defend","locksmith:Defend","locksmith:Defend","locksmith:KeyMove+1","locksmith:LockCrash","locksmith:PowerSap","locksmith:Grab","locksmith:Capitalize","locksmith:SmackSmackBurn","locksmith:ZaHando","locksmith:ShrapnelLock+1","locksmith:DeathGaze","locksmith:Prep","locksmith:Capitalize"],"relics":["locksmith:FreeKey","WingedGreaves","Anchor"],"acts_visited":["Exordium"],"potions_floor_usage":[13,16],"damage_taken":[{"damage":19,"enemies":"Small Slimes","floor":1,"turns":6},{"damage":0,"enemies":"2 Louse","floor":2,"turns":3},{"damage":8,"enemies":"Jaw Worm","floor":3,"turns":5},{"damage":3,"enemies":"2 Fungi Beasts","floor":4,"turns":5},{"damage":10,"enemies":"Looter","floor":5,"turns":3},{"damage":8,"enemies":"Lots of Slimes","floor":8,"turns":2},{"damage":11,"enemies":"Exordium Wildlife","floor":13,"turns":5},{"damage":0,"enemies":"Gremlin Gang","floor":14,"turns":3},{"damage":45,"enemies":"Slime Boss","floor":16,"turns":12}],"seed_played":"-5937498932443527588","potions_obtained":[{"floor":2,"key":"blueLaboratory:BottleOfVodka"},{"floor":3,"key":"Ancient Potion"},{"floor":8,"key":"blueLaboratory:BottleOfRum"}],"is_trial":false,"path_per_floor":["M","M","M","M","M","?","R","M","T","?","$","?","M","M","R","B"],"character_chosen":"THE_LOCKSMITH","items_purchased":[],"campfire_rested":0,"item_purchase_floors":[],"current_hp_per_floor":[60,60,52,49,39,36,36,28,28,28,28,54,43,43,43,0,0,0],"gold":150,"neow_bonus":"THREE_CARDS","is_daily":false,"chose_seed":false,"campfire_upgraded":2,"win_rate":0.0,"timestamp":1610145092,"path_taken":["M","M","M","M","M","?","R","M","T","?","$","?","M","M","R","BOSS"],"items_purchased_type":[],"build_version":"2020-12-22","purchased_purges":1,"victory":false,"max_hp_per_floor":[79,79,79,79,79,79,79,79,79,79,79,79,79,79,79,79,79,79],"relic_stats":{"counters":[9,44],"obtain_stats":[{"Anchor":9,"locksmith:FreeKey":0,"WingedGreaves":6},{"Anchor":6,"locksmith:FreeKey":0,"WingedGreaves":5},{"Anchor":24,"locksmith:FreeKey":0,"WingedGreaves":22}]},"card_choices":[{"not_picked":["locksmith:Absorb","locksmith:HiddenPower"],"picked":"locksmith:PowerSap","floor":0},{"not_picked":["locksmith:ShieldingDummy","locksmith:SoulSucker"],"picked":"locksmith:Grab","floor":1},{"not_picked":["locksmith:Exploit","locksmith:DrainingFog"],"picked":"locksmith:Capitalize","floor":2},{"not_picked":["locksmith:Grab","locksmith:DDummy"],"picked":"locksmith:SmackSmackBurn","floor":3},{"not_picked":["locksmith:LockedGuard","locksmith:Tsundere"],"picked":"locksmith:ZaHando","floor":4},{"not_picked":["locksmith:Capitalize","locksmith:TrashToTreasure"],"picked":"locksmith:ShrapnelLock","floor":5},{"not_picked":["locksmith:InfiniteKeys","locksmith:PocketKey"],"picked":"locksmith:DeathGaze","floor":8},{"not_picked":["locksmith:GolfGash","locksmith:PuppetGuard"],"picked":"locksmith:Prep","floor":13},{"not_picked":["locksmith:LockedGuard","locksmith:DrainingFog"],"picked":"locksmith:Capitalize","floor":14}],"player_experience":877838,"relics_obtained":[{"floor":9,"key":"Anchor"}],"event_choices":[{"damage_healed":0,"gold_gain":0,"player_choice":"Success","damage_taken":3,"relics_obtained":["WingedGreaves"],"max_hp_gain":0,"max_hp_loss":0,"event_name":"Scrap Ooze","floor":6,"gold_loss":0},{"damage_healed":0,"gold_gain":0,"player_choice":"Left Gold","damage_taken":0,"max_hp_gain":0,"max_hp_loss":0,"event_name":"World of Goop","floor":10,"gold_loss":27},{"damage_healed":26,"gold_gain":0,"player_choice":"Banana","damage_taken":0,"max_hp_gain":0,"max_hp_loss":0,"event_name":"Big Fish","floor":12,"gold_loss":0}],"is_beta":false,"boss_relics":[],"items_purged_floors":[11],"is_endless":false,"potions_floor_spawned":[2,3,8],"killed_by":"Slime Boss","ascension_level":0}}