{"host":"684z1xpuwaoqmmh1","time":1610065338,"event":{"mods":["BaseMod","Downfall","Hermit","Jorbs\u0027s Wanderer Trilogy","Marisa????????","Minty Spire (QoL Compilation)","StSLib","The Hierophant","The Mystic"],"gold_per_floor":[113,38,38,54,71,71,101,121,166,166,166,166,197,197,197,301,301,318,329,22,121,121,146,146,172,172,190,210,210,227,242,242,416,416,435,448,448,448,468,468,289,321,321,321,26,58,93,107,107,107,107,107,72,142,142],"floor_reached":56,"playtime":5429,"items_purged":["Normality","hermit:Strike_Hermit"],"score":1828,"play_id":"d728a2aa-44f4-43a3-9ac7-e7858882cc53","local_time":"20210108022218","is_ascension_mode":true,"campfire_choices":[{"data":"hermit:Combo","floor":6.0,"key":"SMITH"},{"data":"hermit:HeroicBravado","floor":10.0,"key":"SMITH"},{"floor":12.0,"key":"REST"},{"data":"hermit:FromBeyond","floor":15.0,"key":"SMITH"},{"floor":24.0,"key":"REST"},{"floor":32.0,"key":"REST"},{"floor":40.0,"key":"RECALL"},{"floor":44.0,"key":"REST"},{"floor":49,"key":"REST"},{"floor":52,"key":"REST"}],"circlet_count":0,"master_deck":["AscendersBane","hermit:Strike_Hermit","hermit:Strike_Hermit","hermit:Defend_Hermit","hermit:Defend_Hermit+1","hermit:Defend_Hermit","hermit:Snapshot","hermit:Covet+1","hermit:Dive","hermit:Midnight","hermit:Combo+1","hermit:HeroicBravado+1","Dramatic Entrance","hermit:FromBeyond+1","hermit:Adapt","hermit:Gestalt","hermit:FlashPowder","hermit:GhostlyPresence","Pain","hermit:Adapt+1","hermit:Determination+1","hermit:ShadowCloak+1","hermit:TakeAim+1"],"relics":["hermit:Momento","Dead Branch","Singing Bowl","Anchor","Happy Flower","Fusion Hammer","Calipers","MutagenicStrength","MealTicket","Frozen Egg 2","Mango","WarpedTongs","Black Star","Mummified Hand","Incense Burner","Turnip","HornCleat","Toy Ornithopter","Du-Vu Doll","CaptainsWheel"],"acts_visited":["Exordium","TheCity","TheBeyond","TheEnding"],"potions_floor_usage":[55,55],"damage_taken":[{"damage":2.0,"enemies":"Jaw Worm","floor":1.0,"turns":3.0},{"damage":9.0,"enemies":"Small Slimes","floor":4.0,"turns":3.0},{"damage":0.0,"enemies":"2 Louse","floor":5.0,"turns":4.0},{"damage":10.0,"enemies":"Lagavulin","floor":7.0,"turns":5.0},{"damage":9.0,"enemies":"Lots of Slimes","floor":8.0,"turns":2.0},{"damage":1.0,"enemies":"3 Sentries","floor":13.0,"turns":6.0},{"damage":3.0,"enemies":"Slime Boss","floor":16.0,"turns":9.0},{"damage":0.0,"enemies":"Chosen","floor":18.0,"turns":4.0},{"damage":2.0,"enemies":"3 Byrds","floor":19.0,"turns":4.0},{"damage":4.0,"enemies":"Gremlin Leader","floor":23.0,"turns":10.0},{"damage":2.0,"enemies":"Book of Stabbing","floor":25.0,"turns":7.0},{"damage":6.0,"enemies":"3 Cultists","floor":27.0,"turns":6.0},{"damage":24.0,"enemies":"Chosen and Byrds","floor":28.0,"turns":9.0},{"damage":1.0,"enemies":"Cultist and Chosen","floor":30.0,"turns":5.0},{"damage":1.0,"enemies":"Centurion and Healer","floor":31.0,"turns":6.0},{"damage":9.0,"enemies":"Champ","floor":33.0,"turns":27.0},{"damage":0.0,"enemies":"3 Shapes","floor":35.0,"turns":6.0},{"damage":2.0,"enemies":"Orb Walker","floor":36.0,"turns":5.0},{"damage":2.0,"enemies":"Spire Growth","floor":39.0,"turns":10.0},{"damage":5.0,"enemies":"Reptomancer","floor":42.0,"turns":10.0},{"damage":0.0,"enemies":"Maw","floor":46.0,"turns":10.0},{"damage":0,"enemies":"Giant Head","floor":47,"turns":9},{"damage":2,"enemies":"Jaw Worm Horde","floor":48,"turns":5},{"damage":27,"enemies":"Time Eater","floor":50,"turns":12},{"damage":33,"enemies":"Shield and Spear","floor":54,"turns":11},{"damage":73,"enemies":"The Heart","floor":55,"turns":14}],"seed_played":"6457541709365931059","potions_obtained":[{"floor":1.0,"key":"AttackPotion"},{"floor":5.0,"key":"SneckoOil"},{"floor":13.0,"key":"SteroidPotion"},{"floor":18.0,"key":"Fire Potion"},{"floor":19.0,"key":"Guardian:BlockOnCardUsePotion"},{"floor":25.0,"key":"hermit:Tonic"},{"floor":30.0,"key":"hermit:Tonic"},{"floor":42.0,"key":"Ancient Potion"}],"is_trial":false,"path_per_floor":["M","$","?","M","M","R","E","M","T","R","?","R","E","?","R","B",null,"M","M","$","?","?","E","R","E","T","M","M","?","M","M","R","B",null,"M","M","?","?","M","R","$","E","T","R","$","M","E","M","R","B",null,"R","$","E","B",null],"character_chosen":"HERMIT","items_purchased":["Calipers","hermit:Determination+1","Turnip","hermit:ShadowCloak+1"],"campfire_rested":6,"item_purchase_floors":[20,41,45,53],"current_hp_per_floor":[66,66,59,50,50,50,40,33,33,33,18,41,42,42,42,39,69,69,69,69,69,69,65,81,79,93,89,67,67,68,69,99,90,100,102,102,102,102,102,102,109,106,106,111,111,113,115,115,117,90,110,117,117,84,21],"gold":142,"neow_bonus":"ONE_RARE_RELIC","is_daily":false,"chose_seed":false,"campfire_upgraded":3,"win_rate":0.0,"timestamp":1610065338,"path_taken":["M","$","?","M","M","R","E","M","T","R","?","R","E","?","R","BOSS","M","M","$","?","?","E","R","E","T","M","M","?","?","?","R","BOSS","M","M","?","?","M","R","$","E","T","R","$","M","E","M","R","BOSS","R","$","E","BOSS"],"items_purchased_type":["Relic","Card","Relic","Card"],"build_version":"2020-12-22","purchased_purges":2,"victory":true,"max_hp_per_floor":[75,75,75,75,75,75,75,77,77,77,77,77,79,79,79,79,79,79,81,81,81,81,81,81,81,95,97,99,99,101,103,103,103,103,105,107,107,107,109,109,109,111,111,111,111,113,115,117,117,117,117,117,117,117,117],"card_choices":[{"not_picked":["hermit:Desperado","hermit:HoleUp"],"picked":"hermit:Dive","floor":1.0},{"not_picked":["hermit:LowProfile","hermit:Dive"],"picked":"hermit:Midnight","floor":4.0},{"not_picked":["hermit:Headshot","hermit:Desperado"],"picked":"hermit:Combo","floor":5.0},{"not_picked":["hermit:TakeAim","hermit:EyeOfTheStorm"],"picked":"hermit:HeroicBravado","floor":7.0},{"not_picked":["hermit:TrackingShot","hermit:Ricochet","hermit:ItchyTrigger"],"picked":"Singing Bowl","floor":8.0},{"not_picked":["hermit:Snipe","hermit:LoneWolf","hermit:Maintenance"],"picked":"Singing Bowl","floor":13.0},{"not_picked":["hermit:Purgatory","hermit:FatalDesire"],"picked":"hermit:Adapt","floor":16.0},{"not_picked":["hermit:Desperado","hermit:Glare"],"picked":"hermit:Gestalt","floor":18.0},{"not_picked":["hermit:WideOpen","hermit:ItchyTrigger+1","hermit:Desperado"],"picked":"Singing Bowl","floor":19.0},{"not_picked":["hermit:Horror","hermit:Combo"],"picked":"hermit:FlashPowder","floor":23.0},{"not_picked":["hermit:Desperado","hermit:Roulette"],"picked":"hermit:GhostlyPresence","floor":25.0},{"not_picked":["hermit:Shortfuse","hermit:Scavenge","hermit:Horror"],"picked":"Singing Bowl","floor":27.0},{"not_picked":["hermit:Deadeye","hermit:HighCaliber","hermit:Feint"],"picked":"Singing Bowl","floor":28.0},{"not_picked":["hermit:BodyArmor","hermit:GoldenBullet","hermit:WideOpen+1"],"picked":"Singing Bowl","floor":30.0},{"not_picked":["hermit:TakeCover","hermit:Desperado","hermit:Misfire"],"picked":"Singing Bowl","floor":31.0},{"not_picked":["hermit:HighNoon+1","hermit:EternalForm+1"],"picked":"hermit:Adapt+1","floor":33.0},{"not_picked":["hermit:TakeCover","hermit:CalledShot","hermit:Headshot"],"picked":"Singing Bowl","floor":35.0},{"not_picked":["hermit:PistolWhip","hermit:WideOpen","hermit:Feint"],"picked":"Singing Bowl","floor":36.0},{"not_picked":["hermit:Vantage+1","hermit:Ricochet","hermit:Roulette"],"picked":"Singing Bowl","floor":39.0},{"not_picked":["hermit:Snipe+1","hermit:RoundhouseKick","hermit:Showdown"],"picked":"Singing Bowl","floor":42.0},{"not_picked":["hermit:LoneWolf","hermit:ItchyTrigger","hermit:Snipe"],"picked":"Singing Bowl","floor":46.0},{"not_picked":["hermit:SprayPray","hermit:Quickdraw","hermit:DeadMansHand"],"picked":"Singing Bowl","floor":47},{"not_picked":["hermit:Quickdraw","hermit:Misfire","hermit:CursedWeapon+1"],"picked":"Singing Bowl","floor":48},{"not_picked":["hermit:Maintenance+1","hermit:BodyArmor"],"picked":"hermit:TakeAim+1","floor":54}],"player_experience":2426298,"relics_obtained":[{"floor":7.0,"key":"Singing Bowl"},{"floor":9.0,"key":"Anchor"},{"floor":13.0,"key":"Happy Flower"},{"floor":23.0,"key":"MealTicket"},{"floor":25.0,"key":"Frozen Egg 2"},{"floor":26.0,"key":"Mango"},{"floor":42.0,"key":"Mummified Hand"},{"floor":42.0,"key":"Incense Burner"},{"floor":47,"key":"HornCleat"},{"floor":47,"key":"Toy Ornithopter"},{"floor":54,"key":"Du-Vu Doll"},{"floor":54,"key":"CaptainsWheel"}],"event_choices":[{"cards_removed":["hermit:Defend_Hermit"],"damage_healed":0.0,"max_hp_gain":0.0,"max_hp_loss":0.0,"gold_gain":0.0,"event_name":"Golden Wing","player_choice":"Card Removal","floor":3.0,"gold_loss":0.0,"damage_taken":7.0},{"damage_healed":0.0,"max_hp_gain":0.0,"max_hp_loss":0.0,"gold_gain":0.0,"event_name":"Shining Light","player_choice":"Entered Light","floor":11.0,"gold_loss":0.0,"damage_taken":15.0,"cards_upgraded":["hermit:Defend_Hermit","hermit:Covet"]},{"damage_healed":0.0,"max_hp_gain":0.0,"max_hp_loss":0.0,"gold_gain":0.0,"event_name":"Match and Keep!","player_choice":"2 cards matched","floor":14.0,"gold_loss":0.0,"damage_taken":0.0,"cards_obtained":["Dramatic Entrance","hermit:FromBeyond"]},{"damage_healed":0.0,"max_hp_gain":0.0,"max_hp_loss":0.0,"gold_gain":99.0,"event_name":"Nest","player_choice":"Stole From Cult","floor":21.0,"gold_loss":0.0,"damage_taken":0.0},{"damage_healed":0.0,"max_hp_gain":0.0,"max_hp_loss":0.0,"gold_gain":0.0,"event_name":"Drug Dealer","player_choice":"Inject Mutagens","floor":22.0,"gold_loss":0.0,"damage_taken":0.0,"relics_obtained":["MutagenicStrength"]},{"damage_healed":0.0,"max_hp_gain":0.0,"max_hp_loss":0.0,"gold_gain":0.0,"event_name":"Accursed Blacksmith","player_choice":"Rummage","floor":29.0,"gold_loss":0.0,"damage_taken":0.0,"relics_obtained":["WarpedTongs"],"cards_obtained":["Pain"]},{"damage_healed":0.0,"max_hp_gain":0.0,"max_hp_loss":0.0,"gold_gain":0.0,"event_name":"Tomb of Lord Red Mask","player_choice":"Ignored","floor":37.0,"gold_loss":0.0,"damage_taken":0.0},{"cards_removed":["hermit:Strike_Hermit"],"damage_healed":0.0,"max_hp_gain":0.0,"max_hp_loss":0.0,"gold_gain":0.0,"event_name":"Falling","player_choice":"Removed Attack","floor":38.0,"gold_loss":0.0,"damage_taken":0.0}],"is_beta":false,"boss_relics":[{"not_picked":["Ectoplasm","Pandora\u0027s Box"],"picked":"Fusion Hammer"},{"not_picked":["Runic Dome","Velvet Choker"],"picked":"Black Star"}],"items_purged_floors":[2,41],"is_endless":false,"potions_floor_spawned":[1,5,13,18,19,25,30,36,42,47,48,54],"ascension_level":12}}