{"host":"Ian","time":1610098076,"event":{"mods":["BaseMod","Bestiary","Block Reminder","Colored Map","Highlight Path","Key Reminder","Minty Spire (QoL Compilation)","Relic Stats"],"gold_per_floor":[111,111,111,124,49,80,80,90,114,114,141,155,155,175,175,252,252,265,265,282,294,307,307,232,259,311,26,26,55,55,66,66,66,66],"floor_reached":33,"playtime":1226,"items_purged":["Strike_R"],"score":590,"play_id":"591222ee-29ab-4504-8a75-379c6e20eb87","local_time":"20210108092756","is_ascension_mode":true,"campfire_choices":[{"data":"Bash","floor":7.0,"key":"SMITH"},{"data":"Wild Strike","floor":10.0,"key":"SMITH"},{"data":"Fire Breathing","floor":13.0,"key":"SMITH"},{"data":"Sever Soul","floor":15.0,"key":"SMITH"},{"floor":23.0,"key":"REST"},{"floor":28.0,"key":"REST"},{"floor":30.0,"key":"REST"},{"floor":32.0,"key":"REST"}],"circlet_count":0,"master_deck":["AscendersBane","Strike_R","Strike_R","Defend_R","Defend_R","Defend_R","Defend_R+1","Bash+1","Feel No Pain","Fire Breathing+1","Sever Soul+1","Iron Wave","Wild Strike+1","Cleave","Shrug It Off+1","Limit Break","Pommel Strike+1","Reaper","Clothesline"],"relics":["Philosopher\u0027s Stone","Red Skull","Orichalcum","MealTicket","Mark of Pain","War Paint","Regal Pillow","White Beast Statue","Nunchaku"],"acts_visited":["Exordium","TheCity"],"potions_floor_usage":[33],"damage_taken":[{"damage":11.0,"enemies":"2 Louse","floor":1.0,"turns":4.0},{"damage":0.0,"enemies":"Jaw Worm","floor":4.0,"turns":3.0},{"damage":3.0,"enemies":"3 Sentries","floor":6.0,"turns":5.0},{"damage":7.0,"enemies":"Cultist","floor":8.0,"turns":4.0},{"damage":9.0,"enemies":"Lagavulin","floor":11.0,"turns":5.0},{"damage":4.0,"enemies":"2 Fungi Beasts","floor":12.0,"turns":3.0},{"damage":0.0,"enemies":"Lots of Slimes","floor":14.0,"turns":1.0},{"damage":9.0,"enemies":"Slime Boss","floor":16.0,"turns":6.0},{"damage":21.0,"enemies":"2 Thieves","floor":18.0,"turns":4.0},{"damage":0.0,"enemies":"Chosen","floor":20.0,"turns":3.0},{"damage":0.0,"enemies":"Centurion and Healer","floor":21.0,"turns":3.0},{"damage":5.0,"enemies":"Cultist and Chosen","floor":22.0,"turns":3.0},{"damage":32.0,"enemies":"Slavers","floor":25.0,"turns":5.0},{"damage":44.0,"enemies":"Gremlin Leader","floor":29.0,"turns":6.0},{"damage":21.0,"enemies":"Snake Plant","floor":31.0,"turns":3.0},{"damage":82,"enemies":"Collector","floor":33,"turns":8}],"seed_played":"2020153528574856669","potions_obtained":[{"floor":3.0,"key":"Block Potion"},{"floor":3.0,"key":"Explosive Potion"},{"floor":4.0,"key":"SpeedPotion"},{"floor":8.0,"key":"ColorlessPotion"},{"floor":11.0,"key":"BlessingOfTheForge"},{"floor":18.0,"key":"DistilledChaos"},{"floor":20.0,"key":"Explosive Potion"},{"floor":22.0,"key":"BlessingOfTheForge"},{"floor":29.0,"key":"AttackPotion"},{"floor":31.0,"key":"Weak Potion"}],"is_trial":false,"path_per_floor":["M","?","?","M","$","E","R","M","T","R","E","M","R","M","R","B",null,"M","?","M","M","M","R","?","E","T","$","R","E","R","M","R","B"],"character_chosen":"IRONCLAD","items_purchased":["White Beast Statue"],"campfire_rested":4,"item_purchase_floors":[27],"current_hp_per_floor":[57,57,57,57,57,54,54,47,47,47,38,34,34,34,34,25,63,42,31,31,31,26,48,48,16,16,31,68,34,71,54,75,0,0],"gold":66,"neow_bonus":"BOSS_RELIC","is_daily":false,"chose_seed":false,"campfire_upgraded":4,"win_rate":0.0,"timestamp":1610098076,"path_taken":["M","?","?","M","$","E","R","M","T","R","E","?","R","M","R","BOSS","M","?","M","?","M","R","?","E","T","$","R","E","R","M","R","BOSS"],"items_purchased_type":["Relic"],"build_version":"2020-12-18","purchased_purges":1,"victory":false,"max_hp_per_floor":[75,75,75,75,75,75,75,75,75,75,75,75,75,75,75,75,75,75,75,75,75,75,75,75,75,75,75,75,75,75,75,75,75,75],"relic_stats":{"Regal Pillow":30,"Nunchaku":[2],"counters":[16,66],"MealTicket":15,"Orichalcum":[60],"War Paint":["Defend_R","Shrug It Off"],"obtain_stats":[{"Regal Pillow":26,"Nunchaku":29,"Philosopher\u0027s Stone":0,"MealTicket":11,"Mark of Pain":17,"Orichalcum":9,"War Paint":25,"Burning Blood":0,"Red Skull":6,"White Beast Statue":27},{"Regal Pillow":13,"Nunchaku":14,"Philosopher\u0027s Stone":0,"MealTicket":5,"Mark of Pain":8,"Orichalcum":4,"War Paint":13,"Burning Blood":0,"Red Skull":3,"White Beast Statue":13},{"Regal Pillow":49,"Nunchaku":55,"Philosopher\u0027s Stone":0,"MealTicket":21,"Mark of Pain":31,"Orichalcum":16,"War Paint":49,"Burning Blood":0,"Red Skull":12,"White Beast Statue":49}]},"card_choices":[{"not_picked":["Body Slam","Bloodletting"],"picked":"Feel No Pain","floor":1.0},{"not_picked":["Wild Strike","Clash"],"picked":"Sever Soul","floor":4.0},{"not_picked":["Cleave","Dual Wield"],"picked":"Iron Wave","floor":6.0},{"not_picked":["Reckless Charge","Entrench"],"picked":"Wild Strike","floor":8.0},{"not_picked":["Feel No Pain","Brutality","Intimidate"],"picked":"SKIP","floor":11.0},{"not_picked":["Intimidate","Hemokinesis"],"picked":"Cleave","floor":12.0},{"not_picked":["Body Slam","Anger"],"picked":"Shrug It Off","floor":14.0},{"not_picked":["Offering","Berserk"],"picked":"Limit Break","floor":16.0},{"not_picked":["Pummel+1","Twin Strike"],"picked":"Pommel Strike+1","floor":18.0},{"not_picked":["Perfected Strike","Sword Boomerang","Flex"],"picked":"SKIP","floor":20.0},{"not_picked":["Hemokinesis","Flex","Warcry"],"picked":"SKIP","floor":21.0},{"not_picked":["Searing Blow","Anger","Pummel"],"picked":"SKIP","floor":22.0},{"not_picked":["Cleave","Combust+1"],"picked":"Reaper","floor":25.0},{"not_picked":["Iron Wave","Entrench"],"picked":"Clothesline","floor":29.0},{"not_picked":["Blood for Blood","Sever Soul","Flex"],"picked":"SKIP","floor":31.0}],"player_experience":2648401,"relics_obtained":[{"floor":6.0,"key":"Red Skull"},{"floor":9.0,"key":"Orichalcum"},{"floor":11.0,"key":"MealTicket"},{"floor":25.0,"key":"War Paint"},{"floor":26.0,"key":"Regal Pillow"},{"floor":29.0,"key":"Nunchaku"}],"event_choices":[{"damage_healed":0.0,"max_hp_gain":0.0,"max_hp_loss":0.0,"gold_gain":0.0,"cards_transformed":["Strike_R"],"event_name":"Living Wall","player_choice":"Change","floor":2.0,"gold_loss":0.0,"damage_taken":0.0,"cards_obtained":["Fire Breathing"]},{"damage_healed":0.0,"max_hp_gain":0.0,"max_hp_loss":0.0,"gold_gain":0.0,"event_name":"Lab","player_choice":"Got Potions","floor":3.0,"gold_loss":0.0,"damage_taken":0.0},{"damage_healed":0.0,"max_hp_gain":0.0,"max_hp_loss":0.0,"gold_gain":0.0,"event_name":"Wheel of Change","player_choice":"Damaged","floor":19.0,"gold_loss":0.0,"damage_taken":11.0},{"cards_removed":["Strike_R"],"damage_healed":0.0,"max_hp_gain":0.0,"max_hp_loss":0.0,"gold_gain":0.0,"event_name":"Beggar","player_choice":"Gave Gold","floor":24.0,"gold_loss":75.0,"damage_taken":0.0}],"is_beta":true,"boss_relics":[{"not_picked":["Pandora\u0027s Box","Empty Cage"],"picked":"Mark of Pain"}],"items_purged_floors":[5],"is_endless":false,"potions_floor_spawned":[4,8,11,18,20,22,29,31],"killed_by":"Collector","ascension_level":20}}