{"host":"hn99riirbf0lv0ml","time":1610117769,"event":{"mods":["AchievementEnabler","Act Like it!","BaseMod","Colored Map","Colored Powertips","Downfall","Duelist Mod","Friendly Minions","Gensokyo","GifTheSpireLib","Jorbs\u0027s Wanderer Trilogy","Marisa????????","Minty Spire (QoL Compilation)","Rare Cards Sparkle","StSLib","The Animator","The Bug Knight","The Cursed","The Runesmith","The Servant 0.9.4"],"gold_per_floor":[114,129,149,163,163,163,173,173,173,183,194,210,19,31,31,136,136,146,160,179,179,179],"floor_reached":21,"playtime":3348,"items_purged":[],"score":179,"play_id":"af2381ec-0c22-4d4d-ac50-faed0e5c6672","local_time":"20210108095609","is_ascension_mode":false,"campfire_choices":[{"data":"Fusion","floor":6.0,"key":"SMITH"},{"data":"Zap","floor":8.0,"key":"SMITH"},{"floor":15,"key":"REST"}],"circlet_count":0,"master_deck":["Strike_B","Strike_B","Strike_B","Strike_B","Defend_B","Defend_B","Defend_B","Defend_B","Zap+1","Sweeping Beam","Conserve Battery","Turbo","Fusion+1","Beam Cell","Darkness","Conserve Battery","Ball Lightning","Mayhem","Go for the Eyes","Core Surge","Streamline","Loop+1","Coolheaded+1"],"relics":["Cracked Core","Kunai","Philosopher\u0027s Stone"],"acts_visited":["Exordium","TheCity"],"potions_floor_usage":[16,20,20,21],"damage_taken":[{"damage":5.0,"enemies":"Small Slimes","floor":1.0,"turns":3.0},{"damage":6.0,"enemies":"Jaw Worm","floor":2.0,"turns":3.0},{"damage":0.0,"enemies":"Cultist","floor":3.0,"turns":4.0},{"damage":2.0,"enemies":"2 Fungi Beasts","floor":4.0,"turns":3.0},{"damage":9.0,"enemies":"Large Slime","floor":7.0,"turns":6.0},{"damage":3.0,"enemies":"Red Slaver","floor":10.0,"turns":3.0},{"damage":6.0,"enemies":"3 Louse","floor":11.0,"turns":2.0},{"damage":5.0,"enemies":"Blue Slaver","floor":12.0,"turns":4.0},{"damage":16.0,"enemies":"Exordium Wildlife","floor":14.0,"turns":5.0},{"damage":30,"enemies":"Slime Boss","floor":16,"turns":9},{"damage":14,"enemies":"Shell Parasite","floor":18,"turns":5},{"damage":24,"enemies":"2 Thieves","floor":19,"turns":4},{"damage":41,"enemies":"Shelled Parasite and Fungi","floor":20,"turns":4},{"damage":6,"enemies":"3 Cultists","floor":21,"turns":2}],"seed_played":"-7239299264831284491","potions_obtained":[{"floor":3.0,"key":"Energy Potion"},{"floor":4.0,"key":"Slimebound:ThreeZeroPotion"},{"floor":7.0,"key":"SteroidPotion"},{"floor":16,"key":"PowerPotion"},{"floor":20,"key":"Swift Potion"}],"is_trial":false,"path_per_floor":["M","M","M","M","?","R","M","R","T","M","M","M","$","M","R","B",null,"M","M","M","M"],"character_chosen":"DEFECT","items_purchased":["Mayhem"],"campfire_rested":1,"item_purchase_floors":[13],"current_hp_per_floor":[77,71,71,69,62,62,53,53,53,50,44,39,39,23,47,17,82,68,44,3,0,0],"gold":179,"neow_bonus":"TEN_PERCENT_HP_BONUS","is_daily":false,"chose_seed":false,"campfire_upgraded":2,"win_rate":0.0,"timestamp":1610117769,"path_taken":["M","M","M","M","?","R","M","R","T","M","M","M","$","M","R","BOSS","M","M","M","M"],"items_purchased_type":["Card"],"build_version":"2020-12-22","purchased_purges":0,"victory":false,"max_hp_per_floor":[82,82,82,82,82,82,82,82,82,82,82,82,82,82,82,82,82,82,82,82,82,82],"card_choices":[{"not_picked":["Steam","Scrape"],"picked":"Sweeping Beam","floor":1.0},{"not_picked":["Undo","Defragment"],"picked":"Conserve Battery","floor":2.0},{"not_picked":["Hologram","Rebound"],"picked":"Turbo","floor":3.0},{"not_picked":["Ball Lightning","Steam"],"picked":"Fusion","floor":4.0},{"not_picked":["Genetic Algorithm","Lockon"],"picked":"Beam Cell","floor":7.0},{"not_picked":["Barrage","Stack"],"picked":"Darkness","floor":10.0},{"not_picked":["Loop","Compile Driver"],"picked":"Conserve Battery","floor":11.0},{"not_picked":["Steam","Redo"],"picked":"Ball Lightning","floor":12.0},{"not_picked":["Compile Driver","Barrage"],"picked":"Go for the Eyes","floor":14},{"not_picked":["Thunder Strike","Reboot"],"picked":"Core Surge","floor":16},{"not_picked":["Rebound","Stack"],"picked":"Streamline","floor":18},{"not_picked":["Coolheaded","Tempest"],"picked":"Loop+1","floor":19},{"not_picked":["Sweeping Beam","Consume"],"picked":"Coolheaded+1","floor":20}],"player_experience":139964,"relics_obtained":[{"floor":9.0,"key":"Kunai"}],"event_choices":[{"cards_removed":["Dualcast"],"damage_healed":0.0,"max_hp_gain":0.0,"max_hp_loss":0.0,"gold_gain":0.0,"event_name":"Golden Wing","player_choice":"Card Removal","floor":5.0,"gold_loss":0.0,"damage_taken":7.0}],"is_beta":false,"boss_relics":[{"not_picked":["Cursed Key","Black Star"],"picked":"Philosopher\u0027s Stone"}],"items_purged_floors":[],"is_endless":false,"potions_floor_spawned":[3,4,7,10,16,20],"killed_by":"3 Cultists","ascension_level":0}}