{"host":"7k2a2omxz3voj5ax","time":1610129367,"event":{"mods":["BaseMod","Marisa£¨ìFÓê¡¡Ä§ÀíÉ³£©","Minty Spire (QoL Compilation)","Quick Restart","Spicy Shops","StSLib","Starting Relic: Pandora\u0027s Box","óô»ðÖ¸ÄÏ"],"gold_per_floor":[112,37,37,64,92,134,165,177,189,227,239,291,303,341,97,225,237,259,289,344,405,417,417],"floor_reached":22,"playtime":1007,"items_purged":["OneTimeOff","MasterSpark"],"score":478,"play_id":"61129ccd-59ce-49a6-b231-4f379e0dce65","local_time":"20210109030927","is_ascension_mode":true,"campfire_choices":[{"data":"GasGiant","floor":8.0,"key":"SMITH"},{"data":"GasGiant","floor":13.0,"key":"SMITH"}],"circlet_count":0,"master_deck":["AscendersBane","OortCloud","OrrerysSun","WitchLeyline","MilkyWay+1","ShootTheMoon","AlicesGift","MeteoricShower","6A","GasGiant+1","GasGiant+1","SuperPerseids+1","BlazeAway","WitchOfGreed","UltimateShortwave","Singularity","PropBag"],"relics":["MiniHakkero","MawBank","Unceasing Top","Molten Egg 2","Art of War","CeramicFish","War Paint","Black Star","Shuriken"],"acts_visited":["Exordium","TheCity"],"potions_floor_usage":[22],"damage_taken":[{"damage":0.0,"enemies":"Cultist","floor":1.0,"turns":3.0},{"damage":3.0,"enemies":"Jaw Worm","floor":4.0,"turns":3.0},{"damage":9.0,"enemies":"2 Louse","floor":5.0,"turns":2.0},{"damage":2.0,"enemies":"Gremlin Nob","floor":6.0,"turns":3.0},{"damage":7.0,"enemies":"Lots of Slimes","floor":7.0,"turns":3.0},{"damage":9.0,"enemies":"3 Sentries","floor":10.0,"turns":6.0},{"damage":6.0,"enemies":"Gremlin Nob","floor":12.0,"turns":4.0},{"damage":0.0,"enemies":"Lagavulin","floor":14.0,"turns":6.0},{"damage":8.0,"enemies":"Hexaghost","floor":16.0,"turns":6.0},{"damage":18.0,"enemies":"2 Thieves","floor":18.0,"turns":4.0},{"damage":18.0,"enemies":"Shell Parasite","floor":20.0,"turns":5.0},{"damage":37.0,"enemies":"3 Cultists","floor":21.0,"turns":6.0},{"damage":7,"enemies":"Cultist and Chosen","floor":22,"turns":4}],"seed_played":"7181983193337851078","potions_obtained":[{"floor":1.0,"key":"Strength Potion"},{"floor":5.0,"key":"Fire Potion"},{"floor":7.0,"key":"FairyPotion"},{"floor":12.0,"key":"DuplicationPotion"},{"floor":20.0,"key":"SkillPotion"},{"floor":21.0,"key":"Weak Potion"}],"is_trial":false,"path_per_floor":["M","$","?","M","M","E","M","R","T","E","?","E","R","E","R","B",null,"M","?","M","M","M"],"character_chosen":"MARISA","items_purchased":["BlazeAway","WitchOfGreed"],"campfire_rested":0,"item_purchase_floors":[15,15],"current_hp_per_floor":[63,63,45,42,33,31,24,24,24,15,36,30,30,30,30,22,53,35,35,17,7,0,0],"gold":417,"neow_bonus":"TRANSFORM_TWO_CARDS","is_daily":false,"chose_seed":false,"campfire_upgraded":2,"win_rate":0.0,"timestamp":1610129367,"path_taken":["M","?","?","?","M","E","M","R","T","E","?","E","R","E","R","BOSS","M","?","M","M","M"],"items_purchased_type":["Card","Card"],"build_version":"2020-12-22","purchased_purges":2,"victory":false,"max_hp_per_floor":[63,63,63,63,63,63,63,63,63,63,63,63,63,63,63,63,63,63,63,63,63,63,63],"card_choices":[{"not_picked":["MagicChant","PowerUp","DoubleSpark"],"picked":"SKIP","floor":1.0},{"not_picked":["GrandCross","MysteriousBeam","LuminesStrike"],"picked":"SKIP","floor":4.0},{"not_picked":["WitchOfGreed","OpenUniverse"],"picked":"MeteoricShower","floor":5.0},{"not_picked":["PulseMagic","StarBarrage"],"picked":"6A","floor":6.0},{"not_picked":["UnstableBomb","SprinkleStarSeal"],"picked":"GasGiant","floor":7.0},{"not_picked":["EventHorizon","NonDirectionalLaser+1"],"picked":"GasGiant","floor":10.0},{"not_picked":["GrandCross+1","DragonMeteor+1"],"picked":"SuperPerseids","floor":12.0},{"not_picked":["OrrerysSun","GravityBeat+1","GrandCross+1"],"picked":"SKIP","floor":14.0},{"not_picked":["SatelliteIllusion","EscapeVelocity"],"picked":"UltimateShortwave","floor":16.0},{"not_picked":["DoubleSpark+1","OpenUniverse","MysteriousBeam+1"],"picked":"SKIP","floor":18.0},{"not_picked":["NonDirectionalLaser+1","IllusionStar","GravityBeat+1"],"picked":"SKIP","floor":20.0},{"not_picked":["NonDirectionalLaser+1","IllusionStar","GravityBeat+1"],"picked":"SKIP","floor":20.0},{"not_picked":["MilkyWay","DarkSpark+1","MaximisePower"],"picked":"SKIP","floor":21.0}],"player_experience":412250,"relics_obtained":[{"floor":6.0,"key":"Unceasing Top"},{"floor":9.0,"key":"Molten Egg 2"},{"floor":10.0,"key":"Art of War"},{"floor":12.0,"key":"CeramicFish"},{"floor":14.0,"key":"War Paint"}],"event_choices":[{"damage_healed":0.0,"max_hp_gain":0.0,"max_hp_loss":0.0,"gold_gain":0.0,"event_name":"Scrap Ooze","player_choice":"Success","floor":3.0,"gold_loss":0.0,"damage_taken":18.0,"relics_obtained":["MawBank"]},{"damage_healed":21.0,"max_hp_gain":0.0,"max_hp_loss":0.0,"gold_gain":0.0,"event_name":"Big Fish","player_choice":"Banana","floor":11.0,"gold_loss":0.0,"damage_taken":0.0},{"damage_healed":0.0,"max_hp_gain":0.0,"max_hp_loss":0.0,"gold_gain":0.0,"cards_transformed":["FinalSpark","UpSweep"],"event_name":"Drug Dealer","player_choice":"Became Test Subject","floor":19.0,"gold_loss":0.0,"damage_taken":0.0,"cards_obtained":["Singularity","PropBag"]}],"is_beta":false,"boss_relics":[{"not_picked":["Busted Crown","SlaversCollar"],"picked":"Black Star"}],"items_purged_floors":[2,15],"is_endless":false,"potions_floor_spawned":[1,5,7,12,20],"killed_by":"Cultist and Chosen","ascension_level":20}}