{"host":"x7xd4wkamhrqrrvw","time":1610081087,"event":{"mods":["BaseMod","Minty Spire (QoL Compilation)","StSLib"],"gold_per_floor":[118,136,136,151,170,204,204,232,304,331,331,331,431,446,446,546,546,565,565,565,565,576,610,628,628,628,665,665,688,688,194,194,298,348,368,381,381,187,196,229,229,239,293,313,313,343,352,118,118,118,118,118,46,80,80],"floor_reached":56,"playtime":3416,"items_purged":["Prepared","Survivor","Pain"],"score":1618,"play_id":"0d734785-8557-4183-b481-f9ad3064a7c0","local_time":"20210108024447","is_ascension_mode":true,"campfire_choices":[{"data":"Bullet Time","floor":7,"key":"SMITH"},{"data":"Dash","floor":12,"key":"SMITH"},{"data":"Expertise","floor":15,"key":"SMITH"},{"data":"Acrobatics","floor":25,"key":"SMITH"},{"data":"Acrobatics","floor":28,"key":"SMITH"},{"data":"Well Laid Plans","floor":32,"key":"SMITH"},{"floor":41,"key":"RECALL"},{"data":"Phantasmal Killer","floor":45,"key":"SMITH"},{"data":"Malaise","floor":49,"key":"SMITH"},{"data":"Bouncing Flask","floor":52,"key":"SMITH"}],"circlet_count":0,"master_deck":["Neutralize+1","Flying Knee","Well Laid Plans+1","Unload","Bullet Time+1","Expertise+1","Dash+1","PiercingWail+1","Acrobatics+1","Phantasmal Killer+1","Acrobatics+1","Tactician+1","Malaise+1","Bouncing Flask+1","Predator","Terror","Predator"],"relics":["Pandora\u0027s Box","Blood Vial","Turnip","Akabeko","Sozu","Nilry\u0027s Codex","Happy Flower","The Courier","CeramicFish","Ancient Tea Set","NlothsMask","Bag of Marbles","Pantograph","TwistedFunnel","Tiny House","Medical Kit","WarpedTongs","Dream Catcher","CaptainsWheel","Chemical X","Snake Skull"],"acts_visited":["Exordium","TheCity","TheBeyond","TheEnding"],"potions_floor_usage":[6,10,27],"damage_taken":[{"damage":6,"enemies":"2 Louse","floor":1,"turns":2},{"damage":1,"enemies":"Jaw Worm","floor":2,"turns":2},{"damage":0,"enemies":"Cultist","floor":4,"turns":2},{"damage":4,"enemies":"Exordium Thugs","floor":5,"turns":3},{"damage":10,"enemies":"Gremlin Nob","floor":6,"turns":4},{"damage":2,"enemies":"Lagavulin","floor":8,"turns":5},{"damage":12,"enemies":"Gremlin Nob","floor":10,"turns":3},{"damage":0,"enemies":"Large Slime","floor":14,"turns":2},{"damage":14,"enemies":"The Guardian","floor":16,"turns":10},{"damage":0,"enemies":"Spheric Guardian","floor":18,"turns":2},{"damage":8,"enemies":"3 Byrds","floor":22,"turns":3},{"damage":0,"enemies":"Gremlin Leader","floor":23,"turns":3},{"damage":0,"enemies":"Centurion and Healer","floor":24,"turns":2},{"damage":25,"enemies":"Slavers","floor":27,"turns":3},{"damage":0,"enemies":"Collector","floor":33,"turns":4},{"damage":0,"enemies":"Orb Walker","floor":35,"turns":2},{"damage":0,"enemies":"3 Shapes","floor":36,"turns":1},{"damage":23,"enemies":"Reptomancer","floor":40,"turns":3},{"damage":1,"enemies":"3 Darklings","floor":42,"turns":3},{"damage":0,"enemies":"Jaw Worm Horde","floor":44,"turns":2},{"damage":4,"enemies":"Giant Head","floor":46,"turns":3},{"damage":26,"enemies":"Awakened One","floor":50,"turns":7},{"damage":10,"enemies":"Shield and Spear","floor":54,"turns":4},{"damage":74,"enemies":"The Heart","floor":55,"turns":5}],"seed_played":"-369075759523040776","potions_obtained":[{"floor":2,"key":"Ancient Potion"},{"floor":5,"key":"DuplicationPotion"},{"floor":6,"key":"DistilledChaos"}],"is_trial":false,"path_per_floor":["M","M","?","M","M","E","R","E","T","E","?","R","?","M","R","B",null,"M","?","?","?","M","E","M","R","T","E","R","T","?","$","R","B",null,"M","M","?","$","?","E","R","M","T","M","R","E","?","$","R","B",null,"R","$","E","B",null],"character_chosen":"THE_SILENT","items_purchased":["Bag of Marbles","Pantograph","TwistedFunnel","Medical Kit","Chemical X","Predator","Terror","Predator"],"campfire_rested":0,"item_purchase_floors":[31,31,31,38,48,48,53,53],"current_hp_per_floor":[64,63,49,49,45,35,35,35,35,25,25,25,25,27,27,15,56,58,58,42,80,72,74,76,76,76,53,53,53,53,53,53,80,85,85,85,85,85,85,62,62,63,63,65,65,63,63,63,63,59,79,79,79,71,11],"gold":80,"neow_bonus":"BOSS_RELIC","is_daily":false,"chose_seed":false,"campfire_upgraded":9,"win_rate":0.0,"timestamp":1610081087,"path_taken":["M","M","?","M","M","E","R","E","T","E","?","R","?","?","R","BOSS","M","?","?","?","?","E","M","R","T","E","R","?","?","$","R","BOSS","M","M","?","$","?","E","R","?","T","M","R","E","?","$","R","BOSS","R","$","E","BOSS"],"items_purchased_type":["Relic","Relic","Relic","Relic","Relic","Card","Card","Card"],"build_version":"2020-12-22","purchased_purges":3,"victory":true,"max_hp_per_floor":[70,70,70,70,70,70,70,70,70,70,70,70,70,70,70,70,70,70,70,70,80,80,80,80,80,80,80,80,80,80,80,80,80,85,85,85,85,85,85,85,85,85,85,85,85,85,85,85,85,85,85,85,85,85,85],"card_choices":[{"not_picked":["Dagger Spray","Dodge and Roll","Outmaneuver"],"picked":"SKIP","floor":1},{"not_picked":["Masterful Stab","Acrobatics","Quick Slash"],"picked":"SKIP","floor":2},{"not_picked":["Acrobatics","Blade Dance"],"picked":"Dash","floor":4},{"not_picked":["Acrobatics","Dagger Spray"],"picked":"PiercingWail","floor":5},{"not_picked":["Underhanded Strike","Blur","Acrobatics"],"picked":"SKIP","floor":6},{"not_picked":["Poisoned Stab","Envenom","Outmaneuver"],"picked":"SKIP","floor":8},{"not_picked":["Accuracy","Catalyst","Tactician"],"picked":"SKIP","floor":10},{"not_picked":["Footwork","Underhanded Strike"],"picked":"Acrobatics","floor":14},{"not_picked":["Burst","Die Die Die"],"picked":"Phantasmal Killer","floor":16},{"not_picked":["Dagger Throw","Cloak And Dagger+1","Flechettes"],"picked":"SKIP","floor":18},{"not_picked":["Prepared+1","Deflect+1","Quick Slash+1"],"picked":"SKIP","floor":22},{"not_picked":["Dodge and Roll+1","Flechettes+1","Underhanded Strike"],"picked":"SKIP","floor":23},{"not_picked":["PiercingWail","Underhanded Strike"],"picked":"Acrobatics","floor":24},{"not_picked":["Flying Knee","Bane"],"picked":"Tactician+1","floor":27},{"not_picked":["Doppelganger","Wraith Form v2"],"picked":"Malaise","floor":33},{"not_picked":["Accuracy+1","Dagger Spray","Flying Knee+1"],"picked":"SKIP","floor":35},{"not_picked":["Expertise","Cloak And Dagger+1","Acrobatics"],"picked":"SKIP","floor":36},{"not_picked":["Deflect+1","Flechettes+1","Acrobatics+1"],"picked":"SKIP","floor":40},{"not_picked":["Infinite Blades+1","Bouncing Flask+1","Dagger Throw+1"],"picked":"SKIP","floor":42},{"not_picked":["Skewer","Escape Plan+1","Bane"],"picked":"SKIP","floor":44},{"not_picked":["Outmaneuver","Distraction+1","Bane+1"],"picked":"SKIP","floor":46},{"not_picked":["Acrobatics","Underhanded Strike","Burst"],"picked":"SKIP","floor":54}],"player_experience":277328,"relics_obtained":[{"floor":6,"key":"Blood Vial"},{"floor":8,"key":"Turnip"},{"floor":10,"key":"Akabeko"},{"floor":20,"key":"Nilry\u0027s Codex"},{"floor":23,"key":"Happy Flower"},{"floor":26,"key":"The Courier"},{"floor":27,"key":"CeramicFish"},{"floor":29,"key":"Ancient Tea Set"},{"floor":40,"key":"Dream Catcher"},{"floor":46,"key":"CaptainsWheel"},{"floor":54,"key":"Snake Skull"}],"event_choices":[{"damage_healed":0,"gold_gain":0,"player_choice":"Entered Light","damage_taken":14,"max_hp_gain":0,"max_hp_loss":0,"event_name":"Shining Light","floor":3,"gold_loss":0,"cards_upgraded":["Neutralize","Underhanded Strike"]},{"damage_healed":0,"gold_gain":0,"player_choice":"Ignored","damage_taken":0,"max_hp_gain":0,"max_hp_loss":0,"event_name":"Golden Idol","floor":11,"gold_loss":0},{"damage_healed":0,"gold_gain":100,"player_choice":"Pray","damage_taken":0,"max_hp_gain":0,"max_hp_loss":0,"event_name":"Golden Shrine","floor":13,"gold_loss":0},{"cards_removed":["Outmaneuver"],"damage_healed":0,"gold_gain":0,"player_choice":"Elegance","damage_taken":0,"max_hp_gain":0,"max_hp_loss":0,"event_name":"Back to Basics","floor":19,"gold_loss":0},{"damage_healed":0,"gold_gain":0,"player_choice":"Obtained Book","damage_taken":16,"max_hp_gain":0,"max_hp_loss":0,"event_name":"Cursed Tome","floor":20,"gold_loss":0},{"cards_removed":["Envenom"],"damage_healed":28,"gold_gain":0,"player_choice":"Offered Rare","damage_taken":0,"max_hp_gain":10,"max_hp_loss":0,"event_name":"Bonfire Elementals","floor":21,"gold_loss":0},{"damage_healed":0,"gold_gain":0,"player_choice":"Trade","damage_taken":0,"relics_obtained":["NlothsMask"],"max_hp_gain":0,"max_hp_loss":0,"event_name":"FaceTrader","floor":30,"gold_loss":0},{"cards_removed":["Underhanded Strike"],"damage_healed":0,"gold_gain":0,"player_choice":"Removed Attack","damage_taken":0,"max_hp_gain":0,"max_hp_loss":0,"event_name":"Falling","floor":37,"gold_loss":0},{"damage_healed":0,"gold_gain":0,"player_choice":"Rummage","damage_taken":0,"relics_obtained":["WarpedTongs"],"max_hp_gain":0,"max_hp_loss":0,"event_name":"Accursed Blacksmith","floor":39,"gold_loss":0,"cards_obtained":["Pain"]},{"damage_healed":0,"gold_gain":0,"cards_transformed":["All Out Attack"],"player_choice":"Transformed","damage_taken":0,"max_hp_gain":0,"max_hp_loss":0,"event_name":"Transmorgrifier","floor":47,"gold_loss":0,"cards_obtained":["Bouncing Flask"]}],"is_beta":false,"boss_relics":[{"not_picked":["Coffee Dripper","Empty Cage"],"picked":"Sozu"},{"not_picked":["Astrolabe","Velvet Choker"],"picked":"Tiny House"}],"items_purged_floors":[31,38,48],"is_endless":false,"potions_floor_spawned":[2,5,6,22,23,35,40,54],"ascension_level":5}}