{"host":"9709z2dy8v1s63sm","time":1610122221,"event":{"mods":["AchievementEnabler","BaseMod","Minty Spire (QoL Compilation)","StSLib","SuperFastMode"],"gold_per_floor":[112,62,62,62,72,72,98,108,108,33,33,33,47,47,47,148,148,166,177,191,241,241,241],"floor_reached":22,"playtime":509,"items_purged":["Defend_B"],"score":202,"play_id":"72bef4d9-e185-4d55-8c3a-c83b23797390","local_time":"20210109011021","is_ascension_mode":true,"campfire_choices":[{"data":"Zap","floor":6.0,"key":"SMITH"},{"data":"Beam Cell","floor":11.0,"key":"SMITH"},{"data":"Ball Lightning","floor":15.0,"key":"SMITH"}],"circlet_count":0,"master_deck":["Strike_B+1","Strike_B+1","Strike_B","Defend_B","Defend_B","Defend_B","Zap+1","Dualcast","Ball Lightning+1","FTL","Beam Cell+1","Core Surge","Biased Cognition","Sweeping Beam+1","Storm"],"relics":["Cracked Core","MealTicket","InkBottle","Lantern","Pear","Inserter"],"acts_visited":["Exordium","TheCity"],"potions_floor_usage":[],"damage_taken":[{"damage":1.0,"enemies":"2 Louse","floor":1.0,"turns":3.0},{"damage":0.0,"enemies":"Small Slimes","floor":5.0,"turns":2.0},{"damage":16.0,"enemies":"3 Sentries","floor":7.0,"turns":4.0},{"damage":0.0,"enemies":"Cultist","floor":8.0,"turns":2.0},{"damage":0.0,"enemies":"Red Slaver","floor":13.0,"turns":1.0},{"damage":29.0,"enemies":"Hexaghost","floor":16.0,"turns":6.0},{"damage":21.0,"enemies":"Shell Parasite","floor":18.0,"turns":4.0},{"damage":11.0,"enemies":"Spheric Guardian","floor":19.0,"turns":3.0},{"damage":38.0,"enemies":"Snake Plant","floor":20.0,"turns":4.0},{"damage":23,"enemies":"Centurion and Healer","floor":22,"turns":2}],"seed_played":"1672415728340993962","potions_obtained":[{"floor":5.0,"key":"FearPotion"},{"floor":13.0,"key":"Regen Potion"},{"floor":16.0,"key":"AttackPotion"},{"floor":20.0,"key":"EssenceOfSteel"}],"is_trial":false,"path_per_floor":["M","?","?","?","M","R","E","M","T","$","R","?","M","$","R","B",null,"M","M","M","?","M"],"character_chosen":"DEFECT","items_purchased":[],"campfire_rested":0,"item_purchase_floors":[],"current_hp_per_floor":[74,74,59,34,34,34,18,18,28,43,43,43,43,58,58,29,85,64,53,27,27,4,4],"gold":241,"neow_bonus":"RANDOM_COMMON_RELIC","is_daily":false,"chose_seed":false,"campfire_upgraded":3,"win_rate":0.0,"timestamp":1610122221,"path_taken":["M","?","?","?","M","R","E","M","T","$","R","?","M","$","R","BOSS","M","M","M","?","?"],"items_purchased_type":[],"build_version":"2020-12-22","purchased_purges":1,"victory":false,"max_hp_per_floor":[75,75,75,75,75,75,75,75,85,85,85,85,85,85,85,85,85,85,85,85,85,85,85],"card_choices":[{"not_picked":["Go for the Eyes","Doom and Gloom"],"picked":"Ball Lightning","floor":1.0},{"not_picked":["Rebound","Hello World"],"picked":"FTL","floor":5.0},{"not_picked":["Force Field","Rebound","Barrage"],"picked":"SKIP","floor":7.0},{"not_picked":["Rebound","Darkness"],"picked":"Beam Cell","floor":8.0},{"not_picked":["Fusion","Hologram","Force Field"],"picked":"SKIP","floor":13.0},{"not_picked":["Thunder Strike","Rainbow"],"picked":"Biased Cognition","floor":16.0},{"not_picked":["Rip and Tear","Static Discharge"],"picked":"Sweeping Beam+1","floor":18.0},{"not_picked":["Barrage","Cold Snap"],"picked":"Storm","floor":19.0},{"not_picked":["Biased Cognition","Streamline","Sweeping Beam"],"picked":"SKIP","floor":20.0}],"player_experience":58226,"relics_obtained":[{"floor":7.0,"key":"Lantern"},{"floor":9.0,"key":"Pear"}],"event_choices":[{"cards_removed":["Strike_B"],"damage_healed":0.0,"max_hp_gain":0.0,"max_hp_loss":0.0,"gold_gain":0.0,"event_name":"The Cleric","player_choice":"Card Removal","floor":2.0,"gold_loss":50.0,"damage_taken":0.0},{"damage_healed":0.0,"max_hp_gain":0.0,"max_hp_loss":0.0,"gold_gain":0.0,"event_name":"Shining Light","player_choice":"Entered Light","floor":3.0,"gold_loss":0.0,"damage_taken":15.0,"cards_upgraded":["Strike_B","Strike_B"]},{"damage_healed":0.0,"max_hp_gain":0.0,"max_hp_loss":0.0,"gold_gain":0.0,"event_name":"Scrap Ooze","player_choice":"Success","floor":4.0,"gold_loss":0.0,"damage_taken":25.0,"relics_obtained":["InkBottle"]},{"damage_healed":0.0,"max_hp_gain":0.0,"max_hp_loss":0.0,"gold_gain":0.0,"event_name":"Match and Keep!","player_choice":"1 cards matched","floor":12.0,"gold_loss":0.0,"damage_taken":0.0,"cards_obtained":["Core Surge"]},{"damage_healed":0,"gold_gain":100,"player_choice":"Bet on Murderer","damage_taken":0,"max_hp_gain":0,"max_hp_loss":0,"event_name":"The Joust","floor":21,"gold_loss":50}],"is_beta":false,"boss_relics":[{"not_picked":["Busted Crown","SacredBark"],"picked":"Inserter"}],"items_purged_floors":[10],"is_endless":false,"potions_floor_spawned":[5,13,16,19,20],"killed_by":"Centurion and Healer","ascension_level":2}}