{"host":"6r341r9cz00j2qc1","time":1610139400,"event":{"mods":["BaseMod","Better Third Choice","Downfall","GungeonMod","Hermit","Lobotomy","LobotomyExtend","Minty Spire (QoL Compilation)","Replay The Spire","Shop Mod","StSLib"],"gold_per_floor":[214,35,80,255,270,304,304,316,316,351,351,377,56,56,56,155,155,174,8,20,36,55,55,67,92,92,92,105,125,135,151,162,162,162,162,162],"floor_reached":35,"playtime":2603,"items_purged":["Doubt"],"score":391,"play_id":"cb09c0dd-628f-4dce-8605-18714f809fb6","local_time":"20210108215640","is_ascension_mode":false,"campfire_choices":[{"floor":7,"key":"REST"},{"floor":15,"key":"DIG"},{"data":"expansioncontent:StudyTheSpire","floor":23,"key":"SMITH"},{"data":"Uppercut","floor":27,"key":"SMITH"},{"data":"Infernal Blade","floor":33,"key":"SMITH"}],"circlet_count":0,"master_deck":["Strike_R","Strike_R","Strike_R","Strike_R","Strike_R","Defend_R","Defend_R","Defend_R","Defend_R","Bash","Run Through","expansioncontent:DashGenerateEvil","Thunderclap","Run Through","Run Through","Flex","DemoMod:WhiteBlade","DemoMod:BlackBlade","Apotheosis+1","Clothesline+1","Shrug It Off","Anger","Reaper","AbeCurse","Pommel Strike+1","expansioncontent:StudyTheSpire+1","Run Through","Dropkick","DemoMod:WhiteBlade","Armaments","Uppercut+1","Infernal Blade+1","Run Through+1","Iron Wave+1","Pommel Strike+1","ReplayTheSpireMod:LeadingStrike+1"],"relics":["Black Blood","LetterFromLob","Centennial Puzzle","FossilizedHelix","Lizard Tail","Replay:Wax Seal","ReplayTheSpireMod:Lightbulb","Membership Card","Garlic","Replay:Grab Bag","Abe\u0027s Treasure","Painkiller Herb","Replay:Baseball","DemoMod:OrangeGuonStone"],"acts_visited":["Exordium","TheCity","TheCity"],"potions_floor_usage":[6,10,16,16,16,25,25,34,34],"damage_taken":[{"damage":8,"enemies":"Jaw Worm","floor":1,"turns":6},{"damage":0,"enemies":"Small Slimes","floor":5,"turns":3},{"damage":49,"enemies":"Lagavulin","floor":6,"turns":7},{"damage":0,"enemies":"2 Louse","floor":8,"turns":2},{"damage":6,"enemies":"3 Sentries","floor":10,"turns":6},{"damage":0,"enemies":"Slime Boss","floor":16,"turns":4},{"damage":0,"enemies":"Shell Parasite","floor":18,"turns":4},{"damage":0,"enemies":"3 Byrds","floor":20,"turns":3},{"damage":16,"enemies":"Centurion and Healer","floor":21,"turns":5},{"damage":0,"enemies":"Sentry and Sphere","floor":22,"turns":3},{"damage":13,"enemies":"Chosen and Byrds","floor":24,"turns":5},{"damage":8,"enemies":"Gremlin Leader","floor":25,"turns":4},{"damage":0,"enemies":"DemoMod:Red_and_blue_shotgun_kin","floor":28,"turns":2},{"damage":0,"enemies":"DemoMod:4_Bullet_Kins","floor":29,"turns":3},{"damage":1,"enemies":"DemoMod:Veteran_shot_gun_kin_and_blue_shotgun_kin_with_gunsinger","floor":30,"turns":3},{"damage":2,"enemies":"DemoMod:Veteran_shot_gun_kin_and_blue_shotgun_kin","floor":31,"turns":3},{"damage":0,"enemies":"DemoMod:Red_and_blue_shotgun_kin_with_gunsinger","floor":32,"turns":3},{"damage":48,"enemies":"DemoMod:ResourcefulRat","floor":35,"turns":6}],"seed_played":"4440651915602277727","potions_obtained":[{"floor":1,"key":"hexamod:EctoCoolerPotion"},{"floor":3,"key":"Strength Potion"},{"floor":3,"key":"hexamod:EctoCoolerPotion"},{"floor":10,"key":"Strength Potion"},{"floor":14,"key":"Flashbang"},{"floor":20,"key":"Reflective Coating"},{"floor":24,"key":"Toxic Potion"},{"floor":29,"key":"Guardian:BlockOnCardUsePotion"},{"floor":32,"key":"BloodPotion"}],"is_trial":false,"path_per_floor":["M","$","?","?","M","E","R","M","T","E","?","T","$","?","R","B",null,"?","T","?","?","?","T","?","E","T","T","?","?","?","?","?","T","B","B"],"character_chosen":"IRONCLAD","items_purchased":["expansioncontent:DashGenerateEvil","Membership Card","Clothesline+1","Shrug It Off","Anger","DemoMod:GnawedKey","Replay:Baseball","expansioncontent:StudyTheSpire"],"campfire_rested":1,"item_purchase_floors":[2,13,13,13,13,13,19,19],"current_hp_per_floor":[78,78,58,58,64,21,45,51,51,51,51,51,51,51,51,57,80,80,80,80,76,80,80,79,80,80,80,80,80,80,80,80,80,33,0,0],"gold":162,"neow_bonus":"HUNDRED_GOLD","is_daily":false,"chose_seed":false,"campfire_upgraded":3,"win_rate":0.0,"timestamp":1610139400,"path_taken":["M","$","?","?","?","E","R","M","T","E","?","?","$","?","R","BOSS","?","?","?","?","?","T","?","E","T","T","?","?","?","?","?","T","BOSS","BOSS"],"items_purchased_type":["Card","Relic","Card","Card","Card","Relic","Relic","Card"],"build_version":"2020-12-22","purchased_purges":1,"victory":false,"max_hp_per_floor":[80,80,80,80,80,80,80,80,80,80,80,80,80,80,80,80,80,80,80,80,80,80,80,80,80,80,80,80,80,80,80,80,80,80,80,80],"card_choices":[{"not_picked":["Wild Strike","Ghostly Armor"],"picked":"Run Through","floor":1},{"not_picked":["ReplayTheSpireMod:Muscle Training","Pommel Strike"],"picked":"Thunderclap","floor":3},{"not_picked":["ReplayTheSpireMod:Strike From Hell","Shrug It Off"],"picked":"Run Through","floor":5},{"not_picked":["Body Slam","Anger"],"picked":"Run Through","floor":6},{"not_picked":["Thunderclap","Shrug It Off"],"picked":"Flex","floor":8},{"not_picked":["Body Slam","True Grit"],"picked":"DemoMod:WhiteBlade","floor":10},{"not_picked":["Brutality","Impervious"],"picked":"Reaper","floor":16},{"not_picked":["Replay:Undeath\u0027s Touch","Havoc"],"picked":"Pommel Strike+1","floor":18},{"not_picked":["Warcry","Burning Pact"],"picked":"Run Through","floor":20},{"not_picked":["Reckless Charge","Body Slam+1"],"picked":"Dropkick","floor":21},{"not_picked":["Run Through","ReplayTheSpireMod:Strike From Hell"],"picked":"DemoMod:WhiteBlade","floor":22},{"not_picked":["Wild Strike","Burning Pact+1"],"picked":"Armaments","floor":24},{"not_picked":["Pommel Strike","Metallicize+1"],"picked":"Uppercut","floor":25},{"not_picked":["Heavy Blade+1","Replay:Undeath\u0027s Touch"],"picked":"Infernal Blade","floor":28},{"not_picked":["Thunderclap","Power Through"],"picked":"Run Through+1","floor":29},{"not_picked":["Run Through","Ghostly Armor"],"picked":"Iron Wave+1","floor":30},{"not_picked":["Burning Pact+1","Abandon+1"],"picked":"Pommel Strike+1","floor":31},{"not_picked":["Seeing Red","Twin Strike"],"picked":"ReplayTheSpireMod:LeadingStrike+1","floor":32}],"player_experience":483895,"relics_obtained":[{"floor":1,"key":"LetterFromLob"},{"floor":3,"key":"Centennial Puzzle"},{"floor":6,"key":"FossilizedHelix"},{"floor":9,"key":"Lizard Tail"},{"floor":10,"key":"Replay:Wax Seal"},{"floor":12,"key":"ReplayTheSpireMod:Lightbulb"},{"floor":15,"key":"Garlic"},{"floor":25,"key":"DemoMod:OrangeGuonStone"}],"event_choices":[{"damage_healed":0,"gold_gain":175,"player_choice":"AGREE","damage_taken":80,"max_hp_gain":0,"max_hp_loss":0,"event_name":"betterThird:BetterSerpent","floor":4,"gold_loss":0},{"damage_healed":51,"gold_gain":0,"player_choice":"Embrace","damage_taken":0,"max_hp_gain":0,"max_hp_loss":80,"event_name":"betterThird:BetterShining","floor":11,"gold_loss":0},{"damage_healed":0,"gold_gain":0,"player_choice":"Got Potions","damage_taken":0,"max_hp_gain":0,"max_hp_loss":0,"event_name":"Lab","floor":14,"gold_loss":0}],"is_beta":false,"boss_relics":[{"not_picked":["Coffee Dripper","Busted Crown"],"picked":"Replay:Grab Bag"},{"not_picked":["Fusion Hammer","Sozu"],"picked":"Abe\u0027s Treasure"},{"not_picked":["Philosopher\u0027s Stone","ReplayTheSpireMod:DimensionalGlitch"],"picked":"Painkiller Herb"},{"not_picked":["Replay:Drink Me","SacredBark"],"picked":"Black Blood"}],"items_purged_floors":[13],"is_endless":false,"potions_floor_spawned":[1,5,10,20,24,29,32],"killed_by":"DemoMod:ResourcefulRat","ascension_level":0}}