{"host":"d107yck46y3a78tv","time":1610129580,"event":{"mods":["ATMod(°¢èªMod)","Act Like it!","Aspiration","Bard","BaseMod","CapriCore","Colored Map","Gensokyo","Marisa£¨ìFÓê¡¡Ä§ÀíÉ³£©","Minty Spire (QoL Compilation)","Quick Restart","Relic Stats","StSLib","The Runesmith","The Servant 0.9.4"],"gold_per_floor":[109,109,123,90,102,102,128,128,205,205,76,326,351,18,18,129,129,149,181,215,215,215],"floor_reached":21,"playtime":1046,"items_purged":["Defend_MRS","Strike_MRS"],"score":239,"play_id":"480ab3cc-b005-4e66-9a82-7d7380686f38","local_time":"20210109021300","is_ascension_mode":false,"campfire_choices":[{"data":"MillisecondPulsars","floor":6,"key":"SMITH"},{"data":"ShootingEcho","floor":10,"key":"SMITH"},{"data":"PowerUp","floor":15,"key":"SMITH"}],"circlet_count":0,"master_deck":["Strike_MRS","Strike_MRS","Strike_MRS","Defend_MRS","Defend_MRS","Defend_MRS","MasterSpark","UpSweep","WitchLeyline","ShootingEcho+1","MillisecondPulsars+1","ShootTheMoon","WitchOfGreed","PowerUp+1","Acceleration","UltimateShortwave","6A","GravityBeat"],"relics":["MiniHakkero","AT_ATBox","FossilizedHelix","Bag of Preparation","Pear","MawBank","Meat on the Bone","aspiration:RunicSpoon"],"acts_visited":["Gensokyo:Gensokyo","Gensokyo:Gensokyoer"],"potions_floor_usage":[7,7,16,16],"damage_taken":[{"damage":0,"enemies":"Gensokyo:3_Fairies","floor":1,"turns":4},{"damage":0,"enemies":"Gensokyo:Python","floor":3,"turns":2},{"damage":9,"enemies":"Gensokyo:Gryphon","floor":5,"turns":3},{"damage":55,"enemies":"Gensokyo:Cirno","floor":7,"turns":8},{"damage":0,"enemies":"Gensokyo:Mamizou","floor":12,"turns":7},{"damage":0,"enemies":"Gensokyo:VengefulSpirit","floor":13,"turns":2},{"damage":22,"enemies":"Gensokyo:Yukari","floor":16,"turns":5},{"damage":5,"enemies":"Gensokyo:CosmicMonolith","floor":18,"turns":3},{"damage":2,"enemies":"Gensokyo:AngelMirror","floor":19,"turns":3},{"damage":66,"enemies":"Gensokyo:Slime_Group","floor":20,"turns":5},{"damage":32,"enemies":"Gensokyo:Wraith","floor":21,"turns":3}],"seed_played":"-6313892988189376873","potions_obtained":[{"floor":3,"key":"Dexterity Potion"},{"floor":5,"key":"AttackPotion"},{"floor":12,"key":"Strength Potion"},{"floor":13,"key":"Weak Potion"},{"floor":16,"key":"LiquidBronze"},{"floor":19,"key":"Block Potion"},{"floor":20,"key":"PowerPotion"}],"is_trial":false,"path_per_floor":["M","?","M","COS","M","R","E","T","T","R","$","E","M","$","R","B",null,"M","M","M","M"],"character_chosen":"MARISA","items_purchased":["WitchOfGreed","Meat on the Bone"],"campfire_rested":0,"item_purchase_floors":[11,14],"current_hp_per_floor":[82,82,82,82,73,73,18,18,28,28,28,28,28,28,28,18,92,87,85,31,0,0],"gold":215,"neow_bonus":"TEN_PERCENT_HP_BONUS","is_daily":false,"chose_seed":false,"campfire_upgraded":3,"win_rate":0.0,"timestamp":1610129580,"path_taken":["M","?","M","COS","?","R","E","?","T","R","?","E","M","$","R","BOSS","M","?","M","M"],"items_purchased_type":["Card","Relic"],"build_version":"2020-12-22","purchased_purges":2,"victory":false,"max_hp_per_floor":[82,82,82,82,82,82,82,82,92,92,92,92,92,92,92,92,92,92,92,92,92,92],"relic_stats":{"counters":[11,45],"aspiration:RunicSpoon":[19],"Bag of Preparation":[14],"MawBank":24,"obtain_stats":[{"AT_ATBox":0,"Pear":9,"aspiration:RunicSpoon":17,"Bag of Preparation":8,"MiniHakkero":0,"MawBank":12,"FossilizedHelix":7,"Meat on the Bone":14},{"AT_ATBox":0,"Pear":4,"aspiration:RunicSpoon":7,"Bag of Preparation":4,"MiniHakkero":0,"MawBank":5,"FossilizedHelix":4,"Meat on the Bone":6},{"AT_ATBox":0,"Pear":17,"aspiration:RunicSpoon":31,"Bag of Preparation":17,"MiniHakkero":0,"MawBank":24,"FossilizedHelix":17,"Meat on the Bone":26}],"Meat on the Bone":24},"card_choices":[{"not_picked":["AsteroidBelt","ChargingUp","Occultation"],"picked":"SKIP","floor":1},{"not_picked":["DarkSpark","DC"],"picked":"WitchLeyline","floor":2},{"not_picked":["DeepEcoloBomb","6A"],"picked":"ShootingEcho","floor":3},{"not_picked":["DC","MilkyWay"],"picked":"MillisecondPulsars","floor":5},{"not_picked":["MagicChant","PropBag"],"picked":"ShootTheMoon","floor":7},{"not_picked":["EnergyRecoil","OneTimeOff"],"picked":"PowerUp","floor":12},{"not_picked":["StarBarrage","RefractionSpark"],"picked":"Acceleration","floor":13},{"not_picked":["EscapeVelocity","MillisecondPulsars"],"picked":"UltimateShortwave","floor":16},{"not_picked":["GrandCross+1","DragonMeteor","UnstableBomb"],"picked":"SKIP","floor":18},{"not_picked":["IllusionStar","GrandCross"],"picked":"6A","floor":19},{"not_picked":["SporeBomb+1","OneTimeOff"],"picked":"GravityBeat","floor":20}],"player_experience":14114,"relics_obtained":[{"floor":7,"key":"FossilizedHelix"},{"floor":8,"key":"Bag of Preparation"},{"floor":9,"key":"Pear"},{"floor":12,"key":"MawBank"}],"event_choices":[],"is_beta":false,"boss_relics":[{"not_picked":["Tiny House","Cursed Key"],"picked":"aspiration:RunicSpoon"}],"items_purged_floors":[11,14],"is_endless":false,"potions_floor_spawned":[3,5,13,20],"killed_by":"Gensokyo:Wraith","ascension_level":0}}