{"host":"5ft7yn6ogyq2ib7i","time":1610114929,"event":{"mods":["Act Like it!","Arknights The Spire","BaseMod","Conspire","Defuse TimeMaze Blight","Gensokyo","Hubris","Minty Spire (QoL Compilation)","Replay The Spire","StSLib","The Jungle"],"gold_per_floor":[116,116,116,116,116,116,41,141,141,156,156,1,1,11,11,106,106,124,141,141,141,155,155,168,168,168,168,184,214,12,23,23,23,23],"floor_reached":33,"playtime":1685,"items_purged":["ats:Strike S"],"score":303,"play_id":"c512783c-ce1b-45b1-95f0-39541c7c8da5","local_time":"20210108150849","is_ascension_mode":false,"campfire_choices":[{"data":"ats:Cat Scratch","floor":6,"key":"SMITH"},{"data":"ats:Burning Ground","floor":11,"key":"SMITH"},{"data":"ats:Support Order","floor":13,"key":"SMITH"},{"data":"ats:Burning Ground","floor":15,"key":"SMITH"},{"data":"ats:Roar Of Ursus","floor":23,"key":"SMITH"},{"data":"ats:Emotion Absorption","floor":25,"key":"SMITH"},{"data":"ats:Healing Drone","floor":27,"key":"SMITH"},{"floor":32,"key":"REST"}],"circlet_count":0,"master_deck":["ats:Strike C","ats:Strike G","ats:Strike V","ats:Armor Crushing Shot+1","ats:Defend","ats:Defend","ats:Defend","ats:Emotion Absorption+1","ats:Cat Scratch+1","ats:Flexible Camouflage+1","ats:Burning Ground+1","ats:Support Order+1","ats:Burning Ground+1","ats:Roar Of Ursus+1","ats:Soul Absorption+1","ats:Healing Drone+1","ats:Very Hot Blade","ats:Ignite","ats:Shell Defense"],"relics":["ats:Sanity Plus","NeowsBlessing","Replay:Rubber Ducky","Mercury Hourglass","Akabeko","MutagenicStrength","Replay:Ringing Soul","ats:Originium","conspire:TopHat","MealTicket"],"acts_visited":["Exordium","TheCity"],"potions_floor_usage":[19,22,29,29,29],"damage_taken":[{"damage":0,"enemies":"Small Slimes","floor":1,"turns":1},{"damage":0,"enemies":"2 Louse","floor":10,"turns":1},{"damage":0,"enemies":"Jaw Worm","floor":14,"turns":1},{"damage":0,"enemies":"Slime Boss","floor":16,"turns":4},{"damage":6,"enemies":"Shell Parasite","floor":18,"turns":5},{"damage":5,"enemies":"Chosen","floor":19,"turns":3},{"damage":3,"enemies":"Snake Plant","floor":22,"turns":3},{"damage":6,"enemies":"Centurion and Healer","floor":24,"turns":6},{"damage":16,"enemies":"Sentry and Sphere","floor":28,"turns":4},{"damage":27,"enemies":"Slavers","floor":29,"turns":4},{"damage":25,"enemies":"Shelled Parasite and Fungi","floor":31,"turns":4},{"damage":65,"enemies":"Automaton","floor":33,"turns":8}],"seed_played":"-8825905464208602465","potions_obtained":[{"floor":1,"key":"Fire Potion"},{"floor":14,"key":"BlessingOfTheForge"},{"floor":16,"key":"Swift Potion"},{"floor":18,"key":"FearPotion"},{"floor":19,"key":"AttackPotion"},{"floor":21,"key":"PowerPotion"},{"floor":28,"key":"PowerPotion"}],"is_trial":false,"path_per_floor":["M","?","?","?","T","R","$","?","T","M","R","$","R","M","R","B",null,"M","M","?","?","M","R","M","R","T","R","M","E","$","M","R","B"],"character_chosen":"DOCTOR_CLASS","items_purchased":["ats:Burning Ground","ats:Support Order","ats:Ignite","MealTicket"],"campfire_rested":1,"item_purchase_floors":[7,12,30,30],"current_hp_per_floor":[72,72,72,39,39,39,39,39,39,39,39,39,39,39,39,39,72,66,61,61,61,58,58,52,52,52,52,47,28,31,17,41,0,0],"gold":23,"neow_bonus":"THREE_ENEMY_KILL","is_daily":false,"chose_seed":false,"campfire_upgraded":7,"win_rate":0.0,"timestamp":1610114929,"path_taken":["M","?","?","?","?","R","?","?","T","?","R","?","R","M","R","BOSS","M","M","?","?","?","R","M","R","T","R","M","E","$","M","R","BOSS"],"items_purchased_type":["Card","Card","Card","Relic"],"build_version":"2020-12-22","purchased_purges":1,"victory":false,"max_hp_per_floor":[72,72,72,72,72,72,72,72,72,72,72,72,72,72,72,72,72,72,72,72,72,72,72,72,72,72,72,75,75,78,81,81,81,81],"card_choices":[{"not_picked":["ats:Shadow Raid","ats:Powerful Strike"],"picked":"ats:Cat Scratch","floor":1},{"not_picked":["ats:Hammer On","ats:Red Shift","ats:Spore Proliferation"],"picked":"SKIP","floor":10},{"not_picked":["ats:Curse Doll","ats:Shell Defense"],"picked":"ats:Burning Ground","floor":14},{"not_picked":["ats:Echo Reverb","ats:True Silver Slash"],"picked":"ats:Roar Of Ursus","floor":16},{"not_picked":["ats:Hook Shot","ats:Neurotoxin","ats:Collapsing Strike+1"],"picked":"SKIP","floor":18},{"not_picked":["ats:Powerful Strike","ats:Revitalization"],"picked":"ats:Soul Absorption+1","floor":19},{"not_picked":["ats:Flexible Camouflage","ats:Soul Absorption","ats:Assault Order"],"picked":"SKIP","floor":22},{"not_picked":["ats:Overload","ats:Chain Hook"],"picked":"ats:Healing Drone","floor":24},{"not_picked":["ats:Curse Doll","ats:Flexible Camouflage"],"picked":"ats:Very Hot Blade","floor":28},{"not_picked":["ats:Assault Order+1","ats:Echo Reverb","ats:Leaping Hammer"],"picked":"SKIP","floor":29},{"not_picked":["ats:Demon Strength","ats:Explosion Area Strengthen"],"picked":"ats:Shell Defense","floor":31}],"player_experience":242262,"relics_obtained":[{"floor":5,"key":"Mercury Hourglass"},{"floor":9,"key":"Akabeko"},{"floor":26,"key":"Replay:Ringing Soul"},{"floor":29,"key":"ats:Originium"},{"floor":29,"key":"conspire:TopHat"}],"event_choices":[{"damage_healed":0,"gold_gain":0,"player_choice":"Grow","damage_taken":0,"max_hp_gain":0,"max_hp_loss":0,"event_name":"Living Wall","floor":3,"gold_loss":0,"cards_upgraded":["ats:Armor Crushing Shot"]},{"damage_healed":0,"gold_gain":0,"player_choice":"Success","damage_taken":33,"relics_obtained":["Replay:Rubber Ducky"],"max_hp_gain":0,"max_hp_loss":0,"event_name":"Scrap Ooze","floor":4,"gold_loss":0},{"damage_healed":0,"gold_gain":100,"player_choice":"Pray","damage_taken":0,"max_hp_gain":0,"max_hp_loss":0,"event_name":"Golden Shrine","floor":8,"gold_loss":0},{"damage_healed":0,"gold_gain":0,"player_choice":"Inject Mutagens","damage_taken":0,"relics_obtained":["MutagenicStrength"],"max_hp_gain":0,"max_hp_loss":0,"event_name":"Drug Dealer","floor":20,"gold_loss":0},{"damage_healed":0,"gold_gain":0,"player_choice":"Got Potions","damage_taken":0,"max_hp_gain":0,"max_hp_loss":0,"event_name":"Lab","floor":21,"gold_loss":0}],"is_beta":false,"boss_relics":[{"not_picked":["ChewingGum","Ring of Chaos"],"picked":"ats:Sanity Plus"}],"items_purged_floors":[12],"is_endless":false,"potions_floor_spawned":[1,14,16,18,19,28],"killed_by":"Automaton","ascension_level":0}}