{"host":"h2zaclyrd1q1i31f","time":1610091222,"event":{"mods":["Act Like it!","BaseMod","Colored Map","Downfall","Duelist Mod","GifTheSpireLib","Hallownest","Hermit","Minty Spire (QoL Compilation)","Permanent Neow","StSLib","SuperFastMode","The Bug Knight","The Gatherer","The Hierophant","The Mystic","The Wild Card"],"gold_per_floor":[118,118,118,142,0,0,35,55,55,81,107,128,128,150,150,255,255,278,303,330,330,350,350,388,414,414,430,430,450,487,500,500,607,607,621,641,641,700,700,731,731,731,731],"floor_reached":42,"playtime":1676,"items_purged":[],"score":524,"play_id":"39e51590-cfc7-4932-9b48-9673f95d67d9","local_time":"20210108013342","is_ascension_mode":false,"campfire_choices":[{"data":"Core Surge","floor":6,"key":"SMITH"},{"data":"Reprogram","floor":13,"key":"SMITH"},{"data":"Doom and Gloom","floor":15,"key":"SMITH"},{"data":"Chaos","floor":23,"key":"SMITH"},{"data":"Creative AI","floor":28,"key":"SMITH"},{"floor":32,"key":"REST"},{"floor":41,"key":"REST"}],"circlet_count":0,"master_deck":["Strike_B","Strike_B","Strike_B","Strike_B","Defend_B","Defend_B","Defend_B","Defend_B","Zap+1","Dualcast+1","Hologram","Conserve Battery","Core Surge+1","Darkness","Ball Lightning","Doom and Gloom+1","Conserve Battery","Melter","Creative AI+1","Genetic Algorithm","White Noise","Steam Power+1","Chaos+1","Buffer","BootSequence","Darkness+1","Fission","Skim"],"relics":["Cracked Core","CeramicFish","Eternal Feather","Meat on the Bone","Nuclear Battery","Matryoshka","Smiling Mask","Letter Opener","MealTicket","Lizard Tail","Empty Cage","FossilizedHelix","Bottled Flame"],"acts_visited":["Exordium","TheCity","TheBeyond"],"potions_floor_usage":[7,16,20,20,25,25,27,31,33,40],"damage_taken":[{"damage":0,"enemies":"2 Louse","floor":1,"turns":2},{"damage":3,"enemies":"Small Slimes","floor":4,"turns":3},{"damage":22,"enemies":"3 Sentries","floor":7,"turns":9},{"damage":1,"enemies":"Cultist","floor":8,"turns":3},{"damage":12,"enemies":"Gremlin Gang","floor":10,"turns":4},{"damage":0,"enemies":"Large Slime","floor":11,"turns":3},{"damage":2,"enemies":"Blue Slaver","floor":12,"turns":2},{"damage":10,"enemies":"Looter","floor":14,"turns":3},{"damage":0,"enemies":"Slime Boss","floor":16,"turns":5},{"damage":9,"enemies":"Spheric Guardian","floor":18,"turns":4},{"damage":15,"enemies":"Shell Parasite","floor":19,"turns":5},{"damage":2,"enemies":"Shelled Parasite and Fungi","floor":20,"turns":4},{"damage":19,"enemies":"Snecko","floor":22,"turns":5},{"damage":27,"enemies":"HollowMod:Nosk","floor":24,"turns":9},{"damage":25,"enemies":"Snake Plant","floor":25,"turns":4},{"damage":11,"enemies":"Shelled Parasite and Fungi","floor":27,"turns":4},{"damage":16,"enemies":"Centurion and Healer","floor":29,"turns":7},{"damage":36,"enemies":"Gremlin Leader","floor":30,"turns":6},{"damage":4,"enemies":"Snake Plant","floor":31,"turns":3},{"damage":19,"enemies":"Collector","floor":33,"turns":8},{"damage":22,"enemies":"Orb Walker","floor":35,"turns":4},{"damage":7,"enemies":"3 Shapes","floor":36,"turns":4},{"damage":25,"enemies":"Mind Bloom Boss Battle","floor":38,"turns":8},{"damage":57,"enemies":"HollowMod:StalkingDevout","floor":40,"turns":9},{"damage":142,"enemies":"Giant Head","floor":42,"turns":10}],"seed_played":"-6630791529548919962","potions_obtained":[{"floor":4,"key":"Ancient Potion"},{"floor":8,"key":"Dexterity Potion"},{"floor":11,"key":"Ancient Potion"},{"floor":12,"key":"DuplicationPotion"},{"floor":16,"key":"Swift Potion"},{"floor":20,"key":"Dexterity Potion"},{"floor":22,"key":"EssenceOfSteel"},{"floor":24,"key":"Regen Potion"},{"floor":30,"key":"AttackPotion"},{"floor":31,"key":"ColorlessPotion"},{"floor":33,"key":"Guardian:BlockOnCardUsePotion"}],"is_trial":false,"path_per_floor":["M","?","?","M","$","R","E","M","T","M","M","M","R","M","R","B",null,"M","M","M","?","M","R","E","M","T","M","R","M","E","M","R","B",null,"M","M","?","?","?","E","R","E"],"character_chosen":"DEFECT","items_purchased":["Core Surge","LiquidMemories"],"campfire_rested":2,"item_purchase_floors":[5,5],"current_hp_per_floor":[75,75,75,72,72,72,50,49,49,49,49,47,56,46,55,55,75,66,51,49,49,42,54,39,38,38,39,54,38,14,22,59,40,75,53,46,46,33,66,21,55,0,0],"gold":731,"neow_bonus":"RANDOM_COMMON_RELIC","is_daily":false,"chose_seed":false,"campfire_upgraded":5,"win_rate":0.0,"timestamp":1610091222,"path_taken":["M","?","?","M","$","R","E","M","T","?","M","M","R","M","R","BOSS","M","M","?","?","M","R","E","?","T","M","R","M","E","M","R","BOSS","M","M","?","?","?","E","R","E"],"items_purchased_type":["Card","Potion"],"build_version":"2020-12-22","purchased_purges":0,"victory":false,"max_hp_per_floor":[75,75,75,75,75,75,75,75,75,75,75,75,75,75,75,75,75,75,75,75,75,75,75,75,75,75,75,75,75,75,75,75,75,75,75,75,75,75,66,66,66,66,66],"card_choices":[{"not_picked":["Cold Snap","Barrage"],"picked":"Hologram","floor":1},{"not_picked":["Gash","Sweeping Beam"],"picked":"Conserve Battery","floor":4},{"not_picked":["Cold Snap","Rip and Tear"],"picked":"Darkness","floor":7},{"not_picked":["Leap","Aggregate"],"picked":"Ball Lightning","floor":8},{"not_picked":["Ball Lightning","Beam Cell"],"picked":"Doom and Gloom","floor":10},{"not_picked":["Cold Snap","Go for the Eyes"],"picked":"Conserve Battery","floor":11},{"not_picked":["Streamline","Coolheaded"],"picked":"Reprogram","floor":12},{"not_picked":["Amplify","Steam"],"picked":"Melter","floor":14},{"not_picked":["Thunder Strike","Meteor Strike"],"picked":"Creative AI","floor":16},{"not_picked":["Lockon+1","Beam Cell"],"picked":"Genetic Algorithm","floor":18},{"not_picked":["Stack+1","Leap"],"picked":"White Noise","floor":19},{"not_picked":["Stack","Barrage"],"picked":"Steam Power+1","floor":20},{"not_picked":["Hologram+1","Ball Lightning+1"],"picked":"Chaos","floor":22},{"not_picked":["Undo","Barrage+1"],"picked":"Buffer","floor":24},{"not_picked":["Reprogram","Conserve Battery"],"picked":"Heatsinks","floor":25},{"not_picked":["Turbo","Static Discharge","Heatsinks+1"],"picked":"SKIP","floor":27},{"not_picked":["Gash+1","Undo"],"picked":"BootSequence","floor":29},{"not_picked":["Streamline+1","Undo+1"],"picked":"Darkness+1","floor":30},{"not_picked":["Streamline","Coolheaded","Beam Cell"],"picked":"SKIP","floor":31},{"not_picked":["Buffer","Creative AI"],"picked":"Fission","floor":33},{"not_picked":["Leap","Ball Lightning","Cold Snap+1"],"picked":"SKIP","floor":35},{"not_picked":["Compile Driver","Coolheaded+1","Chill+1"],"picked":"SKIP","floor":36},{"not_picked":["Heatsinks","Glacier+1"],"picked":"Skim","floor":38},{"not_picked":["Storm+1","Reinforced Body+1","Beam Cell+1"],"picked":"SKIP","floor":40}],"player_experience":155940,"relics_obtained":[{"floor":7,"key":"Eternal Feather"},{"floor":9,"key":"Meat on the Bone"},{"floor":24,"key":"Smiling Mask"},{"floor":26,"key":"Letter Opener"},{"floor":26,"key":"MealTicket"},{"floor":30,"key":"Lizard Tail"},{"floor":38,"key":"FossilizedHelix"},{"floor":40,"key":"Bottled Flame"}],"event_choices":[{"damage_healed":0,"gold_gain":0,"player_choice":"Grow","damage_taken":0,"max_hp_gain":0,"max_hp_loss":0,"event_name":"Living Wall","floor":2,"gold_loss":0,"cards_upgraded":["Zap"]},{"damage_healed":0,"gold_gain":0,"player_choice":"Forge","damage_taken":0,"max_hp_gain":0,"max_hp_loss":0,"event_name":"Accursed Blacksmith","floor":3,"gold_loss":0,"cards_upgraded":["Dualcast"]},{"damage_healed":0,"gold_gain":0,"player_choice":"Gave Potion","damage_taken":0,"relics_obtained":["Matryoshka"],"max_hp_gain":0,"max_hp_loss":0,"event_name":"WeMeetAgain","floor":21,"gold_loss":0},{"damage_healed":0,"gold_gain":0,"player_choice":"Ignored","damage_taken":0,"max_hp_gain":0,"max_hp_loss":0,"event_name":"Tomb of Lord Red Mask","floor":37,"gold_loss":0},{"damage_healed":0,"gold_gain":0,"player_choice":"Fight","damage_taken":0,"max_hp_gain":0,"max_hp_loss":0,"event_name":"MindBloom","floor":38,"gold_loss":0},{"damage_healed":66,"gold_gain":0,"player_choice":"Heal","damage_taken":0,"max_hp_gain":0,"max_hp_loss":9,"event_name":"The Moai Head","floor":39,"gold_loss":0}],"is_beta":false,"boss_relics":[{"not_picked":["SacredBark","Runic Dome"],"picked":"Nuclear Battery"},{"not_picked":["Black Star","Coffee Dripper"],"picked":"Empty Cage"}],"items_purged_floors":[],"is_endless":false,"potions_floor_spawned":[4,8,11,12,16,20,22,24,30,31,33],"killed_by":"Giant Head","ascension_level":0}}