{"host":"dpbezu80jg8zk7un","time":1610067722,"event":{"mods":["BaseMod","Colored Map","Colored Powertips","Custom Start","DeckTracker","Minty Spire (QoL Compilation)","Quick Restart","StSLib","SuperFastMode"],"gold_per_floor":[109,184,199,199,211,211,245,245,271,299,299,333,258,258,258,332,332,345,245,245,260,275,275,303,303,327,359,359,375,392,427,427,503,503,521,531,579,593,609,609,625,660,660,670,684,712,712,712,712,712,712,712,712,26,56,56],"floor_reached":57,"playtime":2560,"items_purged":["Defend_P","Strike_P","Strike_P"],"score":3280,"play_id":"8e13dcd7-5181-498a-869b-e5d5bb496da8","local_time":"20210108100202","is_ascension_mode":true,"campfire_choices":[{"data":"Adaptation","floor":6.0,"key":"SMITH"},{"data":"FlurryOfBlows","floor":8.0,"key":"SMITH"},{"data":"MentalFortress","floor":11.0,"key":"SMITH"},{"floor":15.0,"key":"DIG"},{"data":"Scrawl","floor":23.0,"key":"SMITH"},{"floor":25.0,"key":"REST"},{"floor":28.0,"key":"DIG"},{"data":"CrushJoints","floor":32.0,"key":"SMITH"},{"floor":40.0,"key":"DIG"},{"floor":47.0,"key":"RECALL"},{"floor":49.0,"key":"DIG"},{"floor":53.0,"key":"DIG"}],"circlet_count":0,"master_deck":["AscendersBane","Strike_P+1","Strike_P+1","Defend_P","Defend_P","Defend_P","Eruption+1","Vigilance","Adaptation+1","FlurryOfBlows+1","MentalFortress+1","Tantrum","Scrawl+1","CrushJoints+1","DeusExMachina","TalkToTheHand+1","Halt+1","FearNoEvil","InnerPeace","Apotheosis"],"relics":["PureWater","Happy Flower","PreservedInsect","Shovel","Ancient Tea Set","Darkstone Periapt","Runic Pyramid","Regal Pillow","Bottled Lightning","Bag of Marbles","Toy Ornithopter","VioletLotus","TungstenRod","Smiling Mask","Whetstone","Anchor","Bottled Flame","FossilizedHelix","Blue Candle","Lee\u0027s Waffle","Pen Nib","Bird Faced Urn"],"acts_visited":["Exordium","TheCity","TheBeyond","TheEnding"],"potions_floor_usage":[56,56,56,56],"damage_taken":[{"damage":9.0,"enemies":"Cultist","floor":1.0,"turns":6.0},{"damage":16.0,"enemies":"Small Slimes","floor":3.0,"turns":6.0},{"damage":10.0,"enemies":"2 Louse","floor":5.0,"turns":4.0},{"damage":16.0,"enemies":"Gremlin Nob","floor":7.0,"turns":4.0},{"damage":6.0,"enemies":"3 Sentries","floor":10.0,"turns":4.0},{"damage":0.0,"enemies":"Gremlin Nob","floor":12.0,"turns":2.0},{"damage":34.0,"enemies":"Hexaghost","floor":16.0,"turns":7.0},{"damage":12.0,"enemies":"Shell Parasite","floor":18.0,"turns":4.0},{"damage":1.0,"enemies":"Spheric Guardian","floor":21.0,"turns":4.0},{"damage":0.0,"enemies":"Centurion and Healer","floor":22.0,"turns":4.0},{"damage":24.0,"enemies":"Slavers","floor":24.0,"turns":5.0},{"damage":0.0,"enemies":"Gremlin Leader","floor":27.0,"turns":2.0},{"damage":0.0,"enemies":"Chosen and Byrds","floor":29.0,"turns":1.0},{"damage":0.0,"enemies":"Sentry and Sphere","floor":30.0,"turns":2.0},{"damage":7.0,"enemies":"Slavers","floor":31.0,"turns":3.0},{"damage":35.0,"enemies":"Automaton","floor":33.0,"turns":8.0},{"damage":12.0,"enemies":"3 Shapes","floor":35.0,"turns":4.0},{"damage":0.0,"enemies":"3 Darklings","floor":36.0,"turns":2.0},{"damage":1.0,"enemies":"2 Orb Walkers","floor":37.0,"turns":3.0},{"damage":0.0,"enemies":"Transient","floor":38.0,"turns":6.0},{"damage":0.0,"enemies":"4 Shapes","floor":39.0,"turns":2.0},{"damage":0.0,"enemies":"Sphere and 2 Shapes","floor":41.0,"turns":3.0},{"damage":15.0,"enemies":"Nemesis","floor":42.0,"turns":5.0},{"damage":0.0,"enemies":"3 Darklings","floor":44.0,"turns":3.0},{"damage":0.0,"enemies":"Transient","floor":45.0,"turns":6.0},{"damage":0.0,"enemies":"Giant Head","floor":46.0,"turns":3.0},{"damage":0.0,"enemies":"Time Eater","floor":50.0,"turns":7.0},{"damage":0.0,"enemies":"Awakened One","floor":51.0,"turns":6.0},{"damage":0.0,"enemies":"Shield and Spear","floor":55.0,"turns":6.0},{"damage":39,"enemies":"The Heart","floor":56,"turns":8}],"seed_played":"-190720763460054236","potions_obtained":[{"floor":5.0,"key":"Block Potion"},{"floor":7.0,"key":"DistilledChaos"},{"floor":10.0,"key":"Energy Potion"},{"floor":16.0,"key":"Regen Potion"},{"floor":21.0,"key":"Fire Potion"},{"floor":22.0,"key":"Strength Potion"},{"floor":27.0,"key":"Swift Potion"},{"floor":30.0,"key":"BottledMiracle"},{"floor":35.0,"key":"Fire Potion"},{"floor":41.0,"key":"Block Potion"},{"floor":42.0,"key":"Weak Potion"},{"floor":44.0,"key":"Ancient Potion"}],"is_trial":false,"path_per_floor":["M","?","M","?","M","R","E","R","T","E","R","E","$","?","R","B",null,"M","$","?","M","M","R","E","R","T","E","R","M","M","E","R","B",null,"M","M","?","M","M","R","M","E","T","M","M","E","R","?","R","B","B",null,"R","$","E","B",null],"character_chosen":"WATCHER","items_purchased":["Lee\u0027s Waffle","Pen Nib","Apotheosis","EntropicBrew"],"campfire_rested":1,"item_purchase_floors":[54,54,54,54],"current_hp_per_floor":[52,41,25,68,58,58,42,42,42,36,36,36,36,36,36,2,52,40,40,40,39,39,39,29,64,64,64,64,64,64,57,57,22,57,45,50,49,49,49,49,49,39,39,39,44,44,44,44,44,44,44,62,62,75,75,51],"gold":56,"neow_bonus":"UPGRADE_CARD","is_daily":false,"chose_seed":false,"campfire_upgraded":5,"win_rate":0.0,"timestamp":1610067722,"path_taken":["M","?","M","?","?","R","E","R","T","E","R","E","$","?","R","BOSS","M","$","?","M","M","R","E","R","T","E","R","M","M","E","R","BOSS","M","M","?","M","M","R","M","E","T","M","M","E","R","?","R","BOSS","BOSS","R","$","E","BOSS"],"items_purchased_type":["Relic","Relic","Card","Potion"],"build_version":"2020-12-22","purchased_purges":3,"victory":true,"max_hp_per_floor":[68,68,68,68,68,68,68,68,68,68,68,68,68,68,68,68,68,68,68,68,68,68,68,68,68,68,68,68,68,68,68,68,68,68,68,68,68,68,68,68,68,68,68,68,68,68,68,68,68,68,68,68,68,75,75,75],"card_choices":[{"not_picked":["Prostrate","Worship","Fasting2"],"picked":"SKIP","floor":1.0},{"not_picked":["CrushJoints","FollowUp"],"picked":"Adaptation","floor":3.0},{"not_picked":["SashWhip","FollowUp"],"picked":"FlurryOfBlows","floor":5.0},{"not_picked":["BowlingBash","ClearTheMind"],"picked":"MentalFortress","floor":7.0},{"not_picked":["PathToVictory","Crescendo"],"picked":"Tantrum","floor":10.0},{"not_picked":["Alpha","Evaluate","ForeignInfluence"],"picked":"SKIP","floor":12.0},{"not_picked":["Vault","Omniscience"],"picked":"Scrawl","floor":16.0},{"not_picked":["Crescendo","Prostrate","ClearTheMind"],"picked":"SKIP","floor":18.0},{"not_picked":["Pray+1","Prostrate","PathToVictory+1"],"picked":"SKIP","floor":21.0},{"not_picked":["Crescendo+1","ClearTheMind","Halt"],"picked":"SKIP","floor":22.0},{"not_picked":["Nirvana","Sanctity","SignatureMove"],"picked":"SKIP","floor":24.0},{"not_picked":["CutThroughFate","EmptyBody","TalkToTheHand"],"picked":"SKIP","floor":27.0},{"not_picked":["ThirdEye","SashWhip"],"picked":"CrushJoints","floor":29.0},{"not_picked":["Halt","FlyingSleeves","CrushJoints"],"picked":"SKIP","floor":30.0},{"not_picked":["Devotion","Prostrate","SashWhip"],"picked":"SKIP","floor":31.0},{"not_picked":["Wish","Establishment"],"picked":"DeusExMachina","floor":33.0},{"not_picked":["Protect","FlyingSleeves","CutThroughFate"],"picked":"SKIP","floor":35.0},{"not_picked":["Consecrate","PathToVictory","FlyingSleeves"],"picked":"SKIP","floor":36.0},{"not_picked":["PathToVictory","ThirdEye"],"picked":"TalkToTheHand+1","floor":38.0},{"not_picked":["MasterReality","FlurryOfBlows","FollowUp"],"picked":"SKIP","floor":39.0},{"not_picked":["Consecrate","TalkToTheHand"],"picked":"Halt+1","floor":41.0},{"not_picked":["WheelKick","EmptyFist","FlyingSleeves"],"picked":"SKIP","floor":42.0},{"not_picked":["Pray","WreathOfFlame+1"],"picked":"FearNoEvil","floor":44.0},{"not_picked":["Pray","JustLucky","Prostrate"],"picked":"SKIP","floor":45.0},{"not_picked":["Worship","Fasting2"],"picked":"InnerPeace","floor":46.0},{"not_picked":["BowlingBash","Fasting2","FlurryOfBlows"],"picked":"SKIP","floor":55.0}],"player_experience":2848087,"relics_obtained":[{"floor":7.0,"key":"Happy Flower"},{"floor":9.0,"key":"PreservedInsect"},{"floor":10.0,"key":"Shovel"},{"floor":12.0,"key":"Ancient Tea Set"},{"floor":15.0,"key":"Darkstone Periapt"},{"floor":24.0,"key":"Regal Pillow"},{"floor":27.0,"key":"Bottled Lightning"},{"floor":28.0,"key":"Bag of Marbles"},{"floor":31.0,"key":"Toy Ornithopter"},{"floor":37.0,"key":"TungstenRod"},{"floor":40.0,"key":"Smiling Mask"},{"floor":42.0,"key":"Whetstone"},{"floor":43.0,"key":"Anchor"},{"floor":46.0,"key":"Bottled Flame"},{"floor":49.0,"key":"FossilizedHelix"},{"floor":53.0,"key":"Blue Candle"},{"floor":55.0,"key":"Bird Faced Urn"}],"event_choices":[{"damage_healed":0.0,"max_hp_gain":0.0,"max_hp_loss":0.0,"gold_gain":75.0,"event_name":"World of Goop","player_choice":"Gather Gold","floor":2.0,"gold_loss":0.0,"damage_taken":11.0},{"damage_healed":43.0,"max_hp_gain":0.0,"max_hp_loss":0.0,"gold_gain":0.0,"event_name":"Wheel of Change","player_choice":"Full Heal","floor":4.0,"gold_loss":0.0,"damage_taken":0.0},{"damage_healed":0.0,"max_hp_gain":0.0,"max_hp_loss":0.0,"gold_gain":0.0,"event_name":"Liars Game","player_choice":"Ignored","floor":14.0,"gold_loss":0.0,"damage_taken":0.0},{"damage_healed":0.0,"max_hp_gain":0.0,"max_hp_loss":0.0,"gold_gain":0.0,"event_name":"Cursed Tome","player_choice":"Ignored","floor":20.0,"gold_loss":0.0,"damage_taken":0.0},{"damage_healed":0.0,"max_hp_gain":0.0,"max_hp_loss":0.0,"gold_gain":0.0,"event_name":"Mysterious Sphere","player_choice":"Fight","floor":37.0,"gold_loss":0.0,"damage_taken":0.0},{"damage_healed":0.0,"max_hp_gain":0.0,"max_hp_loss":0.0,"gold_gain":0.0,"event_name":"Match and Keep!","player_choice":"0 cards matched","floor":48.0,"gold_loss":0.0,"damage_taken":0.0,"cards_obtained":[]}],"is_beta":false,"boss_relics":[{"not_picked":["Black Star","Sozu"],"picked":"Runic Pyramid"},{"not_picked":["Calling Bell","Velvet Choker"],"picked":"VioletLotus"}],"items_purged_floors":[13,19,54],"is_endless":false,"potions_floor_spawned":[5,7,10,16,21,22,27,30,35,41,42,44],"ascension_level":20}}