{"host":"qr4czw4lps0sljwa","time":1610067758,"event":{"mods":["BaseMod","Downfall","Minty Spire (QoL Compilation)","StSLib"],"gold_per_floor":[99,117,130,144,144,160,160,260,260,270,288,288,288,25,35,130,130,130,144,144,161,161,175,175,190,190,9,9,19,33,33,46,141,141,66,78,88,105,120,140,166,196,141,152,152,152,152,184,109,109],"floor_reached":51,"playtime":13231,"items_purged":[],"score":705,"play_id":"d0168df0-2034-45ae-aae7-f997e8eb9048","local_time":"20210107170238","is_ascension_mode":false,"campfire_choices":[{"data":"Slimebound:CorrosiveSpit","floor":1,"key":"SMITH"},{"floor":9,"key":"REST"},{"data":"Slimebound:SamplingLick","floor":13,"key":"SMITH"},{"data":"Slimebound:Replication","floor":18,"key":"SMITH"},{"data":"Mind Blast","floor":28,"key":"SMITH"},{"data":"Slimebound:ViciousTackle","floor":35,"key":"SMITH"},{"data":"Slimebound:WasteNot","floor":46,"key":"SMITH"},{"data":"Slimebound:AcidTongue","floor":49,"key":"SMITH"}],"circlet_count":0,"master_deck":["Slimebound:Strike_Slimebound+1","Slimebound:Strike_Slimebound+1","Slimebound:Strike_Slimebound+1","Slimebound:Tackle","Slimebound:Defend_Slimebound+1","Slimebound:Defend_Slimebound+1","Slimebound:Defend_Slimebound+1","Slimebound:Defend_Slimebound+1","Slimebound:Split","Slimebound:CorrosiveSpit+1","Slimebound:GoopSpray","Slimebound:Replication+1","Slimebound:SamplingLick+1","Slimebound:SplitMire","Slimebound:Gluttony","Slimebound:FormOfPuddle","Slimebound:Prepare","Slimebound:GrowthPunch","Slimebound:LeechingTouch","Slimebound:LeechingTouch","Slimebound:SamplingLick+1","Slimebound:LeechingTouch","Slimebound:Nibble","Slimebound:RainOfGoop+1","Slimebound:LevelUp","Slimebound:SlimeTap","Slimebound:Nibble","Slimebound:ViciousTackle","Slimebound:LeechLife","Slimebound:Repurpose","Slimebound:Grow","Slimebound:SplitMire","Slimebound:SlimeSpikes+1","Slimebound:Schlurp+1","Slimebound:LivingWall","Slimebound:MassFeed","Slimebound:Schlurp+1","Slimebound:AcidTongue","Mind Blast+1","Slimebound:ViciousTackle+1","Slimebound:RejuvenatingLick+1","Slimebound:Equalize","Slimebound:SlimeSpikes+1","Slimebound:LeechLife","Slimebound:LeechEnergy+1","Slimebound:WasteNot+1","Slimebound:SamplingLick+1","Slimebound:AcidTongue+1","Slimebound:RainOfGoop+1"],"relics":["Slimebound:AbsorbEndCombat","Prayer Wheel","Thread and Needle","Sozu","Shuriken","SlaversCollar","downfall:HeartBlessingBlue","Boot","Torii","Gremlin Horn","downfall:HeartBlessingGreen"],"acts_visited":["Exordium","TheCity","TheBeyond"],"potions_floor_usage":[8,8,10,14],"damage_taken":[{"damage":8,"enemies":"Small Slimes","floor":2,"turns":3},{"damage":4,"enemies":"Cultist","floor":3,"turns":3},{"damage":12,"enemies":"Jaw Worm","floor":4,"turns":5},{"damage":9,"enemies":"Blue Slaver","floor":6,"turns":3},{"damage":55,"enemies":"downfall:Heads","floor":8,"turns":7},{"damage":14,"enemies":"Exordium Thugs","floor":10,"turns":5},{"damage":4,"enemies":"3 Louse","floor":11,"turns":3},{"damage":10,"enemies":"downfall:FleeingMerchant","floor":14,"turns":4},{"damage":4,"enemies":"2 Fungi Beasts","floor":15,"turns":2},{"damage":29,"enemies":"downfall:Ironclad","floor":16,"turns":9},{"damage":16,"enemies":"Spheric Guardian","floor":19,"turns":4},{"damage":10,"enemies":"Snecko","floor":21,"turns":5},{"damage":34,"enemies":"Centurion and Healer","floor":23,"turns":7},{"damage":4,"enemies":"Snake Plant","floor":25,"turns":4},{"damage":7,"enemies":"downfall:FleeingMerchant","floor":27,"turns":4},{"damage":4,"enemies":"Snecko","floor":29,"turns":3},{"damage":2,"enemies":"Cultist and Chosen","floor":30,"turns":2},{"damage":16,"enemies":"Chosen and Byrds","floor":32,"turns":5},{"damage":21,"enemies":"downfall:Defect","floor":33,"turns":9},{"damage":17,"enemies":"3 Shapes","floor":36,"turns":4},{"damage":6,"enemies":"Orb Walker","floor":37,"turns":2},{"damage":61,"enemies":"Jaw Worm Horde","floor":38,"turns":7},{"damage":20,"enemies":"Writhing Mass","floor":39,"turns":4},{"damage":29,"enemies":"Maw","floor":40,"turns":8},{"damage":57,"enemies":"Giant Head","floor":42,"turns":9},{"damage":7,"enemies":"downfall:FleeingMerchant","floor":43,"turns":4},{"damage":9,"enemies":"Sphere and 2 Shapes","floor":44,"turns":6},{"damage":9,"enemies":"Nemesis","floor":48,"turns":3},{"damage":46,"enemies":"downfall:Watcher","floor":50,"turns":9}],"seed_played":"1980563140039981511","potions_obtained":[{"floor":3,"key":"BlessingOfTheForge"},{"floor":4,"key":"SpeedPotion"},{"floor":6,"key":"EssenceOfSteel"},{"floor":11,"key":"LiquidBronze"}],"is_trial":false,"path_per_floor":["R","M","M","M","?","M","T","?","R","M","M","?","R","$","M","B",null,"R","M","?","M","T","M","T","M","?","$","R","M","M","?","M","B",null,"R","M","M","M","M","M","T","E","$","M","?","R","?","E","R","B",null],"character_chosen":"SLIMEBOUND","items_purchased":["Slimebound:Nibble","Slimebound:RainOfGoop","Slimebound:LevelUp","Slimebound:SlimeTap","Slimebound:AcidTongue","Mind Blast","Slimebound:AcidTongue"],"campfire_rested":1,"item_purchase_floors":[14,14,14,14,27,27,43],"current_hp_per_floor":[60,58,60,57,57,54,54,25,43,43,49,49,49,51,57,52,60,60,60,60,60,60,56,56,60,60,59,59,63,63,63,62,58,63,73,73,69,36,30,63,63,46,51,73,73,73,73,73,73,49],"gold":109,"neow_bonus":"ONE_RARE_RELIC","is_daily":false,"chose_seed":false,"campfire_upgraded":7,"win_rate":0.0,"timestamp":1610067758,"path_taken":["R","M","M","M","?","?","T","?","R","M","M","?","R","?","M","BOSS","R","M","?","M","?","M","T","M","?","$","R","M","M","?","M","BOSS","R","M","?","M","M","M","T","E","$","M","?","R","?","E","R","BOSS"],"items_purchased_type":["Card","Card","Card","Card","Card","Card","Card"],"build_version":"2020-12-22","purchased_purges":0,"victory":true,"max_hp_per_floor":[60,60,60,60,60,60,60,60,60,60,60,60,60,60,60,60,60,60,60,60,60,60,60,60,60,60,60,60,63,63,63,63,63,63,73,73,73,73,73,73,73,73,73,73,73,73,73,73,73,73],"card_choices":[{"not_picked":["Slimebound:LevelUp","Slimebound:LeechEnergy"],"picked":"Slimebound:GoopSpray","floor":2},{"not_picked":["Slimebound:GrowthPunch","Slimebound:PressTheAttack","Slimebound:ServeAndProtect"],"picked":"SKIP","floor":2},{"not_picked":["Slimebound:RollThrough","Slimebound:DivideAndConquer"],"picked":"Slimebound:TongueLash","floor":3},{"not_picked":["Slimebound:ServeAndProtect","Slimebound:LeechEnergy","Slimebound:RollThrough"],"picked":"SKIP","floor":3},{"not_picked":["Slimebound:SplitBruiser","Slimebound:LeechEnergy"],"picked":"Slimebound:Replication","floor":4},{"not_picked":["Slimebound:CheckThePlaybook","Slimebound:LeechEnergy"],"picked":"Slimebound:SamplingLick","floor":4},{"not_picked":["Slimebound:ViciousTackle","Slimebound:SlimeSpikes"],"picked":"Slimebound:SplitMire","floor":6},{"not_picked":["Slimebound:SlimeSpikes","Slimebound:RollThrough"],"picked":"Slimebound:Gluttony","floor":6},{"not_picked":["Slimebound:Nibble","Slimebound:Dissolve"],"picked":"Slimebound:Prepare","floor":8},{"not_picked":["Slimebound:SamplingLick","Slimebound:Gluttony"],"picked":"Slimebound:GrowthPunch","floor":10},{"not_picked":["Slimebound:SplitBruiser","Slimebound:FlameTackle"],"picked":"Slimebound:LeechingTouch","floor":10},{"not_picked":["Slimebound:RollThrough","Slimebound:GoopSpray"],"picked":"Slimebound:LeechingTouch","floor":11},{"not_picked":["Slimebound:DivideAndConquer","Slimebound:RollThrough"],"picked":"Slimebound:SamplingLick","floor":11},{"not_picked":["Slimebound:CheckThePlaybook","Slimebound:SplitMire"],"picked":"Slimebound:LeechingTouch","floor":14},{"not_picked":["Slimebound:PressTheAttack","Slimebound:RollThrough"],"picked":"Slimebound:Nibble","floor":15},{"not_picked":["Slimebound:LeechingTouch","Slimebound:FlameTackle"],"picked":"Slimebound:ViciousTackle","floor":15},{"not_picked":["Slimebound:OneTwoCombo","Slimebound:Overexert"],"picked":"Slimebound:LeechLife","floor":16},{"not_picked":["Slimebound:DisruptingSlam+1","Slimebound:RollThrough"],"picked":"Slimebound:SamplingLick","floor":19},{"not_picked":["Slimebound:Replication","Slimebound:DivideAndConquer"],"picked":"Slimebound:Repurpose","floor":19},{"not_picked":["Slimebound:ComboTackle","Slimebound:SlimeSpikes"],"picked":"Slimebound:Grow","floor":21},{"not_picked":["Slimebound:DivideAndConquer","Slimebound:SamplingLick"],"picked":"Slimebound:SplitMire","floor":21},{"not_picked":["Slimebound:PressTheAttack","Slimebound:SlimeBrawl"],"picked":"Slimebound:SlimeSpikes+1","floor":23},{"not_picked":["Slimebound:LeechingTouch","Slimebound:SplitAcid"],"picked":"Slimebound:Schlurp+1","floor":23},{"not_picked":["Slimebound:GrowthPunch","Slimebound:LevelUp+1"],"picked":"Slimebound:LivingWall","floor":25},{"not_picked":["Slimebound:SlimeBarrage","Slimebound:GrowthPunch"],"picked":"Slimebound:MassFeed","floor":25},{"not_picked":["Slimebound:MassRepurpose","Slimebound:GoopSpray"],"picked":"Slimebound:Schlurp+1","floor":27},{"not_picked":["Slimebound:ServeAndProtect+1","Slimebound:BestDefense"],"picked":"Slimebound:ViciousTackle","floor":29},{"not_picked":["Slimebound:ServeAndProtect","Slimebound:Gluttony"],"picked":"Slimebound:RejuvenatingLick+1","floor":29},{"not_picked":["Slimebound:LeadByExample","Slimebound:GoopSpray+1"],"picked":"Slimebound:Equalize","floor":30},{"not_picked":["Slimebound:SplitMire","Slimebound:ServeAndProtect+1","Slimebound:SplitAcid+1"],"picked":"SKIP","floor":30},{"not_picked":["Slimebound:LeechEnergy","Slimebound:DivideAndConquer"],"picked":"Slimebound:SlimeSpikes+1","floor":32},{"not_picked":["Slimebound:SplitAcid","Slimebound:GoopSpray+1","Slimebound:SamplingLick"],"picked":"SKIP","floor":32},{"not_picked":["Slimebound:SelfFormingGoo","Slimebound:OneTwoCombo"],"picked":"Slimebound:LeechLife","floor":33},{"not_picked":["Slimebound:ServeAndProtect","Slimebound:Dissolve+1"],"picked":"Slimebound:LeechEnergy+1","floor":36},{"not_picked":["Slimebound:FinishingTackle+1","Slimebound:ComboTackle+1","Slimebound:GrowthPunch"],"picked":"SKIP","floor":36},{"not_picked":["Slimebound:LeadByExample+1","Slimebound:GoopSpray","Slimebound:Replication"],"picked":"SKIP","floor":37},{"not_picked":["Slimebound:SamplingLick+1","Slimebound:GoopSpray","Slimebound:SplitMire+1"],"picked":"SKIP","floor":37},{"not_picked":["Slimebound:SplitBruiser","Slimebound:SplitLeeching"],"picked":"Slimebound:WasteNot","floor":38},{"not_picked":["Slimebound:ComboTackle+1","Slimebound:BestDefense+1","Slimebound:Schlurp"],"picked":"SKIP","floor":38},{"not_picked":["Slimebound:OozeBath","Slimebound:SplitMire+1"],"picked":"Slimebound:SamplingLick+1","floor":39},{"not_picked":["Slimebound:SplitLeeching+1","Slimebound:ServeAndProtect+1","Slimebound:FinishingTackle"],"picked":"SKIP","floor":39},{"not_picked":["Slimebound:SplitBruiser","Slimebound:DisruptingSlam+1","Slimebound:ViciousTackle"],"picked":"SKIP","floor":40},{"not_picked":["Slimebound:SlimeBarrage","Slimebound:FlameTackle","Slimebound:SplitAcid+1"],"picked":"SKIP","floor":40},{"not_picked":["Slimebound:Grow+1","Slimebound:SlimeBarrage+1","Slimebound:SamplingLick"],"picked":"SKIP","floor":42},{"not_picked":["Slimebound:ViciousTackle+1","Slimebound:PressTheAttack","Slimebound:FinishingTackle"],"picked":"SKIP","floor":43},{"not_picked":["Slimebound:ServeAndProtect","Slimebound:PrepareCrush"],"picked":"Slimebound:RainOfGoop+1","floor":44},{"not_picked":["Slimebound:GoopSpray","Slimebound:ViciousTackle+1","Slimebound:SplitBruiser"],"picked":"SKIP","floor":44},{"not_picked":["Slimebound:Overexert","Slimebound:SamplingLick+1","Slimebound:ViciousTackle"],"picked":"SKIP","floor":48}],"player_experience":199021,"relics_obtained":[{"floor":7,"key":"Thread and Needle"},{"floor":22,"key":"Shuriken"},{"floor":41,"key":"Boot"},{"floor":42,"key":"Torii"},{"floor":48,"key":"Gremlin Horn"}],"event_choices":[{"damage_healed":0,"gold_gain":0,"player_choice":"Ignored","damage_taken":0,"max_hp_gain":0,"max_hp_loss":0,"event_name":"NoteForYourself","floor":5,"gold_loss":0},{"damage_healed":0,"gold_gain":0,"player_choice":"Simplicity","damage_taken":0,"max_hp_gain":0,"max_hp_loss":0,"event_name":"Back to Basics","floor":20,"gold_loss":0,"cards_upgraded":["Slimebound:Strike_Slimebound","Slimebound:Strike_Slimebound","Slimebound:Strike_Slimebound","Slimebound:Defend_Slimebound","Slimebound:Defend_Slimebound","Slimebound:Defend_Slimebound","Slimebound:Defend_Slimebound"]},{"damage_healed":0,"gold_gain":0,"player_choice":"Ignored","damage_taken":0,"max_hp_gain":0,"max_hp_loss":0,"event_name":"Ghosts","floor":26,"gold_loss":0},{"damage_healed":0,"gold_gain":0,"player_choice":"Got Potions","damage_taken":0,"max_hp_gain":0,"max_hp_loss":0,"event_name":"Lab","floor":31,"gold_loss":0},{"cards_removed":["Slimebound:SamplingLick"],"damage_healed":0,"gold_gain":0,"player_choice":"Removed Skill","damage_taken":0,"max_hp_gain":0,"max_hp_loss":0,"event_name":"Falling","floor":45,"gold_loss":0},{"damage_healed":0,"gold_gain":0,"player_choice":"Upgraded","damage_taken":0,"max_hp_gain":0,"max_hp_loss":0,"event_name":"Upgrade Shrine","floor":47,"gold_loss":0,"cards_upgraded":["Slimebound:RainOfGoop"]}],"is_beta":false,"boss_relics":[{"not_picked":["Fusion Hammer","Cursed Key"],"picked":"Sozu"},{"not_picked":["Slimebound:TarBlob","Coffee Dripper"],"picked":"SlaversCollar"}],"items_purged_floors":[],"is_endless":false,"potions_floor_spawned":[3,4,6,11,23,29,30,33,38,39,40,42,48],"ascension_level":0}}