{"host":"w5vfr18i2ft1pzo2","time":1610125927,"event":{"mods":["AchievementEnabler","Act Like it!","Aspiration","BaseMod","Better Third Choice","BetterRewards","Colored Map","Colored Powertips","Conspire","Curses Come First","DNKmod","Defuse TimeMaze Blight","Dota2Spire","Elementarium","Energized Spire","Evolution","Force Act Four","Friendly Minions","Gensokyo","GifTheSpireLib","Gold Saver","GungeonMod","Halation","Hallownest","Hubris","Hyrulean Relics","Infinite Spire","Jedi Mod","Marisa????????","Minty Spire (QoL Compilation)","MostiFishMod","Poor People Problems","Prisma Mod","Remilia??????","Replay The Spire","SacredBarkPlus","Small Relic Pack","Spicy Shops","Spikes Relics","StSLib","Stuff the Spire","SuperFastMode","Synergy Search","The Blue Laboratory","The Servant 0.9.4","Trackpad","Treasure Hunter","Uncapped","Wandering Minibosses","Yakumo Yukari mod","noobMod","vexMod","??????REMEMod"],"gold_per_floor":[1179,1179,1179,1179,942,975,1002,1030,1030,1060,1086,1115,1145,817,817,893,893,909,909,980,980,996,1156,1156,1156,1156,1156,1156,943,969,969],"floor_reached":32,"playtime":1072,"items_purged":["Regret"],"score":3172,"play_id":"d078c619-319d-4dcf-a3b2-0efb9485ce05","local_time":"20210109011207","daily_mods":["Heirloom","Time Dilation","Flight","DeadlyEvents","Elite Swarm","Lethality"],"is_ascension_mode":true,"campfire_choices":[{"floor":15,"key":"RECALL"},{"data":"MostiFishMod:KamiSmash","floor":28,"key":"SMITH"}],"circlet_count":0,"master_deck":["AscendersBane","FlyingSleeves","Replay:BluntJabs","CutThroughFate","EmptyFist","Evaluate","Defend_P","Defend_P","Defend_P","Eruption","Vigilance","MostiFishMod:StarOceanP","PrismaMod:ChloeCarnivalAttack","LikeWater","Doubt","TH:DeckOfManyThings","DevaForm","TH:TreasureMap","Brilliance","TH:DeckOfManyThings","Vault","TH:DeckOfManyThings","TH:DeckOfManyThings","MostiFishMod:KamiSmash+1","TH:CursedSword","TH:DeckOfManyThings","MostiFishMod:StarHerder","TH:TreasureMap","Omniscience","REME_BodyOfCthun","TH:DeckOfManyThings","MasterReality","Wireheading","TH:DeckOfManyThings","Wish","MentalFortress+1","TH:Mimic","ConjureBlade"],"relics":["PureWater","EVO:Axolotl","jedi:maincommand","DaveBox","Ring of Chaos","ice","REME_ComplimentaryCards","conspire:GiftBox","ThornShield","SynthV:TestCard","StuffTheSpire:RedRose","aspiration:TomeofQuesting","zeldaRelics:CourageTriforce","zeldaRelics:WisdomTriforce","DemoMod:GlassGuonStoneRelic","zeldaRelics:PowerPiece","ReplayTheSpireMod:Ninjato","ExusiaiGun","ScarletDevilRocket","ShadowXiaoBlade","Hallownest:GodTamersBeastRelic","ScarletDevilRocket","aspiration:Nostalgia","Burning Blood"],"acts_visited":["Exordium","Hallownest:CityofTears","Hallownest:KingdomsEdge","TheEnding"],"potions_floor_usage":[11,23,23,23],"damage_taken":[{"damage":12,"enemies":"2 Louse","floor":1,"turns":2},{"damage":44,"enemies":"3 Sentries","floor":6,"turns":5},{"damage":0,"enemies":"Replay:BlueRogue","floor":7,"turns":1},{"damage":8,"enemies":"3 Sentries","floor":8,"turns":4},{"damage":0,"enemies":"Gremlin Nob","floor":10,"turns":2},{"damage":0,"enemies":"3 Sentries","floor":11,"turns":2},{"damage":0,"enemies":"Gremlin Nob","floor":12,"turns":3},{"damage":0,"enemies":"Lagavulin","floor":13,"turns":1},{"damage":0,"enemies":"Slime Boss","floor":16,"turns":2},{"damage":0,"enemies":"Hallownest:3_Youths","floor":18,"turns":2},{"damage":0,"enemies":"Hallownest:BossGrimm","floor":20,"turns":1},{"damage":0,"enemies":"Hallownest:3_Siblings","floor":22,"turns":1},{"damage":0,"enemies":"Hallownest:3_Siblings","floor":23,"turns":1},{"damage":0,"enemies":"Hallownest:3_Siblings","floor":23,"turns":1},{"damage":0,"enemies":"Hallownest:3_Siblings","floor":23,"turns":1},{"damage":0,"enemies":"Hallownest:3_Siblings","floor":23,"turns":2},{"damage":44,"enemies":"Hallownest:BossHollowKnight","floor":25,"turns":1},{"damage":0,"enemies":"Hallownest:Radiance","floor":26,"turns":2},{"damage":0,"enemies":"Shield and Spear","floor":30,"turns":2},{"damage":33,"enemies":"The Heart","floor":31,"turns":1}],"seed_played":"-3588408657850248212","potions_obtained":[{"floor":12,"key":"LifebloodPotion"},{"floor":16,"key":"ColorlessPotion"}],"is_trial":true,"path_per_floor":["M","?","?","?","$","E","E","E","T","E","E","E","E","$","R","B",null,"M","?","B",null,"M","?","?","B","B",null,"R","$","E","B",null],"character_chosen":"WATCHER","items_purchased":["jedi:command_common","jedi:command_uncommon","REME_BodyOfCthun","jedi:command_shop"],"campfire_rested":0,"item_purchase_floors":[5,14,14,29],"current_hp_per_floor":[49,49,55,55,55,11,11,3,3,3,3,68,68,68,68,68,68,68,48,48,63,63,65,45,1,1,58,58,58,64,37],"gold":969,"neow_bonus":"","is_daily":false,"chose_seed":false,"campfire_upgraded":1,"win_rate":0.0,"timestamp":1610125927,"path_taken":["M","?","?","?","$","E","E","E","T","E","E","E","E","$","R","BOSS","M","?","BOSS","M","?","?","BOSS","BOSS","R","$","E","BOSS"],"items_purchased_type":["Relic","Relic","Card","Relic"],"build_version":"2020-12-22","purchased_purges":1,"victory":true,"max_hp_per_floor":[68,68,68,68,68,68,68,68,68,68,68,68,68,68,68,68,68,68,68,68,68,68,70,70,77,77,77,77,77,77,98],"card_choices":[{"not_picked":["MostiFishMod:DustFall","MostiFishMod:StarWish"],"picked":"MostiFishMod:StarOceanP","floor":0},{"not_picked":["FlurryOfBlows","PathToVictory"],"picked":"LikeWater","floor":1},{"not_picked":["TH:EnergyPotion","TH:BikiniMail","TH:TreasureMap"],"picked":"TH:DeckOfManyThings","floor":6},{"not_picked":["MostiFishMod:StarHerder","MostiFishMod:Pointsdynamics","DeusExMachina","MostiFishMod:Unraveling"],"picked":"DevaForm","floor":6},{"not_picked":["TH:PixieDust","TH:ElvenBoots","TH:EnergyPotion"],"picked":"TH:TreasureMap","floor":7},{"not_picked":["REME_EmptyShield","MostiFishMod:Pointsdynamics","MostiFishMod:Disappear","MostiFishMod:DustFall"],"picked":"Brilliance","floor":7},{"not_picked":["TH:Mimic","TH:EnergyPotion","TH:PixieDust"],"picked":"TH:DeckOfManyThings","floor":8},{"not_picked":["Devotion","SpiritShield","MostiFishMod:StarOceanP","Wish"],"picked":"Vault","floor":8},{"not_picked":["TH:ElvenBoots","TH:PixieDust","TH:EnergyPotion"],"picked":"TH:DeckOfManyThings","floor":9},{"not_picked":["TH:BikiniMail","TH:EnergyPotion","TH:Mimic"],"picked":"TH:DeckOfManyThings","floor":10},{"not_picked":["Replay:LoomingThreat","Wish","Vault","Devotion"],"picked":"MostiFishMod:KamiSmash","floor":10},{"not_picked":["TH:CopperCoins","TH:PixieDust","TH:ArmorSpikes"],"picked":"TH:CursedSword","floor":11},{"not_picked":["MostiFishMod:StarLaLaLa","Blasphemy","MostiFishMod:Adaptation","Ragnarok"],"picked":"MostiFishMod:CyberBuddha","floor":11},{"not_picked":["TH:PixieDust","TH:CursedSword","TH:Mimic"],"picked":"TH:DeckOfManyThings","floor":12},{"not_picked":["SpiritShield","Alpha","Establishment","MostiFishMod:Pointsdynamics"],"picked":"MostiFishMod:StarHerder","floor":12},{"not_picked":["TH:ArmorSpikes","TH:ElvenBoots","TH:Mimic"],"picked":"TH:TreasureMap","floor":13},{"not_picked":["Replay:AllIn","Alpha","MostiFishMod:StarHerder","ConjureBlade"],"picked":"Omniscience","floor":13},{"not_picked":["TH:Mimic","TH:EnergyPotion","TH:TreasureMap"],"picked":"TH:DeckOfManyThings","floor":16},{"not_picked":["jedi:nirvanicrebirth","MostiFishMod:StarLaLaLa","Ragnarok","MostiFishMod:DustFall"],"picked":"MasterReality","floor":16},{"not_picked":["Replay:AtTheReady","ThirdEye","BowlingBash","Replay:ManipulateFuture+1"],"picked":"Wireheading","floor":18},{"not_picked":["TH:BikiniMail","TH:PixieDust","TH:ElvenBoots"],"picked":"TH:DeckOfManyThings","floor":20},{"not_picked":["DeusExMachina","Establishment","Judgement","MostiFishMod:DustFall"],"picked":"Wish","floor":20},{"not_picked":["SignatureMove","FearNoEvil","ThirdEye+1","BowlingBash"],"picked":"MentalFortress+1","floor":22},{"not_picked":["TH:TreasureMap","TH:CopperCoins","TH:BikiniMail"],"picked":"TH:Mimic","floor":30},{"not_picked":["LessonLearned","MostiFishMod:StarHerder","MostiFishMod:StarWish","Brilliance"],"picked":"ConjureBlade","floor":30}],"player_experience":261429,"relics_obtained":[{"floor":1,"key":"SynthV:TestCard"},{"floor":6,"key":"zeldaRelics:CouragePiece"},{"floor":7,"key":"zeldaRelics:CouragePiece"},{"floor":8,"key":"zeldaRelics:CouragePiece"},{"floor":10,"key":"zeldaRelics:WisdomPiece"},{"floor":11,"key":"zeldaRelics:WisdomPiece"},{"floor":12,"key":"zeldaRelics:WisdomPiece"},{"floor":13,"key":"zeldaRelics:PowerPiece"},{"floor":30,"key":"zeldaRelics:PowerPiece"}],"event_choices":[],"is_beta":false,"boss_relics":[{"not_picked":["jedi:command_boss","jedi:command_boss"],"picked":"jedi:command_boss"},{"not_picked":["jedi:command_boss","jedi:command_boss"],"picked":"jedi:command_boss"}],"items_purged_floors":[5],"is_endless":false,"potions_floor_spawned":[6,10,12,13,16,20,22,23,30],"ascension_level":20}}