{"host":"w5ovz9boloi14a0g","time":1610077754,"event":{"mods":["BaseMod","Downfall","Googly Eyes","Minty Spire (QoL Compilation)","StSLib","SuperFastMode"],"gold_per_floor":[0,15,35,46,60,74,74,86,113,113,133,149,149,162,177,177,177,177],"floor_reached":16,"playtime":539,"items_purged":[],"score":110,"play_id":"57d53d0e-ea4b-4e9c-80df-64805768b2c9","local_time":"20210107214914","is_ascension_mode":false,"campfire_choices":[{"data":"Slimebound:Split","floor":1,"key":"SMITH"},{"floor":10,"key":"REST"},{"data":"Slimebound:DisruptingSlam","floor":13,"key":"SMITH"}],"circlet_count":0,"master_deck":["Slimebound:Strike_Slimebound","Slimebound:Strike_Slimebound","Slimebound:Strike_Slimebound","Slimebound:Tackle","Slimebound:Defend_Slimebound","Slimebound:Defend_Slimebound","Slimebound:Defend_Slimebound","Slimebound:Defend_Slimebound","Slimebound:Split+1","Slimebound:CorrosiveSpit","Slimebound:LevelUp","Slimebound:LivingWall","Slimebound:ForwardTackle","Slimebound:MegaLick","Slimebound:SlimeTap","Slimebound:SplitMire","Slimebound:Repurpose","Slimebound:DisruptingSlam+1","Slimebound:FormOfPuddle","Slimebound:SplitBruiser"],"relics":["Slimebound:AbsorbEndCombat","Mango","White Beast Statue","Potion Belt"],"acts_visited":["Exordium"],"potions_floor_usage":[],"damage_taken":[{"damage":11,"enemies":"Cultist","floor":2,"turns":3},{"damage":8,"enemies":"Small Slimes","floor":3,"turns":3},{"damage":8,"enemies":"2 Louse","floor":4,"turns":3},{"damage":31,"enemies":"Gremlin Gang","floor":5,"turns":4},{"damage":15,"enemies":"Blue Slaver","floor":6,"turns":3},{"damage":21,"enemies":"2 Fungi Beasts","floor":8,"turns":4},{"damage":37,"enemies":"3 Sentries","floor":9,"turns":7},{"damage":21,"enemies":"Exordium Wildlife","floor":11,"turns":4},{"damage":19,"enemies":"3 Louse","floor":12,"turns":4},{"damage":16,"enemies":"Blue Slaver","floor":14,"turns":4},{"damage":14,"enemies":"Large Slime","floor":15,"turns":5},{"damage":47,"enemies":"downfall:Silent","floor":16,"turns":4}],"seed_played":"3981694297949481014","potions_obtained":[{"floor":2,"key":"sneckomod:MuddlingPotion"},{"floor":5,"key":"AttackPotion"},{"floor":8,"key":"Block Potion"},{"floor":9,"key":"CultistPotion"},{"floor":11,"key":"BlessingOfTheForge"}],"is_trial":false,"path_per_floor":["R","M","M","M","M","M","T","M","E","R","M","M","R","M","M","B"],"character_chosen":"SLIMEBOUND","items_purchased":[],"campfire_rested":1,"item_purchase_floors":[],"current_hp_per_floor":[74,74,74,74,53,48,48,39,22,44,41,40,40,32,36,0,0,0],"gold":177,"neow_bonus":"ONE_RARE_RELIC","is_daily":false,"chose_seed":false,"campfire_upgraded":2,"win_rate":0.0,"timestamp":1610077754,"path_taken":["R","M","M","M","?","M","T","M","E","R","?","M","R","M","M","BOSS"],"items_purchased_type":[],"build_version":"2020-12-22","purchased_purges":0,"victory":false,"max_hp_per_floor":[74,74,74,74,74,74,74,74,74,74,74,74,74,74,74,74,74,74],"card_choices":[{"not_picked":["Slimebound:PressTheAttack","Slimebound:DivideAndConquer"],"picked":"Slimebound:LevelUp","floor":2},{"not_picked":["Slimebound:GrowthPunch","Slimebound:ComboTackle"],"picked":"Slimebound:LivingWall","floor":3},{"not_picked":["Slimebound:BestDefense","Slimebound:FormOfPuddle"],"picked":"Slimebound:ForwardTackle","floor":4},{"not_picked":["Slimebound:HauntingLick","Slimebound:DivideAndConquer"],"picked":"Slimebound:MegaLick","floor":5},{"not_picked":["Slimebound:ViciousTackle","Slimebound:MegaLick"],"picked":"Slimebound:SlimeTap","floor":6},{"not_picked":["Slimebound:SplitLeeching","Slimebound:LeadByExample"],"picked":"Slimebound:SplitMire","floor":8},{"not_picked":["Slimebound:ServeAndProtect","Slimebound:SamplingLick"],"picked":"Slimebound:Repurpose","floor":9},{"not_picked":["Slimebound:ViciousTackle","Slimebound:SlimeBrawl"],"picked":"Slimebound:DisruptingSlam","floor":11},{"not_picked":["Slimebound:ComboTackle","Slimebound:LeechingTouch","Slimebound:FinishingTackle"],"picked":"SKIP","floor":12},{"not_picked":["Slimebound:LeadByExample","Slimebound:DuplicatedForm"],"picked":"Slimebound:FormOfPuddle","floor":14},{"not_picked":["Slimebound:HauntingLick","Slimebound:FlameTackle"],"picked":"Slimebound:SplitBruiser","floor":15}],"player_experience":67808,"relics_obtained":[{"floor":7,"key":"White Beast Statue"},{"floor":9,"key":"Potion Belt"}],"event_choices":[],"is_beta":false,"boss_relics":[],"items_purged_floors":[],"is_endless":false,"potions_floor_spawned":[2,5,8,9,11,12,14,15],"killed_by":"downfall:Silent","ascension_level":0}}