{"host":"981nlwu0905dw1bz","time":1610102012,"event":{"mods":["AchievementEnabler","BaseMod","DeckTracker","Minty Spire (QoL Compilation)","Rare Cards Sparkle","SuperFastMode"],"gold_per_floor":[217,231,250,250,307,307,380,7,7,7,39,39,52,72,72,172,172,189,189,204,221,221,221,250,250,273,273,34,61,5,17,17,17,17],"floor_reached":33,"playtime":807,"items_purged":[],"score":421,"play_id":"46c80ad9-9d8b-4db3-a715-9e7c8556ac35","local_time":"20210108193332","is_ascension_mode":true,"campfire_choices":[{"data":"Streamline","floor":6.0,"key":"SMITH"},{"data":"Ball Lightning","floor":10.0,"key":"SMITH"},{"floor":12.0,"key":"REST"},{"floor":15.0,"key":"REST"},{"floor":23.0,"key":"REST"},{"floor":25.0,"key":"REST"},{"floor":27.0,"key":"REST"},{"data":"Defragment","floor":32,"key":"SMITH"}],"circlet_count":0,"master_deck":["AscendersBane","Strike_B+1","Strike_B+1","Strike_B+1","Strike_B+1","Defend_B+1","Defend_B+1","Defend_B+1","Defend_B+1","Zap","Dualcast","Streamline+1","Ball Lightning+1","Storm","Go for the Eyes","Storm","Fission","Reinforced Body","Hologram","Stack","Consume","Defragment+1","Conserve Battery"],"relics":["Cracked Core","Symbiotic Virus","Tiny Chest","Oddly Smooth Stone","InkBottle","Omamori","Cursed Key","The Courier","Smiling Mask","MealTicket","Regal Pillow","Happy Flower"],"acts_visited":["Exordium","TheCity"],"potions_floor_usage":[],"damage_taken":[{"damage":0.0,"enemies":"2 Louse","floor":1.0,"turns":2.0},{"damage":12.0,"enemies":"Jaw Worm","floor":2.0,"turns":3.0},{"damage":9.0,"enemies":"Small Slimes","floor":3.0,"turns":3.0},{"damage":24.0,"enemies":"3 Sentries","floor":11.0,"turns":5.0},{"damage":13.0,"enemies":"Red Slaver","floor":13.0,"turns":3.0},{"damage":10.0,"enemies":"Blue Slaver","floor":14.0,"turns":3.0},{"damage":24.0,"enemies":"Hexaghost","floor":16.0,"turns":5.0},{"damage":17.0,"enemies":"2 Thieves","floor":18.0,"turns":4.0},{"damage":14.0,"enemies":"3 Byrds","floor":20.0,"turns":6.0},{"damage":18.0,"enemies":"Cultist and Chosen","floor":21.0,"turns":5.0},{"damage":13.0,"enemies":"Book of Stabbing","floor":24.0,"turns":5.0},{"damage":24,"enemies":"Snake Plant","floor":31,"turns":4},{"damage":52,"enemies":"Champ","floor":33,"turns":9}],"seed_played":"6924119842206820458","potions_obtained":[{"floor":13.0,"key":"PowerPotion"},{"floor":14.0,"key":"PowerPotion"},{"floor":16.0,"key":"Energy Potion"},{"floor":20.0,"key":"SpeedPotion"},{"floor":21.0,"key":"DuplicationPotion"}],"is_trial":false,"path_per_floor":["M","M","M","?","?","R","T","$","T","R","E","R","M","M","R","B",null,"M","?","M","M","?","R","E","R","T","R","$","T","$","M","R","B"],"character_chosen":"DEFECT","items_purchased":["Tiny Chest","Oddly Smooth Stone","Storm","MealTicket","Regal Pillow","Defragment"],"campfire_rested":5,"item_purchase_floors":[8,8,8,28,28,30],"current_hp_per_floor":[68,56,47,47,47,47,47,47,47,47,23,45,32,22,44,20,61,44,44,30,12,12,34,21,43,43,65,65,65,75,51,51,0,0],"gold":17,"neow_bonus":"HUNDRED_GOLD","is_daily":false,"chose_seed":false,"campfire_upgraded":3,"win_rate":0.0,"timestamp":1610102012,"path_taken":["M","M","M","?","?","R","?","$","T","R","E","R","M","M","R","BOSS","M","?","?","M","?","R","E","R","T","R","$","?","$","M","R","BOSS"],"items_purchased_type":["Relic","Relic","Card","Relic","Relic","Card"],"build_version":"2020-12-22","purchased_purges":0,"victory":false,"max_hp_per_floor":[75,75,75,75,75,75,75,75,75,75,75,75,75,75,75,75,75,75,75,75,75,75,75,75,75,75,75,75,75,75,75,75,75,75],"card_choices":[{"not_picked":["Turbo","Double Energy"],"picked":"Streamline","floor":1.0},{"not_picked":["Stack","Beam Cell"],"picked":"Ball Lightning","floor":2.0},{"not_picked":["Gash","Aggregate","Double Energy"],"picked":"SKIP","floor":3.0},{"not_picked":["Turbo","Chaos"],"picked":"Go for the Eyes","floor":11.0},{"not_picked":["Gash","Ball Lightning"],"picked":"Storm","floor":13.0},{"not_picked":["Gash","Aggregate","Beam Cell"],"picked":"SKIP","floor":14.0},{"not_picked":["Redo","Ball Lightning","Steam Power"],"picked":"SKIP","floor":18.0},{"not_picked":["Reinforced Body","Double Energy"],"picked":"Hologram","floor":20.0},{"not_picked":["Reinforced Body","Turbo"],"picked":"Stack","floor":21.0},{"not_picked":["Heatsinks","Stack"],"picked":"Consume","floor":24.0},{"not_picked":["Storm","Turbo"],"picked":"Conserve Battery","floor":31}],"player_experience":535629,"relics_obtained":[{"floor":7.0,"key":"Symbiotic Virus"},{"floor":9.0,"key":"InkBottle"},{"floor":11.0,"key":"Omamori"},{"floor":24.0,"key":"The Courier"},{"floor":26.0,"key":"Smiling Mask"},{"floor":29,"key":"Happy Flower"}],"event_choices":[{"damage_healed":0.0,"max_hp_gain":0.0,"max_hp_loss":0.0,"gold_gain":0.0,"event_name":"Golden Idol","player_choice":"Ignored","floor":4.0,"gold_loss":0.0,"damage_taken":0.0},{"damage_healed":0.0,"max_hp_gain":0.0,"max_hp_loss":0.0,"gold_gain":57.0,"event_name":"Golden Wing","player_choice":"Gained Gold","floor":5.0,"gold_loss":0.0,"damage_taken":0.0},{"damage_healed":0.0,"max_hp_gain":0.0,"max_hp_loss":0.0,"gold_gain":0.0,"event_name":"Match and Keep!","player_choice":"2 cards matched","floor":19.0,"gold_loss":0.0,"damage_taken":0.0,"cards_obtained":["Fission","Reinforced Body"]},{"damage_healed":0.0,"max_hp_gain":0.0,"max_hp_loss":0.0,"gold_gain":0.0,"event_name":"Back to Basics","player_choice":"Simplicity","floor":22.0,"gold_loss":0.0,"damage_taken":0.0,"cards_upgraded":["Strike_B","Strike_B","Strike_B","Strike_B","Defend_B","Defend_B","Defend_B","Defend_B"]}],"is_beta":false,"boss_relics":[{"not_picked":["Pandora\u0027s Box","Runic Dome"],"picked":"Cursed Key"}],"items_purged_floors":[],"is_endless":false,"potions_floor_spawned":[13,14,16,20,21],"killed_by":"Champ","ascension_level":12}}