{"host":"uikxj58mzlixykyi","time":1610119042,"event":{"mods":["AchievementEnabler","BaseMod","BetterRewards","Colored Map","Colored Powertips","Downfall","Highlight Path","Minty Spire (QoL Compilation)","Rare Cards Sparkle","Replay The Spire","Shop Mod","StSLib"],"gold_per_floor":[99,117,117,136,147,36,36,36,36,36,55,72,72,57,73,174,174,174,274,344,357,407,482,482,493,272,291,310,330,330,349,364,469,569,569,588,638,738,811,829,876,801,815,815,850,850,883,1278,1295,1295],"floor_reached":51,"playtime":3123,"items_purged":["Slimebound:Tackle"],"score":1192,"play_id":"ccbdd415-07be-43c3-bb9b-f974623f57f8","local_time":"20210108171722","is_ascension_mode":true,"campfire_choices":[{"data":"Slimebound:CorrosiveSpit","floor":1.0,"key":"SMITH"},{"data":"Slimebound:Replication","floor":8.0,"key":"SMITH"},{"data":"Slimebound:Grow","floor":13.0,"key":"SMITH"},{"data":"Slimebound:MassFeed","floor":18.0,"key":"SMITH"},{"floor":30.0,"key":"REST"},{"floor":35.0,"key":"DIG"},{"data":"Slimebound:SamplingLick","floor":42.0,"key":"SMITH"},{"data":"Slimebound:SamplingLick","floor":44.0,"key":"SMITH"},{"floor":46.0,"key":"REST"}],"circlet_count":1,"master_deck":["AscendersBane","Slimebound:Strike_Slimebound","Slimebound:Strike_Slimebound","Slimebound:Strike_Slimebound","Slimebound:Defend_Slimebound","Slimebound:Defend_Slimebound","Slimebound:Split","Slimebound:CorrosiveSpit+1","Slimebound:OozeBath","Slimebound:SplitMire","Slimebound:LeechingTouch","Slimebound:SamplingLick+1","Slimebound:Replication+1","Slimebound:Grow+1","Slimebound:MassFeed+1","Slimebound:RainOfGoop","Slimebound:LeechingTouch","Slimebound:LivingWall","Slimebound:AcidTongue+1","Slimebound:Dissolve","Slimebound:SamplingLick+1","CurseOfTheBell","Slimebound:RainOfGoop","Slimebound:LeechingTouch+1","Slimebound:GoopSpray+1","Slimebound:MegaLick+1","Slimebound:FormOfPuddle"],"relics":["Slimebound:AbsorbEndCombat","Divine Protection","Counterbalance","Philosopher\u0027s Stone","downfall:CloakOfManyFaces","CultistMask","FaceOfCleric","NlothsMask","GremlinMask","SsserpentHead","Slimebound:AggressiveSlimeRelic","Replay:Wax Seal","Replay:Grab Bag","Replay:Wanted Poster","Slimebound:TarBlob","Calling Bell","Replay:Mystery Machine","The Courier","Thread and Needle","StoneCalendar","Bronze Scales","downfall:HeartBlessingBlue","Circlet","Potion Belt","Incense Burner","Bottled Lightning"],"acts_visited":["Exordium","TheCity","TheBeyond"],"potions_floor_usage":[],"damage_taken":[{"damage":13.0,"enemies":"Cultist","floor":2.0,"turns":4.0},{"damage":4.0,"enemies":"2 Louse","floor":4.0,"turns":3.0},{"damage":21.0,"enemies":"Small Slimes","floor":5.0,"turns":3.0},{"damage":9.0,"enemies":"downfall:FleeingMerchant","floor":6.0,"turns":4.0},{"damage":17.0,"enemies":"Exordium Wildlife","floor":11.0,"turns":3.0},{"damage":17.0,"enemies":"Large Slime","floor":12.0,"turns":5.0},{"damage":19.0,"enemies":"downfall:FleeingMerchant","floor":14.0,"turns":4.0},{"damage":11.0,"enemies":"Blue Slaver","floor":15.0,"turns":3.0},{"damage":58.0,"enemies":"downfall:Ironclad","floor":16.0,"turns":8.0},{"damage":28.0,"enemies":"downfall:FaceTrader","floor":19.0,"turns":6.0},{"damage":21.0,"enemies":"Chosen","floor":20.0,"turns":6.0},{"damage":46.0,"enemies":"Centurion and Healer","floor":21.0,"turns":7.0},{"damage":12.0,"enemies":"Snecko","floor":25.0,"turns":5.0},{"damage":7.0,"enemies":"downfall:FleeingMerchant","floor":26.0,"turns":4.0},{"damage":49.0,"enemies":"Shelled Parasite and Fungi","floor":27.0,"turns":5.0},{"damage":58.0,"enemies":"Cultist and Chosen","floor":28.0,"turns":6.0},{"damage":11.0,"enemies":"Snake Plant","floor":29.0,"turns":3.0},{"damage":39.0,"enemies":"Centurion and Healer","floor":31.0,"turns":6.0},{"damage":39.0,"enemies":"Snecko","floor":32.0,"turns":6.0},{"damage":44.0,"enemies":"downfall:Defect","floor":33.0,"turns":9.0},{"damage":23.0,"enemies":"Orb Walker","floor":36.0,"turns":2.0},{"damage":16.0,"enemies":"Mind Bloom Boss Battle","floor":38.0,"turns":4.0},{"damage":37.0,"enemies":"3 Darklings","floor":40.0,"turns":3.0},{"damage":37.0,"enemies":"Spire Growth","floor":43.0,"turns":5.0},{"damage":71.0,"enemies":"R_Hoarder","floor":45.0,"turns":7.0},{"damage":59.0,"enemies":"Nemesis","floor":47.0,"turns":7.0},{"damage":17.0,"enemies":"downfall:FleeingMerchant","floor":48.0,"turns":4.0},{"damage":10,"enemies":"4 Shapes","floor":49,"turns":5},{"damage":55,"enemies":"downfall:Silent","floor":50,"turns":12}],"seed_played":"-854221103746844755","potions_obtained":[{"floor":4.0,"key":"Dexterity Potion"},{"floor":15.0,"key":"Weak Potion"},{"floor":20.0,"key":"ColorlessPotion"},{"floor":27.0,"key":"Fire Potion"},{"floor":31.0,"key":"Adrenaline Potion"},{"floor":38.0,"key":"Slimebound:SlimedPotion"},{"floor":43.0,"key":"SteroidPotion"}],"is_trial":false,"path_per_floor":["R","M","?","M","M","$","T","R","?","?","M","M","R","$","M","B",null,"R_BF","?","M","M","?","T","T","M","$","M","M","M","R","M","M","B",null,"R_BF","M","?","?","?","M","T","R","M","R","E","R","E","$","M","B",null],"character_chosen":"SLIMEBOUND","items_purchased":["FairyPotion","Replay:Wax Seal","Slimebound:AcidTongue+1"],"campfire_rested":2,"item_purchase_floors":[6,26,26],"current_hp_per_floor":[54,46,46,54,45,54,54,54,54,47,54,52,52,51,49,36,50,50,52,50,42,42,42,42,55,58,34,21,31,51,53,43,40,67,67,70,70,82,82,70,70,80,83,83,75,99,82,96,110,98],"gold":1295,"neow_bonus":"THREE_RARE_CARDS","is_daily":false,"chose_seed":false,"campfire_upgraded":6,"win_rate":0.0,"timestamp":1610119042,"path_taken":["R","M","?","M","M","$","T","R","?","?","M","M","R","?","M","BOSS","R_BF","?","?","M","?","?","T","M","$","M","M","M","R","M","M","BOSS","R_BF","M","?","?","?","M","T","R","M","R","E","R","E","?","M","BOSS"],"items_purchased_type":["Potion","Relic","Card"],"build_version":"2020-12-22","purchased_purges":1,"victory":true,"max_hp_per_floor":[54,54,54,54,54,54,54,54,54,54,54,54,54,54,54,54,54,54,54,55,56,56,56,56,57,58,63,64,69,69,74,75,76,76,76,77,77,82,82,83,83,93,98,98,99,99,100,101,110,111],"card_choices":[{"not_picked":["Slimebound:SlimeSlap","Slimebound:SelfFormingGoo"],"picked":"Slimebound:OozeBath","floor":0.0},{"not_picked":["Slimebound:BestDefense","Slimebound:ViciousTackle"],"picked":"Slimebound:SplitMire","floor":2.0},{"not_picked":["Slimebound:RainOfGoop","Slimebound:RollThrough"],"picked":"Slimebound:LeechingTouch","floor":4.0},{"not_picked":["Slimebound:MinionMaster","Slimebound:SpikyOuterGoop"],"picked":"Slimebound:SamplingLick","floor":5.0},{"not_picked":["Slimebound:Prepare","Slimebound:RainOfGoop"],"picked":"Slimebound:Replication","floor":6.0},{"not_picked":["Slimebound:SplitSpecialist","Slimebound:GrowthPunch","Slimebound:Prepare"],"picked":"SKIP","floor":11.0},{"not_picked":["Slimebound:DivideAndConquer","Slimebound:FlameTackle"],"picked":"Slimebound:Grow","floor":12.0},{"not_picked":["Slimebound:LeechEnergy","Slimebound:Recycling","Slimebound:SplitBruiser"],"picked":"SKIP","floor":14.0},{"not_picked":["Slimebound:GoopSpray","Slimebound:SplitBruiser","Slimebound:RollThrough"],"picked":"SKIP","floor":15.0},{"not_picked":["Slimebound:Overexert","Slimebound:Darklings"],"picked":"Slimebound:MassFeed","floor":16.0},{"not_picked":["Slimebound:FinishingTackle","Slimebound:SplitBruiser","Slimebound:SplitMire"],"picked":"SKIP","floor":20.0},{"not_picked":["Slimebound:SplitLeeching","Slimebound:FinishingTackle+1"],"picked":"Slimebound:RainOfGoop","floor":21.0},{"not_picked":["Slimebound:Schlurp","Slimebound:LeechingTouch"],"picked":"Slimebound:LivingWall","floor":25.0},{"not_picked":["Slimebound:CheckThePlaybook","Slimebound:SlimeBrawl","Slimebound:GoopSpray"],"picked":"SKIP","floor":26.0},{"not_picked":["Slimebound:SplitLeeching","Slimebound:SplitAcid"],"picked":"Slimebound:Dissolve","floor":27.0},{"not_picked":["Slimebound:ServeAndProtect","Slimebound:DivideAndConquer","Slimebound:SplitSpecialist+1"],"picked":"SKIP","floor":28.0},{"not_picked":["Slimebound:ViciousTackle+1","Slimebound:Schlurp"],"picked":"Slimebound:SamplingLick","floor":29.0},{"not_picked":["Slimebound:SplitLeeching","Slimebound:FinishingTackle","Slimebound:DisruptingSlam"],"picked":"SKIP","floor":31.0},{"not_picked":["Slimebound:SplitLeeching","Slimebound:TagTeam"],"picked":"Slimebound:GoopSpray+1","floor":32.0},{"not_picked":["Slimebound:GrowthPunch+1","Slimebound:HungryTackle"],"picked":"Slimebound:RainOfGoop","floor":36.0},{"not_picked":["Slimebound:ServeAndProtect+1","Slimebound:FirmFortitude"],"picked":"Slimebound:LeechingTouch+1","floor":38.0},{"not_picked":["Slimebound:PressTheAttack","Slimebound:FlameTackle"],"picked":"Slimebound:GoopSpray+1","floor":40.0},{"not_picked":["Slimebound:GrowthPunch","Slimebound:SplitBruiser","Slimebound:Equalize"],"picked":"SKIP","floor":43.0},{"not_picked":["Slimebound:Schlurp","Slimebound:Nibble+1"],"picked":"Slimebound:MegaLick+1","floor":45.0},{"not_picked":["Slimebound:Equalize","Slimebound:DisruptingSlam"],"picked":"Slimebound:FormOfPuddle","floor":47.0},{"not_picked":["Slimebound:SplitBruiser","Slimebound:ComboTackle+1","Slimebound:GoopSpray"],"picked":"SKIP","floor":49}],"player_experience":125231,"relics_obtained":[{"floor":7.0,"key":"Divine Protection"},{"floor":19.0,"key":"downfall:CloakOfManyFaces"},{"floor":24.0,"key":"Slimebound:AggressiveSlimeRelic"},{"floor":34.0,"key":"Replay:Mystery Machine"},{"floor":34.0,"key":"The Courier"},{"floor":34.0,"key":"Thread and Needle"},{"floor":35.0,"key":"Dead Branch"},{"floor":38.0,"key":"StoneCalendar"},{"floor":39.0,"key":"Bronze Scales"},{"floor":45.0,"key":"Potion Belt"},{"floor":47.0,"key":"Incense Burner"},{"floor":48,"key":"Bottled Lightning"}],"event_choices":[{"cards_removed":["Slimebound:Defend_Slimebound"],"damage_healed":0.0,"max_hp_gain":0.0,"max_hp_loss":0.0,"gold_gain":0.0,"event_name":"The Cleric","player_choice":"Card Removal","floor":9.0,"gold_loss":0.0,"damage_taken":0.0},{"damage_healed":0.0,"max_hp_gain":0.0,"max_hp_loss":0.0,"gold_gain":0.0,"event_name":"Scrap Ooze","player_choice":"Success","floor":10.0,"gold_loss":0.0,"damage_taken":7.0,"relics_obtained":["Counterbalance"]},{"damage_healed":0.0,"max_hp_gain":0.0,"max_hp_loss":0.0,"gold_gain":0.0,"event_name":"The Library","player_choice":"Read","floor":22.0,"gold_loss":0.0,"damage_taken":0.0,"cards_obtained":["Slimebound:LeechingTouch"]},{"cards_removed":["Slimebound:GoopSpray"],"damage_healed":0.0,"max_hp_gain":0.0,"max_hp_loss":0.0,"gold_gain":0.0,"event_name":"Falling","player_choice":"Removed Skill","floor":37.0,"gold_loss":0.0,"damage_taken":0.0}],"is_beta":false,"boss_relics":[{"not_picked":["Honey Jar","Velvet Choker"],"picked":"Philosopher\u0027s Stone"},{"not_picked":["Coffee Dripper","Replay:Bronze Core"],"picked":"Replay:Grab Bag"},{"not_picked":["ChewingGum","Fusion Hammer"],"picked":"Replay:Wanted Poster"},{"not_picked":["Sozu","ReplayTheSpireMod:DimensionalGlitch"],"picked":"Slimebound:TarBlob"},{"not_picked":["Snecko Eye","Ring of Chaos"],"picked":"Calling Bell"}],"items_purged_floors":[26],"is_endless":false,"potions_floor_spawned":[4,11,15,20,27,28,31,32,38,40,43],"ascension_level":12}}