{"host":"ekuwh035269yscfo","time":1610124489,"event":{"mods":["Aspiration","BaseMod","Better Third Choice","BetterRewards","Colored Map","Custom Start","Downfall","Hermit","Highlight Path","Hubris","Hyrulean Relics","Minty Spire (QoL Compilation)","Replay The Spire","Shop Mod","StSLib","The Cursed"],"gold_per_floor":[99,99,199,249,424,424,451,477,506,571,599,620,620,134,175,195,195,195],"floor_reached":16,"playtime":1337,"items_purged":["hubris:Compulsion"],"score":123,"play_id":"29908e79-1a65-49cb-b829-a357d6ea2629","local_time":"20210108114809","is_ascension_mode":false,"campfire_choices":[{"data":"Guardian:TwinSlam","floor":1,"key":"SMITH"},{"data":"Guardian:Repulse","floor":13,"key":"SMITH"}],"circlet_count":0,"master_deck":["Guardian:Strike_Guardian","Guardian:Strike_Guardian","Guardian:Strike_Guardian","Guardian:Strike_Guardian","Guardian:Defend_Guardian","Guardian:Defend_Guardian","Guardian:Defend_Guardian","Guardian:Defend_Guardian","Guardian:CurlUp","Guardian:TwinSlam+1","CommonCold","Doubt","Replay:Hysterical Blindness","Guardian:BronzeOrb","Guardian:DecasProtection","Guardian:RollAttack","Guardian:Repulse+1","Guardian:SentryBeam","Guardian:Gem_Green","Guardian:PolyBeam","Guardian:PrismaticBeam+1","Guardian:PrismaticBarrier","Overencumbered","Guardian:Incinerate+1"],"relics":["Guardian:ModeShifter","downfall:HeartsMalice","ReplayTheSpireMod:Ring of Collecting","Ring of Greed","MealTicket","Replay:Bandana","Molten Egg 2","MerchantsRug"],"acts_visited":["Exordium"],"potions_floor_usage":[10,14,16,16],"damage_taken":[{"damage":0,"enemies":"2 Louse","floor":2,"turns":1},{"damage":0,"enemies":"Small Slimes","floor":6,"turns":1},{"damage":0,"enemies":"Lagavulin","floor":8,"turns":1},{"damage":2,"enemies":"Jaw Worm","floor":9,"turns":5},{"damage":36,"enemies":"Lagavulin Event","floor":10,"turns":11},{"damage":2,"enemies":"Large Slime","floor":11,"turns":5},{"damage":2,"enemies":"Blue Slaver","floor":12,"turns":4},{"damage":0,"enemies":"downfall:FleeingMerchant","floor":14,"turns":4},{"damage":18,"enemies":"Exordium Thugs","floor":15,"turns":4},{"damage":42,"enemies":"downfall:Defect","floor":16,"turns":10}],"seed_played":"7449959887351822495","potions_obtained":[{"floor":9,"key":"Fruit Juice"},{"floor":10,"key":"Languid Potion"},{"floor":11,"key":"BlessingOfTheForge"},{"floor":15,"key":"sneckomod:MuddlingPotion"}],"is_trial":false,"path_per_floor":["R","M","?","?","?","M","T","E","M","?","M","M","R","$","M","B"],"character_chosen":"GUARDIAN","items_purchased":["BargainBundle","Guardian:Gem_Green","Guardian:PolyBeam","Molten Egg 2","Guardian:PrismaticBeam+1","Guardian:PrismaticBarrier","MerchantsRug"],"campfire_rested":0,"item_purchase_floors":[14,14,14,14,14,14,14],"current_hp_per_floor":[80,80,80,80,80,80,80,80,78,47,45,43,43,58,40,0,0,0],"gold":195,"neow_bonus":"THREE_ENEMY_KILL","is_daily":false,"chose_seed":false,"campfire_upgraded":2,"win_rate":0.0,"timestamp":1610124489,"path_taken":["R","M","?","?","?","?","T","E","M","?","M","M","R","$","M","BOSS"],"items_purchased_type":["Relic","Card","Card","Relic","Card","Card","Relic"],"build_version":"2020-12-22","purchased_purges":1,"victory":false,"max_hp_per_floor":[80,80,80,80,80,80,80,80,80,85,85,85,85,85,85,85,85,85],"card_choices":[{"not_picked":["Guardian:DonusPower","Guardian:WalkerClaw"],"picked":"Guardian:Gem_Red","floor":2},{"not_picked":["Guardian:Recover","Guardian:MultiBeam"],"picked":"Guardian:Gem_Green","floor":6},{"not_picked":["Guardian:Gem_Blue","Guardian:ShieldCharger"],"picked":"Guardian:BronzeOrb","floor":8},{"not_picked":["Guardian:TemporalShield","Guardian:Preprogram"],"picked":"Guardian:DecasProtection","floor":9},{"not_picked":["Guardian:ArmoredProtocol","Guardian:Gem_Cyan"],"picked":"Guardian:RollAttack","floor":10},{"not_picked":["Guardian:Planning","Guardian:DecasProtection","Guardian:Reroute"],"picked":"SKIP","floor":11},{"not_picked":["Guardian:Suspension","Guardian:ChargeCore"],"picked":"Guardian:Repulse","floor":12},{"not_picked":["Guardian:Gem_Cyan","Guardian:FloatingOrbs"],"picked":"Guardian:SentryBeam","floor":14},{"not_picked":["Guardian:ShieldSpikes","Guardian:FastForward"],"picked":"Guardian:Incinerate+1","floor":15}],"player_experience":399871,"relics_obtained":[{"floor":4,"key":"ReplayTheSpireMod:Ring of Collecting"},{"floor":4,"key":"Ring of Greed"},{"floor":4,"key":"MealTicket"},{"floor":4,"key":"Replay:Bandana"},{"floor":7,"key":"aspiration:HiddenCompartment"},{"floor":8,"key":"Pet Ghost"}],"event_choices":[],"is_beta":false,"boss_relics":[],"items_purged_floors":[14],"is_endless":false,"potions_floor_spawned":[9,10,11,15],"killed_by":"downfall:Defect","ascension_level":0}}