{"host":"xbs6xfa3tvu21mfl","time":1610100337,"event":{"mods":["BaseMod","Downfall","Lobotomy","Minty Spire (QoL Compilation)","Quick Restart","Reimu£®≤©¿ˆ¡È√Œ£©","StSLib"],"gold_per_floor":[99,114,124,27,40,52,52,74,27,55,82,82,7,7,29,141,191,116,140,150,175,175,175,175,175,175,175],"floor_reached":25,"playtime":1586,"items_purged":[],"score":222,"play_id":"c490b3a1-ad00-4a29-bfb7-8efebbfcdd40","local_time":"20210108180537","is_ascension_mode":false,"campfire_choices":[{"floor":1.0,"key":"RECALL"},{"floor":13.0,"key":"REST"},{"data":"hexamod:EtherealExpedition","floor":18.0,"key":"SMITH"}],"circlet_count":0,"master_deck":["hexamod:Defend","hexamod:Defend","hexamod:Defend","hexamod:Defend","hexamod:Sear","hexamod:Float+1","hexamod:DynamicBlow","hexamod:GhostShield","hexamod:InspiringFlames","hexamod:EmpoweredFlame","hexamod:GhostOfSpireFuture","hexamod:SecondSeal","hexamod:EtherealExpedition+1","hexamod:TimeWarp","hexamod:HeatMetal","hexamod:ThermalTransfer","hexamod:SpectersWail+1","hexamod:ThirdSeal","hexamod:FifthSeal","hexamod:HexaLevel+1","hexamod:StepThrough","hexamod:FirstSeal","hexamod:EtherealExpedition","hexamod:SixthSeal","hexamod:AdvancingGuard+1","hexamod:FourthSeal","hexamod:HauntingEcho+1","Bite","Bite","Bite","Bite","Bite"],"relics":["hexamod:SpiritBrand","CrazyTorch:ReiMu","downfall:HeartBlessingRed","Frozen Egg 2","Tiny House","downfall:HeartBlessingBlue","hexamod:InflammatoryLetter"],"acts_visited":["Exordium","TheCity"],"potions_floor_usage":[25],"damage_taken":[{"damage":0.0,"enemies":"Small Slimes","floor":2.0,"turns":3.0},{"damage":0.0,"enemies":"Jaw Worm","floor":3.0,"turns":3.0},{"damage":0.0,"enemies":"downfall:FleeingMerchant","floor":4.0,"turns":4.0},{"damage":2.0,"enemies":"2 Louse","floor":5.0,"turns":5.0},{"damage":0.0,"enemies":"2 Fungi Beasts","floor":6.0,"turns":3.0},{"damage":8.0,"enemies":"Large Slime","floor":8.0,"turns":8.0},{"damage":0.0,"enemies":"downfall:FleeingMerchant","floor":9.0,"turns":4.0},{"damage":6.0,"enemies":"Exordium Wildlife","floor":10.0,"turns":3.0},{"damage":0.0,"enemies":"Large Slime","floor":11.0,"turns":3.0},{"damage":0.0,"enemies":"3 Louse","floor":15.0,"turns":3.0},{"damage":17.0,"enemies":"downfall:Silent","floor":16.0,"turns":6.0},{"damage":17.0,"enemies":"Chosen","floor":19.0,"turns":6.0},{"damage":40.0,"enemies":"3 Byrds","floor":20.0,"turns":5.0},{"damage":18.0,"enemies":"Snecko","floor":21.0,"turns":6.0},{"damage":46,"enemies":"Gremlin Leader","floor":25,"turns":4}],"seed_played":"-2093212813497240718","potions_obtained":[{"floor":2.0,"key":"FairyPotion"},{"floor":3.0,"key":"BlessingOfTheForge"},{"floor":6.0,"key":"Explosive Potion"},{"floor":10.0,"key":"Fire Potion"},{"floor":15.0,"key":"champ:CounterPotion"},{"floor":16.0,"key":"GamblersBrew"},{"floor":17.0,"key":"BlessingOfTheForge"},{"floor":21.0,"key":"Strength Potion"}],"is_trial":false,"path_per_floor":["R","M","M","$","M","M","T","M","$","M","M","?","R","?","M","B",null,"R","M","M","M","?","?","T","E"],"character_chosen":"THE_SPIRIT","items_purchased":["hexamod:EmpoweredFlame","hexamod:HeatMetal"],"campfire_rested":1,"item_purchase_floors":[4,9],"current_hp_per_floor":[77,77,77,77,75,75,75,67,67,61,61,54,77,77,77,60,82,92,75,42,31,31,31,31,21,21,21],"gold":175,"neow_bonus":"TEN_PERCENT_HP_BONUS","is_daily":false,"chose_seed":false,"campfire_upgraded":1,"win_rate":0.0,"timestamp":1610100337,"path_taken":["R","M","M","$","M","M","T","M","$","M","M","?","R","?","M","BOSS","R","M","M","M","?","?","T","E"],"items_purchased_type":["Card","Card"],"build_version":"2020-12-22","purchased_purges":0,"victory":false,"max_hp_per_floor":[77,77,77,77,77,77,77,77,77,77,77,77,77,77,77,77,82,92,92,92,92,92,64,64,64,64,64],"card_choices":[{"not_picked":["hexamod:Rewind","hexamod:FastForward"],"picked":"hexamod:DynamicBlow","floor":2.0},{"not_picked":["hexamod:FlamesFromBeyond","hexamod:BurningTouch"],"picked":"hexamod:GhostShield","floor":3.0},{"not_picked":["hexamod:BacktrackSmack","hexamod:GhostShield"],"picked":"hexamod:InspiringFlames","floor":4.0},{"not_picked":["hexamod:Haunt","hexamod:NightmareStrike"],"picked":"hexamod:GhostOfSpireFuture","floor":5.0},{"not_picked":["hexamod:SwordOfDarkness","hexamod:Firestarter"],"picked":"hexamod:SecondSeal","floor":6.0},{"not_picked":["hexamod:PhantomCloak","hexamod:BacktrackSmack"],"picked":"hexamod:EtherealExpedition","floor":8.0},{"not_picked":["hexamod:ParanormalForm","hexamod:GhostLash"],"picked":"hexamod:TimeWarp","floor":9.0},{"not_picked":["hexamod:GhostLash","hexamod:NightmareStrike"],"picked":"hexamod:ThermalTransfer","floor":10.0},{"not_picked":["hexamod:ShieldOfDarkness","hexamod:NightmareStrike"],"picked":"hexamod:SpectersWail","floor":11.0},{"not_picked":["hexamod:RecurringNightmare","hexamod:Hexaguard"],"picked":"hexamod:ThirdSeal","floor":15.0},{"not_picked":["hexamod:SearingWound","hexamod:Toasty"],"picked":"hexamod:FifthSeal","floor":16.0},{"not_picked":["hexamod:CrushingStance","hexamod:GhostflameInferno"],"picked":"hexamod:HexaLevel+1","floor":16.0},{"not_picked":["hexamod:ThirdSeal","hexamod:GhostLash"],"picked":"hexamod:StepThrough","floor":17.0},{"not_picked":["hexamod:FourthSeal","hexamod:SecondSeal"],"picked":"hexamod:FirstSeal","floor":19.0},{"not_picked":["hexamod:RainOfEmbers+1","hexamod:Hexaguard"],"picked":"hexamod:EtherealExpedition","floor":19.0},{"not_picked":["hexamod:FirstSeal","hexamod:SecondSeal"],"picked":"hexamod:SixthSeal","floor":20.0},{"not_picked":["hexamod:Haunt","hexamod:ThirdSeal"],"picked":"hexamod:AdvancingGuard+1","floor":20.0},{"not_picked":["hexamod:FirstSeal","hexamod:RainOfEmbers","hexamod:EmpoweredFlame+1"],"picked":"SKIP","floor":20.0},{"not_picked":["hexamod:SecondSeal","hexamod:ThirdSeal"],"picked":"hexamod:FourthSeal","floor":21.0},{"not_picked":["hexamod:EmpoweredFlame+1","hexamod:RecurringNightmare"],"picked":"hexamod:HauntingEcho+1","floor":21.0},{"not_picked":["hexamod:ShieldOfDarkness","hexamod:RainOfEmbers","hexamod:FourthSeal"],"picked":"SKIP","floor":21.0}],"player_experience":128864,"relics_obtained":[{"floor":24.0,"key":"hexamod:InflammatoryLetter"}],"event_choices":[{"damage_healed":0.0,"max_hp_gain":0.0,"max_hp_loss":0.0,"gold_gain":0.0,"event_name":"Scrap Ooze","player_choice":"Success","floor":12.0,"gold_loss":0.0,"damage_taken":7.0,"relics_obtained":["CrazyTorch:ReiMu"]},{"damage_healed":0.0,"max_hp_gain":0.0,"max_hp_loss":28.0,"gold_gain":0.0,"event_name":"Vampires","player_choice":"Became a vampire","floor":23.0,"gold_loss":0.0,"damage_taken":0.0,"cards_obtained":["Bite","Bite","Bite","Bite","Bite"]}],"is_beta":false,"boss_relics":[{"not_picked":["Empty Cage","Calling Bell"],"picked":"Tiny House"}],"items_purged_floors":[],"is_endless":false,"potions_floor_spawned":[2,3,6,10,15,16,21],"killed_by":"Gremlin Leader","ascension_level":0}}