{"host":"p7j7o00jacnw7qzt","time":1610114681,"event":{"mods":["BaseMod","Colored Map","Colored Powertips","DeckTracker","Highlight Path","Minty Spire (QoL Compilation)","Relic Stats"],"gold_per_floor":[110,110,385,148,171,210,233,248,248,323,323,323,323,364,364,455,455,474,474,102,123,139,139,139,139],"floor_reached":24,"playtime":734,"items_purged":["Regret","Strike_G"],"score":458,"play_id":"0bad18aa-dbc8-40d7-bd9d-e97bdc861b75","local_time":"20210108090441","is_ascension_mode":true,"campfire_choices":[{"data":"Accuracy","floor":13.0,"key":"SMITH"},{"data":"Blade Dance","floor":15.0,"key":"SMITH"},{"data":"Acrobatics","floor":23,"key":"SMITH"}],"circlet_count":0,"master_deck":["AscendersBane","Strike_G","Strike_G","Strike_G","Strike_G","Defend_G","Defend_G","Defend_G","Defend_G","Defend_G","Survivor","Neutralize","Infinite Blades","Accuracy+1","Blade Dance+1","Acrobatics+1","Venomology","Accuracy","Tactician"],"relics":["Ring of the Snake","NeowsBlessing","Golden Idol","TheAbacus","Centennial Puzzle","Gremlin Horn","Girya","Sozu","Matryoshka"],"acts_visited":["Exordium","TheCity"],"potions_floor_usage":[],"damage_taken":[{"damage":0.0,"enemies":"Cultist","floor":1.0,"turns":1.0},{"damage":0.0,"enemies":"Small Slimes","floor":5.0,"turns":1.0},{"damage":0.0,"enemies":"Lagavulin","floor":6.0,"turns":1.0},{"damage":1.0,"enemies":"Jaw Worm","floor":7.0,"turns":4.0},{"damage":1.0,"enemies":"3 Louse","floor":8.0,"turns":3.0},{"damage":11.0,"enemies":"3 Sentries","floor":14.0,"turns":7.0},{"damage":18.0,"enemies":"The Guardian","floor":16.0,"turns":14.0},{"damage":1.0,"enemies":"3 Byrds","floor":18.0,"turns":4.0},{"damage":14.0,"enemies":"Shell Parasite","floor":21.0,"turns":4.0},{"damage":6.0,"enemies":"Sentry and Sphere","floor":22.0,"turns":3.0},{"damage":0,"enemies":"Gremlin Leader","floor":24,"turns":2}],"seed_played":"-1687461711801243922","potions_obtained":[{"floor":1.0,"key":"SpeedPotion"},{"floor":5.0,"key":"DistilledChaos"},{"floor":16.0,"key":"LiquidBronze"}],"is_trial":false,"path_per_floor":["M","?","?","$","M","E","M","M","T","?","?","?","R","E","R","B",null,"M","?","$","M","M","R","E"],"character_chosen":"THE_SILENT","items_purchased":["TheAbacus","Matryoshka"],"campfire_rested":0,"item_purchase_floors":[4,20],"current_hp_per_floor":[59,59,59,59,59,59,58,57,57,46,46,46,46,35,35,17,49,48,48,48,34,28,28,28,28],"gold":139,"neow_bonus":"THREE_ENEMY_KILL","is_daily":false,"chose_seed":false,"campfire_upgraded":3,"win_rate":0.0,"timestamp":1610114681,"path_taken":["M","?","?","$","M","E","?","M","T","?","?","?","R","E","R","BOSS","M","?","$","M","M","R","E"],"items_purchased_type":["Relic","Relic"],"build_version":"2020-12-22","purchased_purges":2,"victory":false,"max_hp_per_floor":[66,60,60,60,60,60,60,60,60,60,60,60,60,60,60,60,60,60,60,60,60,60,60,60,60],"relic_stats":{"Sozu":3,"Centennial Puzzle":[21],"TheAbacus":[84],"Gremlin Horn":[6,6],"counters":[11,44],"Golden Idol":58,"obtain_stats":[{"Sozu":17,"Girya":14,"Centennial Puzzle":6,"TheAbacus":4,"Matryoshka":20,"NeowsBlessing":0,"Gremlin Horn":9,"Golden Idol":2,"Ring of the Snake":0},{"Sozu":7,"Girya":6,"Centennial Puzzle":3,"TheAbacus":1,"Matryoshka":8,"NeowsBlessing":0,"Gremlin Horn":5,"Golden Idol":1,"Ring of the Snake":0},{"Sozu":31,"Girya":17,"Centennial Puzzle":3,"TheAbacus":1,"Matryoshka":35,"NeowsBlessing":0,"Gremlin Horn":10,"Golden Idol":1,"Ring of the Snake":0}],"Ring of the Snake":[22]},"card_choices":[{"not_picked":["Catalyst","Backstab"],"picked":"Infinite Blades","floor":1.0},{"not_picked":["Dodge and Roll","Poisoned Stab","Deflect"],"picked":"SKIP","floor":5.0},{"not_picked":["Slice","Eviscerate"],"picked":"Accuracy","floor":6.0},{"not_picked":["Underhanded Strike","Caltrops"],"picked":"Blade Dance","floor":7.0},{"not_picked":["Dodge and Roll","Backflip","Slice"],"picked":"SKIP","floor":8.0},{"not_picked":["Underhanded Strike","Catalyst"],"picked":"Acrobatics","floor":14.0},{"not_picked":["Phantasmal Killer","Unload"],"picked":"Venomology","floor":16.0},{"not_picked":["Underhanded Strike","Skewer"],"picked":"Accuracy","floor":18.0},{"not_picked":["Deadly Poison+1","Underhanded Strike","Heel Hook"],"picked":"SKIP","floor":21.0},{"not_picked":["Leg Sweep","Bouncing Flask+1"],"picked":"Tactician","floor":22.0}],"player_experience":1014917,"relics_obtained":[{"floor":6.0,"key":"Centennial Puzzle"},{"floor":9.0,"key":"Gremlin Horn"},{"floor":14.0,"key":"Girya"}],"event_choices":[{"damage_healed":0.0,"max_hp_gain":0.0,"max_hp_loss":6.0,"gold_gain":0.0,"event_name":"Golden Idol","player_choice":"Lose Max HP","floor":2.0,"gold_loss":0.0,"damage_taken":0.0,"relics_obtained":["Golden Idol"]},{"damage_healed":0.0,"max_hp_gain":0.0,"max_hp_loss":0.0,"gold_gain":275.0,"event_name":"Golden Shrine","player_choice":"Desecrate","floor":3.0,"gold_loss":0.0,"damage_taken":0.0,"cards_obtained":["Regret"]},{"damage_healed":0.0,"max_hp_gain":0.0,"max_hp_loss":0.0,"gold_gain":75.0,"event_name":"World of Goop","player_choice":"Gather Gold","floor":10.0,"gold_loss":0.0,"damage_taken":11.0},{"damage_healed":0.0,"max_hp_gain":0.0,"max_hp_loss":0.0,"gold_gain":0.0,"event_name":"Shining Light","player_choice":"Ignored","floor":11.0,"gold_loss":0.0,"damage_taken":0.0},{"damage_healed":0.0,"max_hp_gain":0.0,"max_hp_loss":0.0,"gold_gain":0.0,"event_name":"Liars Game","player_choice":"Ignored","floor":12.0,"gold_loss":0.0,"damage_taken":0.0},{"damage_healed":0.0,"max_hp_gain":0.0,"max_hp_loss":0.0,"gold_gain":0.0,"event_name":"Lab","player_choice":"Got Potions","floor":19.0,"gold_loss":0.0,"damage_taken":0.0}],"is_beta":false,"boss_relics":[{"not_picked":["Velvet Choker","Cursed Key"],"picked":"Sozu"}],"items_purged_floors":[4,20],"is_endless":false,"potions_floor_spawned":[1,5,16,22],"killed_by":"Gremlin Leader","ascension_level":20}}