{"host":"g76rhe4j5kh9hdf9","time":1610103665,"event":{"mods":["100% Spire Juice","Act Like it!","BaseMod","Better Third Choice","GifTheSpireLib","Minty Spire (QoL Compilation)","Relic Stats","Spicy Shops","StSLib"],"gold_per_floor":[109,109,119,69,24,55,55,81,81,81,96,121,132,56,56,155,155,166,178,178,198,92,128,128,165,165,206,306,104,118,155,155,262,262,162,180,180,199,56,56,90,99,99,138,88,117,117,152,152,152,152,152,51,82,82],"floor_reached":56,"playtime":3731,"items_purged":["Moonworks:Defend","Moonworks:Strike"],"score":1620,"play_id":"0b058b24-443b-44d2-994b-c771a2b77c8a","local_time":"20210108030105","is_ascension_mode":true,"campfire_choices":[{"data":"Moonworks:Ambush","floor":7,"key":"SMITH"},{"data":"Moonworks:ForcedRevival","floor":10,"key":"SMITH"},{"data":"Moonworks:Accelerator","floor":15,"key":"SMITH"},{"data":"Moonworks:ExtendedPhotonRifle","floor":24,"key":"SMITH"},{"data":"Moonworks:MetallicMonocoque","floor":32,"key":"SMITH"},{"data":"Moonworks:StiffCrystal","floor":40,"key":"SMITH"},{"data":"Moonworks:MetallicMonocoque","floor":47,"key":"SMITH"},{"floor":49,"key":"RECALL"},{"data":"Moonworks:Blazing","floor":52,"key":"SMITH"}],"circlet_count":0,"master_deck":["Moonworks:Strike","Moonworks:Strike","Moonworks:Strike","Moonworks:Defend","Moonworks:Defend+1","Moonworks:Ambush+1","Moonworks:LongDistanceShot","Moonworks:ExtendedPhotonRifle+1","Moonworks:Bloodlust","Moonworks:WindyEnchantment","Moonworks:LuckyCharm","Moonworks:ForcedRevival+1","Moonworks:WindyEnchantment","Moonworks:DeployBits","Moonworks:Blazing+1","Moonworks:Accelerator+1","Moonworks:RocketCannon","Moonworks:EvilSpyWorkPreparation","Moonworks:ForcedRevival+1","Moonworks:StiffCrystal+1","Moonworks:DevilHand","Moonworks:MetallicMonocoque+1","Moonworks:IntelligenceOfficer+1","Pride","Moonworks:ForcedRevival+1","Moonworks:StarBlastingFuse","Moonworks:TacticalRetreat+1","Impatience+1","Dark Shackles","Moonworks:RagingMadness+1","Moonworks:AwakeningOfTalent","Pain","Moonworks:MetallicMonocoque+1","Moonworks:TreasureThief","Moonworks:IndiscriminateFireSupport+1"],"relics":["Moonworks:Homemark","Philosopher\u0027s Stone","Gambling Chip","Anchor","Pear","Du-Vu Doll","Orrery","Black Star","Lizard Tail","CeramicFish","Gremlin Horn","Happy Flower","White Beast Statue","InkBottle","Juzu Bracelet","Turnip","Moonworks:LittleGull","Lee\u0027s Waffle","Sling","Nunchaku","Matryoshka","SacredBark","OrangePellets","Smiling Mask","Bottled Lightning","WarpedTongs","Akabeko","Question Card","War Paint","Bronze Scales","Bottled Flame","Pen Nib","Mercury Hourglass"],"acts_visited":["Exordium","TheCity","TheBeyond","TheEnding"],"potions_floor_usage":[6,6,12,21,23,28,41,50,55,55,55],"damage_taken":[{"damage":2.0,"enemies":"Cultist","floor":1.0,"turns":3.0},{"damage":3.0,"enemies":"Jaw Worm","floor":3.0,"turns":3.0},{"damage":20,"enemies":"3 Sentries","floor":6,"turns":5},{"damage":19,"enemies":"Gremlin Nob","floor":8,"turns":3},{"damage":0,"enemies":"Small Slimes","floor":11,"turns":2},{"damage":30,"enemies":"3 Sentries","floor":12,"turns":4},{"damage":16,"enemies":"Gremlin Gang","floor":13,"turns":4},{"damage":4,"enemies":"Slime Boss","floor":16,"turns":4},{"damage":53,"enemies":"Shell Parasite","floor":18,"turns":5},{"damage":4,"enemies":"Spheric Guardian","floor":19,"turns":2},{"damage":0,"enemies":"Snecko","floor":21,"turns":2},{"damage":36,"enemies":"Cultist and Chosen","floor":22,"turns":6},{"damage":38,"enemies":"Book of Stabbing","floor":23,"turns":5},{"damage":91,"enemies":"Slavers","floor":25,"turns":6},{"damage":7,"enemies":"Book of Stabbing","floor":27,"turns":3},{"damage":16,"enemies":"Colosseum Slavers","floor":28,"turns":3},{"damage":36,"enemies":"Colosseum Nobs","floor":28,"turns":6},{"damage":25,"enemies":"Sentry and Sphere","floor":30,"turns":5},{"damage":16,"enemies":"Gremlin Leader","floor":31,"turns":4},{"damage":26,"enemies":"Collector","floor":33,"turns":3},{"damage":24,"enemies":"3 Shapes","floor":35,"turns":3},{"damage":25,"enemies":"3 Darklings","floor":38,"turns":4},{"damage":31,"enemies":"Reptomancer","floor":41,"turns":5},{"damage":0,"enemies":"Giant Head","floor":44,"turns":5},{"damage":8,"enemies":"Jaw Worm Horde","floor":46,"turns":2},{"damage":0,"enemies":"Nemesis","floor":48,"turns":3},{"damage":42,"enemies":"Time Eater","floor":50,"turns":7},{"damage":0,"enemies":"Shield and Spear","floor":54,"turns":1},{"damage":66,"enemies":"The Heart","floor":55,"turns":5}],"seed_played":"4337033578489512557","potions_obtained":[{"floor":1.0,"key":"Strength Potion"},{"floor":3.0,"key":"Strength Potion"},{"floor":11,"key":"Strength Potion"},{"floor":18,"key":"Strength Potion"},{"floor":19,"key":"Block Potion"},{"floor":25,"key":"FearPotion"},{"floor":27,"key":"LiquidBronze"},{"floor":28,"key":"EssenceOfSteel"},{"floor":30,"key":"LiquidBronze"},{"floor":35,"key":"SteroidPotion"},{"floor":41,"key":"DistilledChaos"},{"floor":44,"key":"DuplicationPotion"},{"floor":48,"key":"DuplicationPotion"}],"is_trial":false,"path_per_floor":["M","$","M","?","$","E","R","E","T","R","M","E","M","$","R","B",null,"M","M","?","M","M","E","R","E","T","E","?","$","M","E","R","B",null,"M","?","?","M","$","R","E","?","T","E","$","M","R","E","R","B",null,"R","$","E","B",null],"character_chosen":"THE_STARBREAKER","items_purchased":["Moonworks:WindyEnchantment","Orrery","Lee\u0027s Waffle","Sling","OrangePellets","Strength Potion"],"campfire_rested":0,"item_purchase_floors":[5,14,29,29,39,53],"current_hp_per_floor":[58,58,55,55,55,47,47,42,52,52,68,44,50,50,50,56,70,47,55,55,70,54,34,34,23,23,42,38,77,67,73,73,47,77,71,61,61,60,60,60,77,77,77,77,77,77,77,77,77,52,77,77,77,77,38],"gold":82,"neow_bonus":"BOSS_RELIC","is_daily":false,"chose_seed":false,"campfire_upgraded":8,"win_rate":0.0,"timestamp":1610103665,"path_taken":["M","?","M","?","?","E","R","E","T","R","M","E","M","$","R","BOSS","M","M","?","M","?","E","R","E","T","E","?","?","M","E","R","BOSS","M","?","?","M","$","R","E","?","T","E","$","M","R","E","R","BOSS","R","$","E","BOSS"],"items_purchased_type":["Card","Relic","Relic","Relic","Relic","Potion"],"build_version":"2020-12-22","purchased_purges":2,"victory":true,"max_hp_per_floor":[60,60,60,60,60,60,60,60,70,70,70,70,70,70,70,70,70,70,70,70,70,70,70,70,70,70,70,70,77,77,77,77,77,77,77,77,77,77,77,77,77,77,77,77,77,77,77,77,77,77,77,77,77,77,77],"relic_stats":{"Lee\u0027s Waffle":39,"Gremlin Horn":[19,19],"Happy Flower":[19],"counters":[29,113],"CeramicFish":135,"Pen Nib":[1],"Juzu Bracelet":0,"War Paint":["Moonworks:Defend","Impatience"],"Smiling Mask":75,"Question Card":3,"WarpedTongs":[22],"Mercury Hourglass":[15],"OrangePellets":[5],"Lizard Tail":35,"Nunchaku":[7],"Gambling Chip":[60],"Bronze Scales":[69],"Turnip":[7],"Black Star":8,"obtain_stats":[{"Gremlin Horn":25,"CeramicFish":23,"SacredBark":34,"Juzu Bracelet":27,"Sling":29,"Smiling Mask":41,"Lizard Tail":23,"Nunchaku":31,"Matryoshka":31,"Gambling Chip":6,"Philosopher\u0027s Stone":0,"InkBottle":27,"Lee\u0027s Waffle":29,"Pear":9,"Happy Flower":25,"Moonworks:LittleGull":28,"Pen Nib":54,"War Paint":44,"Question Card":44,"White Beast Statue":26,"Akabeko":43,"WarpedTongs":42,"Mercury Hourglass":54,"Du-Vu Doll":12,"OrangePellets":39,"Anchor":8,"Bottled Flame":48,"Moonworks:Homemark":0,"Bronze Scales":48,"Orrery":14,"Turnip":28,"Black Star":17,"Bottled Lightning":41,"Moonworks:BrokenBomb":0},{"Gremlin Horn":14,"CeramicFish":13,"SacredBark":20,"Juzu Bracelet":15,"Sling":17,"Smiling Mask":23,"Lizard Tail":13,"Nunchaku":19,"Matryoshka":19,"Gambling Chip":3,"Philosopher\u0027s Stone":0,"InkBottle":15,"Lee\u0027s Waffle":17,"Pear":4,"Happy Flower":14,"Moonworks:LittleGull":17,"Pen Nib":28,"War Paint":24,"Question Card":24,"White Beast Statue":14,"Akabeko":23,"WarpedTongs":23,"Mercury Hourglass":28,"Du-Vu Doll":6,"OrangePellets":22,"Anchor":4,"Bottled Flame":26,"Moonworks:Homemark":0,"Bronze Scales":26,"Orrery":7,"Turnip":17,"Black Star":8,"Bottled Lightning":23,"Moonworks:BrokenBomb":0},{"Gremlin Horn":54,"CeramicFish":48,"SacredBark":78,"Juzu Bracelet":57,"Sling":66,"Smiling Mask":90,"Lizard Tail":48,"Nunchaku":75,"Matryoshka":75,"Gambling Chip":11,"Philosopher\u0027s Stone":0,"InkBottle":57,"Lee\u0027s Waffle":66,"Pear":14,"Happy Flower":54,"Moonworks:LittleGull":66,"Pen Nib":108,"War Paint":95,"Question Card":95,"White Beast Statue":54,"Akabeko":90,"WarpedTongs":90,"Mercury Hourglass":108,"Du-Vu Doll":20,"OrangePellets":85,"Anchor":14,"Bottled Flame":100,"Moonworks:Homemark":0,"Bronze Scales":100,"Orrery":24,"Turnip":66,"Black Star":28,"Bottled Lightning":90,"Moonworks:BrokenBomb":0}],"InkBottle":[29]},"card_choices":[{"not_picked":["Moonworks:TreasureThief","Moonworks:ImOnFire"],"picked":"Moonworks:ExtendedPhotonRifle","floor":1.0},{"not_picked":["Moonworks:Assault","Moonworks:IntelligenceOfficer"],"picked":"Moonworks:Bloodlust","floor":3.0},{"not_picked":["Moonworks:BindingChains","Moonworks:AwakeningOfTalent"],"picked":"Moonworks:LuckyCharm","floor":6},{"not_picked":["Moonworks:FinalSurgery","Moonworks:BigBangBell"],"picked":"Moonworks:ForcedRevival","floor":8},{"not_picked":["Moonworks:BigMagnum","Moonworks:CloudOfSeagulls"],"picked":"Moonworks:WindyEnchantment","floor":11},{"not_picked":["Moonworks:MixPhenomenon","Moonworks:ImOnFire","Moonworks:NicePresent"],"picked":"SKIP","floor":12},{"not_picked":["Moonworks:SakisCookie","Moonworks:BigMagnum"],"picked":"Moonworks:DeployBits","floor":13},{"not_picked":["Moonworks:WindyEnchantment","Moonworks:SealedMemories"],"picked":"Moonworks:Blazing","floor":14},{"not_picked":["Moonworks:StiffCrystal","Moonworks:ForcedRevival"],"picked":"Moonworks:Accelerator","floor":14},{"not_picked":["Moonworks:Accelerator","Moonworks:MetallicMonocoque"],"picked":"Moonworks:RocketCannon","floor":16},{"not_picked":["Moonworks:JonathanRush+1","Moonworks:UnluckyCharm"],"picked":"Moonworks:BigMagnum","floor":18},{"not_picked":["Moonworks:IndiscriminateFireSupport","Moonworks:Assault+1"],"picked":"Moonworks:EvilSpyWorkPreparation","floor":19},{"not_picked":["Moonworks:NicePresent","Moonworks:LuckyCharm"],"picked":"Moonworks:StiffCrystal","floor":21},{"not_picked":["Moonworks:JonathanRush+1","Moonworks:ImOnFire","Moonworks:Flamethrower"],"picked":"SKIP","floor":22},{"not_picked":["Moonworks:Flamethrower","Moonworks:JonathanRush"],"picked":"Moonworks:DevilHand","floor":23},{"not_picked":["Moonworks:Dash","Moonworks:NicePresent"],"picked":"Moonworks:MetallicMonocoque","floor":25},{"not_picked":["Moonworks:DeployBits","Moonworks:ReproductionOfRecords"],"picked":"Moonworks:IntelligenceOfficer+1","floor":27},{"not_picked":["Moonworks:IndiscriminateFireSupport","Moonworks:LulusLuckyEgg","Moonworks:EvilSpyWorkPreparation"],"picked":"SKIP","floor":30},{"not_picked":["Moonworks:ExtendedPhotonRifle","Moonworks:NicePresent"],"picked":"Moonworks:ForcedRevival+1","floor":31},{"not_picked":["Moonworks:Wanted","Moonworks:ReflectiveShell"],"picked":"Moonworks:StarBlastingFuse","floor":33},{"not_picked":["Moonworks:BigMagnum+1","Moonworks:DevilHand+1"],"picked":"Moonworks:TacticalRetreat+1","floor":35},{"not_picked":["The Bomb","Flash of Steel"],"picked":"Impatience","floor":36},{"not_picked":["Blind","Bandage Up"],"picked":"Dark Shackles","floor":36},{"not_picked":["Moonworks:BindingChains+1","Moonworks:IndiscriminateFireSupport+1"],"picked":"Moonworks:RagingMadness+1","floor":38},{"not_picked":["Moonworks:NicePresent+1","Moonworks:BigMagnum+1"],"picked":"Moonworks:AwakeningOfTalent","floor":41},{"not_picked":["Moonworks:GoAway","Moonworks:TacticalRetreat+1"],"picked":"Moonworks:MetallicMonocoque","floor":44},{"not_picked":["Moonworks:NicePresent+1","Moonworks:Assault+1","Moonworks:LulusLuckyEgg"],"picked":"Moonworks:TreasureThief","floor":46},{"not_picked":["Moonworks:ImOnFire+1","Moonworks:JonathanRush+1","Moonworks:x16BigRocket+1"],"picked":"Moonworks:IndiscriminateFireSupport+1","floor":48},{"not_picked":["Moonworks:EvilSpyWorkPreparation+1","Moonworks:Flamethrower+1","Moonworks:x16BigRocket+1","Moonworks:SelfDestruct+1"],"picked":"SKIP","floor":54}],"player_experience":461616,"relics_obtained":[{"floor":6,"key":"Gambling Chip"},{"floor":8,"key":"Anchor"},{"floor":9,"key":"Pear"},{"floor":12,"key":"Du-Vu Doll"},{"floor":23,"key":"Lizard Tail"},{"floor":23,"key":"CeramicFish"},{"floor":25,"key":"Gremlin Horn"},{"floor":25,"key":"Happy Flower"},{"floor":26,"key":"White Beast Statue"},{"floor":27,"key":"InkBottle"},{"floor":27,"key":"Juzu Bracelet"},{"floor":28,"key":"Turnip"},{"floor":28,"key":"Moonworks:LittleGull"},{"floor":31,"key":"Nunchaku"},{"floor":31,"key":"Matryoshka"},{"floor":41,"key":"Smiling Mask"},{"floor":41,"key":"Bottled Lightning"},{"floor":43,"key":"Akabeko"},{"floor":44,"key":"Question Card"},{"floor":44,"key":"War Paint"},{"floor":48,"key":"Bronze Scales"},{"floor":48,"key":"Bottled Flame"},{"floor":54,"key":"Pen Nib"},{"floor":54,"key":"Mercury Hourglass"}],"event_choices":[{"cards_removed":["Moonworks:Defend"],"damage_healed":0.0,"max_hp_gain":0.0,"max_hp_loss":0.0,"gold_gain":0.0,"event_name":"The Cleric","player_choice":"Card Removal","floor":4.0,"gold_loss":50.0,"damage_taken":0.0},{"damage_healed":0,"gold_gain":0,"player_choice":"Copied","damage_taken":0,"max_hp_gain":0,"max_hp_loss":0,"event_name":"Duplicator","floor":20,"gold_loss":0,"cards_obtained":["Moonworks:ForcedRevival"]},{"damage_healed":0,"gold_gain":0,"player_choice":"Fight","damage_taken":0,"max_hp_gain":0,"max_hp_loss":0,"event_name":"Colosseum","floor":28,"gold_loss":0},{"damage_healed":0,"gold_gain":0,"player_choice":"Fought Nobs","damage_taken":0,"max_hp_gain":0,"max_hp_loss":0,"event_name":"Colosseum","floor":28,"gold_loss":0},{"damage_healed":0,"gold_gain":0,"player_choice":"Memory 3","damage_taken":10,"max_hp_gain":0,"max_hp_loss":0,"event_name":"SensoryStone","floor":36,"gold_loss":0},{"cards_removed":["Moonworks:BigMagnum"],"damage_healed":0,"gold_gain":0,"player_choice":"Removed Skill","damage_taken":0,"max_hp_gain":0,"max_hp_loss":0,"event_name":"Falling","floor":37,"gold_loss":0},{"damage_healed":0,"gold_gain":0,"player_choice":"Rummage","damage_taken":0,"relics_obtained":["WarpedTongs"],"max_hp_gain":0,"max_hp_loss":0,"event_name":"Accursed Blacksmith","floor":42,"gold_loss":0,"cards_obtained":["Pain"]}],"is_beta":false,"boss_relics":[{"not_picked":["Velvet Choker","Busted Crown"],"picked":"Black Star"},{"not_picked":["Runic Dome","Pandora\u0027s Box"],"picked":"SacredBark"}],"items_purged_floors":[45,53],"is_endless":false,"potions_floor_spawned":[1,3,11,18,19,25,27,28,28,30,31,33,35,38,41,44,46,48,54],"ascension_level":3}}