{"host":"q206iib20se9i6w7","time":1610088317,"event":{"mods":["AchievementEnabler","BaseMod","Block Reminder","Colored Map","Colored Powertips","Highlight Path","Minty Spire (QoL Compilation)","Quick Restart","Random Character Button","Relic Stats","StSLib","SuperFastMode","Unceasing Turn Reminder"],"gold_per_floor":[111,111,2,2,21,21,47,47,47,47,67,95,106,106,106,201,201,174,187,201,201,9,9,34,34,34,34,34,52,66,99,99,203,203,219,219,231,245,260,288,288,323,346,362,362,146,146,181,181,181,181,181,26,52,52],"floor_reached":56,"playtime":3831,"items_purged":["Brutality","Bash"],"score":1697,"play_id":"7274f995-8e1f-4c15-b73f-61fea5fa4b80","local_time":"20210108004517","is_ascension_mode":true,"campfire_choices":[{"data":"Entrench","floor":6,"key":"SMITH"},{"data":"Body Slam","floor":8,"key":"SMITH"},{"floor":15,"key":"REST"},{"floor":23,"key":"REST"},{"floor":25,"key":"REST"},{"floor":32,"key":"RECALL"},{"floor":41,"key":"REST"},{"floor":45,"key":"REST"},{"floor":49,"key":"REST"},{"floor":52,"key":"REST"}],"circlet_count":0,"master_deck":["Defend_R","Defend_R","Defend_R","Iron Wave","Sentinel+1","Body Slam+1","Barricade+1","Seeing Red+1","Metallicize","Entrench+1","Impervious","Battle Trance","Headbutt","Body Slam","Necronomicurse","Flame Barrier","Headbutt+1","Impervious","Impatience"],"relics":["Burning Blood","War Paint","Blue Candle","Fusion Hammer","Necronomicon","Bag of Preparation","Torii","Ancient Tea Set","Juzu Bracelet","SlaversCollar","Oddly Smooth Stone","Lantern","Smiling Mask","Centennial Puzzle","Bag of Marbles"],"acts_visited":["Exordium","TheCity","TheBeyond","TheEnding"],"potions_floor_usage":[7,12,16,29,38,40,55,55,55,55,55,55],"damage_taken":[{"damage":0,"enemies":"2 Louse","floor":1,"turns":4},{"damage":5,"enemies":"Cultist","floor":5,"turns":5},{"damage":0,"enemies":"Lagavulin","floor":7,"turns":11},{"damage":0,"enemies":"Jaw Worm","floor":11,"turns":3},{"damage":69,"enemies":"Gremlin Nob","floor":12,"turns":8},{"damage":4,"enemies":"3 Louse","floor":13,"turns":6},{"damage":5,"enemies":"Hexaghost","floor":16,"turns":15},{"damage":30,"enemies":"2 Thieves","floor":18,"turns":5},{"damage":2,"enemies":"Chosen","floor":19,"turns":4},{"damage":0,"enemies":"Snake Plant","floor":20,"turns":3},{"damage":44,"enemies":"Slavers","floor":24,"turns":9},{"damage":0,"enemies":"Sentry and Sphere","floor":29,"turns":3},{"damage":0,"enemies":"3 Cultists","floor":30,"turns":6},{"damage":0,"enemies":"Gremlin Leader","floor":31,"turns":6},{"damage":0,"enemies":"Collector","floor":33,"turns":5},{"damage":9,"enemies":"3 Shapes","floor":35,"turns":6},{"damage":1,"enemies":"Orb Walker","floor":37,"turns":4},{"damage":28,"enemies":"Transient","floor":38,"turns":5},{"damage":0,"enemies":"Maw","floor":39,"turns":5},{"damage":29,"enemies":"Nemesis","floor":40,"turns":7},{"damage":1,"enemies":"Giant Head","floor":42,"turns":7},{"damage":8,"enemies":"Sphere and 2 Shapes","floor":44,"turns":6},{"damage":19,"enemies":"Nemesis","floor":48,"turns":9},{"damage":0,"enemies":"Time Eater","floor":50,"turns":7},{"damage":0,"enemies":"Shield and Spear","floor":54,"turns":4},{"damage":0,"enemies":"The Heart","floor":55,"turns":7}],"seed_played":"-7386093401706784664","potions_obtained":[{"floor":5,"key":"Energy Potion"},{"floor":7,"key":"LiquidBronze"},{"floor":11,"key":"Block Potion"},{"floor":18,"key":"Weak Potion"},{"floor":24,"key":"SneckoOil"},{"floor":30,"key":"Regen Potion"},{"floor":38,"key":"Weak Potion"},{"floor":42,"key":"SpeedPotion"}],"is_trial":false,"path_per_floor":["M","?","$","?","M","R","E","R","T","?","M","E","M","?","R","B",null,"M","M","M","?","$","R","E","R","T","?","?","M","M","E","R","B",null,"M","?","M","M","M","E","R","E","T","M","R","$","?","E","R","B",null,"R","$","E","B",null],"character_chosen":"IRONCLAD","items_purchased":["Seeing Red","Metallicize","Bag of Preparation","Dexterity Potion","DuplicationPotion","Impatience","EntropicBrew"],"campfire_rested":7,"item_purchase_floors":[3,3,22,22,46,46,53],"current_hp_per_floor":[72,72,72,65,66,66,72,72,72,72,72,9,11,4,25,26,72,48,52,58,42,42,63,25,46,46,46,46,52,58,64,64,70,72,69,69,72,50,56,33,54,59,59,57,72,72,72,59,72,72,72,72,72,72,72],"gold":52,"neow_bonus":"TRANSFORM_TWO_CARDS","is_daily":false,"chose_seed":false,"campfire_upgraded":2,"win_rate":0.0,"timestamp":1610088317,"path_taken":["M","?","?","?","M","R","E","R","T","?","?","E","M","?","R","BOSS","M","M","M","?","$","R","E","R","T","?","?","M","?","E","R","BOSS","M","?","M","M","M","E","R","E","T","M","R","$","?","E","R","BOSS","R","$","E","BOSS"],"items_purchased_type":["Card","Card","Relic","Potion","Potion","Card","Potion"],"build_version":"2020-12-22","purchased_purges":2,"victory":true,"max_hp_per_floor":[72,72,72,72,72,72,72,72,72,72,72,72,72,72,72,72,72,72,72,72,72,72,72,72,72,72,72,72,72,72,72,72,72,72,72,72,72,72,72,72,72,72,72,72,72,72,72,72,72,72,72,72,72,72,72],"relic_stats":{"Centennial Puzzle":[0],"Torii":6,"counters":[26,160],"Blue Candle":[0],"Necronomicon":[15],"Bag of Preparation":[32],"Juzu Bracelet":0,"War Paint":["Seeing Red","Sentinel"],"Smiling Mask":75,"obtain_stats":[{"Lantern":42,"Torii":24,"Blue Candle":12,"Oddly Smooth Stone":40,"Bag of Preparation":22,"Juzu Bracelet":31,"War Paint":7,"Ancient Tea Set":26,"Smiling Mask":43,"Burning Blood":0,"SlaversCollar":34,"Centennial Puzzle":48,"Fusion Hammer":17,"Necronomicon":21,"Bag of Marbles":54},{"Lantern":21,"Torii":11,"Blue Candle":5,"Oddly Smooth Stone":20,"Bag of Preparation":10,"Juzu Bracelet":14,"War Paint":3,"Ancient Tea Set":11,"Smiling Mask":21,"Burning Blood":0,"SlaversCollar":15,"Centennial Puzzle":23,"Fusion Hammer":7,"Necronomicon":10,"Bag of Marbles":25},{"Lantern":127,"Torii":73,"Blue Candle":31,"Oddly Smooth Stone":120,"Bag of Preparation":64,"Juzu Bracelet":88,"War Paint":20,"Ancient Tea Set":73,"Smiling Mask":127,"Burning Blood":0,"SlaversCollar":93,"Centennial Puzzle":142,"Fusion Hammer":52,"Necronomicon":64,"Bag of Marbles":153}],"Burning Blood":124},"card_choices":[{"not_picked":["Clothesline","Wild Strike"],"picked":"Body Slam","floor":1},{"not_picked":["Ghostly Armor","Iron Wave"],"picked":"Entrench","floor":5},{"not_picked":["Infernal Blade","Sentinel","Iron Wave"],"picked":"SKIP","floor":7},{"not_picked":["Second Wind","Pummel","Infernal Blade"],"picked":"SKIP","floor":11},{"not_picked":["Feel No Pain","Headbutt"],"picked":"Impervious","floor":12},{"not_picked":["Uppercut","Bloodletting"],"picked":"Battle Trance","floor":13},{"not_picked":["Shrug It Off","Thunderclap"],"picked":"Headbutt","floor":18},{"not_picked":["Bloodletting","Rupture"],"picked":"Body Slam","floor":19},{"not_picked":["Sentinel+1","Thunderclap","Spot Weakness"],"picked":"SKIP","floor":20},{"not_picked":["Reckless Charge","Infernal Blade"],"picked":"Flame Barrier","floor":24},{"not_picked":["Sword Boomerang+1","Disarm+1"],"picked":"Headbutt+1","floor":29},{"not_picked":["Feed","Flex","Infernal Blade"],"picked":"SKIP","floor":30},{"not_picked":["Blood for Blood","Inflame"],"picked":"Impervious","floor":31},{"not_picked":["Fiend Fire","Limit Break"],"picked":"Brutality","floor":33},{"not_picked":["Clothesline","Inflame","Thunderclap"],"picked":"SKIP","floor":35},{"not_picked":["Hemokinesis+1","Heavy Blade+1","True Grit"],"picked":"SKIP","floor":37},{"not_picked":["Clothesline+1","Disarm","Heavy Blade"],"picked":"SKIP","floor":38},{"not_picked":["Pommel Strike","Cleave","Clash"],"picked":"SKIP","floor":39},{"not_picked":["Dark Embrace+1","Metallicize+1","Heavy Blade+1"],"picked":"SKIP","floor":40},{"not_picked":["Perfected Strike","Clothesline","Warcry"],"picked":"SKIP","floor":42},{"not_picked":["Warcry","Limit Break","Havoc+1"],"picked":"SKIP","floor":44},{"not_picked":["Heavy Blade+1","Body Slam+1","Juggernaut"],"picked":"SKIP","floor":48},{"not_picked":["Second Wind+1","Carnage","Whirlwind"],"picked":"SKIP","floor":54}],"player_experience":207420,"relics_obtained":[{"floor":7,"key":"War Paint"},{"floor":12,"key":"Blue Candle"},{"floor":21,"key":"Necronomicon"},{"floor":24,"key":"Torii"},{"floor":26,"key":"Ancient Tea Set"},{"floor":31,"key":"Juzu Bracelet"},{"floor":40,"key":"Oddly Smooth Stone"},{"floor":42,"key":"Lantern"},{"floor":43,"key":"Smiling Mask"},{"floor":48,"key":"Centennial Puzzle"},{"floor":54,"key":"Bag of Marbles"}],"event_choices":[{"damage_healed":0,"gold_gain":0,"player_choice":"1 cards matched","damage_taken":0,"max_hp_gain":0,"max_hp_loss":0,"event_name":"Match and Keep!","floor":2,"gold_loss":0,"cards_obtained":["Barricade"]},{"cards_removed":["Defend_R"],"damage_healed":0,"gold_gain":0,"player_choice":"Card Removal","damage_taken":7,"max_hp_gain":0,"max_hp_loss":0,"event_name":"Golden Wing","floor":4,"gold_loss":0},{"cards_removed":["Strike_R"],"damage_healed":0,"gold_gain":0,"player_choice":"Offered Basic","damage_taken":0,"max_hp_gain":0,"max_hp_loss":0,"event_name":"Bonfire Elementals","floor":10,"gold_loss":0},{"damage_healed":0,"gold_gain":0,"player_choice":"Fled","damage_taken":7,"max_hp_gain":0,"max_hp_loss":0,"event_name":"Scrap Ooze","floor":14,"gold_loss":0},{"damage_healed":0,"gold_gain":0,"player_choice":"Obtained Book","damage_taken":16,"max_hp_gain":0,"max_hp_loss":0,"event_name":"Cursed Tome","floor":21,"gold_loss":0},{"damage_healed":0,"gold_gain":0,"cards_transformed":["Strike_R","Strike_R"],"player_choice":"Became Test Subject","damage_taken":0,"max_hp_gain":0,"max_hp_loss":0,"event_name":"Drug Dealer","floor":27,"gold_loss":0,"cards_obtained":["Bludgeon","Twin Strike"]},{"cards_removed":["Bludgeon"],"damage_healed":0,"gold_gain":0,"player_choice":"Purged","damage_taken":0,"max_hp_gain":0,"max_hp_loss":0,"event_name":"Purifier","floor":28,"gold_loss":0},{"cards_removed":["Twin Strike"],"damage_healed":0,"gold_gain":0,"player_choice":"Purged","damage_taken":0,"max_hp_gain":0,"max_hp_loss":0,"event_name":"Purifier","floor":36,"gold_loss":0},{"damage_healed":0,"gold_gain":0,"player_choice":"Forge","damage_taken":0,"max_hp_gain":0,"max_hp_loss":0,"event_name":"Accursed Blacksmith","floor":47,"gold_loss":0,"cards_upgraded":["Barricade"]}],"is_beta":false,"boss_relics":[{"not_picked":["Empty Cage","Tiny House"],"picked":"Fusion Hammer"},{"not_picked":["Pandora\u0027s Box","Calling Bell"],"picked":"SlaversCollar"}],"items_purged_floors":[46,53],"is_endless":false,"potions_floor_spawned":[5,7,11,18,24,30,31,38,42,44,54],"ascension_level":3}}