{"host":"3qkmyeoym75lj4wn","time":1610129402,"event":{"mods":["2.2 Compatiblity","BaseMod","Block Reminder","Colored Powertips","Highlight Path","Minty Spire (QoL Compilation)","Permanent Neow","Potion Indicator Mod","Rare Cards Sparkle","Relic Stats","StSLib"],"gold_per_floor":[113,123,143,160,160,160,203,224,224,224,224,224],"floor_reached":11,"playtime":294,"items_purged":[],"score":150,"play_id":"fb52398a-0271-412e-8b56-5086c85308d1","local_time":"20210108181002","is_ascension_mode":true,"campfire_choices":[{"data":"Glass Knife","floor":6,"key":"SMITH"}],"circlet_count":0,"master_deck":["AscendersBane","Strike_G","Strike_G","Strike_G","Strike_G","Defend_G","Defend_G","Defend_G","Defend_G","Defend_G","Survivor","Neutralize","Dramatic Entrance","Deadly Poison","Dagger Spray","Blade Dance","Footwork","Glass Knife+1","Deflect","Noxious Fumes"],"relics":["Ring of the Snake","CeramicFish","Mummified Hand"],"acts_visited":["Exordium"],"potions_floor_usage":[4,7],"damage_taken":[{"damage":1,"enemies":"Cultist","floor":1,"turns":4},{"damage":8,"enemies":"Small Slimes","floor":2,"turns":3},{"damage":0,"enemies":"2 Louse","floor":3,"turns":2},{"damage":10,"enemies":"Red Slaver","floor":4,"turns":4},{"damage":36,"enemies":"Gremlin Nob","floor":7,"turns":4},{"damage":0,"enemies":"Blue Slaver","floor":8,"turns":1},{"damage":6,"enemies":"Lagavulin","floor":11,"turns":3}],"seed_played":"-2626587637350810068","potions_obtained":[{"floor":1,"key":"Weak Potion"},{"floor":4,"key":"CunningPotion"},{"floor":8,"key":"LiquidBronze"}],"is_trial":false,"path_per_floor":["M","M","M","M","?","R","E","M","T","?","E"],"character_chosen":"THE_SILENT","items_purchased":[],"campfire_rested":0,"item_purchase_floors":[],"current_hp_per_floor":[58,50,50,40,40,40,4,4,4,4,0,0],"gold":224,"neow_bonus":"RANDOM_COLORLESS","is_daily":false,"chose_seed":false,"campfire_upgraded":1,"win_rate":0.0,"timestamp":1610129402,"path_taken":["M","M","?","M","?","R","E","?","T","?","E"],"items_purchased_type":[],"build_version":"2020-12-22","purchased_purges":0,"victory":false,"max_hp_per_floor":[66,66,66,66,66,66,66,66,66,66,66,66],"relic_stats":{"counters":[7,21],"Mummified Hand":[2],"CeramicFish":18,"obtain_stats":[{"Mummified Hand":9,"CeramicFish":7,"Ring of the Snake":0},{"Mummified Hand":6,"CeramicFish":5,"Ring of the Snake":0},{"Mummified Hand":18,"CeramicFish":17,"Ring of the Snake":0}],"Ring of the Snake":[14]},"card_choices":[{"not_picked":["Panacea","Flash of Steel"],"picked":"Dramatic Entrance","floor":0},{"not_picked":["Deflect","Cloak And Dagger"],"picked":"Deadly Poison","floor":1},{"not_picked":["Sucker Punch","Blur"],"picked":"Dagger Spray","floor":2},{"not_picked":["Unload","Bouncing Flask"],"picked":"Blade Dance","floor":3},{"not_picked":["Outmaneuver","Quick Slash"],"picked":"Footwork","floor":4},{"not_picked":["Underhanded Strike","Escape Plan"],"picked":"Deflect","floor":7},{"not_picked":["Crippling Poison","Bouncing Flask"],"picked":"Noxious Fumes","floor":8}],"player_experience":1648193,"relics_obtained":[{"floor":7,"key":"CeramicFish"},{"floor":9,"key":"Mummified Hand"}],"event_choices":[{"damage_healed":0,"gold_gain":0,"player_choice":"1 cards matched","damage_taken":0,"max_hp_gain":0,"max_hp_loss":0,"event_name":"Match and Keep!","floor":5,"gold_loss":0,"cards_obtained":["Glass Knife"]},{"cards_removed":["Strike_G"],"damage_healed":0,"gold_gain":0,"player_choice":"Purged","damage_taken":0,"max_hp_gain":0,"max_hp_loss":0,"event_name":"Purifier","floor":10,"gold_loss":0}],"is_beta":false,"boss_relics":[],"items_purged_floors":[],"is_endless":false,"potions_floor_spawned":[1,4,8],"killed_by":"Lagavulin","ascension_level":20}}