{"host":"6a06qhlf17v5rcww","time":1610095082,"event":{"mods":["Act Like it!","Aspiration","BaseMod","Beaked The Cultist","Better Altar","Better Match","Better Note","Better Sensory Stone","Better Skull","Better Third Choice","Better Vampires","BetterRewards","Block Reminder","Colored Powertips","Downfall","Gensokyo","Infinite Spire","Minty Spire (QoL Compilation)","Poor People Problems","Prisma Mod","Rare Cards Sparkle","Replay The Spire","Shade Mod","StSLib","The Bug Knight","The Jungle","The Marked"],"gold_per_floor":[112,112,65,30,30,30,49,79,79,91,91,91,91,91,106,126,126,226,226,239,199,216,216,235,235,250,175,200,200,200,200,215,215,215,317,317,327,327,160,176,192,192,209,209,209,219,236,306,337,337,337,337],"floor_reached":53,"playtime":4797,"items_purged":["Looming Evil"],"score":982,"play_id":"e5cd4436-3a17-46f8-9427-ff869d328516","local_time":"20210108033802","is_ascension_mode":true,"campfire_choices":[{"data":"Replay:Poison Smokescreen","floor":6,"key":"SMITH"},{"data":"Neutralize","floor":11,"key":"SMITH"},{"data":"ReplayTheSpireMod:Speed Training","floor":14,"key":"SMITH"},{"data":"Backflip","floor":17,"key":"SMITH"},{"data":"Leg Sweep","floor":25,"key":"SMITH"},{"data":"Envenom","floor":29,"key":"SMITH"},{"data":"infinitespire:UltimateForm","floor":31,"key":"SMITH"},{"data":"infinitespire:FutureSight","floor":34,"key":"SMITH"},{"data":"Phantasmal Killer","floor":42,"key":"SMITH"},{"data":"Backflip","floor":44,"key":"SMITH"},{"data":"After Image","floor":51,"key":"SMITH"}],"circlet_count":0,"master_deck":["Strike_G","Strike_G+1","Strike_G+1","Strike_G","Defend_G","Defend_G","Defend_G","Defend_G","Defend_G","Survivor","Neutralize+1","Replay:Poison Smokescreen+1","Backflip+1","PiercingWail","ReplayTheSpireMod:Speed Training+1","Hidden Blade","Dodge and Roll","beaked:Resilience","Tools of the Trade+1","Distraction+1","Deadly Poison","Leg Sweep+1","Envenom+1","infinitespire:FutureSight+1","infinitespire:UltimateForm+1","Acrobatics+1","Phantasmal Killer+1","ReplayTheSpireMod:Exploit Weakness+1","Backflip+1","Infinite Blades","Cloak And Dagger","Sucker Punch+1","Writhe","After Image+1","infinitespire:Pacifist","Riddle With Holes+1"],"relics":["m_ByrdBlood","Guardian:GemstoneGun","The Specimen","infinitespire:Cubic Diamond","Spirit Poop","Pantograph","infinitespire:BottledMercury","Snecko Scales","Simple Rune","Cursed Key","HandDrill","Replay:Fungal Core","Dream Catcher","Replay:Bottled Snecko","Toy Ornithopter","infinitespire:Lucky Rock"],"acts_visited":["Exordium","TheCity","TheBeyond"],"potions_floor_usage":[41,41,49,52],"damage_taken":[{"damage":0,"enemies":"2 Louse","floor":1,"turns":4},{"damage":0,"enemies":"Small Slimes","floor":7,"turns":4},{"damage":15,"enemies":"3 Sentries","floor":8,"turns":12},{"damage":0,"enemies":"Cultist","floor":10,"turns":4},{"damage":0,"enemies":"Exordium Wildlife","floor":15,"turns":7},{"damage":0,"enemies":"2 Fungi Beasts","floor":16,"turns":4},{"damage":37,"enemies":"The Guardian","floor":18,"turns":16},{"damage":0,"enemies":"Chosen","floor":20,"turns":6},{"damage":12,"enemies":"3 Byrds","floor":22,"turns":6},{"damage":8,"enemies":"Centurion and Healer","floor":24,"turns":7},{"damage":0,"enemies":"Shelled Parasite and Fungi","floor":26,"turns":6},{"damage":21,"enemies":"Snake Plant","floor":32,"turns":5},{"damage":4,"enemies":"Automaton","floor":35,"turns":8},{"damage":2,"enemies":"Orb Walker","floor":37,"turns":4},{"damage":10,"enemies":"3 Shapes","floor":40,"turns":5},{"damage":19,"enemies":"Sphere and 2 Shapes","floor":41,"turns":8},{"damage":51,"enemies":"4 Shapes","floor":43,"turns":11},{"damage":16,"enemies":"Writhing Mass","floor":46,"turns":8},{"damage":39,"enemies":"Sphere and 2 Shapes","floor":47,"turns":6},{"damage":36,"enemies":"Reptomancer","floor":49,"turns":6},{"damage":37,"enemies":"Time Eater","floor":52,"turns":13}],"seed_played":"-26409175823450047","potions_obtained":[{"floor":8,"key":"LifebloodPotion"},{"floor":15,"key":"SteroidPotion"},{"floor":16,"key":"Flashbang"},{"floor":26,"key":"BlessingOfTheForge"},{"floor":38,"key":"PowerPotion"},{"floor":46,"key":"Poison Potion"}],"is_trial":false,"path_per_floor":["M","?","$","?","?","R","M","E","T","M","R","PTL","PTL","R","M","M","R","B",null,"M","?","M","?","M","R","M","$","T","R","AVR","R","M","?","R","B",null,"M","?","$","M","M","R","M","R","T","M","M","T","E","AVR","R","B",null],"character_chosen":"THE_SILENT","items_purchased":["Backflip","Backflip","Infinite Blades","Cloak And Dagger"],"campfire_rested":0,"item_purchase_floors":[3,39,39,39],"current_hp_per_floor":[38,38,38,55,55,55,61,52,52,60,60,60,60,60,70,70,70,45,70,70,70,68,68,70,70,70,70,70,70,70,70,70,70,70,70,70,70,70,70,70,70,70,70,70,70,70,59,59,53,53,53,70],"gold":337,"neow_bonus":"","is_daily":false,"chose_seed":false,"campfire_upgraded":11,"win_rate":0.0,"timestamp":1610095082,"path_taken":["M","?","$","?","?","R","?","E","T","M","R","PTL","PTL","R","M","M","R","BOSS","M","?","M","?","M","R","?","?","T","R","AVR","R","M","?","R","BOSS","M","?","$","M","?","R","M","R","T","M","M","?","E","AVR","R","BOSS"],"items_purchased_type":["Card","Card","Card","Card"],"build_version":"2020-12-22","purchased_purges":1,"victory":true,"max_hp_per_floor":[70,70,70,70,70,70,70,70,70,70,70,70,70,70,70,70,70,70,70,70,70,70,70,70,70,70,70,70,70,70,70,70,70,70,70,70,70,70,70,70,70,70,70,70,70,70,70,70,70,70,70,70],"card_choices":[{"not_picked":["Leg Sweep","Prepared"],"picked":"Replay:Poison Smokescreen","floor":1},{"not_picked":["Outmaneuver","Cloak And Dagger"],"picked":"PiercingWail","floor":7},{"not_picked":["Flying Knee","Reaper"],"picked":"ReplayTheSpireMod:Speed Training","floor":8},{"not_picked":["Cloak And Dagger","Prepared"],"picked":"Hidden Blade","floor":10},{"not_picked":["Choke","Bane"],"picked":"Dodge and Roll","floor":15},{"not_picked":["Sneak Up","Hidden Blade"],"picked":"beaked:Resilience","floor":16},{"not_picked":["Reaper","Burst"],"picked":"Tools of the Trade","floor":18},{"not_picked":["Blade Dance","Quick Slash"],"picked":"Distraction+1","floor":20},{"not_picked":["Prepared","ReplayTheSpireMod:Tripwire"],"picked":"Deadly Poison","floor":22},{"not_picked":["Flying Knee","Predator"],"picked":"Leg Sweep","floor":24},{"not_picked":["Acrobatics","Accuracy"],"picked":"Envenom","floor":26},{"not_picked":["Footwork","Slice"],"picked":"Acrobatics+1","floor":32},{"not_picked":["aspiration:Lunge","Wraith Form v2"],"picked":"Phantasmal Killer","floor":35},{"not_picked":["Underhanded Strike","Quick Slash+1"],"picked":"ReplayTheSpireMod:Exploit Weakness+1","floor":37},{"not_picked":["Predator","Caltrops+1","Prepared"],"picked":"SKIP","floor":40},{"not_picked":["Setup+1","Dagger Spray+1","Slice"],"picked":"SKIP","floor":41},{"not_picked":["Acrobatics","Slice"],"picked":"Sucker Punch+1","floor":43},{"not_picked":["Dagger Spray","Heel Hook+1"],"picked":"After Image","floor":46},{"not_picked":["PiercingWail+1","Draining Mist+1","Acrobatics"],"picked":"SKIP","floor":47},{"not_picked":["ReplayTheSpireMod:The Works+1","Caltrops"],"picked":"Riddle With Holes+1","floor":49}],"player_experience":720233,"relics_obtained":[{"floor":8,"key":"Pantograph"},{"floor":9,"key":"infinitespire:BottledMercury"},{"floor":28,"key":"Simple Rune"},{"floor":45,"key":"Dream Catcher"},{"floor":48,"key":"Replay:Bottled Snecko"},{"floor":49,"key":"Toy Ornithopter"}],"event_choices":[{"damage_healed":17,"gold_gain":0,"player_choice":"Healed","damage_taken":0,"max_hp_gain":0,"max_hp_loss":0,"event_name":"The Cleric","floor":4,"gold_loss":35},{"cards_removed":["Normality"],"damage_healed":0,"gold_gain":0,"player_choice":"Offered Curse","damage_taken":0,"relics_obtained":["Spirit Poop"],"max_hp_gain":0,"max_hp_loss":0,"event_name":"Bonfire Elementals","floor":5,"gold_loss":0},{"damage_healed":0,"gold_gain":0,"player_choice":"Upgrade","damage_taken":0,"max_hp_gain":0,"max_hp_loss":0,"event_name":"Designer","floor":21,"gold_loss":40,"cards_upgraded":["Tools of the Trade"]},{"damage_healed":0,"gold_gain":0,"player_choice":"Ignored","damage_taken":0,"max_hp_gain":0,"max_hp_loss":0,"event_name":"betterNote:BetterNote","floor":23,"gold_loss":0,"cards_obtained":["beaked:AwakenedForm"]},{"damage_healed":0,"gold_gain":0,"player_choice":"Ignored","damage_taken":0,"max_hp_gain":0,"max_hp_loss":0,"event_name":"Ghosts","floor":33,"gold_loss":0},{"damage_healed":0,"gold_gain":0,"player_choice":"Got Potions","damage_taken":0,"max_hp_gain":0,"max_hp_loss":0,"event_name":"Lab","floor":38,"gold_loss":0}],"is_beta":false,"boss_relics":[{"not_picked":["Fusion Hammer","aspiration:RitualDagger"],"picked":"Snecko Scales"},{"not_picked":["Kintsugi","ReplayTheSpireMod:SealedPack"],"picked":"Replay:Fungal Core"}],"items_purged_floors":[27],"is_endless":false,"potions_floor_spawned":[8,15,16,24,26,40,46],"ascension_level":1}}