{"host":"jm9833yuloeli2yd","time":1610133916,"event":{"mods":["BaseMod","Better Altar","Better Match","Better Note","Better Sensory Stone","Better Skull","Better Third Choice","Better Vampires","BetterRewards","Colored Map","Colored Powertips","DeckTracker","Minty Spire (QoL Compilation)","Permanent Neow","Quick Restart","StSLib","SuperFastMode"],"gold_per_floor":[134,153,189,227,25,74,147,182,182,182,212,286,317,317,317,394,394,428,442,490,29,29,62,62,390,390,429,429,461,487,498,498,573,573,584,168,188,29,42,42,77,91,91,101,136,136,161,214,214,234,234,234,11,42,42,42],"floor_reached":55,"playtime":2690,"items_purged":["Strike_R","Strike_R","Pain","Defend_R","Heavy Blade"],"score":2000,"play_id":"6e6f0e72-ace4-49ba-80b3-6f5c4df60295","local_time":"20210108142516","is_ascension_mode":true,"campfire_choices":[{"data":"Flex","floor":10.0,"key":"SMITH"},{"data":"Flame Barrier","floor":15.0,"key":"SMITH"},{"data":"Uppercut","floor":24.0,"key":"SMITH"},{"data":"Shockwave","floor":28,"key":"SMITH"},{"data":"Battle Trance","floor":32,"key":"SMITH"},{"floor":40,"key":"RECALL"},{"data":"Body Slam","floor":46,"key":"SMITH"},{"data":"Offering","floor":49,"key":"SMITH"},{"data":"True Grit","floor":52,"key":"SMITH"}],"circlet_count":0,"master_deck":["AscendersBane","Defend_R","Defend_R","Bash","Metallicize+1","HandOfGreed","Flex+1","Armaments","Spot Weakness","Clothesline","Dark Embrace+1","Reckless Charge","Shockwave+1","Dropkick","Rage","Shrug It Off","Ghostly Armor","Flame Barrier+1","Feed","True Grit+1","Dropkick","Demon Form+1","Feel No Pain+1","Uppercut+1","Shrug It Off","Battle Trance+1","Combust+1","Iron Wave","Shrug It Off+1","Reaper","Second Wind+1","Feed+1","Headbutt+1","Sword Boomerang","Shrug It Off","Reaper","Dropkick+1","Flame Barrier","Offering+1","Dropkick+1","Body Slam+1","Seeing Red+1","Barricade+1","Entrench","Anger+1"],"relics":["Burning Blood","Frozen Egg 2","StoneCalendar","ClockworkSouvenir","Prayer Wheel","Thread and Needle","Blood Vial","Strawberry","WarpedTongs","Mark of Pain","Red Mask","Sundial","Mercury Hourglass","Old Coin","HornCleat","Kunai","Astrolabe","Membership Card","Omamori","Oddly Smooth Stone","Lantern","Orichalcum","Torii","Lizard Tail","Ancient Tea Set","Champion Belt"],"acts_visited":["Exordium","TheCity","TheBeyond","TheEnding"],"potions_floor_usage":[25,50,55],"damage_taken":[{"damage":4.0,"enemies":"Jaw Worm","floor":1.0,"turns":5.0},{"damage":0.0,"enemies":"Cultist","floor":2.0,"turns":2.0},{"damage":8.0,"enemies":"Small Slimes","floor":3.0,"turns":3.0},{"damage":4.0,"enemies":"Blue Slaver","floor":4.0,"turns":5.0},{"damage":8.0,"enemies":"3 Sentries","floor":6.0,"turns":7.0},{"damage":12.0,"enemies":"Gremlin Gang","floor":7.0,"turns":7.0},{"damage":7.0,"enemies":"Lagavulin","floor":8.0,"turns":6.0},{"damage":0.0,"enemies":"2 Fungi Beasts","floor":11.0,"turns":4.0},{"damage":0.0,"enemies":"3 Sentries","floor":12.0,"turns":7.0},{"damage":0.0,"enemies":"Red Slaver","floor":13.0,"turns":4.0},{"damage":29.0,"enemies":"The Guardian","floor":16.0,"turns":12.0},{"damage":6.0,"enemies":"3 Byrds","floor":18.0,"turns":4.0},{"damage":4.0,"enemies":"Spheric Guardian","floor":19.0,"turns":6.0},{"damage":13.0,"enemies":"Masked Bandits","floor":20.0,"turns":7.0},{"damage":13.0,"enemies":"Book of Stabbing","floor":23.0,"turns":5.0},{"damage":33,"enemies":"Gremlin Leader","floor":25,"turns":7},{"damage":2,"enemies":"Snecko","floor":27,"turns":7},{"damage":7,"enemies":"Sentry and Sphere","floor":29,"turns":7},{"damage":8,"enemies":"Slavers","floor":30,"turns":7},{"damage":1,"enemies":"Centurion and Healer","floor":31,"turns":7},{"damage":28,"enemies":"Collector","floor":33,"turns":8},{"damage":5,"enemies":"3 Shapes","floor":35,"turns":6},{"damage":4,"enemies":"3 Darklings","floor":37,"turns":7},{"damage":7,"enemies":"Jaw Worm Horde","floor":39,"turns":4},{"damage":11,"enemies":"Nemesis","floor":41,"turns":9},{"damage":43,"enemies":"Sphere and 2 Shapes","floor":42,"turns":7},{"damage":32,"enemies":"Writhing Mass","floor":44,"turns":7},{"damage":15,"enemies":"Giant Head","floor":45,"turns":7},{"damage":0,"enemies":"Mind Bloom Boss Battle","floor":47,"turns":9},{"damage":11,"enemies":"Reptomancer","floor":48,"turns":5},{"damage":86,"enemies":"Donu and Deca","floor":50,"turns":9},{"damage":27,"enemies":"Shield and Spear","floor":54,"turns":7},{"damage":177,"enemies":"The Heart","floor":55,"turns":12}],"seed_played":"4222911327539634936","potions_obtained":[{"floor":1.0,"key":"CultistPotion"},{"floor":4.0,"key":"HeartOfIron"},{"floor":7.0,"key":"HeartOfIron"},{"floor":8.0,"key":"Ancient Potion"},{"floor":13.0,"key":"HeartOfIron"},{"floor":20.0,"key":"SpeedPotion"},{"floor":23.0,"key":"DistilledChaos"},{"floor":25,"key":"SmokeBomb"},{"floor":27,"key":"FairyPotion"},{"floor":41,"key":"Energy Potion"}],"is_trial":false,"path_per_floor":["M","M","M","M","$","E","M","E","T","R","M","E","M","?","R","B",null,"M","M","?","$","?","E","R","E","T","M","R","M","E","M","R","B",null,"M","$","M","$","M","R","E","M","T","M","E","R","?","E","R","B",null,"R","$","E","B"],"character_chosen":"IRONCLAD","items_purchased":["Frozen Egg 2","Metallicize+1","HandOfGreed","ClockworkSouvenir","Dark Embrace+1","Reckless Charge","Sundial","LiquidBronze","Membership Card","Omamori","Shrug It Off","Oddly Smooth Stone","Lantern","Barricade+1","Entrench","AttackPotion"],"campfire_rested":0,"item_purchase_floors":[0,0,0,0,5,5,21,21,36,36,36,36,38,53,53,53],"current_hp_per_floor":[70,75,73,75,75,73,67,66,66,66,74,82,82,82,82,59,76,78,85,78,78,78,73,73,48,48,54,54,58,62,69,69,49,81,92,92,92,92,98,98,94,67,67,43,66,66,85,102,102,24,86,86,86,67,0,0],"gold":42,"neow_bonus":"","is_daily":false,"chose_seed":false,"campfire_upgraded":8,"win_rate":0.0,"timestamp":1610133916,"path_taken":["M","M","M","M","$","E","M","E","T","R","M","E","M","?","R","BOSS","M","?","?","$","?","E","R","E","T","M","R","M","E","M","R","BOSS","M","$","M","$","?","R","E","M","T","M","E","R","?","E","R","BOSS","R","$","E","BOSS"],"items_purchased_type":["Relic","Card","Card","Relic","Card","Card","Relic","Potion","Relic","Relic","Card","Relic","Relic","Card","Card","Potion"],"build_version":"2020-12-22","purchased_purges":5,"victory":false,"max_hp_per_floor":[75,75,75,75,75,75,75,75,75,75,75,82,82,82,82,82,82,82,85,85,85,85,85,85,85,85,85,85,88,92,92,92,92,92,92,92,92,92,99,99,99,107,107,107,107,107,107,107,107,107,107,107,107,107,107,107],"card_choices":[{"not_picked":["Thunderclap","Sword Boomerang"],"picked":"Flex","floor":1.0},{"not_picked":["True Grit","Body Slam"],"picked":"Armaments","floor":2.0},{"not_picked":["Burning Pact","Perfected Strike"],"picked":"Spot Weakness","floor":3.0},{"not_picked":["Armaments","Headbutt"],"picked":"Clothesline","floor":4.0},{"not_picked":["Iron Wave","Rampage"],"picked":"Shockwave","floor":6.0},{"not_picked":["Wild Strike","Havoc"],"picked":"Dropkick","floor":7.0},{"not_picked":["Armaments","Headbutt"],"picked":"Heavy Blade","floor":7.0},{"not_picked":["Double Tap","Reckless Charge"],"picked":"Rage","floor":8.0},{"not_picked":["Warcry","Iron Wave"],"picked":"Shrug It Off","floor":11.0},{"not_picked":["Clash","Spot Weakness"],"picked":"Ghostly Armor","floor":11.0},{"not_picked":["Blood for Blood","Sentinel","Perfected Strike"],"picked":"SKIP","floor":12.0},{"not_picked":["Armaments","Rupture+1"],"picked":"Flame Barrier","floor":13.0},{"not_picked":["Shrug It Off","Wild Strike","Rage"],"picked":"SKIP","floor":13.0},{"not_picked":["Immolate","Exhume"],"picked":"Feed","floor":16.0},{"not_picked":["Shrug It Off","Iron Wave"],"picked":"True Grit","floor":18.0},{"not_picked":["Clash","Warcry","Thunderclap"],"picked":"SKIP","floor":18.0},{"not_picked":["Wild Strike","Body Slam"],"picked":"Dropkick","floor":19.0},{"not_picked":["Iron Wave","Wild Strike+1","Heavy Blade"],"picked":"SKIP","floor":19.0},{"not_picked":["Pommel Strike","Hemokinesis"],"picked":"Demon Form+1","floor":20.0},{"not_picked":["Sword Boomerang","Second Wind"],"picked":"Uppercut","floor":23.0},{"not_picked":["Pummel","Perfected Strike"],"picked":"Shrug It Off","floor":25},{"not_picked":["Anger","Perfected Strike","Clash"],"picked":"SKIP","floor":27},{"not_picked":["Thunderclap","Blood for Blood","Armaments"],"picked":"SKIP","floor":27},{"not_picked":["Twin Strike","Rage"],"picked":"Battle Trance","floor":29},{"not_picked":["Brutality+1","Cleave","Searing Blow"],"picked":"SKIP","floor":29},{"not_picked":["Combust+1","True Grit","Shrug It Off"],"picked":"SKIP","floor":30},{"not_picked":["Combust+1","True Grit","Shrug It Off"],"picked":"SKIP","floor":30},{"not_picked":["True Grit","Shrug It Off"],"picked":"Combust+1","floor":30},{"not_picked":["Pummel","Fire Breathing+1"],"picked":"Iron Wave","floor":31},{"not_picked":["Thunderclap","Searing Blow"],"picked":"Shrug It Off+1","floor":31},{"not_picked":["Juggernaut+1","Brutality+1"],"picked":"Reaper","floor":33},{"not_picked":["Perfected Strike+1","Bloodletting+1"],"picked":"Sword Boomerang","floor":35},{"not_picked":["Sword Boomerang","Cleave","Havoc"],"picked":"SKIP","floor":35},{"not_picked":["Pommel Strike+1","Bloodletting"],"picked":"Reaper","floor":37},{"not_picked":["Uppercut","Armaments","Infernal Blade+1"],"picked":"SKIP","floor":37},{"not_picked":["Intimidate","True Grit"],"picked":"Dropkick+1","floor":39},{"not_picked":["Headbutt","Wild Strike","Body Slam"],"picked":"SKIP","floor":39},{"not_picked":["Sword Boomerang+1","Perfected Strike+1"],"picked":"Flame Barrier","floor":41},{"not_picked":["Evolve+1","Wild Strike"],"picked":"Offering","floor":42},{"not_picked":["Whirlwind+1","Warcry"],"picked":"Dropkick+1","floor":42},{"not_picked":["Anger","Havoc","Immolate"],"picked":"SKIP","floor":44},{"not_picked":["Hemokinesis","Thunderclap","Rage+1"],"picked":"SKIP","floor":44},{"not_picked":["Clash+1","Searing Blow+1"],"picked":"Body Slam","floor":45},{"not_picked":["Anger","Thunderclap+1"],"picked":"Seeing Red+1","floor":47},{"not_picked":["Whirlwind+1","Thunderclap+1","Warcry"],"picked":"SKIP","floor":48},{"not_picked":["Wild Strike+1","Sword Boomerang"],"picked":"Anger+1","floor":54}],"player_experience":1284233,"relics_obtained":[{"floor":6.0,"key":"Prayer Wheel"},{"floor":8.0,"key":"Thread and Needle"},{"floor":9.0,"key":"Blood Vial"},{"floor":12.0,"key":"Strawberry"},{"floor":20.0,"key":"Red Mask"},{"floor":23.0,"key":"Mercury Hourglass"},{"floor":25,"key":"Old Coin"},{"floor":26,"key":"HornCleat"},{"floor":30,"key":"Kunai"},{"floor":41,"key":"Orichalcum"},{"floor":45,"key":"Torii"},{"floor":47,"key":"Lizard Tail"},{"floor":48,"key":"Ancient Tea Set"},{"floor":54,"key":"Champion Belt"}],"event_choices":[{"damage_healed":0.0,"max_hp_gain":0.0,"max_hp_loss":0.0,"gold_gain":0.0,"event_name":"Accursed Blacksmith","player_choice":"Rummage","floor":14.0,"gold_loss":0.0,"damage_taken":0.0,"relics_obtained":["WarpedTongs"],"cards_obtained":["Pain"]},{"damage_healed":0.0,"max_hp_gain":0.0,"max_hp_loss":0.0,"gold_gain":0.0,"event_name":"Masked Bandits","player_choice":"Fought Bandits","floor":20.0,"gold_loss":0.0,"damage_taken":0.0},{"damage_healed":0.0,"max_hp_gain":0.0,"max_hp_loss":0.0,"gold_gain":0.0,"cards_transformed":["Strike_R"],"event_name":"Transmorgrifier","player_choice":"Transformed","floor":22.0,"gold_loss":0.0,"damage_taken":0.0,"cards_obtained":["Feel No Pain"]},{"damage_healed":0,"gold_gain":0,"player_choice":"Fight","damage_taken":0,"max_hp_gain":0,"max_hp_loss":0,"event_name":"MindBloom","floor":47,"gold_loss":0}],"is_beta":false,"boss_relics":[{"not_picked":["Runic Dome","Busted Crown"],"picked":"Mark of Pain"},{"not_picked":["Runic Pyramid","Black Star"],"picked":"Astrolabe"}],"items_purged_floors":[5,21,36,38,53],"is_endless":false,"potions_floor_spawned":[1,4,7,8,13,20,23,25,27,39,41,44,48],"killed_by":"The Heart","ascension_level":16}}