{"host":"f7oa3d5f3fx74imu","time":1610131173,"event":{"mods":["AchievementEnabler","Ascension Reborn","Aspiration","BaseMod","Better Altar","Better Third Choice","BetterRewards","Conspire","Downfall","Hubris","Infinite Spire","Lobotomy","LobotomyExtend","Minty Spire (QoL Compilation)","Replay The Spire","Shop Mod","Spicy Shops","StSLib"],"gold_per_floor":[115,115,133,150,778,804,804,836,883,897,932,932,951,597,597,702,702,716,726,726,726],"floor_reached":20,"playtime":1115,"items_purged":["Pride","Pain","Writhe"],"score":401,"play_id":"87ff60ea-2f16-41bd-9f92-c50b555cacfc","local_time":"20210108103933","is_ascension_mode":true,"campfire_choices":[{"floor":12,"key":"DIG"},{"floor":15,"key":"DIG"}],"circlet_count":0,"master_deck":["AscendersBane","Strike_B","Strike_B","Strike_B+1","Strike_B","Defend_B","Defend_B","Defend_B","Defend_B","Zap","Dualcast","Variant","Blizzard","MeatLantern","Lockon","Porccubus","Gash","expansioncontent:TimeRipple+1","ReplayGash","Self Repair","Apotheosis+1","Glacier","MHz","Gash","Scorched","Barrage","HappyTeddy","ReplayTheSpireMod:Omega Cannon","Echo Form","DreamingCurrent","PunishingBird","Undo","RedShoes","Sweeping Beam"],"relics":["Cracked Core","CogitoBucket","LetterFromLob","WarpedTongs","Blue Doll","Replay:Multitool","Akabeko","MerchantsRug","Raider\u0027s Mask","HandDrill","Whetstone","infinitespire:EmpoweringShard","infinitespire:Golems Mask","infinitespire:PuzzleCube","SkinProphecy","Chameleon Ring","Replay:Wax Seal","ReplayTheSpireMod:CursedCoin","Lee\u0027s Waffle","Toy Ornithopter","Philosopher\u0027s Stone","TungstenRod","TungstenRod","LuminousBracelet"],"acts_visited":["Exordium","TheCity"],"potions_floor_usage":[16],"damage_taken":[{"damage":0,"enemies":"2 Louse","floor":1,"turns":1},{"damage":4,"enemies":"Cultist","floor":3,"turns":3},{"damage":5,"enemies":"Jaw Worm","floor":4,"turns":3},{"damage":6,"enemies":"3 Sentries","floor":6,"turns":3},{"damage":4,"enemies":"Replay:BlueRogue","floor":8,"turns":4},{"damage":0,"enemies":"3 Louse","floor":10,"turns":1},{"damage":6,"enemies":"3 Sentries","floor":11,"turns":3},{"damage":0,"enemies":"Looter","floor":13,"turns":1},{"damage":40,"enemies":"The Guardian","floor":16,"turns":6},{"damage":9,"enemies":"Chosen","floor":18,"turns":2},{"damage":53,"enemies":"Shell Parasite","floor":19,"turns":7},{"damage":98,"enemies":"Snake Plant","floor":20,"turns":1}],"seed_played":"2139592395646782228","potions_obtained":[{"floor":19,"key":"Languid Potion"}],"is_trial":false,"path_per_floor":["M","?","M","M","$","E","?","E","T","M","E","R","M","$","R","B",null,"M","M","M"],"character_chosen":"DEFECT","items_purchased":["Blue Doll","Replay:Multitool","Akabeko","MerchantsRug","Raider\u0027s Mask","HandDrill","expansioncontent:TimeRipple","Whetstone","ReplayGash","LifebloodPotion","PowerPotion","ReplayTheSpireMod:CursedCoin","Lee\u0027s Waffle","ReplayTheSpireMod:Omega Cannon"],"campfire_rested":0,"item_purchase_floors":[5,5,5,5,5,5,5,5,5,5,5,14,14,14],"current_hp_per_floor":[68,68,64,59,59,53,53,59,59,59,49,49,45,86,86,57,80,73,76,0,0],"gold":726,"neow_bonus":"","is_daily":false,"chose_seed":false,"campfire_upgraded":0,"win_rate":0.0,"timestamp":1610131173,"path_taken":["M","?","?","M","$","E","?","E","T","M","E","R","M","$","R","BOSS","M","M","M"],"items_purchased_type":["Relic","Relic","Relic","Relic","Relic","Relic","Card","Relic","Card","Potion","Potion","Relic","Relic","Card"],"build_version":"2020-12-22","purchased_purges":3,"victory":false,"max_hp_per_floor":[75,75,75,75,75,75,75,75,75,75,77,77,79,86,86,88,88,90,109,111,111],"card_choices":[{"not_picked":["Scorched","Rudolta"],"picked":"Variant","floor":1},{"not_picked":["Cold Snap","Steam"],"picked":"Blizzard","floor":1},{"not_picked":["MHz","CherryBlossoms"],"picked":"MeatLantern","floor":3},{"not_picked":["BasicCrystalCard","ReplayGash"],"picked":"Lockon","floor":3},{"not_picked":["VoidDream","ShyLook"],"picked":"Porccubus","floor":4},{"not_picked":["Scrape","Streamline"],"picked":"Gash","floor":4},{"not_picked":["WallGazer","Funeral"],"picked":"Yin","floor":6},{"not_picked":["ReplaySolidLightProjector","Cold Snap"],"picked":"Self Repair","floor":6},{"not_picked":["Go for the Eyes","ReplayTheSpireMod:Dual Polarity"],"picked":"Glacier","floor":8},{"not_picked":["WallGazer","Murderer"],"picked":"MHz","floor":10},{"not_picked":["Chaos","BasicCrystalCard"],"picked":"Gash","floor":10},{"not_picked":["DespairKnight","FieryBird"],"picked":"Scorched","floor":11},{"not_picked":["Sweeping Beam","Redo"],"picked":"Barrage","floor":11},{"not_picked":["UniverseFragment","OldLady"],"picked":"HappyTeddy","floor":13},{"not_picked":["Compile Driver","ReplayTheSpireMod:GoodbyeWorld","Sweeping Beam"],"picked":"SKIP","floor":13},{"not_picked":["Seek","ReplayTheSpireMod:Fabricate Wheel"],"picked":"Echo Form","floor":16},{"not_picked":["RedShoes","LongBird"],"picked":"DreamingCurrent","floor":16},{"not_picked":["WallGazer","NothingThere"],"picked":"PunishingBird","floor":18},{"not_picked":["Sweeping Beam","Stack+1"],"picked":"Undo","floor":18},{"not_picked":["WallGazer","Freischutz"],"picked":"RedShoes","floor":19},{"not_picked":["Redo","Ball Lightning"],"picked":"Sweeping Beam","floor":19}],"player_experience":237657,"relics_obtained":[{"floor":1,"key":"LetterFromLob"},{"floor":6,"key":"infinitespire:EmpoweringShard"},{"floor":8,"key":"infinitespire:Golems Mask"},{"floor":9,"key":"infinitespire:PuzzleCube"},{"floor":11,"key":"Chameleon Ring"},{"floor":12,"key":"Replay:Wax Seal"},{"floor":15,"key":"Toy Ornithopter"}],"event_choices":[{"damage_healed":0,"gold_gain":0,"player_choice":"Rummage","damage_taken":0,"relics_obtained":["WarpedTongs"],"max_hp_gain":0,"max_hp_loss":0,"event_name":"Accursed Blacksmith","floor":2,"gold_loss":0,"cards_obtained":["Pain"]},{"damage_healed":53,"gold_gain":0,"player_choice":"Embrace","damage_taken":0,"max_hp_gain":0,"max_hp_loss":75,"event_name":"betterThird:BetterShining","floor":7,"gold_loss":0}],"is_beta":false,"boss_relics":[{"not_picked":["Sozu","Ring of Chaos"],"picked":"Philosopher\u0027s Stone"}],"items_purged_floors":[5,14,14],"is_endless":false,"potions_floor_spawned":[6,8,10,13,19],"killed_by":"Snake Plant","ascension_level":11}}