{"host":"rpu0b34yn88n8zeb","time":1610064185,"event":{"mods":["Act Like it!","BaseMod","CapriCore","Colored Powertips","Defuse TimeMaze Blight","Gensokyo","Marisa£®ÏF”Í°°ƒß¿Ì…≥£©","Minty Spire (QoL Compilation)","Quick Restart","Reimu£®≤©¿ˆ¡È√Œ£©","Shop Mod","Spicy Shops","StSLib","The Immortal","The Servant 0.9.4","Yakumo Yukari mod","Youmu£®ªÍ∆«—˝√Œ£©"],"gold_per_floor":[114,114,130,150,38,65,65,96,96,96,96,96,108,108,108,213,213,233,233,233,252,2,34,34,47,71,71,71,106,106,123,123,226,226,240,240,240,240,253,268,297,5,29,29,56,56,80,119,119,119],"floor_reached":51,"playtime":3185,"items_purged":["MokouMod:EnchantingBambooForest"],"score":874,"play_id":"b67d4edc-dbf8-41cc-b70a-f66c60bfbccc","local_time":"20210107170305","is_ascension_mode":false,"campfire_choices":[{"floor":7.0,"key":"REST"},{"floor":15.0,"key":"REST"},{"floor":24.0,"key":"DIG"},{"floor":28.0,"key":"REST"},{"floor":32.0,"key":"REST"},{"floor":46.0,"key":"REST"},{"floor":49,"key":"REST"}],"circlet_count":0,"master_deck":["MokouMod:Strike","MokouMod:Strike","MokouMod:Strike","MokouMod:Strike","MokouMod:Strike","MokouMod:Defend","MokouMod:Defend","MokouMod:Defend","MokouMod:Defend","MokouMod:HeatSpark","MokouMod:FlickeringFlame","MokouMod:ScorchingColumn","MokouMod:ResonanceReactor","MokouMod:Sear","MokouMod:ResonatingAura","MokouMod:Ember+1","MokouMod:Ember","Pain","MokouMod:SpontaneousHumanCombustion","CurseOfTheBell","MokouMod:RoaringFlare+1","MokouMod:ThermalPressure","MokouMod:Wildfire+1","MokouMod:AdaptivePyromancy","MokouMod:BurningDraft+1","MokouMod:BlazingComet+1","MokouMod:InfernalWave+1","MokouMod:UncontrollableSolarReaction+1","MokouMod:IndiscriminateIgnition","MokouMod:Refresh","Gensokyo:MorningStar+1","MokouMod:Ember+1","MokouMod:SearingBlow+1","MokouMod:Refresh+1","Gensokyo:MorningStar+1","MokouMod:ResoluteFlare+1","MokouMod:FlickeringFlame+1","MokouMod:Overheat"],"relics":["MokouMod:PhoenixFeather","White Beast Statue","TungstenRod","Orichalcum","Prayer Wheel","Shuriken","Gensokyo:LunaticRedEyes","Calling Bell","Pen Nib","The Courier","Shovel","Gensokyo:DirgeOfMelancholy","Molten Egg 2","Mummified Hand","Ice Cream","Strawberry","Nunchaku","Black Star","FossilizedHelix","StrikeDummy","Eternal Feather","DollysMirror","Ornamental Fan","CeramicFish","CrazyTorch:ReiMu","Bag of Marbles"],"acts_visited":["Exordium","Gensokyo:Gensokyo","Gensokyo:Gensokyoer"],"potions_floor_usage":[],"damage_taken":[{"damage":6.0,"enemies":"Gensokyo:Python","floor":1.0,"turns":3.0},{"damage":4.0,"enemies":"Gensokyo:Gryphon","floor":3.0,"turns":4.0},{"damage":0.0,"enemies":"Gensokyo:3_Fairies","floor":4.0,"turns":4.0},{"damage":55.0,"enemies":"Gensokyo:Cirno","floor":6.0,"turns":7.0},{"damage":50.0,"enemies":"Gensokyo:Aya","floor":8.0,"turns":9.0},{"damage":0.0,"enemies":"Gensokyo:VengefulSpirit","floor":13.0,"turns":2.0},{"damage":27.0,"enemies":"Gensokyo:Reimu","floor":16.0,"turns":16.0},{"damage":17.0,"enemies":"Gensokyo:CosmicMonolith","floor":18.0,"turns":5.0},{"damage":2.0,"enemies":"Gensokyo:3_Dogs","floor":21.0,"turns":6.0},{"damage":38.0,"enemies":"Gensokyo:Koishi","floor":23.0,"turns":8.0},{"damage":5.0,"enemies":"Gensokyo:Swordslinger","floor":25.0,"turns":3.0},{"damage":25.0,"enemies":"Gensokyo:Reisen","floor":29.0,"turns":5.0},{"damage":0.0,"enemies":"Gensokyo:Chomper_and_Gloop","floor":31.0,"turns":4.0},{"damage":65.0,"enemies":"Gensokyo:Eternal_Rivals","floor":33.0,"turns":10.0},{"damage":0.0,"enemies":"Gensokyo:3_Bats","floor":35.0,"turns":3.0},{"damage":37.0,"enemies":"Gensokyo:3_Bats","floor":36.0,"turns":8.0},{"damage":24.0,"enemies":"Gensokyo:3_Boulders","floor":39.0,"turns":7.0},{"damage":0.0,"enemies":"Gensokyo:Dusk_and_Dawn","floor":40.0,"turns":4.0},{"damage":23.0,"enemies":"Gensokyo:Marisa","floor":41.0,"turns":4.0},{"damage":17.0,"enemies":"Gensokyo:Rafflesia","floor":47.0,"turns":4.0},{"damage":16.0,"enemies":"Gensokyo:Kasen","floor":48.0,"turns":6.0},{"damage":23,"enemies":"Gensokyo:Scarlet_Devils","floor":50,"turns":6}],"seed_played":"-5115588703309795867","potions_obtained":[{"floor":3.0,"key":"Energy Potion"},{"floor":4.0,"key":"Strength Potion"},{"floor":6.0,"key":"Regen Potion"},{"floor":8.0,"key":"Fruit Juice"},{"floor":13.0,"key":"PowerPotion"},{"floor":16.0,"key":"LiquidMemories"},{"floor":18.0,"key":"LiquidMemories"},{"floor":21.0,"key":"Fruit Juice"},{"floor":23.0,"key":"SneckoOil"},{"floor":25.0,"key":"Ancient Potion"},{"floor":29.0,"key":"Block Potion"},{"floor":31.0,"key":"Energy Potion"},{"floor":39.0,"key":"FearPotion"},{"floor":40.0,"key":"SteroidPotion"},{"floor":41.0,"key":"SmokeBomb"},{"floor":48.0,"key":"SpeedPotion"}],"is_trial":false,"path_per_floor":["M","?","M","M","$","E","R","E","T","T","?","?","M","?","R","B",null,"M","?","?","M","$","E","R","M","T","COS","R","E","?","M","R","B",null,"M","?","?","?","M","M","E","$","T","?","T","R","M","E","R","B",null],"character_chosen":"MKU","items_purchased":["MokouMod:ResonanceReactor","Molten Egg 2","DollysMirror","Ornamental Fan","MokouMod:ResoluteFlare+1"],"campfire_rested":6,"item_purchase_floors":[5,22,42,42,42],"current_hp_per_floor":[69,69,65,65,65,10,32,23,23,23,23,23,23,23,47,20,80,63,63,63,66,66,28,28,23,30,30,57,32,32,32,59,23,92,92,92,92,57,33,33,10,10,10,10,10,58,41,25,73,50],"gold":119,"neow_bonus":"ONE_RANDOM_RARE_CARD","is_daily":false,"chose_seed":false,"campfire_upgraded":0,"win_rate":0.0,"timestamp":1610064185,"path_taken":["M","?","M","?","$","E","R","E","T","?","?","?","?","?","R","BOSS","M","?","?","M","?","E","R","?","T","COS","R","E","?","M","R","BOSS","M","?","?","?","M","?","E","?","T","?","?","R","M","E","R","BOSS"],"items_purchased_type":["Card","Relic","Relic","Relic","Card"],"build_version":"2020-12-22","purchased_purges":1,"victory":true,"max_hp_per_floor":[75,75,75,75,75,75,75,80,80,80,80,80,80,80,80,80,80,80,80,80,85,85,85,85,85,92,92,92,92,92,92,92,92,92,92,92,92,92,92,92,92,92,92,92,92,92,92,92,92,92],"card_choices":[{"not_picked":["MokouMod:Overheat","MokouMod:Stoke"],"picked":"MokouMod:FlickeringFlame","floor":1.0},{"not_picked":["MokouMod:Firecracker","MokouMod:BlazingComet"],"picked":"MokouMod:ScorchingColumn","floor":3.0},{"not_picked":["MokouMod:FujiyamaVolcano","MokouMod:Overheat","MokouMod:DanceofFlames"],"picked":"SKIP","floor":4.0},{"not_picked":["MokouMod:FusionFlare","MokouMod:FlareStarter"],"picked":"MokouMod:Sear","floor":6.0},{"not_picked":["MokouMod:IgnitionBlast","MokouMod:ScorchingColumn"],"picked":"MokouMod:ResonatingAura","floor":8.0},{"not_picked":["MokouMod:RoaringFlare","MokouMod:SearingShot"],"picked":"MokouMod:Ember","floor":13.0},{"not_picked":["MokouMod:Singe","MokouMod:RoaringFlare","MokouMod:IgnitionBlast"],"picked":"SKIP","floor":13.0},{"not_picked":["MokouMod:BurningHiddenBullet","MokouMod:ExplosiveFlame"],"picked":"MokouMod:SpontaneousHumanCombustion","floor":16.0},{"not_picked":["MokouMod:ScorchedEarth","MokouMod:ResonanceReactor"],"picked":"MokouMod:RoaringFlare+1","floor":18.0},{"not_picked":["MokouMod:IgnitionBlast+1","MokouMod:RetainTemperature"],"picked":"MokouMod:ThermalPressure","floor":18.0},{"not_picked":["MokouMod:GuidingSmoke","MokouMod:PhoenixFeathers"],"picked":"MokouMod:Wildfire+1","floor":21.0},{"not_picked":["MokouMod:Sear","MokouMod:ResonanceReactor"],"picked":"MokouMod:AdaptivePyromancy","floor":21.0},{"not_picked":["MokouMod:Stoke+1","MokouMod:SearingShot+1"],"picked":"MokouMod:BurningDraft+1","floor":23.0},{"not_picked":["MokouMod:RoaringFlare+1","MokouMod:BurningDraft+1"],"picked":"MokouMod:BlazingComet+1","floor":25.0},{"not_picked":["MokouMod:ResonanceReactor","MokouMod:Stoke","MokouMod:CrimsonFlare+1"],"picked":"SKIP","floor":25.0},{"not_picked":["MokouMod:Rekindle","MokouMod:Cataclysm+1"],"picked":"MokouMod:InfernalWave+1","floor":29.0},{"not_picked":["MokouMod:FlickeringFlame+1","MokouMod:Firecracker"],"picked":"MokouMod:UncontrollableSolarReaction+1","floor":31.0},{"not_picked":["MokouMod:ScorchingColumn+1","MokouMod:PhoenixFeathers"],"picked":"MokouMod:IndiscriminateIgnition","floor":31.0},{"not_picked":["MokouMod:UncontrollableSolarReaction+1","MokouMod:SearingShot+1"],"picked":"MokouMod:Refresh","floor":35.0},{"not_picked":["MokouMod:Ember+1","MokouMod:FusionFlare+1","MokouMod:ThermalPressure"],"picked":"SKIP","floor":35.0},{"not_picked":["Gensokyo:UnhurriedMind","Gensokyo:RainbowDanmaku"],"picked":"Gensokyo:MorningStar","floor":36.0},{"not_picked":["MokouMod:IgnitionBlast+1","MokouMod:SubterraneanCore"],"picked":"MokouMod:Ember+1","floor":39.0},{"not_picked":["MokouMod:FlareStarter","MokouMod:HeatTransfer","MokouMod:HeatCyclone"],"picked":"SKIP","floor":39.0},{"not_picked":["MokouMod:Stoke+1","MokouMod:FlamingFireTalons+1"],"picked":"MokouMod:SearingBlow+1","floor":40.0},{"not_picked":["MokouMod:FujiyamaVolcano+1","MokouMod:ResonanceReactor","MokouMod:Sear"],"picked":"SKIP","floor":40.0},{"not_picked":["MokouMod:IndiscriminateIgnition","MokouMod:ScorchingColumn+1"],"picked":"MokouMod:Refresh+1","floor":41.0},{"not_picked":["MokouMod:RetainTemperature","MokouMod:ShiftIgnition+1"],"picked":"MokouMod:FlickeringFlame+1","floor":47.0},{"not_picked":["MokouMod:FusionFlare+1","MokouMod:IndiscriminateIgnition","MokouMod:Sear"],"picked":"SKIP","floor":47.0},{"not_picked":["MokouMod:FlareStarter+1","MokouMod:SubterraneanCore"],"picked":"MokouMod:Overheat","floor":48.0}],"player_experience":540888,"relics_obtained":[{"floor":6.0,"key":"TungstenRod"},{"floor":8.0,"key":"Orichalcum"},{"floor":9.0,"key":"Prayer Wheel"},{"floor":10.0,"key":"Shuriken"},{"floor":17.0,"key":"Pen Nib"},{"floor":17.0,"key":"The Courier"},{"floor":17.0,"key":"Shovel"},{"floor":23.0,"key":"Mummified Hand"},{"floor":24.0,"key":"Ice Cream"},{"floor":26.0,"key":"Strawberry"},{"floor":29.0,"key":"Nunchaku"},{"floor":41.0,"key":"StrikeDummy"},{"floor":41.0,"key":"Eternal Feather"},{"floor":43.0,"key":"CeramicFish"},{"floor":48.0,"key":"CrazyTorch:ReiMu"},{"floor":48.0,"key":"Bag of Marbles"}],"event_choices":[],"is_beta":false,"boss_relics":[{"not_picked":["Sozu","Runic Pyramid"],"picked":"Calling Bell"},{"not_picked":["Astrolabe","SacredBark"],"picked":"Black Star"}],"items_purged_floors":[22],"is_endless":false,"potions_floor_spawned":[3,4,6,8,13,16,18,21,23,25,29,31,33,35,39,40,41,47,48],"ascension_level":0}}