{"host":"1ji5b8jeyk5v3v7b","time":1610149342,"event":{"mods":["AchievementEnabler","BaseMod","BetterRewards","Colored Map","Colored Powertips","Downfall","Energized Spire","Hermit","Jorbs\u0027s Wanderer Trilogy","KinomotoSakuraMod(ñÿîVñ{?)","MarisaÅiñ∂âJÅ@ñÇóùçπÅj","Minty Spire (QoL Compilation)","Rare Cards Sparkle","StSLib","The Alterego","The Construct","The Cursed","The Hierophant","The Necromancer","The Runesmith"],"gold_per_floor":[99,119,119,9,21,36,36,51,51,51,151,161,180,4,20,20,20,20],"floor_reached":16,"playtime":965,"items_purged":[],"score":94,"play_id":"c74bca99-f49d-4fdb-8195-4f686f31546b","local_time":"20210109004222","is_ascension_mode":false,"campfire_choices":[{"floor":1,"key":"RECALL"}],"circlet_count":0,"master_deck":["Slimebound:Strike_Slimebound","Slimebound:Strike_Slimebound","Slimebound:Strike_Slimebound","Slimebound:Tackle","Slimebound:Defend_Slimebound","Slimebound:Defend_Slimebound","Slimebound:Defend_Slimebound","Slimebound:Defend_Slimebound","Slimebound:Split","Slimebound:CorrosiveSpit","Slimebound:LeechEnergy","Slimebound:LeechEnergy","Slimebound:GoopSpray","Slimebound:SplitAcid","Slimebound:SplitLeeching","Slimebound:RejuvenatingLick","Slimebound:Gluttony","Slimebound:Prepare","Slimebound:ViciousTackle","Slimebound:LeadByExample","Slimebound:SlimeTap","Slimebound:FirmFortitude","Slimebound:RollThrough","Slimebound:SplitMire"],"relics":["Slimebound:AbsorbEndCombat","Pantograph","Slimebound:GreedOozeRelic"],"acts_visited":["Exordium"],"potions_floor_usage":[],"damage_taken":[{"damage":15,"enemies":"Jaw Worm","floor":2,"turns":3},{"damage":14,"enemies":"downfall:FleeingMerchant","floor":4,"turns":4},{"damage":10,"enemies":"Cultist","floor":5,"turns":3},{"damage":0,"enemies":"2 Louse","floor":6,"turns":1},{"damage":10,"enemies":"Blue Slaver","floor":8,"turns":2},{"damage":31,"enemies":"3 Louse","floor":12,"turns":3},{"damage":12,"enemies":"Large Slime","floor":13,"turns":4},{"damage":19,"enemies":"downfall:FleeingMerchant","floor":14,"turns":4},{"damage":20,"enemies":"2 Fungi Beasts","floor":15,"turns":3},{"damage":61,"enemies":"downfall:Defect","floor":16,"turns":4}],"seed_played":"411832016790355140","potions_obtained":[{"floor":2,"key":"DistilledChaos"},{"floor":8,"key":"Block Potion"},{"floor":13,"key":"Weak Potion"}],"is_trial":false,"path_per_floor":["R","M","?","$","M","M","T","M","?","?","?","M","M","$","M","B"],"character_chosen":"SLIMEBOUND","items_purchased":["Slimebound:GoopSpray","Slimebound:SplitAcid","Slimebound:SlimeTap","Slimebound:FirmFortitude","Slimebound:RollThrough"],"campfire_rested":0,"item_purchase_floors":[4,4,14,14,14],"current_hp_per_floor":[66,55,55,49,47,51,51,51,48,48,48,23,33,32,24,0,0,0],"gold":20,"neow_bonus":"TEN_PERCENT_HP_BONUS","is_daily":false,"chose_seed":false,"campfire_upgraded":0,"win_rate":0.0,"timestamp":1610149342,"path_taken":["R","M","?","$","M","M","T","?","?","?","?","M","?","$","M","BOSS"],"items_purchased_type":["Card","Card","Card","Card","Card"],"build_version":"2020-12-22","purchased_purges":0,"victory":false,"max_hp_per_floor":[66,66,66,66,66,66,66,66,66,66,66,66,66,66,66,66,66,66],"card_choices":[{"not_picked":["Slimebound:RainOfGoop","Slimebound:PressTheAttack"],"picked":"Slimebound:LeechEnergy","floor":2},{"not_picked":["Slimebound:SlimeBrawl","Slimebound:GrowthPunch"],"picked":"Slimebound:LeechEnergy","floor":4},{"not_picked":["Slimebound:RejuvenatingLick","Slimebound:LivingWall"],"picked":"Slimebound:SplitLeeching","floor":5},{"not_picked":["Slimebound:DisruptingSlam","Slimebound:FinishingTackle"],"picked":"Slimebound:RejuvenatingLick","floor":6},{"not_picked":["Slimebound:FlameTackle","Slimebound:ComboTackle"],"picked":"Slimebound:Gluttony","floor":8},{"not_picked":["Slimebound:AcidTongue","Slimebound:Schlurp"],"picked":"Slimebound:Prepare","floor":12},{"not_picked":["Slimebound:SlimeSpikes","Slimebound:SlimeBarrage"],"picked":"Slimebound:ViciousTackle","floor":13},{"not_picked":["Slimebound:Schlurp","Slimebound:DouseInSlime"],"picked":"Slimebound:LeadByExample","floor":14},{"not_picked":["Slimebound:HauntingLick","Slimebound:FinishingTackle"],"picked":"Slimebound:SplitMire","floor":15}],"player_experience":3269,"relics_obtained":[],"event_choices":[{"damage_healed":0,"gold_gain":0,"player_choice":"Ignored","damage_taken":0,"max_hp_gain":0,"max_hp_loss":0,"event_name":"Purifier","floor":3,"gold_loss":0},{"damage_healed":0,"gold_gain":0,"player_choice":"Success","damage_taken":3,"relics_obtained":["Pantograph"],"max_hp_gain":0,"max_hp_loss":0,"event_name":"Scrap Ooze","floor":9,"gold_loss":0}],"is_beta":false,"boss_relics":[],"items_purged_floors":[],"is_endless":false,"potions_floor_spawned":[2,8,13],"killed_by":"downfall:Defect","ascension_level":0}}