{"host":"T","time":1610122861,"event":{"mods":["Aspiration","BaseMod","Downfall","GungeonMod","Hunter ¡‘»À","Minty Spire (QoL Compilation)","READ ME - Guardian Mod","Relic Stats","StSLib","The Alterego","The Cursed","The Jungle","The Poker Player","The Runesmith","The Servant 0.9.4"],"gold_per_floor":[120,135,135,310,310,339,354,354,354,371,388,358,358,391,391,391,391],"floor_reached":16,"playtime":1856,"items_purged":[],"score":110,"play_id":"807eff93-d158-4130-a13e-d31a6b63fc70","local_time":"20210109002101","is_ascension_mode":false,"campfire_choices":[{"floor":8.0,"key":"REST"},{"data":"alterego_mod:ClassAdvantage","floor":15,"key":"SMITH"}],"circlet_count":0,"master_deck":["alterego_mod:Strike","alterego_mod:Strike","alterego_mod:Strike","alterego_mod:Strike","alterego_mod:Defend","alterego_mod:Defend+1","alterego_mod:Defend","alterego_mod:Defend","alterego_mod:Impale","alterego_mod:BigMeatyClaws+1","alterego_mod:BrynhildrsRune","alterego_mod:HighServant","Doubt","alterego_mod:BustOut","alterego_mod:ClassAdvantage+1","alterego_mod:Rip","alterego_mod:Rip"],"relics":["alterego_mod:MasochisticConstitution","Mummified Hand","Ancient Tea Set","DemoMod:BlueGuonStone","aspiration:BabyByrd","Ice Cream"],"acts_visited":["Exordium"],"potions_floor_usage":[16,16],"damage_taken":[{"damage":3.0,"enemies":"Cultist","floor":1.0,"turns":4.0},{"damage":10.0,"enemies":"Jaw Worm","floor":2.0,"turns":6.0},{"damage":37.0,"enemies":"Gremlin Nob","floor":6.0,"turns":6.0},{"damage":0.0,"enemies":"2 Louse","floor":7.0,"turns":2.0},{"damage":0.0,"enemies":"2 Fungi Beasts","floor":10.0,"turns":2.0},{"damage":7,"enemies":"Exordium Wildlife","floor":11,"turns":5},{"damage":5,"enemies":"Looter","floor":12,"turns":4},{"damage":32,"enemies":"3 Sentries","floor":14,"turns":10},{"damage":96,"enemies":"The Guardian","floor":16,"turns":9}],"seed_played":"9026705127948462592","potions_obtained":[{"floor":7.0,"key":"Fire Potion"},{"floor":11,"key":"SteroidPotion"},{"floor":14,"key":"Explosive Potion"}],"is_trial":false,"path_per_floor":["M","M","?","?","T","E","M","R","T","M","M","M","?","E","R","B"],"character_chosen":"The_Alterego","items_purchased":[],"campfire_rested":1,"item_purchase_floors":[],"current_hp_per_floor":[75,66,50,50,50,14,14,38,38,46,60,76,76,65,65,0,0],"gold":391,"neow_bonus":"TEN_PERCENT_HP_BONUS","is_daily":false,"chose_seed":false,"campfire_upgraded":1,"win_rate":0.0,"timestamp":1610122861,"path_taken":["M","M","?","?","?","E","M","R","T","M","?","M","?","E","R","BOSS"],"items_purchased_type":[],"build_version":"2020-12-18","purchased_purges":0,"victory":false,"max_hp_per_floor":[78,79,79,79,79,80,80,80,80,80,81,82,82,83,83,83,83],"relic_stats":{"counters":[9,48],"Mummified Hand":[10],"obtain_stats":[{"Ice Cream":14,"alterego_mod:MasochisticConstitution":0,"DemoMod:BlueGuonStone":9,"Mummified Hand":5,"aspiration:BabyByrd":13,"DemoMod:GlassGuonStoneRelic":7,"Ancient Tea Set":6},{"Ice Cream":8,"alterego_mod:MasochisticConstitution":0,"DemoMod:BlueGuonStone":4,"Mummified Hand":2,"aspiration:BabyByrd":7,"DemoMod:GlassGuonStoneRelic":4,"Ancient Tea Set":3},{"Ice Cream":39,"alterego_mod:MasochisticConstitution":0,"DemoMod:BlueGuonStone":18,"Mummified Hand":10,"aspiration:BabyByrd":29,"DemoMod:GlassGuonStoneRelic":18,"Ancient Tea Set":16}]},"card_choices":[{"not_picked":["alterego_mod:Bounce","alterego_mod:Complex"],"picked":"alterego_mod:HighServant","floor":1.0},{"not_picked":["alterego_mod:Bounce","alterego_mod:Nekomimi","alterego_mod:MagicResistance"],"picked":"SKIP","floor":2.0},{"not_picked":["alterego_mod:SideboobHour","alterego_mod:Collar"],"picked":"alterego_mod:BustOut","floor":6.0},{"not_picked":["alterego_mod:Cycle","alterego_mod:Punishment","alterego_mod:DestructionOfProperty"],"picked":"SKIP","floor":7.0},{"not_picked":["alterego_mod:Birthday","alterego_mod:GoddessCore"],"picked":"alterego_mod:ClassAdvantage","floor":10.0},{"not_picked":["alterego_mod:Crossover","alterego_mod:Skirt"],"picked":"alterego_mod:Rip","floor":11},{"not_picked":["alterego_mod:Skirt","alterego_mod:Bounce","alterego_mod:DeftHands"],"picked":"SKIP","floor":12},{"not_picked":["alterego_mod:DeftHands","alterego_mod:PerceptionDisorder"],"picked":"alterego_mod:Rip","floor":14}],"player_experience":368540,"relics_obtained":[{"floor":5.0,"key":"Mummified Hand"},{"floor":6.0,"key":"Ancient Tea Set"},{"floor":9.0,"key":"DemoMod:BlueGuonStone"},{"floor":14,"key":"Ice Cream"}],"event_choices":[{"damage_healed":0.0,"max_hp_gain":0.0,"max_hp_loss":0.0,"gold_gain":0.0,"event_name":"Shining Light","player_choice":"Entered Light","floor":3.0,"gold_loss":0.0,"damage_taken":16.0,"cards_upgraded":["alterego_mod:Defend","alterego_mod:BigMeatyClaws"]},{"damage_healed":0.0,"max_hp_gain":0.0,"max_hp_loss":0.0,"gold_gain":175.0,"event_name":"Liars Game","player_choice":"AGREE","floor":4.0,"gold_loss":0.0,"damage_taken":0.0,"cards_obtained":["Doubt"]}],"is_beta":true,"boss_relics":[],"items_purged_floors":[],"is_endless":false,"potions_floor_spawned":[7,11,14],"killed_by":"The Guardian","ascension_level":0}}