{"host":"op7lvjy5lsqtpdgx","time":1610093873,"event":{"mods":["BaseMod","Minty Spire (QoL Compilation)","Replay The Spire","StSLib"],"gold_per_floor":[117,133,149,168,21,21,56,71,71,71,98,98,123,123,123,134,134,237,237,252,269,49,49,62,93,3,16,16,16,30,30,30,44,44,140,140,150,150,200,211,20,53,53,88,88,122,22,22,42,58,58,58,58,58,7,36,36,36],"floor_reached":57,"playtime":5111,"items_purged":["Strike_R","Strike_R"],"score":887,"play_id":"cd74a6da-5cf6-4f73-8484-3174b720bbaa","local_time":"20210108211753","is_ascension_mode":true,"campfire_choices":[{"data":"Shockwave","floor":6.0,"key":"SMITH"},{"data":"Demon Form","floor":17,"key":"SMITH"},{"data":"Bash","floor":29,"key":"SMITH"},{"data":"1","floor":32,"key":"LIFT"},{"data":"2","floor":34,"key":"LIFT"},{"data":"3","floor":43,"key":"LIFT"},{"floor":48,"key":"RECALL"},{"data":"Madness","floor":51,"key":"SMITH"},{"data":"Madness","floor":54,"key":"SMITH"}],"circlet_count":0,"master_deck":["Strike_R","Strike_R","Defend_R","Defend_R","Bash+1","Ghostly Armor","Shockwave+1","Headbutt","Metallicize","Heavy Blade","Demon Form+1","Limit Break+1","Feel No Pain+1","Run Through+1","Infernal Blade+1","Dropkick","Pommel Strike+1","Madness+1","Madness+1","Burning Pact+1","Shockwave+1","Dropkick","Seeing Red+1"],"relics":["Burning Blood","Lantern","Girya","HornCleat","Question Card","Ornamental Fan","Champion Belt","Astrolabe","Lee\u0027s Waffle","ReplayTheSpireMod:Spearhead","ReplayTheSpireMod:Ninjato","Red Skull","MutagenicStrength","Busted Crown","Unceasing Top","DollysMirror","Replay:Mystery Machine","Anchor","Toy Ornithopter","Ginger"],"acts_visited":["Exordium","TheCity","TheBeyond","TheEnding"],"potions_floor_usage":[13,18,20,35,35,44,44,46,46,52,52,57],"damage_taken":[{"damage":1.0,"enemies":"Cultist","floor":1.0,"turns":3.0},{"damage":1.0,"enemies":"2 Louse","floor":2.0,"turns":3.0},{"damage":4.0,"enemies":"Small Slimes","floor":3.0,"turns":4.0},{"damage":9.0,"enemies":"2 Fungi Beasts","floor":4.0,"turns":3.0},{"damage":25.0,"enemies":"Lagavulin","floor":7.0,"turns":6.0},{"damage":5.0,"enemies":"Large Slime","floor":8.0,"turns":5.0},{"damage":9,"enemies":"Replay:BlueRogue","floor":11,"turns":6},{"damage":5,"enemies":"3 Sentries","floor":13,"turns":4},{"damage":0,"enemies":"Red Slaver","floor":16,"turns":5},{"damage":19,"enemies":"Fading Forest","floor":18,"turns":11},{"damage":21,"enemies":"3 Byrds","floor":20,"turns":7},{"damage":11,"enemies":"Spheric Guardian","floor":21,"turns":4},{"damage":3,"enemies":"3 Cultists","floor":24,"turns":5},{"damage":36,"enemies":"Gremlin Leader","floor":25,"turns":7},{"damage":0,"enemies":"Sentry and Sphere","floor":27,"turns":4},{"damage":31,"enemies":"Snake Plant","floor":30,"turns":4},{"damage":8,"enemies":"Cultist and Chosen","floor":33,"turns":2},{"damage":0,"enemies":"Champ","floor":35,"turns":6},{"damage":4,"enemies":"3 Shapes","floor":37,"turns":2},{"damage":0,"enemies":"Mind Bloom Boss Battle","floor":39,"turns":5},{"damage":8,"enemies":"Orb Walker","floor":40,"turns":3},{"damage":29,"enemies":"R_Hoarder","floor":42,"turns":7},{"damage":31,"enemies":"Giant Head","floor":44,"turns":6},{"damage":12,"enemies":"Nemesis","floor":46,"turns":5},{"damage":11,"enemies":"Spire Growth","floor":49,"turns":3},{"damage":0,"enemies":"Maw","floor":50,"turns":4},{"damage":9,"enemies":"Replay:Hell Engine","floor":52,"turns":4},{"damage":32,"enemies":"Shield and Spear","floor":56,"turns":4},{"damage":72,"enemies":"The Heart","floor":57,"turns":3}],"seed_played":"7113442665745031499","potions_obtained":[{"floor":7.0,"key":"BloodPotion"},{"floor":8.0,"key":"Toxic Potion"},{"floor":16,"key":"AttackPotion"},{"floor":18,"key":"PowerPotion"},{"floor":24,"key":"Weak Potion"},{"floor":25,"key":"BlessingOfTheForge"},{"floor":27,"key":"BlessingOfTheForge"},{"floor":30,"key":"Swift Potion"},{"floor":39,"key":"SpeedPotion"},{"floor":40,"key":"DistilledChaos"},{"floor":42,"key":"EntropicBrew"},{"floor":46,"key":"Reflective Coating"},{"floor":49,"key":"SkillPotion"}],"is_trial":false,"path_per_floor":["M","M","M","M","$","R","E","M","T","$","E","T","E","PTL","PTL","M","R","B",null,"M","M","$","?","M","E","?","M","T","R","M","?","R","M","R","B",null,"M","?","?","M","$","E","R","E","T","E","$","R","M","M","R","B",null,"R","$","E","B"],"character_chosen":"IRONCLAD","items_purchased":["Lantern","Lee\u0027s Waffle","DollysMirror","Dropkick","Fire Potion"],"campfire_rested":0,"item_purchase_floors":[5,22,41,41,55],"current_hp_per_floor":[56,61,63,60,60,60,41,42,42,42,39,39,40,40,40,46,46,45,71,56,51,87,87,87,57,57,63,63,63,38,38,38,36,36,42,76,78,67,73,71,71,48,48,40,40,34,34,34,29,35,35,42,76,76,76,50,0,0],"gold":36,"neow_bonus":"THREE_RARE_CARDS","is_daily":false,"chose_seed":false,"campfire_upgraded":5,"win_rate":0.0,"timestamp":1610093873,"path_taken":["M","M","M","M","$","R","E","M","T","$","E","?","E","PTL","PTL","?","R","BOSS","M","M","$","?","M","E","?","?","T","R","M","?","R","M","R","BOSS","M","?","?","M","?","E","R","E","T","E","$","R","M","?","R","BOSS","R","$","E","BOSS"],"items_purchased_type":["Relic","Relic","Relic","Card","Potion"],"build_version":"2020-12-22","purchased_purges":2,"victory":false,"max_hp_per_floor":[80,80,80,80,80,80,80,80,80,80,80,80,80,80,80,80,80,80,80,80,80,87,87,87,87,87,87,87,87,87,87,87,87,87,87,87,87,87,87,87,87,87,87,87,87,87,87,87,87,87,87,87,87,87,87,87,87,87],"card_choices":[{"not_picked":["Limit Break","Reaper"],"picked":"Bludgeon","floor":0.0},{"not_picked":["Wild Strike","Armaments"],"picked":"Ghostly Armor","floor":1.0},{"not_picked":["Dropkick","Inflame"],"picked":"Shockwave","floor":2.0},{"not_picked":["Disarm","Intimidate","Reckless Charge"],"picked":"SKIP","floor":3.0},{"not_picked":["Sword Boomerang","Clash"],"picked":"Headbutt","floor":4.0},{"not_picked":["Combust","Armaments"],"picked":"Metallicize","floor":7.0},{"not_picked":["Twin Strike","Wild Strike","Sword Boomerang"],"picked":"SKIP","floor":8.0},{"not_picked":["Havoc","Shockwave","Warcry"],"picked":"SKIP","floor":11},{"not_picked":["Dual Wield","Second Wind","Hemokinesis"],"picked":"Heavy Blade","floor":13},{"not_picked":["Havoc","Clothesline","Rampage"],"picked":"Demon Form","floor":16},{"not_picked":["Demonic Infusion","Eclipse","Feed"],"picked":"Limit Break","floor":18},{"not_picked":["Twin Strike","Pommel Strike","Run Through","ReplayTheSpireMod:Strike From Hell"],"picked":"SKIP","floor":20},{"not_picked":["Anger","Sword Boomerang","Inflame","Iron Wave"],"picked":"SKIP","floor":21},{"not_picked":["Battle Trance","Twin Strike+1","Heavy Blade+1"],"picked":"Dropkick","floor":24},{"not_picked":["ReplayTheSpireMod:Stacked","Warcry","Anger+1","Clothesline"],"picked":"SKIP","floor":25},{"not_picked":["Immolate","Twin Strike","Warcry+1","Sword Boomerang"],"picked":"SKIP","floor":27},{"not_picked":["Pommel Strike","Iron Wave+1","Clothesline","Feel No Pain"],"picked":"SKIP","floor":30},{"not_picked":["Defy Death","Headbutt","Intimidate","Rage"],"picked":"SKIP","floor":33},{"not_picked":["ReplayTheSpireMod:Strike From Hell"],"picked":"Pommel Strike+1","floor":37},{"not_picked":["ReplayTheSpireMod:Strike From Hell"],"picked":"Burning Pact+1","floor":39},{"not_picked":["Sentinel","Heavy Blade+1"],"picked":"SKIP","floor":40},{"not_picked":["Dual Wield+1"],"picked":"Seeing Red+1","floor":42},{"not_picked":["Power Through+1","Dark Embrace"],"picked":"SKIP","floor":44},{"not_picked":["Body Slam","Flex"],"picked":"SKIP","floor":46},{"not_picked":["Body Slam","Flex"],"picked":"SKIP","floor":46},{"not_picked":["Replay:Undeath\u0027s Touch+1","Dark Embrace"],"picked":"SKIP","floor":49},{"not_picked":["Havoc+1","Spot Weakness+1"],"picked":"SKIP","floor":50},{"not_picked":["ReplayReversal","Twin Strike+1"],"picked":"SKIP","floor":56}],"player_experience":134476,"relics_obtained":[{"floor":7.0,"key":"Girya"},{"floor":9.0,"key":"HornCleat"},{"floor":11,"key":"Question Card"},{"floor":12,"key":"Ornamental Fan"},{"floor":13,"key":"Champion Belt"},{"floor":25,"key":"ReplayTheSpireMod:Ninjato"},{"floor":28,"key":"Red Skull"},{"floor":39,"key":"Unceasing Top"},{"floor":42,"key":"Replay:Mystery Machine"},{"floor":44,"key":"Anchor"},{"floor":46,"key":"Toy Ornithopter"},{"floor":56,"key":"Ginger"}],"event_choices":[{"cards_removed":["Defend_R"],"damage_healed":0,"gold_gain":0,"player_choice":"Upgrade and Remove","damage_taken":0,"max_hp_gain":0,"max_hp_loss":0,"event_name":"Designer","floor":26,"gold_loss":90,"cards_upgraded":["Limit Break"]},{"damage_healed":0,"gold_gain":0,"player_choice":"Inject Mutagens","damage_taken":0,"relics_obtained":["MutagenicStrength"],"max_hp_gain":0,"max_hp_loss":0,"event_name":"Drug Dealer","floor":31,"gold_loss":0},{"damage_healed":0,"gold_gain":0,"player_choice":"Embrace Madness","damage_taken":11,"max_hp_gain":0,"max_hp_loss":0,"event_name":"Winding Halls","floor":38,"gold_loss":0,"cards_obtained":["Madness","Madness"]},{"damage_healed":0,"gold_gain":0,"player_choice":"Fight","damage_taken":0,"max_hp_gain":0,"max_hp_loss":0,"event_name":"MindBloom","floor":39,"gold_loss":0}],"is_beta":false,"boss_relics":[{"not_picked":["Electric Blood","Kintsugi"],"picked":"Astrolabe"},{"not_picked":["Replay:Ancient Bell","Honey Jar"],"picked":"Busted Crown"}],"items_purged_floors":[22,47],"is_endless":false,"potions_floor_spawned":[7,8,16,18,24,25,27,30,39,40,42,46,49],"killed_by":"The Heart","ascension_level":6}}