{"host":"m5ct6bi1o27m4mp1","time":1610091905,"event":{"mods":["BaseMod","Hero for Fun","Infinite Spire","Marisa????????","Minty Spire (QoL Compilation)","Prisma Mod","StSLib","The Animator","The Cursed","The Necromancer"],"gold_per_floor":[112,112,122,122,122,154,164,164,217,249,249,259,277,86,86,185,185,202,202,202,222,239,239,273,273,347,357,357,357,385,414,414,511,511,523,523,539,553,553,553],"floor_reached":39,"playtime":1971,"items_purged":[],"score":454,"play_id":"0693a33f-cc78-4fe0-b682-abf189ed6638","local_time":"20210108154505","is_ascension_mode":false,"campfire_choices":[{"data":"infinitespire:OneForAll","floor":8,"key":"SMITH"},{"data":"True Grit","floor":15,"key":"SMITH"},{"data":"infinitespire:OneForAll","floor":23,"key":"SMITH"},{"data":"infinitespire:Collect","floor":25,"key":"SMITH"},{"floor":29,"key":"REST"},{"floor":32,"key":"REST"}],"circlet_count":0,"master_deck":["Strike_R","Strike_R","Defend_R","Defend_R","Defend_R","Defend_R","Bash","infinitespire:OneForAll+1","infinitespire:Collect+1","Shrug It Off","Inflame","Sword Boomerang","Pommel Strike","True Grit+1","Impervious","infinitespire:OneForAll+1","Whirlwind","Dark Embrace","Shrug It Off","Reaper","Rampage+1","Searing Blow","Flash of Steel","Burning Pact+1","Demon Form"],"relics":["Burning Blood","NeowsBlessing","Bronze Scales","Potion Belt","Strange Spoon","Empty Cage","Magic Flower","Orichalcum","infinitespire:ShieldingShard","Ancient Tea Set","Red Mask","Runic Pyramid"],"acts_visited":["Exordium","TheCity","TheBeyond"],"potions_floor_usage":[24,33,33,33,38,39,39],"damage_taken":[{"damage":0,"enemies":"2 Louse","floor":1,"turns":1},{"damage":0,"enemies":"Small Slimes","floor":3,"turns":1},{"damage":0,"enemies":"Gremlin Nob","floor":6,"turns":1},{"damage":0,"enemies":"Jaw Worm","floor":7,"turns":3},{"damage":15,"enemies":"3 Sentries","floor":10,"turns":8},{"damage":3,"enemies":"Red Slaver","floor":12,"turns":4},{"damage":7,"enemies":"3 Louse","floor":13,"turns":4},{"damage":30,"enemies":"Hexaghost","floor":16,"turns":12},{"damage":5,"enemies":"Chosen","floor":18,"turns":6},{"damage":6,"enemies":"Spheric Guardian","floor":21,"turns":6},{"damage":11,"enemies":"Cultist and Chosen","floor":22,"turns":6},{"damage":39,"enemies":"Book of Stabbing","floor":24,"turns":6},{"damage":13,"enemies":"Centurion and Healer","floor":27,"turns":5},{"damage":27,"enemies":"Slavers","floor":30,"turns":8},{"damage":10,"enemies":"Masked Bandits","floor":31,"turns":4},{"damage":40,"enemies":"Collector","floor":33,"turns":13},{"damage":0,"enemies":"Orb Walker","floor":35,"turns":3},{"damage":0,"enemies":"3 Shapes","floor":37,"turns":7},{"damage":15,"enemies":"Writhing Mass","floor":38,"turns":6},{"damage":34,"enemies":"infinitespire:Three Voidlings","floor":39,"turns":4},{"damage":83,"enemies":"Nightmare_Alpha","floor":39,"turns":6}],"seed_played":"9077116999674465597","potions_obtained":[{"floor":3,"key":"Weak Potion"},{"floor":6,"key":"Strength Potion"},{"floor":10,"key":"infinitespire:BlackPotion"},{"floor":22,"key":"Block Potion"},{"floor":27,"key":"Dexterity Potion"},{"floor":30,"key":"Energy Potion"},{"floor":35,"key":"BlessingOfTheForge"}],"is_trial":false,"path_per_floor":["M","?","M","?","?","E","M","R","T","E","?","M","M","$","R","B",null,"M","?","?","M","M","R","E","R","T","M","?","R","E","?","R","B",null,"M","?","M","M","?"],"character_chosen":"IRONCLAD","items_purchased":["True Grit","Strange Spoon"],"campfire_rested":2,"item_purchase_floors":[14,14],"current_hp_per_floor":[80,60,66,71,71,77,83,83,83,74,67,70,69,69,69,45,85,85,85,85,85,83,83,53,53,53,49,33,60,42,41,68,37,90,90,90,90,84,3,3],"gold":553,"neow_bonus":"THREE_ENEMY_KILL","is_daily":false,"chose_seed":false,"campfire_upgraded":4,"win_rate":0.0,"timestamp":1610091905,"path_taken":["M","?","M","?","?","E","M","R","T","E","?","?","M","?","R","BOSS","M","?","?","M","?","R","E","R","T","M","?","R","E","?","R","BOSS","M","?","M","?","?"],"items_purchased_type":["Card","Relic"],"build_version":"2020-12-22","purchased_purges":0,"victory":false,"max_hp_per_floor":[80,80,80,85,85,85,85,85,85,85,85,85,85,85,85,85,85,85,85,85,85,85,85,85,85,85,85,90,90,90,90,90,90,90,90,90,90,90,90,90],"card_choices":[{"not_picked":["Disarm","Anger"],"picked":"infinitespire:OneForAll","floor":1},{"not_picked":["infinitespire:Gouge","infinitespire:Menacing"],"picked":"infinitespire:Collect","floor":2},{"not_picked":["Clash","Sword Boomerang"],"picked":"Shrug It Off","floor":3},{"not_picked":["Bloodletting","Anger"],"picked":"Inflame","floor":6},{"not_picked":["Clash","Armaments"],"picked":"Sword Boomerang","floor":7},{"not_picked":["Sword Boomerang","Brutality","Reckless Charge"],"picked":"SKIP","floor":10},{"not_picked":["Sword Boomerang","Brutality","Reckless Charge"],"picked":"SKIP","floor":10},{"not_picked":["Headbutt","Rage"],"picked":"Pommel Strike","floor":12},{"not_picked":["Feel No Pain","Perfected Strike","Thunderclap"],"picked":"SKIP","floor":13},{"not_picked":["Bludgeon","Brutality"],"picked":"Impervious","floor":16},{"not_picked":["Power Through","Cleave+1"],"picked":"infinitespire:OneForAll","floor":18},{"not_picked":["Havoc+1","Shrug It Off"],"picked":"Whirlwind","floor":21},{"not_picked":["Body Slam","Flame Barrier","Combust"],"picked":"SKIP","floor":22},{"not_picked":["Perfected Strike+1","Combust+1","Uppercut"],"picked":"SKIP","floor":24},{"not_picked":["Twin Strike","Second Wind","Havoc"],"picked":"SKIP","floor":27},{"not_picked":["Infernal Blade","Evolve"],"picked":"Dark Embrace","floor":30},{"not_picked":["Sever Soul+1","Rupture"],"picked":"Shrug It Off","floor":31},{"not_picked":["Bludgeon","Exhume"],"picked":"Reaper","floor":33},{"not_picked":["Hemokinesis","Body Slam+1"],"picked":"Rampage+1","floor":35},{"not_picked":["Anger","Thunderclap"],"picked":"Burning Pact+1","floor":37},{"not_picked":["Perfected Strike","Twin Strike+1"],"picked":"Demon Form","floor":38}],"player_experience":48459,"relics_obtained":[{"floor":6,"key":"Bronze Scales"},{"floor":10,"key":"Potion Belt"},{"floor":24,"key":"Orichalcum"},{"floor":26,"key":"infinitespire:ShieldingShard"},{"floor":30,"key":"Ancient Tea Set"},{"floor":31,"key":"Red Mask"}],"event_choices":[{"damage_healed":0,"gold_gain":0,"player_choice":"Donut","damage_taken":0,"max_hp_gain":5,"max_hp_loss":0,"event_name":"Big Fish","floor":4,"gold_loss":0},{"damage_healed":0,"gold_gain":0,"player_choice":"Ignored","damage_taken":0,"max_hp_gain":0,"max_hp_loss":0,"event_name":"Liars Game","floor":5,"gold_loss":0},{"cards_removed":["Strike_R"],"damage_healed":0,"gold_gain":0,"player_choice":"Card Removal","damage_taken":7,"max_hp_gain":0,"max_hp_loss":0,"event_name":"Golden Wing","floor":11,"gold_loss":0},{"damage_healed":0,"gold_gain":0,"player_choice":"Opened","damage_taken":0,"relics_obtained":["Magic Flower"],"max_hp_gain":0,"max_hp_loss":0,"event_name":"The Mausoleum","floor":19,"gold_loss":0},{"damage_healed":0,"gold_gain":0,"player_choice":"Bought 0 Potions","damage_taken":0,"max_hp_gain":0,"max_hp_loss":0,"event_name":"The Woman in Blue","floor":20,"gold_loss":0},{"damage_healed":0,"gold_gain":0,"player_choice":"Shed Blood","damage_taken":21,"max_hp_gain":5,"max_hp_loss":0,"event_name":"Forgotten Altar","floor":28,"gold_loss":0},{"damage_healed":0,"gold_gain":0,"player_choice":"Fought Bandits","damage_taken":0,"max_hp_gain":0,"max_hp_loss":0,"event_name":"Masked Bandits","floor":31,"gold_loss":0},{"damage_healed":0,"gold_gain":0,"player_choice":"2 cards matched","damage_taken":0,"max_hp_gain":0,"max_hp_loss":0,"event_name":"Match and Keep!","floor":36,"gold_loss":0,"cards_obtained":["Searing Blow","Flash of Steel"]}],"is_beta":false,"boss_relics":[{"not_picked":["SacredBark","Ectoplasm"],"picked":"Empty Cage"},{"not_picked":["Black Star","Fusion Hammer"],"picked":"Runic Pyramid"}],"items_purged_floors":[],"is_endless":false,"potions_floor_spawned":[3,6,10,22,27,30,35],"killed_by":"Nightmare_Alpha","ascension_level":0}}