{"host":"ppgxiu8l5yxvf2gn","time":1610084818,"event":{"mods":["BaseMod","Koishi","Marisa£¨Ùöéë¡¡Øª×âÞÞ£©","Minty Spire (QoL Compilation)","StSLib","Td1madao Mod","The Gatherer","WarShipGirlsR/??á´Ò³R mod"],"gold_per_floor":[117,10444,10457,9384,9396,9424,9424,9455,9503,9533,9533,9567,9577,9628,9628,9730,9780,9764,9778,8860,8871,8796,8831,8831,8864,8946,8946,8946,8946,8946],"floor_reached":29,"playtime":1414,"items_purged":["rmod:strick","rmod:strick"],"score":381,"play_id":"ad8d2efd-bf03-4d2f-8ec2-2c401f6ccbc4","local_time":"20210108144658","is_ascension_mode":true,"campfire_choices":[{"floor":7,"key":"RECALL"},{"data":"rmod:expedition","floor":11,"key":"SMITH"},{"floor":15,"key":"REST"},{"floor":24,"key":"REST"},{"data":"rmod:seals","floor":28,"key":"SMITH"}],"circlet_count":0,"master_deck":["rmod:strick","rmod:defend+1","rmod:basicallowance+1","rmod:maingunfire","rmod:heivgo+1","rmod:unsinkable","rmod:expedition+1","Sadistic Nature","Impatience","rmod:diaomin","rmod:goodfighter","rmod:aggressivemary","rmod:diaomin","rmod:maintain","rmod:overbreakdown","rmod:aggressivemary","Enlightenment","Mayhem","rmod:firesupport","rmod:overbreakdown","rmod:desperatesituation","rmod:ammunitionsupply","rmod:gendarmerie","rmod:unsinkable","rmod:seals+1","rmod:fuelsupply","rmod:intelligenceanalysis","rmod:generalist","Magnetism","rmod:diamondstrike","rmod:ammunitionsupply","rmod:luckystar","rmod:diamondstrike","rmod:steelsupply","rmod:smokecover+1","rmod:lastglory","rmod:desperatesituation+1"],"relics":["rmod:firstchargereward","PreservedInsect","Torii","Strange Spoon","Toy Ornithopter","Chemical X","Bottled Tornado","Letter Opener","Regal Pillow","Vajra","Happy Flower","Tiny House","Sling","War Paint","rmod:quickrepair","Anchor","Calipers","Frozen Egg 2"],"acts_visited":["Exordium","TheCity"],"potions_floor_usage":[6,8,8,12,16,19,25,25,25],"damage_taken":[{"damage":0,"enemies":"Cultist","floor":1,"turns":4},{"damage":14,"enemies":"Jaw Worm","floor":3,"turns":4},{"damage":10,"enemies":"Small Slimes","floor":5,"turns":5},{"damage":11,"enemies":"Lagavulin","floor":6,"turns":5},{"damage":9,"enemies":"3 Sentries","floor":8,"turns":3},{"damage":0,"enemies":"Gremlin Nob","floor":10,"turns":2},{"damage":0,"enemies":"Lagavulin","floor":12,"turns":3},{"damage":0,"enemies":"Exordium Wildlife","floor":13,"turns":3},{"damage":35,"enemies":"Hexaghost","floor":16,"turns":7},{"damage":27,"enemies":"2 Thieves","floor":18,"turns":4},{"damage":14,"enemies":"3 Byrds","floor":19,"turns":5},{"damage":13,"enemies":"Centurion and Healer","floor":21,"turns":7},{"damage":19,"enemies":"Book of Stabbing","floor":23,"turns":4},{"damage":29,"enemies":"Slavers","floor":25,"turns":6},{"damage":51,"enemies":"3 Cultists","floor":29,"turns":5}],"seed_played":"4542336000961473236","potions_obtained":[{"floor":3,"key":"DuplicationPotion"},{"floor":5,"key":"SkillPotion"},{"floor":10,"key":"Explosive Potion"},{"floor":12,"key":"Fruit Juice"},{"floor":16,"key":"Strength Potion"},{"floor":17,"key":"BlessingOfTheForge"},{"floor":18,"key":"Fire Potion"},{"floor":23,"key":"PowerPotion"}],"is_trial":false,"path_per_floor":["M","$","M","$","M","E","R","E","T","E","R","E","M","?","R","B",null,"M","M","$","M","?","E","R","E","T","?","R","M"],"character_chosen":"PRAEFECT","items_purchased":["rmod:expedition","Sadistic Nature","Impatience","rmod:diaomin","rmod:goodfighter","rmod:aggressivemary","PreservedInsect","Torii","Strange Spoon","BlessingOfTheForge","rmod:maintain","rmod:overbreakdown","rmod:aggressivemary","Enlightenment","Toy Ornithopter","Chemical X","Mayhem","Bottled Tornado","Sling","War Paint","rmod:quickrepair","Magnetism","rmod:diamondstrike","rmod:ammunitionsupply","rmod:luckystar"],"campfire_rested":2,"item_purchase_floors":[2,2,2,2,2,2,2,2,2,2,4,4,4,4,4,4,4,4,20,20,20,20,20,20,20],"current_hp_per_floor":[75,75,61,61,51,45,45,46,46,46,46,56,56,56,80,45,85,58,49,49,36,36,17,57,43,43,43,43,0,0],"gold":8946,"neow_bonus":"TRANSFORM_CARD","is_daily":false,"chose_seed":false,"campfire_upgraded":2,"win_rate":0.0,"timestamp":1610084818,"path_taken":["M","$","?","?","?","E","R","E","T","E","R","E","M","?","R","BOSS","M","M","$","M","?","E","R","E","T","?","R","M"],"items_purchased_type":["Card","Card","Card","Card","Card","Card","Relic","Relic","Relic","Potion","Card","Card","Card","Card","Relic","Relic","Card","Relic","Relic","Relic","Relic","Card","Card","Card","Card"],"build_version":"2020-12-22","purchased_purges":2,"victory":false,"max_hp_per_floor":[75,75,75,75,75,75,75,75,75,75,75,80,80,80,80,80,85,85,85,85,85,85,85,85,85,85,85,85,85,85],"card_choices":[{"not_picked":["rmod:highspeedshooting","rmod:supportescort"],"picked":"rmod:unsinkable","floor":1},{"not_picked":["rmod:capitalist","rmod:tearstotiara"],"picked":"rmod:diaomin","floor":3},{"not_picked":["rmod:wasp","rmod:intelligenceanalysis"],"picked":"rmod:firesupport","floor":5},{"not_picked":["rmod:goodfighter","rmod:supriseattacks"],"picked":"rmod:overbreakdown","floor":6},{"not_picked":["rmod:fletcherpendant","rmod:robin"],"picked":"rmod:desperatesituation","floor":8},{"not_picked":["rmod:tearstotiara","rmod:launchingtorpedo"],"picked":"rmod:ammunitionsupply","floor":10},{"not_picked":["rmod:ammunitionsupply","rmod:supportescort"],"picked":"rmod:gendarmerie","floor":12},{"not_picked":["rmod:aviationdawn","rmod:supportescort"],"picked":"rmod:unsinkable","floor":13},{"not_picked":["rmod:stealaluminum","rmod:abidefaith"],"picked":"rmod:seals","floor":16},{"not_picked":["rmod:luckystar","rmod:gendarmerie"],"picked":"rmod:fuelsupply","floor":17},{"not_picked":["rmod:aggressivemary","rmod:combined"],"picked":"rmod:intelligenceanalysis","floor":18},{"not_picked":["rmod:goodfighter+1","rmod:heivgo"],"picked":"rmod:generalist","floor":19},{"not_picked":["rmod:unsinkable","rmod:slowdown+1"],"picked":"rmod:diamondstrike","floor":21},{"not_picked":["rmod:circuitoustactics","rmod:highspeedshooting+1"],"picked":"rmod:steelsupply","floor":23},{"not_picked":["rmod:intelligenceanalysis","rmod:unsinkable"],"picked":"rmod:smokecover+1","floor":25}],"player_experience":85539,"relics_obtained":[{"floor":6,"key":"Letter Opener"},{"floor":8,"key":"Regal Pillow"},{"floor":10,"key":"Vajra"},{"floor":12,"key":"Happy Flower"},{"floor":23,"key":"Anchor"},{"floor":25,"key":"Calipers"},{"floor":26,"key":"Frozen Egg 2"}],"event_choices":[{"damage_healed":0,"gold_gain":51,"player_choice":"Gained Gold","damage_taken":0,"max_hp_gain":0,"max_hp_loss":0,"event_name":"Golden Wing","floor":14,"gold_loss":0},{"cards_removed":["rmod:defend"],"damage_healed":0,"gold_gain":0,"player_choice":"Gave Gold","damage_taken":0,"max_hp_gain":0,"max_hp_loss":0,"event_name":"Beggar","floor":22,"gold_loss":75},{"damage_healed":0,"gold_gain":0,"cards_transformed":["rmod:defend","rmod:defend"],"player_choice":"Became Test Subject","damage_taken":0,"max_hp_gain":0,"max_hp_loss":0,"event_name":"Drug Dealer","floor":27,"gold_loss":0,"cards_obtained":["rmod:lastglory","rmod:desperatesituation"]}],"is_beta":false,"boss_relics":[{"not_picked":["Empty Cage","Snecko Eye"],"picked":"Tiny House"}],"items_purged_floors":[2,4],"is_endless":false,"potions_floor_spawned":[3,5,10,12,16,18,23],"killed_by":"3 Cultists","ascension_level":1}}