{"host":"1xdknvunkbjx06ui","time":1610112260,"event":{"mods":["BaseMod","Infinite Spire","Minty Spire (QoL Compilation)","Quick Restart","Replay The Spire","StSLib","The Dragon Tamer"],"gold_per_floor":[111,126,126,126,126,159,170,170,243,243,168,186,186,199,199,199,199,199],"floor_reached":16,"playtime":768,"items_purged":["DTMod:Strike"],"score":125,"play_id":"8b4105b1-65e9-4b72-900c-2a4192a15869","local_time":"20210108142420","is_ascension_mode":false,"metric_token":467,"campfire_choices":[{"data":"DTMod:Training","floor":10,"key":"SMITH"},{"data":"DTMod:BurningEnergy","floor":13,"key":"SMITH"},{"data":"DTMod:DeepFocus","floor":15,"key":"SMITH"}],"dtmod_dragon_data":[31,50,-1,-1,0,0],"circlet_count":0,"master_deck":["DTMod:Strike","DTMod:Strike","DTMod:Strike","DTMod:DoubleHit","DTMod:TargetDefense","DTMod:TargetDefense","DTMod:TargetDefense","DTMod:TargetDefense","DTMod:SwitchingTactic","DTMod:Coolant","DTMod:Training+1","DTMod:Inferno","DTMod:BurningEnergy+1","DTMod:DeepFocus+1"],"relics":["DTMod:PactStone","NeowsBlessing","Bird Faced Urn","Gremlin Food","Prayer Wheel","PreservedInsect","Bottled Lightning"],"acts_visited":["Exordium"],"potions_floor_usage":[],"damage_taken":[{"damage":0,"enemies":"Jaw Worm","floor":1,"turns":1},{"damage":0,"enemies":"Cultist","floor":2,"turns":1},{"damage":0,"enemies":"3 Sentries","floor":6,"turns":2},{"damage":0,"enemies":"2 Louse","floor":7,"turns":3},{"damage":0,"enemies":"Exordium Wildlife","floor":12,"turns":3},{"damage":0,"enemies":"Looter","floor":14,"turns":4},{"damage":45,"enemies":"Hexaghost","floor":16,"turns":9}],"seed_played":"1957048632742754737","potions_obtained":[{"floor":1,"key":"Regen Potion"},{"floor":12,"key":"Regen Potion"}],"is_trial":false,"path_per_floor":["M","M","?","?","T","E","M","?","T","R","$","M","R","M","R","B"],"character_chosen":"THE_DT","items_purchased":[],"campfire_rested":0,"item_purchase_floors":[],"current_hp_per_floor":[45,45,38,43,43,43,43,43,43,43,43,43,43,43,43,0,0,0],"gold":199,"neow_bonus":"THREE_ENEMY_KILL","is_daily":false,"chose_seed":false,"campfire_upgraded":3,"win_rate":0.0,"timestamp":1610112260,"path_taken":["M","M","?","?","?","E","?","?","T","R","?","M","R","M","R","BOSS"],"items_purchased_type":[],"build_version":"2020-12-22","purchased_purges":1,"victory":false,"max_hp_per_floor":[45,45,45,50,50,50,50,50,50,50,50,50,50,50,50,50,50,50],"card_choices":[{"not_picked":["DTMod:CleansingStrike","DTMod:Cover"],"picked":"DTMod:Coolant","floor":1},{"not_picked":["DTMod:Punisher","DTMod:BlueScale","DTMod:FlameSlash"],"picked":"SKIP","floor":2},{"not_picked":["DTMod:Astonish","DTMod:MaximumCharge"],"picked":"DTMod:Training","floor":6},{"not_picked":["DTMod:Threaten","DTMod:QuickFly"],"picked":"DTMod:Inferno","floor":7},{"not_picked":["DTMod:FlameSlash","DTMod:BuildUp"],"picked":"DTMod:BurningEnergy","floor":7},{"not_picked":["DTMod:Adaptation","DTMod:Weaken","DTMod:Dissolve"],"picked":"SKIP","floor":12},{"not_picked":["DTMod:BuildUp","DTMod:ShieldDrain","DTMod:CrossStep"],"picked":"SKIP","floor":12},{"not_picked":["DTMod:StarRain","DTMod:Cover"],"picked":"DTMod:DeepFocus","floor":14},{"not_picked":["DTMod:Astonish","DTMod:BreakAttack","DTMod:Conduct"],"picked":"SKIP","floor":14}],"player_experience":83632,"relics_obtained":[{"floor":5,"key":"Gremlin Food"},{"floor":6,"key":"Prayer Wheel"},{"floor":8,"key":"PreservedInsect"},{"floor":9,"key":"Bottled Lightning"}],"event_choices":[{"damage_healed":0,"gold_gain":0,"player_choice":"Success","damage_taken":7,"relics_obtained":["Bird Faced Urn"],"max_hp_gain":0,"max_hp_loss":0,"event_name":"Scrap Ooze","floor":3,"gold_loss":0},{"damage_healed":0,"gold_gain":0,"player_choice":"Donut","damage_taken":0,"max_hp_gain":5,"max_hp_loss":0,"event_name":"Big Fish","floor":4,"gold_loss":0}],"is_beta":false,"boss_relics":[],"items_purged_floors":[11],"is_endless":false,"potions_floor_spawned":[1,12],"killed_by":"Hexaghost","ascension_level":0}}