{"host":"l8lm1goh5xm9tkuw","time":1610091886,"event":{"mods":["Act Like it!","Alarm Clock","Astrologer","BaseMod","Colored Map","Colored Powertips","GungeonMod","Hermit","KomeijiMod","Library of Ruina","Library of Ruina Extra","Lobotomy","LobotomyExtend","Marisa£®ÏF”Í°°ƒß¿Ì…≥£©","Minty Spire (QoL Compilation)","MostiFishMod","Quick Restart","Replay The Spire","StSLib","TestMod","The Animator","The Bug Knight","The Hierophant","UnlockEverythingMod","[IsaacMod]“‘»ˆº‚À˛","vexMod","°æ“≈ŒÔø®≈∆°øREMEMod"],"gold_per_floor":[112,124,144,114,39,64,76,76,99,128,143,143,143,155,155,232,232,251,264,275,288,305,340,265,292,292,312,342,342,342,371,371,448,548,560,576,576,576,595,622,622,651,651,664,684,684,695,712,712,712,712,712,712,712,612,640,640],"floor_reached":58,"playtime":2858,"items_purged":["LightDefense","LightAttack","LightAttack"],"score":2561,"play_id":"0b421e7d-74ae-46d9-9128-cc0781e39bb8","local_time":"20210108154446","is_ascension_mode":true,"campfire_choices":[{"data":"MostiFishMod:SephirahHod","floor":8.0,"key":"SMITH"},{"data":"REME_ShortnessOfBreath","floor":13.0,"key":"SMITH"},{"floor":15.0,"key":"RECALL"},{"data":"Ripple","floor":29.0,"key":"SMITH"},{"data":"ExtractFuel","floor":32.0,"key":"SMITH"},{"data":"SavageMode","floor":41.0,"key":"SMITH"},{"data":"FocusedStrikes","floor":49.0,"key":"SMITH"},{"data":"CleanUp","floor":54.0,"key":"SMITH"}],"circlet_count":0,"master_deck":["AscendersBane","Dodge","LightDefense","LightDefense","LightDefense","ChargeAndCover","FocusedStrikes+1","MostiFishMod:SephirahHod+1","REME_ShortnessOfBreath+1","ExtractFuel+1","Ripple+1","QuickSuppression","DimensionalRift","MindCrush","CleanUp+1","Leap_lor","Concentration","GroundSmash","SavageMode+1","Finesse","Madness","Madness","RhinoRam"],"relics":["PageOfLibrarian","DaveBox","testmod-TestBox","REME_ComplimentaryCards","HushsDoor","MoneyPower","testmod-SaigiyounoYou","MostiFishMod:Hod","SynthV:TestCard","LetterFromLob","DeadEye","PageOfTheQueenOfHatred","PageOfTheKnightOfDespair","GnawedLeaf","ShedSkin_r","Gaze_r","RhineCircuit","PageOfGreed","Red Mask","PageOfWrath","PageOfNihil","Divine Protection","DemoMod:ClearGuonStone","Pet Ghost","Replay:Wanted Poster","DoctorsRemote","Unceasing Top","Akabeko","PageOfLaetitia","BFFS"],"acts_visited":["Exordium","TheCity","TheBeyond","TheEnding"],"potions_floor_usage":[57,57],"damage_taken":[{"damage":0.0,"enemies":"Small Slimes","floor":1.0,"turns":2.0},{"damage":0.0,"enemies":"Cultist","floor":2.0,"turns":2.0},{"damage":0.0,"enemies":"Jaw Worm","floor":3.0,"turns":2.0},{"damage":42.0,"enemies":"Hiden Room Battle","floor":4.0,"turns":4.0},{"damage":0.0,"enemies":"3 Sentries","floor":6.0,"turns":5.0},{"damage":0.0,"enemies":"Exordium Thugs","floor":7.0,"turns":2.0},{"damage":0.0,"enemies":"Gremlin Nob","floor":10.0,"turns":2.0},{"damage":0.0,"enemies":"Blue Slaver","floor":11.0,"turns":2.0},{"damage":6.0,"enemies":"Replay:BlueRogue","floor":12.0,"turns":2.0},{"damage":0.0,"enemies":"Gremlin Gang","floor":14.0,"turns":3.0},{"damage":0.0,"enemies":"The Guardian","floor":16.0,"turns":4.0},{"damage":0.0,"enemies":"3 Byrds","floor":18.0,"turns":4.0},{"damage":9.0,"enemies":"2 Thieves","floor":19.0,"turns":2.0},{"damage":0.0,"enemies":"Centurion and Healer","floor":20.0,"turns":2.0},{"damage":0.0,"enemies":"Cultist and Chosen","floor":21.0,"turns":3.0},{"damage":0.0,"enemies":"Snecko","floor":22.0,"turns":2.0},{"damage":16.0,"enemies":"Replay:Snechameleon","floor":23.0,"turns":2.0},{"damage":0.0,"enemies":"Masked Bandits","floor":25.0,"turns":3.0},{"damage":36.0,"enemies":"Snake Plant","floor":27.0,"turns":5.0},{"damage":11.0,"enemies":"Slavers","floor":28.0,"turns":4.0},{"damage":0.0,"enemies":"REME_1_Revenger","floor":31.0,"turns":2.0},{"damage":24.0,"enemies":"KingOfGreed","floor":33.0,"turns":9.0},{"damage":0.0,"enemies":"3 Shapes","floor":35.0,"turns":2.0},{"damage":0.0,"enemies":"3 Darklings","floor":36.0,"turns":2.0},{"damage":0.0,"enemies":"Sphere and 2 Shapes","floor":39.0,"turns":1.0},{"damage":15.0,"enemies":"R_Hoarder","floor":40.0,"turns":5.0},{"damage":0.0,"enemies":"Nemesis","floor":42.0,"turns":1.0},{"damage":0.0,"enemies":"Writhing Mass","floor":44.0,"turns":2.0},{"damage":0.0,"enemies":"Spire Growth","floor":45.0,"turns":3.0},{"damage":0.0,"enemies":"Maw","floor":47.0,"turns":3.0},{"damage":0.0,"enemies":"3 Darklings","floor":48.0,"turns":2.0},{"damage":61.0,"enemies":"Time Eater","floor":50.0,"turns":5.0},{"damage":19.0,"enemies":"Replay:Hell Engine","floor":51.0,"turns":6.0},{"damage":54.0,"enemies":"Shield and Spear","floor":56.0,"turns":5.0},{"damage":48,"enemies":"The Heart","floor":57,"turns":7}],"seed_played":"-4087794527394501935","potions_obtained":[{"floor":1.0,"key":"Languid Potion"},{"floor":4.0,"key":"AttackPotion"},{"floor":10.0,"key":"Energy Potion"},{"floor":40.0,"key":"Weak Potion"},{"floor":44.0,"key":"Ancient Potion"},{"floor":56.0,"key":"Strength Potion"}],"is_trial":false,"path_per_floor":["M","M","M","?","$","E","M","R","T","E","M","E","R","M","R","B",null,"M","M","M","M","M","E","?","?","T","M","E","R","?","E","R","B",null,"M","M","?","T","M","E","R","E","T","M","M","?","M","M","R","B","B",null,null,"R","$","E","B",null],"character_chosen":"Librarian","items_purchased":[],"campfire_rested":0,"item_purchase_floors":[],"current_hp_per_floor":[59,66,69,24,24,45,56,56,56,67,74,76,76,76,76,76,71,71,69,71,71,71,61,61,71,71,71,71,71,56,71,71,71,71,71,71,71,71,71,71,71,71,71,71,71,58,71,71,71,35,68,68,70,70,70,37,53],"gold":640,"neow_bonus":"RANDOM_COLORLESS","is_daily":false,"chose_seed":false,"campfire_upgraded":7,"win_rate":0.0,"timestamp":1610091886,"path_taken":["M","M","M","?","?","E","?","R","T","E","M","E","R","M","R","BOSS","M","M","M","M","M","E","?","?","T","M","E","R","?","E","R","BOSS","M","M","?","?","M","E","R","E","T","M","M","?","?","?","R","BOSS","BOSS","R","$","E","BOSS"],"items_purchased_type":[],"build_version":"2020-12-22","purchased_purges":3,"victory":true,"max_hp_per_floor":[69,69,69,76,76,76,76,76,76,76,76,76,76,76,76,76,71,71,71,71,71,71,71,71,71,71,71,71,71,71,71,71,71,71,71,71,71,71,71,71,71,71,71,71,71,71,71,71,71,71,71,71,71,71,71,71,71],"card_choices":[{"not_picked":["Blind","vexMod:EmailVexCard"],"picked":"REME_ShortnessOfBreath","floor":0.0},{"not_picked":["MultiBlock","ViolentFlame","GuidanceOfTheGears","HighSpeedStabbing","BackAttack","Pound","ClassAndRespect","ScratchThat"],"picked":"ExtractFuel","floor":1.0},{"not_picked":["CutIn","Parry","QuickAttack","Unlock1","EndlessBattle","Tailoring","EnergyShield","Decapitation","GrazeTheGrass","Clone"],"picked":"Ripple","floor":2.0},{"not_picked":["ToOvercomeCrisis","Diversion","WillOfThePrescript","Brawl","FrontalAssault","EnergyCycle","RatsGuideToSurvival","BackstreetsDash","Parry","BayonetCombat","EnergyShield"],"picked":"SKIP","floor":3.0},{"not_picked":["EnergyStrike","Parry","UnavoidableGaze","WillOfThePrescript","SharpSwipe","ExtremeEdge","Outburst","FierceCharge","SummaryJudgment","YoureTooSlow"],"picked":"QuickSuppression","floor":4.0},{"not_picked":["GrazeTheGrass","IngredientHunt","Leap_lor","Thrust","SunsetBlade","EnergyShield","StrongStrike","Slice_lor","UndertakePrescript","Disposal"],"picked":"DimensionalRift","floor":6.0},{"not_picked":["AutomatedMovement","FleetFootsteps","GuidanceOfTheGears","Faith","UpbeatPerformance","Eject","Reload","BurningFlash","ViolentFlame","DarkCloud","GuardingStance"],"picked":"SKIP","floor":7.0},{"not_picked":["Wallop_lor","SteelKnuckles","Standoff","QuickAttack","SenseQuarry","Disposal","Pound","BackAttack","Unlock1","MindWhip"],"picked":"MindCrush","floor":10.0},{"not_picked":["Thrust","SuppressingShot","UpbeatPerformance","FierceCharge","SummaryJudgment","Gamble","GuardingStance","Bomb","Unlock1","Overpower","Diversion"],"picked":"SKIP","floor":11.0},{"not_picked":["Clone","HiddenBlade","WillProduceFineSilk","Standoff","DefenseOrder","StrongStrike","UpbeatPerformance","QuickSuppression","Retaliate","Quickness","Cruelty"],"picked":"SKIP","floor":14.0},{"not_picked":["Cruelty","Decapitation","TrashDisposal","Observe"],"picked":"CleanUp","floor":16.0},{"not_picked":["WillBeTasty","Tailoring","Commandeering","GrazeTheGrass+1","WillOfThePrescript","Wallop_lor","EnergyShield","Gigigig","BindingChains+1","Standoff","WrathOfTorment"],"picked":"SKIP","floor":18.0},{"not_picked":["AlloutWar","StayCalm","WillOfThePrescript","UpbeatPerformance","GuidanceOfTheGears","Faith","HighKick","TasteMyFlamingBat","EnergyShield","FleetEdge"],"picked":"Leap_lor","floor":19.0},{"not_picked":["SharpSwipe","EnergyConversion+1","PreemptiveStrike","Gigigig","EndlessBattle","SetFire","BackAttack+1","SmokingPipe","QuickAttack","ToWhereThePrescriptPoints+1"],"picked":"Concentration","floor":20.0},{"not_picked":["BindingChains","QuickAttack+1","MultiHit","InhaleSmoke","HiddenBlade","TrimTheIngredients","NonstopAssault","YouOnlyLiveOnce","SunsetBlade","Thirst","DeepDrag"],"picked":"SKIP","floor":21.0},{"not_picked":["Outburst","MultiBlock","IllEndYou","SpearedSweep","HandleRequest","SunsetBlade","DarkCloud+1","AsThePrescriptOrders","YoureAHindrance","PinpointShot"],"picked":"GroundSmash","floor":22.0},{"not_picked":["Bvapour","CumulusWall+1","ScatteringSlash+1","Clone+1","DirtyBlow","SuppressingShot","SkyClearingCut","WillProduceFineSilk","Leap_lor","Wallop_lor","Eliminate+1"],"picked":"SKIP","floor":23.0},{"not_picked":["QuickAttack","GuidanceOfTheGears","PinpointShot","FendThisOffIfYouCan","Leap_lor","Multislash","AGoldenOpportunity","EnergyConversion","UnavoidableGaze","BlowItUp","FeelinGood"],"picked":"SKIP","floor":27.0},{"not_picked":["Reload","SummaryJudgment","RushDown","SilentNight","DeepDrag","ExtractFuel","Brawl","FlowOfTheSword","Unlock1","EnergyStrike","HandleRequest"],"picked":"SKIP","floor":28.0},{"not_picked":["UncannyStrike","EndlessBattle+1","SmokingPipe","HighKick","HandleRequest","TendonChords","SunsetBlade","PreemptiveStrike","GutHarvesting","TimeForALittleTest","BackAttack"],"picked":"SKIP","floor":31.0},{"not_picked":["LeRegole","EmotionalTurbulence","ChargeUp","Tttonst"],"picked":"SavageMode","floor":33.0},{"not_picked":["Multislash","FleetEdge","KeepItFresh","AlloutWar","SmokingPipe","Preparation","Standoff+1","TimeForALittleTest","GuidanceOfTheGears","GuardingStance","ExtractFuel"],"picked":"SKIP","floor":35.0},{"not_picked":["BackAttack+1","Diversion","Parry+1","TheRedNotes","GuidanceOfTheGears","ToOvercomeCrisis","Multislash+1","TendonChords","CircusKnives","MultiHit","Retaliate+1"],"picked":"SKIP","floor":36.0},{"not_picked":["testmod-LimitFlipper","Survey Options","BettingIsNotGood","testmod-Librarian","REME_HeartOfCthun","testmod-DeathImprint","Impatience","Bandage Up","Purity","Secret Weapon"],"picked":"Finesse","floor":37.0},{"not_picked":["HighKick","Leap_lor+1","EnergyShield","CircusKnives","SilentMist","WildCard","BackAttack","FieryWaltz","MindWhip","EndlessBattle","StructuralAnalysis+1"],"picked":"SKIP","floor":39.0},{"not_picked":["BoundaryOfDeath","WrathOfTorment+1","SummaryJudgment","BizarreAttack","MultiHit","Outburst","EnergyShield","Standoff","StructuralAnalysis","EndlessBattle","StrongStrike+1"],"picked":"SKIP","floor":40.0},{"not_picked":["LoosenUp+1","DefenseOrder","ClassAndRespect","Standoff+1","Faith","MultiBlock+1","IngredientHunt","EndlessBattle","FieryWaltz","ForcefulGesture","Punishment"],"picked":"SKIP","floor":42.0},{"not_picked":["PreparedMind+1","TheRedNotes","Commandeering","AssaultOrder","HiddenBlade","BladeWhirl","SturdyDefense","Overpower+1","Leap_lor+1","FierceOnslaught","Unlock1"],"picked":"SKIP","floor":44.0},{"not_picked":["Marionette","Bvapour","Thrust+1","Parry","SmokingPipe+1","UpbeatPerformance","Suppress","EnergyShield","RulesOfTheBackstreets","FervidEmotions","DarkCloud"],"picked":"SKIP","floor":45.0},{"not_picked":["SinglePointStab+1","HighKick","EnergyCycle+1","FleetFootsteps+1","UnavoidableGaze","BindingChains+1","MultiHit","Wallop_lor","Quickness","DarkCloud","Diversion+1"],"picked":"SKIP","floor":47.0},{"not_picked":["Cruelty","GuidanceOfTheGears","WaitUp","StructuralAnalysis","GuardingStance","TasteMyFlamingBat","Unlock1","BackAttack","SparkingSpear+1","DestructiveImpact","FlowOfTheSword"],"picked":"SKIP","floor":48.0},{"not_picked":["DaringDecision","UnforgettableMelody","FleetFootsteps+1","RushDown","Outburst","StartinOutLightly","Standoff+1","DefenseOrder","GaleKick","HandleRequest"],"picked":"RhinoRam","floor":56.0}],"player_experience":353410,"relics_obtained":[{"floor":1.0,"key":"SynthV:TestCard"},{"floor":1.0,"key":"LetterFromLob"},{"floor":4.0,"key":"DeadEye"},{"floor":4.0,"key":"PageOfTheQueenOfHatred"},{"floor":6.0,"key":"PageOfTheKnightOfDespair"},{"floor":10.0,"key":"GnawedLeaf"},{"floor":23.0,"key":"PageOfGreed"},{"floor":25.0,"key":"Red Mask"},{"floor":26.0,"key":"PageOfWrath"},{"floor":27.0,"key":"PageOfNihil"},{"floor":28.0,"key":"Divine Protection"},{"floor":31.0,"key":"Pet Ghost"},{"floor":38.0,"key":"DoctorsRemote"},{"floor":40.0,"key":"Unceasing Top"},{"floor":42.0,"key":"Akabeko"},{"floor":43.0,"key":"PageOfLaetitia"},{"floor":56.0,"key":"BFFS"}],"event_choices":[{"damage_healed":0.0,"max_hp_gain":0.0,"max_hp_loss":0.0,"gold_gain":0.0,"event_name":"HidenRoomEvent","player_choice":"Fight","floor":4.0,"gold_loss":0.0,"damage_taken":0.0},{"cards_removed":["LightAttack"],"damage_healed":0.0,"max_hp_gain":0.0,"max_hp_loss":0.0,"gold_gain":0.0,"event_name":"Designer","player_choice":"Single Remove","floor":24.0,"gold_loss":75.0,"damage_taken":0.0},{"damage_healed":0.0,"max_hp_gain":0.0,"max_hp_loss":0.0,"gold_gain":0.0,"event_name":"Masked Bandits","player_choice":"Fought Bandits","floor":25.0,"gold_loss":0.0,"damage_taken":0.0},{"damage_healed":0.0,"max_hp_gain":0.0,"max_hp_loss":0.0,"gold_gain":0.0,"event_name":"SensoryStone","player_choice":"Memory 1","floor":37.0,"gold_loss":0.0,"damage_taken":0.0},{"damage_healed":0.0,"max_hp_gain":0.0,"max_hp_loss":0.0,"gold_gain":0.0,"event_name":"Winding Halls","player_choice":"Embrace Madness","floor":46.0,"gold_loss":0.0,"damage_taken":13.0,"cards_obtained":["Madness","Madness"]}],"is_beta":false,"boss_relics":[{"not_picked":["testmod-BloodSacrificeSpiritualization","Tiny House"],"picked":"RhineCircuit"},{"not_picked":[]},{"not_picked":["xbg","Coffee Dripper"],"picked":"Replay:Wanted Poster"},{"not_picked":[]}],"items_purged_floors":[5,17,55],"is_endless":false,"potions_floor_spawned":[1,4,10,11,12,16,18,20,25,27,28,31,40,42,44,48,56],"ascension_level":20}}