{"host":"q9718omregw4er46","time":1610129858,"event":{"mods":["BaseMod","Bestiary","Colored Powertips","Minty Spire (QoL Compilation)","Quick Restart","Relic Stats"],"gold_per_floor":[110,35,50,50,125,159,176,176,176,176,208,208,76,89,89,165,165,185,199,124,135,135,135,135],"floor_reached":23,"playtime":600,"items_purged":["Strike_R"],"score":448,"play_id":"4a4c3c52-d60d-4dab-bbe5-2ea26357ea78","local_time":"20210108231738","is_ascension_mode":true,"campfire_choices":[{"data":"Bash","floor":8.0,"key":"SMITH"},{"data":"Carnage","floor":10.0,"key":"SMITH"},{"data":"Inflame","floor":15,"key":"SMITH"}],"circlet_count":0,"master_deck":["AscendersBane","Defend_R","Defend_R","Bash+1","Anger","Pummel","Carnage+1","Twin Strike","Inflame+1","Limit Break","Rupture+1","Pummel+1","Spot Weakness+1","Flame Barrier"],"relics":["Burning Blood","NeowsBlessing","Magic Flower","Self Forming Clay","StrikeDummy","Astrolabe"],"acts_visited":["Exordium","TheCity"],"potions_floor_usage":[11,23],"damage_taken":[{"damage":0.0,"enemies":"Jaw Worm","floor":1.0,"turns":1.0},{"damage":0.0,"enemies":"2 Louse","floor":3.0,"turns":1.0},{"damage":0.0,"enemies":"Gremlin Nob","floor":6.0,"turns":1.0},{"damage":11.0,"enemies":"Small Slimes","floor":7.0,"turns":3.0},{"damage":22,"enemies":"Lagavulin","floor":11,"turns":5},{"damage":4,"enemies":"Red Slaver","floor":14,"turns":2},{"damage":15,"enemies":"Slime Boss","floor":16,"turns":7},{"damage":21,"enemies":"Shell Parasite","floor":18,"turns":2},{"damage":18,"enemies":"2 Thieves","floor":19,"turns":3},{"damage":44,"enemies":"Snake Plant","floor":21,"turns":5},{"damage":20,"enemies":"Book of Stabbing","floor":23,"turns":2}],"seed_played":"8917096666278632074","potions_obtained":[{"floor":7.0,"key":"PowerPotion"},{"floor":16,"key":"Dexterity Potion"}],"is_trial":false,"path_per_floor":["M","?","M","?","?","E","M","R","T","R","E","?","$","M","R","B",null,"M","M","?","M","?","E"],"character_chosen":"IRONCLAD","items_purchased":["Energy Potion"],"campfire_rested":0,"item_purchase_floors":[13],"current_hp_per_floor":[74,74,75,80,69,75,73,73,73,73,60,60,60,65,65,59,75,63,54,54,19,19,0,0],"gold":135,"neow_bonus":"THREE_ENEMY_KILL","is_daily":false,"chose_seed":false,"campfire_upgraded":3,"win_rate":0.0,"timestamp":1610129858,"path_taken":["M","?","M","?","?","E","M","R","T","R","E","?","$","?","R","BOSS","M","M","?","M","?","E"],"items_purchased_type":["Potion"],"build_version":"2020-12-22","purchased_purges":1,"victory":false,"max_hp_per_floor":[75,75,75,80,80,80,80,80,80,80,80,80,80,80,80,80,80,80,80,80,80,80,80,80],"relic_stats":{"counters":[11,32],"Self Forming Clay":[42],"Astrolabe":["Rupture","Pummel","Spot Weakness"],"Magic Flower":[21],"obtain_stats":[{"NeowsBlessing":0,"Self Forming Clay":9,"Astrolabe":17,"Magic Flower":6,"StrikeDummy":11,"Burning Blood":0},{"NeowsBlessing":0,"Self Forming Clay":4,"Astrolabe":7,"Magic Flower":3,"StrikeDummy":5,"Burning Blood":0},{"NeowsBlessing":0,"Self Forming Clay":6,"Astrolabe":20,"Magic Flower":3,"StrikeDummy":11,"Burning Blood":0}],"Burning Blood":76},"card_choices":[{"not_picked":["True Grit","Body Slam"],"picked":"Anger","floor":1.0},{"not_picked":["Armaments","Flex","Clash"],"picked":"SKIP","floor":3.0},{"not_picked":["Wild Strike","Headbutt"],"picked":"Pummel","floor":6.0},{"not_picked":["Shrug It Off","Warcry"],"picked":"Carnage","floor":7.0},{"not_picked":["Havoc","Iron Wave"],"picked":"Twin Strike","floor":11},{"not_picked":["Anger","Pommel Strike"],"picked":"Inflame","floor":14},{"not_picked":["Double Tap","Immolate"],"picked":"Limit Break","floor":16},{"not_picked":["Twin Strike+1","Headbutt"],"picked":"Flame Barrier","floor":18},{"not_picked":["Armaments","Power Through","Rage"],"picked":"SKIP","floor":19},{"not_picked":["Warcry+1","Perfected Strike","Blood for Blood"],"picked":"SKIP","floor":21}],"player_experience":1193795,"relics_obtained":[{"floor":6.0,"key":"Magic Flower"},{"floor":9.0,"key":"Self Forming Clay"},{"floor":11,"key":"StrikeDummy"}],"event_choices":[{"cards_removed":["Strike_R"],"damage_healed":0.0,"max_hp_gain":0.0,"max_hp_loss":0.0,"gold_gain":0.0,"event_name":"The Cleric","player_choice":"Card Removal","floor":2.0,"gold_loss":75.0,"damage_taken":0.0},{"damage_healed":0.0,"max_hp_gain":5.0,"max_hp_loss":0.0,"gold_gain":0.0,"event_name":"Big Fish","player_choice":"Donut","floor":4.0,"gold_loss":0.0,"damage_taken":0.0},{"damage_healed":0.0,"max_hp_gain":0.0,"max_hp_loss":0.0,"gold_gain":75.0,"event_name":"World of Goop","player_choice":"Gather Gold","floor":5.0,"gold_loss":0.0,"damage_taken":11.0},{"cards_removed":["Strike_R"],"damage_healed":0,"gold_gain":0,"player_choice":"Offered Basic","damage_taken":0,"max_hp_gain":0,"max_hp_loss":0,"event_name":"Bonfire Elementals","floor":12,"gold_loss":0},{"cards_removed":["Strike_R"],"damage_healed":0,"gold_gain":0,"player_choice":"Gave Gold","damage_taken":0,"max_hp_gain":0,"max_hp_loss":0,"event_name":"Beggar","floor":20,"gold_loss":75},{"damage_healed":0,"gold_gain":0,"player_choice":"Ignored","damage_taken":0,"max_hp_gain":0,"max_hp_loss":0,"event_name":"Vampires","floor":22,"gold_loss":0}],"is_beta":false,"boss_relics":[{"not_picked":["Tiny House","Empty Cage"],"picked":"Astrolabe"}],"items_purged_floors":[13],"is_endless":false,"potions_floor_spawned":[7,16,21],"killed_by":"Book of Stabbing","ascension_level":20}}