{"host":"y3h3n3f7seyagppx","time":1610122799,"event":{"mods":["BaseMod","Colored Map","Colored Powertips","DeckTracker","Minty Spire (QoL Compilation)","Random Character Button","Rare Cards Sparkle","Relic Sorter","Relic Stats","StSLib"],"gold_per_floor":[19,19,32,49,69,69,102,51,75,75,75,75],"floor_reached":11,"playtime":619,"items_purged":[],"score":146,"play_id":"83fdcf5d-51a5-4e6d-8f46-8b0d960fe2c9","local_time":"20210108111959","is_ascension_mode":true,"campfire_choices":[{"data":"Fiend Fire","floor":6,"key":"SMITH"},{"floor":10,"key":"REST"}],"circlet_count":0,"master_deck":["AscendersBane","Strike_R","Strike_R","Strike_R","Strike_R","Defend_R","Defend_R","Defend_R","Defend_R","Bash","Fiend Fire+1","Anger","Intimidate","Impervious"],"relics":["Burning Blood","Centennial Puzzle","Ancient Tea Set"],"acts_visited":["Exordium"],"potions_floor_usage":[7,11],"damage_taken":[{"damage":2,"enemies":"2 Louse","floor":1,"turns":4},{"damage":4,"enemies":"Jaw Worm","floor":3,"turns":4},{"damage":17,"enemies":"Small Slimes","floor":4,"turns":4},{"damage":15,"enemies":"3 Louse","floor":5,"turns":3},{"damage":52,"enemies":"Lagavulin","floor":7,"turns":9},{"damage":35,"enemies":"3 Sentries","floor":11,"turns":8}],"seed_played":"-2888168151241095125","potions_obtained":[{"floor":5,"key":"EssenceOfSteel"},{"floor":7,"key":"Strength Potion"}],"is_trial":false,"path_per_floor":["M","?","M","M","M","R","E","?","T","R","E"],"character_chosen":"IRONCLAD","items_purchased":[],"campfire_rested":1,"item_purchase_floors":[],"current_hp_per_floor":[72,72,74,63,54,54,8,8,8,30,0,0],"gold":75,"neow_bonus":"THREE_RARE_CARDS","is_daily":false,"chose_seed":false,"campfire_upgraded":1,"win_rate":0.0,"timestamp":1610122799,"path_taken":["M","?","M","M","M","R","E","?","T","R","E"],"items_purchased_type":[],"build_version":"2020-12-22","purchased_purges":0,"victory":false,"max_hp_per_floor":[75,75,75,75,75,75,75,75,75,75,75,75],"relic_stats":{"Centennial Puzzle":[3],"counters":[6,32],"obtain_stats":[{"Centennial Puzzle":7,"Ancient Tea Set":9,"Burning Blood":0},{"Centennial Puzzle":5,"Ancient Tea Set":5,"Burning Blood":0},{"Centennial Puzzle":24,"Ancient Tea Set":24,"Burning Blood":0}],"Burning Blood":30},"card_choices":[{"not_picked":["Juggernaut","Double Tap"],"picked":"Fiend Fire","floor":0},{"not_picked":["Headbutt","Body Slam"],"picked":"Anger","floor":1},{"not_picked":["Flex","Sever Soul","Heavy Blade"],"picked":"SKIP","floor":3},{"not_picked":["Bloodletting","Clash","Searing Blow"],"picked":"SKIP","floor":4},{"not_picked":["Wild Strike","Shrug It Off"],"picked":"Impervious","floor":5},{"not_picked":["Juggernaut","Hemokinesis","Iron Wave"],"picked":"SKIP","floor":7}],"player_experience":20477722,"relics_obtained":[{"floor":7,"key":"Centennial Puzzle"},{"floor":9,"key":"Ancient Tea Set"}],"event_choices":[{"damage_healed":0,"gold_gain":0,"cards_transformed":["Strike_R"],"player_choice":"Change","damage_taken":0,"max_hp_gain":0,"max_hp_loss":0,"event_name":"Living Wall","floor":2,"gold_loss":0,"cards_obtained":["Intimidate"]},{"damage_healed":0,"gold_gain":0,"player_choice":"Left Gold","damage_taken":0,"max_hp_gain":0,"max_hp_loss":0,"event_name":"World of Goop","floor":8,"gold_loss":51}],"is_beta":false,"boss_relics":[],"items_purged_floors":[],"is_endless":false,"potions_floor_spawned":[5,7],"killed_by":"3 Sentries","ascension_level":20}}