{"host":"ji1fk25fd1ga4ji1","time":1610084158,"event":{"mods":["2.2 Compatiblity","BaseMod","Colored Map","DeckTracker","Minty Spire (QoL Compilation)","Permanent Neow","Quick Restart","StSLib","SuperFastMode"],"gold_per_floor":[110,122,47,47,67,95,95,115,115,115,134,148,173,273,273,373,373,391,407,307,326,326,326,326],"floor_reached":23,"playtime":545,"items_purged":["Strike_R","Strike_R"],"score":213,"play_id":"80c3da52-3af9-42a1-b747-8f8efd0bca58","local_time":"20210108143558","is_ascension_mode":true,"campfire_choices":[{"data":"Demon Form","floor":7.0,"key":"SMITH"},{"floor":10.0,"key":"REST"},{"data":"Heavy Blade","floor":15.0,"key":"SMITH"}],"circlet_count":0,"master_deck":["Strike_R","Strike_R","Defend_R","Defend_R","Defend_R","Bash","Demon Form+1","Heavy Blade+1","Whirlwind","Twin Strike","Battle Trance","Berserk","Twin Strike"],"relics":["Burning Blood","Calipers","Empty Cage"],"acts_visited":["Exordium","TheCity"],"potions_floor_usage":[19,23],"damage_taken":[{"damage":6.0,"enemies":"Cultist","floor":1.0,"turns":3.0},{"damage":6.0,"enemies":"2 Louse","floor":2.0,"turns":3.0},{"damage":9.0,"enemies":"Jaw Worm","floor":5.0,"turns":4.0},{"damage":28.0,"enemies":"Gremlin Nob","floor":6.0,"turns":4.0},{"damage":28.0,"enemies":"Exordium Thugs","floor":8.0,"turns":5.0},{"damage":6.0,"enemies":"2 Fungi Beasts","floor":11.0,"turns":4.0},{"damage":6.0,"enemies":"Exordium Wildlife","floor":12.0,"turns":4.0},{"damage":27.0,"enemies":"3 Sentries","floor":13.0,"turns":7.0},{"damage":26.0,"enemies":"Hexaghost","floor":16.0,"turns":6.0},{"damage":10.0,"enemies":"Spheric Guardian","floor":18.0,"turns":3.0},{"damage":20,"enemies":"3 Byrds","floor":19,"turns":4},{"damage":15,"enemies":"Centurion and Healer","floor":21,"turns":5},{"damage":61,"enemies":"Book of Stabbing","floor":23,"turns":5}],"seed_played":"7723898891155363756","potions_obtained":[{"floor":2.0,"key":"PowerPotion"},{"floor":8.0,"key":"DistilledChaos"},{"floor":12.0,"key":"Fruit Juice"},{"floor":16.0,"key":"BlessingOfTheForge"},{"floor":18.0,"key":"Fire Potion"},{"floor":19,"key":"Dexterity Potion"}],"is_trial":false,"path_per_floor":["M","M","$","?","M","E","R","M","T","R","M","M","E","?","R","B",null,"M","M","$","M","?","E"],"character_chosen":"IRONCLAD","items_purchased":[],"campfire_rested":1,"item_purchase_floors":[],"current_hp_per_floor":[80,80,80,80,77,55,55,33,33,57,57,62,41,41,41,21,85,81,67,67,58,58,0,0],"gold":326,"neow_bonus":"ONE_RANDOM_RARE_CARD","is_daily":false,"chose_seed":false,"campfire_upgraded":2,"win_rate":0.0,"timestamp":1610084158,"path_taken":["M","M","$","?","M","E","R","M","T","R","M","M","E","?","R","BOSS","M","M","$","?","?","E"],"items_purchased_type":[],"build_version":"2020-12-22","purchased_purges":2,"victory":false,"max_hp_per_floor":[80,80,80,80,80,80,80,80,80,80,80,85,85,85,85,85,85,85,85,85,85,85,85,85],"card_choices":[{"not_picked":["Burning Pact","Perfected Strike"],"picked":"Heavy Blade","floor":1.0},{"not_picked":["Fire Breathing","Thunderclap"],"picked":"Whirlwind","floor":2.0},{"not_picked":["Heavy Blade","Burning Pact"],"picked":"Twin Strike","floor":5.0},{"not_picked":["Infernal Blade","Rupture"],"picked":"Battle Trance","floor":6.0},{"not_picked":["Demon Form","Fire Breathing","Cleave"],"picked":"SKIP","floor":8.0},{"not_picked":["Thunderclap","Anger","Perfected Strike"],"picked":"SKIP","floor":11.0},{"not_picked":["Headbutt","Rupture","Searing Blow"],"picked":"SKIP","floor":12.0},{"not_picked":["Heavy Blade","Seeing Red","Searing Blow"],"picked":"SKIP","floor":13.0},{"not_picked":["Bludgeon","Barricade"],"picked":"Berserk","floor":16.0},{"not_picked":["Headbutt","Reckless Charge","Combust"],"picked":"SKIP","floor":18.0},{"not_picked":["Twin Strike","Armaments","Shockwave+1"],"picked":"SKIP","floor":19},{"not_picked":["Impervious","Anger","Clash"],"picked":"SKIP","floor":21}],"player_experience":817351,"relics_obtained":[{"floor":13.0,"key":"Calipers"}],"event_choices":[{"damage_healed":0.0,"max_hp_gain":0.0,"max_hp_loss":0.0,"gold_gain":0.0,"event_name":"The Cleric","player_choice":"Leave","floor":4.0,"gold_loss":0.0,"damage_taken":0.0},{"damage_healed":0.0,"max_hp_gain":0.0,"max_hp_loss":0.0,"gold_gain":100.0,"event_name":"Golden Shrine","player_choice":"Pray","floor":14.0,"gold_loss":0.0,"damage_taken":0.0},{"damage_healed":0,"gold_gain":0,"player_choice":"1 cards matched","damage_taken":0,"max_hp_gain":0,"max_hp_loss":0,"event_name":"Match and Keep!","floor":22,"gold_loss":0,"cards_obtained":["Twin Strike"]}],"is_beta":false,"boss_relics":[{"not_picked":["Tiny House","Astrolabe"],"picked":"Empty Cage"}],"items_purged_floors":[3,20],"is_endless":false,"potions_floor_spawned":[2,8,12,16,18,19],"killed_by":"Book of Stabbing","ascension_level":1}}