{"host":"jjh4q36stpf13ldk","time":1610141788,"event":{"mods":["AchievementEnabler","BaseMod","Minty Spire (QoL Compilation)","Quick Restart","StSLib","The Vixen"],"gold_per_floor":[144,189,234,279,324,414,459,579,604,694,739,829,874,874,874,1174,1174,1219,1318,1363,1408,715,715,805,805,830,929,196,250,200,263,263,563,563,617,662,707,770,770,860,914,914,914,959,462,462,12,102,102,102,102],"floor_reached":50,"playtime":4015,"items_purged":["Bane","Masterful Stab","Dagger Spray","Dodge and Roll"],"score":793,"play_id":"e45a165a-6e81-4c98-996e-a1c28622cb3e","local_time":"20210108133628","daily_mods":["Draft","ControlledChaos","Midas"],"is_ascension_mode":false,"campfire_choices":[{"floor":15.0,"key":"REST"},{"floor":23,"key":"REST"},{"floor":25,"key":"REST"},{"floor":32,"key":"REST"},{"floor":42,"key":"REST"},{"floor":46,"key":"REST"},{"floor":49,"key":"REST"}],"circlet_count":0,"master_deck":["Slice","Blade Dance","Cloak And Dagger","Accuracy","Slice","Blade Dance","Footwork","Quick Slash","Underhanded Strike","Well Laid Plans","Prepared","Sucker Punch","Dagger Throw","Poisoned Stab","Dodge and Roll","Prepared","Blade Dance","Acrobatics","Reflex","Calculated Gamble","Storm of Steel","After Image","Cloak And Dagger","Blade Dance","Accuracy","Backflip+1","Cloak And Dagger","After Image","Cloak And Dagger","Adrenaline","Tactician+1","Acrobatics","Blade Dance+1","Infinite Blades","Prepared+1","Blade Dance","Infinite Blades"],"relics":["Ring of the Serpent","Frozen Eye","Meat on the Bone","Gremlin Horn","Boot","Molten Egg 2","Torii","InkBottle","Incense Burner","White Beast Statue","CeramicFish","Ninja Scroll","Vajra","Prayer Wheel","DollysMirror","Philosopher\u0027s Stone","StoneCalendar","Blue Candle","Regal Pillow","Oddly Smooth Stone","Tingsha","Bag of Preparation"],"acts_visited":["Exordium","TheCity","TheBeyond"],"potions_floor_usage":[24,24,31,33,35,37,48,50,50,50],"damage_taken":[{"damage":0.0,"enemies":"2 Louse","floor":1.0,"turns":1.0},{"damage":1.0,"enemies":"Small Slimes","floor":2.0,"turns":2.0},{"damage":5.0,"enemies":"Jaw Worm","floor":3.0,"turns":2.0},{"damage":4.0,"enemies":"Gremlin Gang","floor":4.0,"turns":3.0},{"damage":7.0,"enemies":"2 Fungi Beasts","floor":5.0,"turns":3.0},{"damage":6.0,"enemies":"Gremlin Nob","floor":6.0,"turns":3.0},{"damage":12.0,"enemies":"3 Louse","floor":7.0,"turns":3.0},{"damage":0.0,"enemies":"Gremlin Nob","floor":8.0,"turns":2.0},{"damage":3.0,"enemies":"3 Sentries","floor":10.0,"turns":3.0},{"damage":1.0,"enemies":"Blue Slaver","floor":11.0,"turns":2.0},{"damage":0.0,"enemies":"Gremlin Nob","floor":12.0,"turns":2.0},{"damage":0.0,"enemies":"Exordium Thugs","floor":13.0,"turns":2.0},{"damage":4.0,"enemies":"Hexaghost","floor":16.0,"turns":8.0},{"damage":2,"enemies":"Chosen","floor":18,"turns":3},{"damage":18,"enemies":"Shell Parasite","floor":20,"turns":4},{"damage":13,"enemies":"Sentry and Sphere","floor":21,"turns":6},{"damage":7,"enemies":"Book of Stabbing","floor":24,"turns":4},{"damage":3,"enemies":"Gremlin Leader","floor":27,"turns":3},{"damage":1,"enemies":"Shelled Parasite and Fungi","floor":29,"turns":3},{"damage":1,"enemies":"Centurion and Healer","floor":31,"turns":2},{"damage":47,"enemies":"Collector","floor":33,"turns":6},{"damage":0,"enemies":"3 Darklings","floor":35,"turns":5},{"damage":0,"enemies":"3 Shapes","floor":36,"turns":3},{"damage":22,"enemies":"Transient","floor":37,"turns":5},{"damage":32,"enemies":"Writhing Mass","floor":38,"turns":8},{"damage":0,"enemies":"Giant Head","floor":40,"turns":4},{"damage":3,"enemies":"4 Shapes","floor":41,"turns":2},{"damage":0,"enemies":"Jaw Worm Horde","floor":44,"turns":3},{"damage":0,"enemies":"Nemesis","floor":48,"turns":4},{"damage":71,"enemies":"Awakened One","floor":50,"turns":7}],"seed_played":"-6062085814737979882","potions_obtained":[{"floor":1.0,"key":"Weak Potion"},{"floor":8.0,"key":"SteroidPotion"},{"floor":10.0,"key":"SkillPotion"},{"floor":12.0,"key":"PowerPotion"},{"floor":13.0,"key":"SteroidPotion"},{"floor":16.0,"key":"Block Potion"},{"floor":18,"key":"AttackPotion"},{"floor":27,"key":"Explosive Potion"},{"floor":29,"key":"Poison Potion"},{"floor":31,"key":"Ancient Potion"},{"floor":33,"key":"DistilledChaos"},{"floor":35,"key":"GamblersBrew"},{"floor":36,"key":"EssenceOfSteel"},{"floor":37,"key":"BlessingOfTheForge"},{"floor":38,"key":"Swift Potion"},{"floor":40,"key":"LiquidMemories"},{"floor":48,"key":"Fire Potion"}],"is_trial":false,"path_per_floor":["M","M","M","M","M","E","M","?","T","E","M","E","M","?","R","B",null,"M","?","M","M","$","R","E","R","T","E","$","M","?","M","R","B",null,"M","M","M","M","?","E","M","R","T","M","$","R","$","E","R","B"],"character_chosen":"THE_SILENT","items_purchased":["InkBottle","Accuracy","Incense Burner","Vajra","Prayer Wheel","DollysMirror","Cloak And Dagger","Regal Pillow","Oddly Smooth Stone","Infinite Blades","Tingsha"],"campfire_rested":7,"item_purchase_floors":[22,22,22,28,28,28,28,45,45,45,47],"current_hp_per_floor":[70,69,64,60,53,47,47,47,47,44,43,43,43,36,57,53,70,68,68,50,37,37,58,51,70,70,67,67,66,66,65,70,35,70,70,70,48,28,28,40,37,58,58,58,58,70,70,70,70,0,0],"gold":102,"neow_bonus":"","is_daily":true,"chose_seed":false,"campfire_upgraded":0,"win_rate":0.0,"timestamp":1610141788,"path_taken":["M","M","M","M","M","E","M","?","T","E","M","E","M","?","R","BOSS","M","?","M","M","$","R","E","R","T","E","$","M","?","?","R","BOSS","M","M","M","M","?","E","M","R","T","M","$","R","$","E","R","BOSS"],"items_purchased_type":["Relic","Card","Relic","Relic","Relic","Relic","Card","Relic","Relic","Card","Relic"],"build_version":"2020-12-22","purchased_purges":4,"victory":false,"max_hp_per_floor":[70,70,70,70,70,70,70,70,70,70,70,70,70,70,70,70,70,70,70,70,70,70,70,70,70,70,70,70,70,70,70,70,70,70,70,70,70,70,70,70,70,70,70,70,70,70,70,70,70,70,70],"card_choices":[{"not_picked":["Well Laid Plans","Dagger Throw"],"picked":"Concentrate","floor":0.0},{"not_picked":["Eviscerate","Acrobatics"],"picked":"Slice","floor":0.0},{"not_picked":["PiercingWail","Acrobatics"],"picked":"Dagger Spray","floor":0.0},{"not_picked":["Underhanded Strike","Backstab"],"picked":"Blade Dance","floor":0.0},{"not_picked":["Blade Dance","Bane"],"picked":"Cloak And Dagger","floor":0.0},{"not_picked":["Dagger Spray","Escape Plan"],"picked":"Accuracy","floor":0.0},{"not_picked":["Bane","Poisoned Stab"],"picked":"Slice","floor":0.0},{"not_picked":["Dodge and Roll","Backstab"],"picked":"Masterful Stab","floor":0.0},{"not_picked":["Endless Agony","Leg Sweep"],"picked":"Blade Dance","floor":0.0},{"not_picked":["PiercingWail","Catalyst"],"picked":"Footwork","floor":0.0},{"not_picked":["Tactician","Setup"],"picked":"Quick Slash","floor":0.0},{"not_picked":["Dash","Eviscerate"],"picked":"Underhanded Strike","floor":0.0},{"not_picked":["Poisoned Stab","Underhanded Strike"],"picked":"Well Laid Plans","floor":0.0},{"not_picked":["Sucker Punch","Acrobatics"],"picked":"Prepared","floor":0.0},{"not_picked":["Bouncing Flask","Deadly Poison"],"picked":"Sucker Punch","floor":0.0},{"not_picked":["Crippling Poison","Flying Knee"],"picked":"Dagger Throw","floor":1.0},{"not_picked":["Acrobatics","Bane"],"picked":"Poisoned Stab","floor":2.0},{"not_picked":["Dagger Spray","Outmaneuver"],"picked":"Dodge and Roll","floor":3.0},{"not_picked":["Sucker Punch","Setup"],"picked":"Bane","floor":4.0},{"not_picked":["Outmaneuver","Backflip"],"picked":"Prepared","floor":5.0},{"not_picked":["Bullet Time","Leg Sweep","Dodge and Roll"],"picked":"SKIP","floor":6.0},{"not_picked":["Expertise","Blur"],"picked":"Blade Dance","floor":7.0},{"not_picked":["Underhanded Strike","Poisoned Stab"],"picked":"Acrobatics","floor":8.0},{"not_picked":["Poisoned Stab+1","Choke+1"],"picked":"Reflex","floor":10.0},{"not_picked":["Catalyst","Blur"],"picked":"Calculated Gamble","floor":11.0},{"not_picked":["Dash+1","Skewer+1"],"picked":"All Out Attack+1","floor":12.0},{"not_picked":["Dagger Spray+1","Acrobatics"],"picked":"Storm of Steel","floor":13.0},{"not_picked":["Bullet Time","Venomology"],"picked":"After Image","floor":16.0},{"not_picked":["Dash+1","Deflect"],"picked":"Dodge and Roll","floor":18},{"not_picked":["Bane+1","Acrobatics"],"picked":"Cloak And Dagger","floor":20},{"not_picked":["Catalyst","Heel Hook+1"],"picked":"Blade Dance","floor":21},{"not_picked":["Concentrate","Heel Hook+1"],"picked":"Backflip+1","floor":24},{"not_picked":["Underhanded Strike+1","Acrobatics"],"picked":"Cloak And Dagger","floor":27},{"not_picked":["Endless Agony+1","Deadly Poison"],"picked":"Adrenaline","floor":29},{"not_picked":["Underhanded Strike+1","Deflect","Flying Knee+1"],"picked":"SKIP","floor":29},{"not_picked":["Backstab+1","Noxious Fumes"],"picked":"Tactician+1","floor":31},{"not_picked":["Sucker Punch+1","Quick Slash+1"],"picked":"Acrobatics","floor":31},{"not_picked":["Poisoned Stab+1","Slice+1"],"picked":"Blade Dance+1","floor":35},{"not_picked":["Underhanded Strike+1","Slice+1","Sucker Punch+1"],"picked":"SKIP","floor":35},{"not_picked":["Caltrops+1","Footwork","Prepared"],"picked":"SKIP","floor":36},{"not_picked":["Catalyst","Deflect","Dagger Spray+1"],"picked":"SKIP","floor":36},{"not_picked":["Distraction+1","Noxious Fumes","Crippling Poison"],"picked":"SKIP","floor":37},{"not_picked":["Endless Agony+1","PiercingWail+1","Riddle With Holes+1"],"picked":"SKIP","floor":37},{"not_picked":["Bouncing Flask","Distraction+1"],"picked":"Infinite Blades","floor":38},{"not_picked":["Unload+1","Skewer+1"],"picked":"Prepared+1","floor":38},{"not_picked":["Catalyst+1","Deflect+1","Dash+1"],"picked":"SKIP","floor":40},{"not_picked":["Blur","Crippling Poison"],"picked":"Blade Dance","floor":41},{"not_picked":["Heel Hook+1","Tactician+1","Sucker Punch+1"],"picked":"SKIP","floor":41},{"not_picked":["Sucker Punch+1","Quick Slash+1","Underhanded Strike+1"],"picked":"SKIP","floor":44},{"not_picked":["Calculated Gamble+1","Leg Sweep+1","Deadly Poison"],"picked":"SKIP","floor":44},{"not_picked":["Bouncing Flask+1","Storm of Steel","Masterful Stab+1"],"picked":"SKIP","floor":48}],"player_experience":167402,"relics_obtained":[{"floor":6.0,"key":"Meat on the Bone"},{"floor":8.0,"key":"Gremlin Horn"},{"floor":9.0,"key":"Boot"},{"floor":10.0,"key":"Molten Egg 2"},{"floor":12.0,"key":"Torii"},{"floor":24,"key":"White Beast Statue"},{"floor":26,"key":"CeramicFish"},{"floor":27,"key":"Ninja Scroll"},{"floor":40,"key":"StoneCalendar"},{"floor":43,"key":"Blue Candle"},{"floor":48,"key":"Bag of Preparation"}],"event_choices":[{"damage_healed":0.0,"max_hp_gain":0.0,"max_hp_loss":0.0,"gold_gain":0.0,"event_name":"Dead Adventurer","player_choice":"Searched \u00271\u0027 times","floor":8.0,"gold_loss":0.0,"damage_taken":0.0},{"cards_removed":["Concentrate"],"damage_healed":0.0,"max_hp_gain":0.0,"max_hp_loss":0.0,"gold_gain":0.0,"event_name":"Golden Wing","player_choice":"Card Removal","floor":14.0,"gold_loss":0.0,"damage_taken":7.0},{"damage_healed":0,"gold_gain":99,"player_choice":"Stole From Cult","damage_taken":0,"max_hp_gain":0,"max_hp_loss":0,"event_name":"Nest","floor":19,"gold_loss":0},{"damage_healed":0,"gold_gain":0,"player_choice":"Bet on Owner","damage_taken":0,"max_hp_gain":0,"max_hp_loss":0,"event_name":"The Joust","floor":30,"gold_loss":50},{"cards_removed":["All Out Attack"],"damage_healed":0,"gold_gain":0,"player_choice":"Removed Attack","damage_taken":0,"max_hp_gain":0,"max_hp_loss":0,"event_name":"Falling","floor":39,"gold_loss":0}],"is_beta":false,"boss_relics":[{"not_picked":["Calling Bell","Runic Pyramid"],"picked":"Ring of the Serpent"},{"not_picked":["Sozu","Tiny House"],"picked":"Philosopher\u0027s Stone"}],"items_purged_floors":[22,28,45,47],"is_endless":false,"potions_floor_spawned":[1,8,10,12,13,16,18,20,27,29,31,33,35,36,37,38,40,41,44,48],"killed_by":"Awakened One","ascension_level":0}}