{"host":"dn6kke80v5f7isus","time":1610088097,"event":{"mods":["AchievementEnabler","Act Like it!","BaseMod","Colored Powertips","Custom Start","Defuse TimeMaze Blight","Downfall","Duelist Mod","Gremlin Skip","Highlight Path","Hubris","Infinite Spire","Minty Spire (QoL Compilation)","Rare Cards Sparkle","Replay The Spire","StSLib","Uncapped"],"gold_per_floor":[135,60,135,115,133,164,164,164,237,237,267,267,267,267],"floor_reached":13,"playtime":389,"items_purged":["theDuelist:Sparks"],"score":131,"play_id":"848c295a-60fa-42d0-93aa-197884cf8546","local_time":"20210108014137","is_ascension_mode":true,"campfire_choices":[{"data":"theDuelist:AncientGearBox","floor":10,"key":"SMITH"},{"floor":12,"key":"REST"}],"circlet_count":0,"master_deck":["theDuelist:Biofalcon","theDuelist:CastleWalls","theDuelist:CastleWalls","theDuelist:Deskbot004","theDuelist:Deskbot004","theDuelist:Deskbot005","theDuelist:Deskbot005","theDuelist:GreenGadget","theDuelist:Sparks","Thinking Ahead","theDuelist:AncientGearBox+1"],"relics":["theDuelist:MillenniumPuzzle","theDuelist:CardPoolRelic","theDuelist:CardPoolBasicRelic","theDuelist:BoosterPackPoolRelic","theDuelist:CardPoolAddRelic","theDuelist:CardPoolMinusRelic","theDuelist:CardPoolSaveRelic","theDuelist:CardPoolOptionsRelic","hexamod:BolsterEngine","Meat on the Bone","theDuelist:KaibaToken","Garlic","Toy Ornithopter"],"acts_visited":["Exordium"],"potions_floor_usage":[6,6,11],"damage_taken":[{"damage":10,"enemies":"Cultist","floor":1,"turns":4},{"damage":0,"enemies":"Small Slimes","floor":5,"turns":3},{"damage":0,"enemies":"Gremlin Nob","floor":6,"turns":2},{"damage":40,"enemies":"Lagavulin","floor":11,"turns":6},{"damage":0,"enemies":"3 Sentries","floor":13,"turns":1}],"seed_played":"-5454954711690058140","potions_obtained":[{"floor":1,"key":"theDuelist:FlamingBottle"},{"floor":4,"key":"Death Potion"},{"floor":5,"key":"LifebloodPotion"},{"floor":11,"key":"theDuelist:OrbBottle"}],"is_trial":false,"path_per_floor":["M","$","?","?","M","E","?","T","T","R","E","R","E"],"character_chosen":"THE_DUELIST","items_purchased":[],"campfire_rested":1,"item_purchase_floors":[],"current_hp_per_floor":[78,78,67,67,67,67,67,67,67,67,39,65,65,65],"gold":267,"neow_bonus":"TEN_PERCENT_HP_BONUS","is_daily":false,"chose_seed":false,"campfire_upgraded":1,"win_rate":0.0,"timestamp":1610088097,"path_taken":["M","$","?","?","?","E","?","?","T","R","E","R","E"],"items_purchased_type":[],"build_version":"2020-12-22","purchased_purges":1,"victory":false,"max_hp_per_floor":[88,88,88,88,88,88,88,88,88,88,88,88,88,88],"card_choices":[{"not_picked":["Metamorphosis","Panache","Swift Strike"],"picked":"Thinking Ahead","floor":1},{"not_picked":["theDuelist:BigFire","theDuelist:Hinotama","theDuelist:Sangan","theDuelist:JunkSpeeder","theDuelist:WormWarlord"],"picked":"SKIP","floor":5},{"not_picked":["theDuelist:ScrapBeast","theDuelist:BlastJuggler","theDuelist:StimPack","theDuelist:CemetaryBomb"],"picked":"theDuelist:AncientGearBox","floor":6},{"not_picked":["theDuelist:CyberArchfiend","theDuelist:Factory100Machines","theDuelist:ScrapBeast","theDuelist:Deskbot001","theDuelist:MachineDuplication"],"picked":"SKIP","floor":11}],"player_experience":548742,"relics_obtained":[{"floor":6,"key":"hexamod:BolsterEngine"},{"floor":8,"key":"theDuelist:KaibaToken"},{"floor":9,"key":"Garlic"},{"floor":11,"key":"Toy Ornithopter"}],"event_choices":[{"damage_healed":0,"gold_gain":75,"player_choice":"Gather Gold","damage_taken":11,"max_hp_gain":0,"max_hp_loss":0,"event_name":"World of Goop","floor":3,"gold_loss":0},{"damage_healed":0,"gold_gain":0,"player_choice":"Bought 1 Potion","damage_taken":0,"max_hp_gain":0,"max_hp_loss":0,"event_name":"The Woman in Blue","floor":4,"gold_loss":0},{"damage_healed":0,"gold_gain":0,"player_choice":"Searched \u00271\u0027 times","damage_taken":0,"relics_obtained":["Meat on the Bone"],"max_hp_gain":0,"max_hp_loss":0,"event_name":"Dead Adventurer","floor":7,"gold_loss":0}],"is_beta":false,"boss_relics":[],"items_purged_floors":[2],"is_endless":false,"potions_floor_spawned":[1,5,11],"killed_by":"3 Sentries","ascension_level":3}}