{"host":"ci7cmvrwpmzqnw7e","time":1610144761,"event":{"mods":["BaseMod","BetterRewards","Colored Map","Downfall","Hubris","Minty Spire (QoL Compilation)","Rare Cards Sparkle","Replay The Spire","Shop Mod","StSLib","The Bug Knight"],"gold_per_floor":[99,114,114,114,131,131,131,151,9,22,49,149,217,267,287,382,382,382,394,404,421,27,42,66,66,86,136,21,21,71,87,100,200,200,200,211,231,242,292,352,352,365,365,415,415,432,482,482,494,494,494,494],"floor_reached":50,"playtime":3314,"items_purged":["Sickly","Guardian:Strike_Guardian"],"score":490,"play_id":"7dae8366-a190-464c-a93e-67ac68608f2e","local_time":"20210108152601","is_ascension_mode":false,"campfire_choices":[{"data":"Guardian:TwinSlam","floor":1,"key":"SMITH"},{"data":"Guardian:PolyBeam","floor":6,"key":"SMITH"},{"data":"Guardian:SpikerProtocol","floor":18,"key":"SMITH"},{"data":"Guardian:FloatingOrbs","floor":25,"key":"SMITH"},{"data":"Guardian:DecasProtection","floor":29,"key":"SMITH"},{"data":"Guardian:Clone","floor":35,"key":"SMITH"},{"floor":43,"key":"REST"},{"floor":45,"key":"REST"},{"floor":48,"key":"REST"}],"circlet_count":0,"master_deck":["Guardian:Strike_Guardian","Guardian:Strike_Guardian","Guardian:Defend_Guardian","Guardian:Defend_Guardian","Guardian:Defend_Guardian","Guardian:Defend_Guardian","Guardian:CurlUp","Guardian:TwinSlam+1","Guardian:ExploitGems","Guardian:PolyBeam+1","Guardian:PiercingHide+1","Guardian:SpikerProtocol+1","Guardian:Recover","Guardian:WalkerClaw","Guardian:Clone+1","Guardian:StasisStrike+1","Guardian:DecasProtection+1","Guardian:FloatingOrbs+1","Guardian:SpikerProtocol+1","Guardian:BaubleBeam+1","Guardian:PrimingBeam+1","RitualDagger+1","Guardian:PrimingBeam","Guardian:RevengeProtocol+1","Guardian:Gem_Green","Guardian:Gem_Cyan","Guardian:ArmoredProtocol+1","Sickly","Parasite","Guardian:CrystalBeam+1"],"relics":["Guardian:ModeShifter","Golden Egg","hubris:TenFootPole","downfall:CloakOfManyFaces","CultistMask","FaceOfCleric","NlothsMask","GremlinMask","SsserpentHead","Ring of Chaos","hubris:EmptyBottle","Runic Dome","Toxic Egg 2","Ring of Hypnosis"],"acts_visited":["Exordium","TheCity","TheBeyond"],"potions_floor_usage":[12,12,16,33,33,33,33,42,42,46,49,50],"damage_taken":[{"damage":0,"enemies":"2 Louse","floor":2,"turns":2},{"damage":2,"enemies":"Jaw Worm","floor":5,"turns":3},{"damage":0,"enemies":"Small Slimes","floor":8,"turns":4},{"damage":0,"enemies":"downfall:FleeingMerchant","floor":9,"turns":4},{"damage":3,"enemies":"Blue Slaver","floor":10,"turns":3},{"damage":25,"enemies":"downfall:FaceTrader","floor":12,"turns":16},{"damage":0,"enemies":"2 Fungi Beasts","floor":13,"turns":5},{"damage":10,"enemies":"Lots of Slimes","floor":15,"turns":4},{"damage":21,"enemies":"downfall:Watcher","floor":16,"turns":12},{"damage":2,"enemies":"Spheric Guardian","floor":19,"turns":5},{"damage":0,"enemies":"Shell Parasite","floor":20,"turns":5},{"damage":5,"enemies":"Snecko","floor":21,"turns":6},{"damage":0,"enemies":"downfall:FleeingMerchant","floor":22,"turns":4},{"damage":18,"enemies":"3 Cultists","floor":23,"turns":5},{"damage":23,"enemies":"Centurion and Healer","floor":26,"turns":7},{"damage":0,"enemies":"downfall:FleeingMerchant","floor":28,"turns":4},{"damage":16,"enemies":"Sentry and Sphere","floor":31,"turns":5},{"damage":1,"enemies":"Snecko","floor":32,"turns":5},{"damage":7,"enemies":"downfall:Defect","floor":33,"turns":8},{"damage":7,"enemies":"3 Shapes","floor":36,"turns":8},{"damage":7,"enemies":"3 Darklings","floor":37,"turns":5},{"damage":25,"enemies":"Maw","floor":38,"turns":8},{"damage":28,"enemies":"Transient","floor":40,"turns":5},{"damage":22,"enemies":"Sphere and 2 Shapes","floor":42,"turns":10},{"damage":20,"enemies":"Spire Growth","floor":46,"turns":4},{"damage":0,"enemies":"Writhing Mass","floor":49,"turns":7},{"damage":85,"enemies":"downfall:Ironclad","floor":50,"turns":14}],"seed_played":"-6299557463286519924","potions_obtained":[{"floor":2,"key":"Guardian:DefensiveModePotion"},{"floor":5,"key":"AttackPotion"},{"floor":8,"key":"Swift Potion"},{"floor":15,"key":"SteroidPotion"},{"floor":19,"key":"Guardian:DefensiveModePotion"},{"floor":20,"key":"SkillPotion"},{"floor":26,"key":"LiquidMemories"},{"floor":27,"key":"CultistPotion"},{"floor":31,"key":"LiquidBronze"},{"floor":33,"key":"Milkshake"},{"floor":37,"key":"SkillPotion"},{"floor":38,"key":"Slimebound:ThreeZeroPotion"}],"is_trial":false,"path_per_floor":["R","M","?","?","M","R","T","M","$","M","T","?","M","?","M","B",null,"R","M","M","M","$","M","T","R","M","?","$","R","?","M","M","B",null,"R","M","M","M","?","M","T","M","R","?","R","M","?","R","M","B"],"character_chosen":"GUARDIAN","items_purchased":["Guardian:Gem_Red","Guardian:SpikerProtocol","Guardian:BaubleBeam","hubris:EmptyBottle"],"campfire_rested":3,"item_purchase_floors":[9,22,22,22],"current_hp_per_floor":[80,80,80,80,78,78,78,78,78,75,75,50,51,51,42,22,83,83,82,83,79,80,63,63,63,41,41,42,42,42,27,27,21,93,93,87,81,57,57,30,30,9,38,38,67,48,48,77,78,0,0,0],"gold":494,"neow_bonus":"THREE_RARE_CARDS","is_daily":false,"chose_seed":false,"campfire_upgraded":6,"win_rate":0.0,"timestamp":1610144761,"path_taken":["R","M","?","?","M","R","T","M","$","M","?","?","?","?","M","BOSS","R","M","M","M","$","M","T","R","M","?","$","R","?","M","M","BOSS","R","M","M","M","?","?","T","M","R","?","R","M","?","R","M","BOSS"],"items_purchased_type":["Card","Card","Card","Relic"],"build_version":"2020-12-22","purchased_purges":2,"victory":false,"max_hp_per_floor":[80,80,80,80,80,80,80,80,80,80,80,80,81,81,82,83,83,83,84,85,86,87,88,88,88,89,89,90,90,90,91,92,93,93,93,94,95,96,96,97,97,98,98,98,98,99,99,99,100,100,100,100],"card_choices":[{"not_picked":["Guardian:ConstructionForm","Guardian:FastForward"],"picked":"Guardian:ExploitGems","floor":0},{"not_picked":["Guardian:Planning","Guardian:Gem_Green"],"picked":"Guardian:PolyBeam","floor":2},{"not_picked":["Guardian:WalkerClaw","Guardian:PrismaticBarrier"],"picked":"Guardian:PiercingHide","floor":5},{"not_picked":["Guardian:TimeCapacitor","Guardian:RollAttack"],"picked":"Guardian:SpikerProtocol","floor":8},{"not_picked":["Guardian:FloatingOrbs","Guardian:ShieldCharger"],"picked":"Guardian:Gem_Blue","floor":9},{"not_picked":["Guardian:ChargeUp","Guardian:RefractedBeam"],"picked":"Guardian:Gem_Cyan","floor":10},{"not_picked":["Guardian:TimeCapacitor","Guardian:ShieldCharger"],"picked":"Guardian:Recover","floor":12},{"not_picked":["Guardian:Emergency","Guardian:BronzeOrb"],"picked":"Guardian:WalkerClaw","floor":13},{"not_picked":["Guardian:Recover","Guardian:BronzeArmor"],"picked":"Guardian:Clone","floor":15},{"not_picked":["Guardian:SphericShield","Guardian:Gem_Synthetic"],"picked":"Guardian:StasisStrike","floor":16},{"not_picked":["Guardian:ChargeCore","Guardian:ShieldCharger","Guardian:Recover"],"picked":"SKIP","floor":19},{"not_picked":["Guardian:Recover","Guardian:RollAttack"],"picked":"Guardian:DecasProtection","floor":20},{"not_picked":["Guardian:Recover+1","Guardian:MultiBeam"],"picked":"Guardian:FloatingOrbs","floor":21},{"not_picked":["Guardian:PiercingHide","Guardian:Reroute","Guardian:TemporalStrike"],"picked":"SKIP","floor":22},{"not_picked":["Guardian:CrystalBeam+1","Guardian:FastForward"],"picked":"Guardian:Gem_Green","floor":23},{"not_picked":["Guardian:Recover","Guardian:MultiBeam"],"picked":"Guardian:PrimingBeam+1","floor":26},{"not_picked":["Guardian:DecasProtection","Guardian:Emergency"],"picked":"Guardian:Gem_Cyan","floor":28},{"not_picked":["Guardian:TemporalShield","Guardian:ChargeCore+1"],"picked":"Guardian:Gem_Green","floor":31},{"not_picked":["Guardian:Reroute","Guardian:PrismaticBeam"],"picked":"Guardian:PrimingBeam","floor":32},{"not_picked":["Guardian:StasisStrike","Guardian:ConstructionForm"],"picked":"Guardian:RevengeProtocol","floor":33},{"not_picked":["Guardian:PiercingHide","Guardian:ChargeCore"],"picked":"Guardian:Gem_Green","floor":36},{"not_picked":["Guardian:Reroute+1","Guardian:Clone+1"],"picked":"Guardian:Gem_Crimson","floor":37},{"not_picked":["Guardian:ArmoredProtocol","Guardian:TimeBomb"],"picked":"Guardian:Gem_Cyan","floor":38},{"not_picked":["Guardian:Incinerate","Guardian:Clone"],"picked":"Guardian:Gem_Orange","floor":40},{"not_picked":["Guardian:PrismaticBarrier+1","Guardian:ChargeCore+1"],"picked":"Guardian:ArmoredProtocol+1","floor":42},{"not_picked":["Guardian:Gem_Green","Guardian:StasisStrike","Guardian:TemporalShield+1"],"picked":"SKIP","floor":46},{"not_picked":["Guardian:Gem_Red","Guardian:Gem_Lightblue"],"picked":"Guardian:CrystalBeam+1","floor":49}],"player_experience":22421,"relics_obtained":[{"floor":7,"key":"Golden Egg"},{"floor":11,"key":"hubris:TenFootPole"},{"floor":12,"key":"downfall:CloakOfManyFaces"},{"floor":41,"key":"Toxic Egg 2"},{"floor":44,"key":"Ring of Hypnosis"}],"event_choices":[{"damage_healed":0,"gold_gain":0,"player_choice":"Upgraded","damage_taken":0,"max_hp_gain":0,"max_hp_loss":0,"event_name":"Upgrade Shrine","floor":39,"gold_loss":0,"cards_upgraded":["Guardian:PiercingHide"]}],"is_beta":false,"boss_relics":[{"not_picked":["downfall:Hecktoplasm","Kintsugi"],"picked":"Ring of Chaos"},{"not_picked":["SlaversCollar","hubris:ScarierMask"],"picked":"Runic Dome"}],"items_purged_floors":[9,28],"is_endless":false,"potions_floor_spawned":[2,5,8,10,15,19,20,26,31,33,37,38,42],"killed_by":"downfall:Ironclad","ascension_level":0}}