{"host":"oy4pyvr762z5n0bb","time":1610090043,"event":{"mods":["AchievementEnabler","BaseMod","Colored Map","Colored Powertips","Googly Eyes","Key Reminder","Minty Spire (QoL Compilation)","Quick Restart","Relic Sorter","StSLib","SuperFastMode","Unceasing Turn Reminder","slay the spire mod where everything is the same but ironclad has a cowboy hat"],"gold_per_floor":[114,39,50,50,50,92,92,134,159,159,181,131,131,154,154,258,258,280,320,329,354,121,156,156,196,222,254,254,279,279,24,24,24,24],"floor_reached":33,"playtime":606,"items_purged":["Perfected Strike","Strike_R"],"score":518,"play_id":"454b694c-5b77-41d7-b70c-6905dafc5fb5","local_time":"20210107231403","is_ascension_mode":true,"campfire_choices":[{"data":"Pommel Strike","floor":7,"key":"SMITH"},{"data":"Cleave","floor":10,"key":"SMITH"},{"data":"Demon Form","floor":13,"key":"SMITH"},{"data":"Twin Strike","floor":15,"key":"SMITH"},{"data":"Limit Break","floor":24,"key":"SMITH"},{"data":"Impervious","floor":28,"key":"SMITH"},{"data":"Ghostly Armor","floor":32,"key":"SMITH"}],"circlet_count":0,"master_deck":["Strike_R","Strike_R","Strike_R","Defend_R","Defend_R","Defend_R","Defend_R","Bash","Disarm+1","Reckless Charge","Pommel Strike+1","Cleave+1","Demon Form+1","Twin Strike+1","Limit Break+1","Shrug It Off","Warcry+1","Impervious+1","Thunderclap+1","Shrug It Off","Sword Boomerang","Ghostly Armor+1","Intimidate+1"],"relics":["Burning Blood","NeowsBlessing","CeramicFish","Pen Nib","Nunchaku","Coffee Dripper","Red Mask","Anchor","Bronze Scales","Vajra","Potion Belt","Dream Catcher","Enchiridion","Toy Ornithopter"],"acts_visited":["Exordium","TheCity"],"potions_floor_usage":[19,25,25,27],"damage_taken":[{"damage":0,"enemies":"2 Louse","floor":1,"turns":1},{"damage":0,"enemies":"Jaw Worm","floor":3,"turns":1},{"damage":0,"enemies":"3 Sentries","floor":6,"turns":1},{"damage":29,"enemies":"Gremlin Nob","floor":8,"turns":4},{"damage":7,"enemies":"Small Slimes","floor":11,"turns":3},{"damage":20,"enemies":"Exordium Thugs","floor":14,"turns":4},{"damage":0,"enemies":"Slime Boss","floor":16,"turns":5},{"damage":18,"enemies":"Shell Parasite","floor":18,"turns":3},{"damage":0,"enemies":"Masked Bandits","floor":19,"turns":2},{"damage":13,"enemies":"Chosen","floor":21,"turns":4},{"damage":24,"enemies":"Slavers","floor":23,"turns":6},{"damage":14,"enemies":"Gremlin Leader","floor":25,"turns":4},{"damage":12,"enemies":"Book of Stabbing","floor":27,"turns":4},{"damage":14,"enemies":"Centurion and Healer","floor":29,"turns":5},{"damage":42,"enemies":"Automaton","floor":33,"turns":6}],"seed_played":"5457995017889337471","potions_obtained":[{"floor":3,"key":"SpeedPotion"},{"floor":6,"key":"BloodPotion"},{"floor":16,"key":"Explosive Potion"},{"floor":25,"key":"FearPotion"}],"is_trial":false,"path_per_floor":["M","$","M","?","?","E","R","E","T","R","M","?","R","M","R","B",null,"M","?","?","M","$","E","R","E","T","E","R","M","?","$","R","B"],"character_chosen":"IRONCLAD","items_purchased":["Reckless Charge","Anchor","Shrug It Off","Toy Ornithopter"],"campfire_rested":0,"item_purchase_floors":[2,22,22,31],"current_hp_per_floor":[78,78,80,80,85,85,85,62,62,62,61,61,61,47,47,53,77,65,71,71,64,64,46,46,55,55,49,49,41,25,25,25,0,0],"gold":24,"neow_bonus":"THREE_ENEMY_KILL","is_daily":false,"chose_seed":false,"campfire_upgraded":7,"win_rate":0.0,"timestamp":1610090043,"path_taken":["M","$","M","?","?","E","R","E","T","R","M","?","R","M","R","BOSS","M","?","?","M","$","E","R","E","T","E","R","?","?","$","R","BOSS"],"items_purchased_type":["Card","Relic","Card","Relic"],"build_version":"2020-12-22","purchased_purges":2,"victory":false,"max_hp_per_floor":[80,80,80,80,85,85,85,85,85,85,85,85,85,85,85,85,85,85,85,85,85,85,85,85,85,85,85,85,85,85,85,85,85,85],"card_choices":[{"not_picked":["Shrug It Off","Seeing Red"],"picked":"Disarm","floor":1},{"not_picked":["True Grit","Sword Boomerang"],"picked":"Perfected Strike","floor":3},{"not_picked":["Searing Blow","Sever Soul"],"picked":"Pommel Strike","floor":6},{"not_picked":["Shrug It Off","Reckless Charge"],"picked":"Cleave","floor":8},{"not_picked":["Wild Strike","Headbutt"],"picked":"Demon Form","floor":11},{"not_picked":["Reckless Charge","Burning Pact"],"picked":"Twin Strike","floor":14},{"not_picked":["Berserk","Brutality"],"picked":"Limit Break","floor":16},{"not_picked":["Havoc","Body Slam"],"picked":"Shrug It Off","floor":18},{"not_picked":["Sentinel","Heavy Blade"],"picked":"Warcry+1","floor":19},{"not_picked":["Havoc","Twin Strike+1"],"picked":"Thunderclap+1","floor":21},{"not_picked":["Evolve","Berserk"],"picked":"Sword Boomerang","floor":23},{"not_picked":["Iron Wave","Perfected Strike"],"picked":"Ghostly Armor","floor":25},{"not_picked":["Clothesline","Dark Embrace+1","Juggernaut"],"picked":"SKIP","floor":27},{"not_picked":["Headbutt","Iron Wave"],"picked":"Intimidate+1","floor":29}],"player_experience":720370,"relics_obtained":[{"floor":6,"key":"CeramicFish"},{"floor":8,"key":"Pen Nib"},{"floor":9,"key":"Nunchaku"},{"floor":19,"key":"Red Mask"},{"floor":23,"key":"Bronze Scales"},{"floor":25,"key":"Vajra"},{"floor":26,"key":"Potion Belt"},{"floor":27,"key":"Dream Catcher"},{"floor":30,"key":"Enchiridion"}],"event_choices":[{"damage_healed":0,"gold_gain":0,"player_choice":"Grow","damage_taken":0,"max_hp_gain":0,"max_hp_loss":0,"event_name":"Living Wall","floor":4,"gold_loss":0,"cards_upgraded":["Disarm"]},{"damage_healed":0,"gold_gain":0,"player_choice":"Donut","damage_taken":0,"max_hp_gain":5,"max_hp_loss":0,"event_name":"Big Fish","floor":5,"gold_loss":0},{"cards_removed":["Strike_R"],"damage_healed":0,"gold_gain":0,"player_choice":"Card Removal","damage_taken":0,"max_hp_gain":0,"max_hp_loss":0,"event_name":"The Cleric","floor":12,"gold_loss":50},{"damage_healed":0,"gold_gain":0,"player_choice":"Fought Bandits","damage_taken":0,"max_hp_gain":0,"max_hp_loss":0,"event_name":"Masked Bandits","floor":19,"gold_loss":0},{"damage_healed":0,"gold_gain":0,"player_choice":"Read","damage_taken":0,"max_hp_gain":0,"max_hp_loss":0,"event_name":"The Library","floor":20,"gold_loss":0,"cards_obtained":["Impervious"]},{"damage_healed":0,"gold_gain":0,"player_choice":"Obtained Book","damage_taken":16,"max_hp_gain":0,"max_hp_loss":0,"event_name":"Cursed Tome","floor":30,"gold_loss":0}],"is_beta":false,"boss_relics":[{"not_picked":["Tiny House","SacredBark"],"picked":"Coffee Dripper"}],"items_purged_floors":[22,31],"is_endless":false,"potions_floor_spawned":[3,6,16,25],"killed_by":"Automaton","ascension_level":7}}