{"host":"8i4doyxqctgl5qb0","time":1610069559,"event":{"mods":["AchievementEnabler","BaseMod","Block Reminder","Colored Powertips","Downfall","Minty Spire (QoL Compilation)","Permanent Neow","Potion Indicator Mod","Rare Cards Sparkle","StSLib","SuperFastMode"],"gold_per_floor":[0,20,32,43,43,78,78,3,29,14,14,26,36,36,49,49,49,49],"floor_reached":16,"playtime":813,"items_purged":[],"score":137,"play_id":"edbda061-516e-442e-b70f-2596753300a5","local_time":"20210108093239","is_ascension_mode":false,"campfire_choices":[{"data":"Guardian:TwinSlam","floor":1.0,"key":"SMITH"},{"floor":8.0,"key":"RECALL"},{"floor":11.0,"key":"REST"}],"circlet_count":0,"master_deck":["Guardian:Strike_Guardian","Guardian:Strike_Guardian","Guardian:Strike_Guardian","Guardian:Strike_Guardian","Guardian:Defend_Guardian","Guardian:Defend_Guardian","Guardian:Defend_Guardian","Guardian:Defend_Guardian","Guardian:CurlUp","Guardian:TwinSlam+1","Guardian:Harden","Guardian:PiercingHide","Guardian:EvasiveProtocol","Guardian:BronzeArmor","Guardian:Gem_Red","Guardian:FierceBash","Guardian:RollAttack"],"relics":["Guardian:ModeShifter","Mango","Kunai","downfall:HeartBlessingBlue","Ornamental Fan"],"acts_visited":["Exordium"],"potions_floor_usage":[],"damage_taken":[{"damage":1.0,"enemies":"Cultist","floor":2.0,"turns":3.0},{"damage":0.0,"enemies":"Small Slimes","floor":3.0,"turns":4.0},{"damage":3.0,"enemies":"Jaw Worm","floor":4.0,"turns":4.0},{"damage":31.0,"enemies":"Gremlin Nob","floor":6.0,"turns":6.0},{"damage":38.0,"enemies":"Lagavulin","floor":9.0,"turns":20.0},{"damage":0.0,"enemies":"downfall:FleeingMerchant","floor":10.0,"turns":4.0},{"damage":10.0,"enemies":"Large Slime","floor":12.0,"turns":9.0},{"damage":2.0,"enemies":"Exordium Wildlife","floor":13.0,"turns":4.0},{"damage":0.0,"enemies":"Red Slaver","floor":15.0,"turns":4.0},{"damage":52,"enemies":"downfall:Defect","floor":16,"turns":11}],"seed_played":"-3932786923561781913","potions_obtained":[{"floor":4.0,"key":"SkillPotion"},{"floor":9.0,"key":"Ancient Potion"},{"floor":12.0,"key":"Explosive Potion"},{"floor":13.0,"key":"Ancient Potion"}],"is_trial":false,"path_per_floor":["R","M","M","M","?","E","T","R","E","$","R","M","M","?","M","B"],"character_chosen":"GUARDIAN","items_purchased":[],"campfire_rested":1,"item_purchase_floors":[],"current_hp_per_floor":[94,93,93,90,90,59,59,69,31,31,62,52,50,50,50,0,0,0],"gold":49,"neow_bonus":"ONE_RARE_RELIC","is_daily":false,"chose_seed":false,"campfire_upgraded":1,"win_rate":0.0,"timestamp":1610069559,"path_taken":["R","M","?","M","?","E","T","R","E","$","R","M","?","?","M","BOSS"],"items_purchased_type":[],"build_version":"2020-12-22","purchased_purges":0,"victory":false,"max_hp_per_floor":[94,94,94,94,94,94,94,104,104,104,104,104,104,104,104,104,104,104],"card_choices":[{"not_picked":["Guardian:TemporalStrike","Guardian:WalkerClaw"],"picked":"Guardian:Harden","floor":2.0},{"not_picked":["Guardian:Reroute","Guardian:Preprogram"],"picked":"Guardian:Gem_Cyan","floor":3.0},{"not_picked":["Guardian:Emergency","Guardian:MultiBeam"],"picked":"Guardian:PiercingHide","floor":4.0},{"not_picked":["Guardian:Gem_Lightblue","Guardian:Suspension"],"picked":"Guardian:EvasiveProtocol","floor":6.0},{"not_picked":["Guardian:Planning","Guardian:TimeBomb"],"picked":"Guardian:BronzeArmor","floor":9.0},{"not_picked":["Guardian:Suspension","Guardian:CrystalBeam"],"picked":"Guardian:Gem_Crimson","floor":10.0},{"not_picked":["Guardian:BronzeOrb","Guardian:PrimingBeam"],"picked":"Guardian:Gem_Red","floor":12.0},{"not_picked":["Guardian:Gem_Fragmented","Guardian:BronzeOrb"],"picked":"Guardian:FierceBash","floor":13.0},{"not_picked":["Guardian:Recover","Guardian:CrystalBeam"],"picked":"Guardian:RollAttack","floor":15.0}],"player_experience":121675,"relics_obtained":[{"floor":6.0,"key":"Kunai"},{"floor":9.0,"key":"Ornamental Fan"}],"event_choices":[{"damage_healed":0.0,"max_hp_gain":0.0,"max_hp_loss":0.0,"gold_gain":0.0,"event_name":"FaceTrader","player_choice":"Leave","floor":5.0,"gold_loss":0.0,"damage_taken":0.0}],"is_beta":false,"boss_relics":[],"items_purged_floors":[],"is_endless":false,"potions_floor_spawned":[4,9,12,13],"killed_by":"downfall:Defect","ascension_level":0}}