{"host":"9tzam4717zt8ei1o","time":1610133788,"event":{"mods":["BaseMod","Colored Map","Keyboard Shortcuts","Minty Spire (QoL Compilation)","Quick Restart","StSLib","SuperFastMode"],"gold_per_floor":[115,134,134,154,170,170,183,183,209,238,249,249,249,280,280,378,378,391,120,145,145,145],"floor_reached":21,"playtime":445,"items_purged":[],"score":382,"play_id":"ffe3b090-aaf0-4bd2-944e-69d24b22642b","local_time":"20210109042308","is_ascension_mode":true,"campfire_choices":[{"data":"Evolve","floor":6.0,"key":"SMITH"},{"data":"Uppercut","floor":8.0,"key":"SMITH"},{"data":"Pommel Strike","floor":13.0,"key":"SMITH"},{"data":"Bash","floor":15.0,"key":"SMITH"}],"circlet_count":0,"master_deck":["AscendersBane","Strike_R","Strike_R","Strike_R","Strike_R","Defend_R","Defend_R","Defend_R","Defend_R","Bash+1","Wild Strike+1","Second Wind","Uppercut+1","Evolve+1","Pommel Strike+1","Barricade","Cleave+1","Burning Pact"],"relics":["Burning Blood","Nunchaku","MealTicket","Golden Idol","Regal Pillow","Cursed Key","Shuriken"],"acts_visited":["Exordium","TheCity"],"potions_floor_usage":[21],"damage_taken":[{"damage":7.0,"enemies":"2 Louse","floor":1.0,"turns":4.0},{"damage":12.0,"enemies":"Cultist","floor":2.0,"turns":4.0},{"damage":11.0,"enemies":"Small Slimes","floor":4.0,"turns":5.0},{"damage":0.0,"enemies":"3 Louse","floor":5.0,"turns":3.0},{"damage":7.0,"enemies":"2 Fungi Beasts","floor":7.0,"turns":4.0},{"damage":5.0,"enemies":"Lagavulin","floor":10.0,"turns":3.0},{"damage":17.0,"enemies":"Large Slime","floor":11.0,"turns":7.0},{"damage":30.0,"enemies":"Gremlin Nob","floor":14.0,"turns":4.0},{"damage":22.0,"enemies":"Hexaghost","floor":16.0,"turns":9.0},{"damage":32.0,"enemies":"3 Byrds","floor":18.0,"turns":6.0},{"damage":11.0,"enemies":"2 Thieves","floor":20.0,"turns":3.0},{"damage":45,"enemies":"Shelled Parasite and Fungi","floor":21,"turns":5}],"seed_played":"-1009280771644943596","potions_obtained":[{"floor":4.0,"key":"DistilledChaos"},{"floor":5.0,"key":"Explosive Potion"},{"floor":10.0,"key":"Regen Potion"},{"floor":18.0,"key":"LiquidMemories"},{"floor":20.0,"key":"Block Potion"}],"is_trial":false,"path_per_floor":["M","M","?","M","M","R","M","R","T","E","M","?","R","E","R","B",null,"M","$","M","M"],"character_chosen":"IRONCLAD","items_purchased":["Shuriken"],"campfire_rested":0,"item_purchase_floors":[19],"current_hp_per_floor":[67,61,61,56,62,62,61,61,61,62,51,51,51,27,27,26,58,32,47,42,0,0],"gold":145,"neow_bonus":"REMOVE_CARD","is_daily":false,"chose_seed":false,"campfire_upgraded":4,"win_rate":0.0,"timestamp":1610133788,"path_taken":["M","M","?","?","M","R","M","R","T","E","M","?","R","E","R","BOSS","M","$","M","M"],"items_purchased_type":["Relic"],"build_version":"2020-12-22","purchased_purges":0,"victory":false,"max_hp_per_floor":[75,75,75,75,75,75,75,75,75,75,75,68,68,68,68,68,68,68,68,68,68,68],"card_choices":[{"not_picked":["Thunderclap","Reckless Charge"],"picked":"Wild Strike","floor":1.0},{"not_picked":["Shrug It Off","Spot Weakness"],"picked":"Second Wind","floor":2.0},{"not_picked":["Perfected Strike","Dropkick"],"picked":"Uppercut","floor":4.0},{"not_picked":["Flex","Seeing Red"],"picked":"Evolve","floor":5.0},{"not_picked":["Anger","Cleave"],"picked":"Pommel Strike","floor":7.0},{"not_picked":["Evolve","Ghostly Armor","Wild Strike"],"picked":"SKIP","floor":10.0},{"not_picked":["Evolve","Ghostly Armor","Wild Strike"],"picked":"SKIP","floor":10.0},{"not_picked":["Bloodletting","Havoc","Searing Blow"],"picked":"SKIP","floor":11.0},{"not_picked":["Perfected Strike","Uppercut","Burning Pact"],"picked":"SKIP","floor":14.0},{"not_picked":["Juggernaut","Offering"],"picked":"Barricade","floor":16.0},{"not_picked":["Dual Wield","Headbutt"],"picked":"Cleave+1","floor":18.0},{"not_picked":["Pummel","Spot Weakness"],"picked":"Burning Pact","floor":20.0}],"player_experience":163692,"relics_obtained":[{"floor":9.0,"key":"Nunchaku"},{"floor":10.0,"key":"MealTicket"},{"floor":14.0,"key":"Regal Pillow"}],"event_choices":[{"damage_healed":0.0,"max_hp_gain":0.0,"max_hp_loss":0.0,"gold_gain":0.0,"event_name":"Upgrade Shrine","player_choice":"Upgraded","floor":3.0,"gold_loss":0.0,"damage_taken":0.0,"cards_upgraded":["Wild Strike"]},{"damage_healed":0.0,"max_hp_gain":0.0,"max_hp_loss":7.0,"gold_gain":0.0,"event_name":"Golden Idol","player_choice":"Lose Max HP","floor":12.0,"gold_loss":0.0,"damage_taken":0.0,"relics_obtained":["Golden Idol"]}],"is_beta":false,"boss_relics":[{"not_picked":["Snecko Eye","Runic Cube"],"picked":"Cursed Key"}],"items_purged_floors":[],"is_endless":false,"potions_floor_spawned":[4,5,10,18,20],"killed_by":"Shelled Parasite and Fungi","ascension_level":20}}