{"host":"chv1qanoipyt46jc","time":1610136553,"event":{"mods":["2.2 Compatiblity","AchievementEnabler","Bartender","BaseMod","BetterRewards","CapriCore","Card Filter","Evolution","Gold Saver","Grow up Mod","Minty Spire (QoL Compilation)","Rare Cards Sparkle","Relic Filter","Remove Card Discount Mod","Reorder Act Four","StSLib"],"gold_per_floor":[739,751,766,777,790,815,829,827,852,852,865,879,879,899,899,996,996,1006,1020,1038,1049,1043,1043,1061,1095,1095,1124,1124,1124,1135,1153,1153,1251,1251,1261,1274,1272,1285,1295,1295,1309,1309,1309,1309,1309,1309,1335,1345,1345,1345,1345,1302,1302,1335,1335],"floor_reached":56,"playtime":1874,"items_purged":["Dancing_Jab","Dancing_Jab","Dancing_Jab","Dancing_Jab","Center_Self","Center_Self","Center_Self","Center_Self","Somersault+1","Cross+1","With_A_Twist+1","Snap_Punch+1"],"score":1649,"play_id":"1c570f2b-b082-4cde-bf52-3bbf0a0f2715","local_time":"20210108140913","is_ascension_mode":false,"campfire_choices":[{"floor":10,"key":"RECALL"},{"data":"Cross","floor":13,"key":"SMITH"},{"data":"Somersault","floor":15,"key":"SMITH"},{"data":"Dolphin_Blow","floor":23,"key":"SMITH"},{"data":"Snap_Punch","floor":28,"key":"SMITH"},{"floor":32,"key":"REST"},{"data":"Dolphin_Blow","floor":40,"key":"SMITH"},{"data":"Raptor_Form","floor":53,"key":"SMITH"}],"circlet_count":0,"master_deck":["Dolphin_Blow+1","Form_Shift+1","Dolphin_Blow+1","Raptor_Form+1"],"relics":["Sneakers","EVO:Axolotl","Toxic Egg 2","Gremlin Horn","Membership Card","Sundial","Singing Bowl","Piano_Music","Black Star","Pen Nib","Ornamental Fan","Tiny Chest","Cowboy_Hat","Art of War","Coffee Dripper","Bottled Lightning","Boot","Blood Vial","InkBottle"],"acts_visited":["Exordium","TheCity","TheBeyond","TheEnding"],"potions_floor_usage":[55,55,55,55,55,55],"damage_taken":[{"damage":0,"enemies":"Cultist","floor":1,"turns":2},{"damage":0,"enemies":"Small Slimes","floor":2,"turns":1},{"damage":0,"enemies":"Jaw Worm","floor":3,"turns":1},{"damage":0,"enemies":"Looter","floor":4,"turns":1},{"damage":0,"enemies":"Blue Slaver","floor":5,"turns":1},{"damage":0,"enemies":"3 Sentries","floor":6,"turns":1},{"damage":0,"enemies":"Red Slaver","floor":7,"turns":1},{"damage":0,"enemies":"Large Slime","floor":11,"turns":1},{"damage":0,"enemies":"Looter","floor":12,"turns":1},{"damage":0,"enemies":"Blue Slaver","floor":14,"turns":1},{"damage":36,"enemies":"The Guardian","floor":16,"turns":3},{"damage":7,"enemies":"Shell Parasite","floor":18,"turns":2},{"damage":8,"enemies":"3 Byrds","floor":19,"turns":2},{"damage":0,"enemies":"3 Cultists","floor":20,"turns":2},{"damage":10,"enemies":"Cultist and Chosen","floor":21,"turns":2},{"damage":8,"enemies":"Snecko","floor":24,"turns":3},{"damage":0,"enemies":"Slavers","floor":25,"turns":1},{"damage":0,"enemies":"Book of Stabbing","floor":27,"turns":1},{"damage":0,"enemies":"3 Cultists","floor":30,"turns":2},{"damage":0,"enemies":"Shelled Parasite and Fungi","floor":31,"turns":1},{"damage":0,"enemies":"Automaton","floor":33,"turns":2},{"damage":0,"enemies":"Orb Walker","floor":35,"turns":1},{"damage":0,"enemies":"3 Darklings","floor":36,"turns":1},{"damage":0,"enemies":"Jaw Worm Horde","floor":38,"turns":1},{"damage":0,"enemies":"Sphere and 2 Shapes","floor":39,"turns":1},{"damage":0,"enemies":"Transient","floor":41,"turns":1},{"damage":0,"enemies":"Writhing Mass","floor":48,"turns":1},{"damage":85,"enemies":"Time Eater","floor":50,"turns":8},{"damage":0,"enemies":"Shield and Spear","floor":54,"turns":2},{"damage":80,"enemies":"The Heart","floor":55,"turns":5}],"seed_played":"5333828182370624454","potions_obtained":[{"floor":2,"key":"SmokeBomb"},{"floor":3,"key":"LiquidBronze"},{"floor":5,"key":"SkillPotion"},{"floor":12,"key":"Strength Potion"},{"floor":14,"key":"EntropicBrew"}],"is_trial":false,"path_per_floor":["M","M","M","M","M","E","M","$","T","R","M","M","R","M","R","B",null,"M","M","M","M","$","R","M","E","T","E","R","?","M","M","R","B",null,"M","M","$","M","M","R","M","R","T","?","?","R","T","M","R","B",null,"$","R","E","B",null],"character_chosen":"BARTENDER","items_purchased":["Toxic Egg 2","Gremlin Horn","Membership Card","Sundial","Singing Bowl","With_A_Twist+1","Cross","Raptor_Form"],"campfire_rested":1,"item_purchase_floors":[0,0,0,0,0,0,0,52],"current_hp_per_floor":[51,63,75,87,99,111,123,133,143,153,165,177,187,199,209,183,272,277,281,291,293,303,313,317,329,339,351,361,371,383,395,438,448,458,470,482,492,504,516,526,538,548,558,568,578,588,598,610,620,545,640,650,660,672,602],"gold":1335,"neow_bonus":"","is_daily":false,"chose_seed":false,"campfire_upgraded":6,"win_rate":0.0,"timestamp":1610136553,"path_taken":["M","M","M","M","M","E","M","$","T","R","M","M","R","?","R","BOSS","M","M","M","M","$","R","M","E","T","E","R","?","M","M","R","BOSS","M","M","$","M","M","R","M","R","T","?","?","R","?","?","R","BOSS","$","R","E","BOSS"],"items_purchased_type":["Relic","Relic","Relic","Relic","Relic","Card","Card","Card"],"build_version":"2020-12-22","purchased_purges":12,"victory":true,"max_hp_per_floor":[94,106,118,130,142,154,166,176,186,196,208,220,230,242,252,262,272,284,296,306,318,328,338,350,362,372,384,394,404,416,428,438,448,458,470,482,492,504,516,526,538,548,558,568,578,588,598,610,620,630,640,650,660,672,682],"card_choices":[{"not_picked":["Snap_Punch","With_A_Twist+1"],"picked":"Bitters+1","floor":1},{"not_picked":["Cross","Fading_Blow","Bitters+1"],"picked":"Singing Bowl","floor":2},{"not_picked":["Ripple+1","Cross","Bicycle_Kick"],"picked":"Singing Bowl","floor":3},{"not_picked":["Sucker_Punch","On_The_House+1","Hook"],"picked":"Singing Bowl","floor":4},{"not_picked":["Step_Of_The_Wind+1","Bitters+1","With_A_Twist+1"],"picked":"Singing Bowl","floor":5},{"not_picked":["Free_Pour+1","Wall_of_Ice+1","Pony_Shot"],"picked":"Singing Bowl","floor":6},{"not_picked":["Hook","On_The_Rocks+1","Foot_Thrust"],"picked":"Singing Bowl","floor":7},{"not_picked":["Ball_Of_Ice+1","Patience","Sucker_Punch"],"picked":"Singing Bowl","floor":11},{"not_picked":["With_A_Twist+1","Ripple+1","Vortex"],"picked":"Singing Bowl","floor":12},{"not_picked":["Cross","Center_Self+1","Step_Of_The_Wind+1"],"picked":"Singing Bowl","floor":14},{"not_picked":["Form_Shift+1","Patience"],"picked":"Dolphin_Blow","floor":16},{"not_picked":["Ball_Of_Ice+1","Stick_and_Move","Center_Self+1"],"picked":"Singing Bowl","floor":18},{"not_picked":["Greased_Lightning+1","With_A_Twist+1","Fading_Blow"],"picked":"Singing Bowl","floor":19},{"not_picked":["Stick_and_Move","Surge+1"],"picked":"Snap_Punch","floor":20},{"not_picked":["Well_Drinks+1","Power_Up_Punch","Cross"],"picked":"Singing Bowl","floor":21},{"not_picked":["Momentum","Mirage+1","Alacrity+1"],"picked":"Singing Bowl","floor":24},{"not_picked":["Ripple+1","Glare+1","Coeurl_Form"],"picked":"Singing Bowl","floor":25},{"not_picked":["Pony_Shot","Waterkick","Surge+1"],"picked":"Singing Bowl","floor":27},{"not_picked":["Pony_Shot","Raptor_Form","Power_Up_Punch"],"picked":"Singing Bowl","floor":30},{"not_picked":["Fight_Dirty","Fading_Blow","Bloodbath_Bartender+1"],"picked":"Singing Bowl","floor":31},{"not_picked":["Top_Shelf+1","Form_Shift+1"],"picked":"Dolphin_Blow","floor":33},{"not_picked":["Sucker_Punch+1","With_A_Twist+1","Foot_Thrust+1"],"picked":"Singing Bowl","floor":35},{"not_picked":["Cross","Fading_Blow","Coeurl_Form"],"picked":"Singing Bowl","floor":36},{"not_picked":["Sucker_Punch","Meteodrive","With_A_Twist+1"],"picked":"Singing Bowl","floor":38},{"not_picked":["Free_Pour+1","Rope_A_Dope","Foot_Thrust"],"picked":"Singing Bowl","floor":39},{"not_picked":["Fading_Blow+1","Snap_Punch","Dart+1"],"picked":"Singing Bowl","floor":41},{"not_picked":["Well_Drinks+1","Top_Shelf+1","Ball_Of_Ice+1"],"picked":"Singing Bowl","floor":48},{"not_picked":["Meteodrive","ThreeSidedStar","Windup+1"],"picked":"Singing Bowl","floor":54}],"player_experience":383674,"relics_obtained":[{"floor":6,"key":"Piano_Music"},{"floor":25,"key":"Pen Nib"},{"floor":25,"key":"Ornamental Fan"},{"floor":26,"key":"Tiny Chest"},{"floor":27,"key":"Cowboy_Hat"},{"floor":27,"key":"Art of War"},{"floor":43,"key":"Bottled Lightning"},{"floor":47,"key":"Boot"},{"floor":54,"key":"Blood Vial"},{"floor":54,"key":"InkBottle"}],"event_choices":[{"damage_healed":0,"gold_gain":0,"player_choice":"Read","damage_taken":0,"max_hp_gain":0,"max_hp_loss":0,"event_name":"The Library","floor":29,"gold_loss":0,"cards_obtained":["Form_Shift"]},{"cards_removed":["Bitters"],"damage_healed":0,"gold_gain":0,"player_choice":"Removed Skill","damage_taken":0,"max_hp_gain":0,"max_hp_loss":0,"event_name":"Falling","floor":44,"gold_loss":0},{"damage_healed":0,"gold_gain":0,"player_choice":"Ignored","damage_taken":0,"max_hp_gain":0,"max_hp_loss":0,"event_name":"Tomb of Lord Red Mask","floor":45,"gold_loss":0}],"is_beta":false,"boss_relics":[{"not_picked":["Empty Cage","Busted Crown"],"picked":"Black Star"},{"not_picked":["Runic Dome","Calling Bell"],"picked":"Coffee Dripper"}],"items_purged_floors":[0,0,0,0,0,0,8,22,22,22,37,52],"is_endless":false,"potions_floor_spawned":[2,3,5,12,14,18,19,24,25,35,38,39,54],"ascension_level":0}}