{"host":"vucub2jtaeo9vgh1","time":1610088051,"event":{"mods":["BaseMod","BetterRewards","Minty Spire (QoL Compilation)","Quick Restart","Rare Cards Sparkle","Replay The Spire","StSLib"],"gold_per_floor":[110,185,204,204,184,184,202,235,235,255,286,286,312,323,323,418,518,538,557,304,318,334,334,369,369,369,401,419,329,364,364,364,461,461,473,486,692,742,762,762,787,799,799,828,839,859,892,967,967,967],"floor_reached":51,"playtime":1887,"items_purged":["Pain"],"score":1271,"play_id":"37dcf4a1-f61a-4f45-b5b9-baaead77e59e","local_time":"20210108074051","is_ascension_mode":true,"campfire_choices":[{"data":"Noxious Fumes","floor":6.0,"key":"SMITH"},{"data":"Footwork","floor":12.0,"key":"SMITH"},{"data":"Replay:Poison Smokescreen","floor":15.0,"key":"SMITH"},{"floor":23.0,"key":"DIG"},{"data":"Noxious Fumes","floor":32.0,"key":"SMITH"},{"floor":40,"key":"DIG"},{"data":"Replay:Poison Smokescreen","floor":49,"key":"SMITH"}],"circlet_count":0,"master_deck":["Strike_G","Strike_G","Strike_G","Strike_G","Defend_G","Defend_G+1","Defend_G","Defend_G+1","Defend_G","Survivor+1","Neutralize","Replay:Poison Smokescreen+1","Poisoned Stab+1","Dagger Throw+1","Noxious Fumes+1","Backstab+1","Footwork+1","Venomology","Deadly Poison+1","Backstab+1","Replay:Poison Smokescreen+1","Noxious Fumes+1","Poison Darts","Replay:Poison Smokescreen+1"],"relics":["Ring of the Snake","Molten Egg 2","Oddly Smooth Stone","Replay:Towering Pillar of Hats","ReplayTheSpireMod:Shallot","Shovel","Paper Crane","Replay:Rubber Ducky","Meat on the Bone","PreservedInsect","Replay:Wanted Poster","Bottled Lightning","Vajra","Juzu Bracelet","Happy Flower","The Specimen","Mummified Hand","MutagenicStrength","SacredBark","Byrd Skull","ReplayTheSpireMod:Lightbulb","War Paint","Replay:Mystery Machine","Blood Vial","ReplayTheSpireMod:CursedCoin"],"acts_visited":["Exordium","TheCity","TheBeyond"],"potions_floor_usage":[39,42,45,45,46,46,47,47,50,50],"damage_taken":[{"damage":0.0,"enemies":"2 Louse","floor":1.0,"turns":3.0},{"damage":0.0,"enemies":"Small Slimes","floor":3.0,"turns":3.0},{"damage":0.0,"enemies":"Cultist","floor":7.0,"turns":3.0},{"damage":0.0,"enemies":"3 Sentries","floor":8.0,"turns":5.0},{"damage":0.0,"enemies":"Red Slaver","floor":10.0,"turns":2.0},{"damage":0.0,"enemies":"Replay:BlueRogue","floor":11.0,"turns":4.0},{"damage":0.0,"enemies":"Gremlin Nob","floor":13.0,"turns":3.0},{"damage":0.0,"enemies":"Blue Slaver","floor":14.0,"turns":2.0},{"damage":0.0,"enemies":"Hexaghost","floor":16.0,"turns":8.0},{"damage":0.0,"enemies":"Chosen","floor":18.0,"turns":4.0},{"damage":7.0,"enemies":"3 Byrds","floor":19.0,"turns":4.0},{"damage":0.0,"enemies":"Centurion and Healer","floor":21.0,"turns":6.0},{"damage":0.0,"enemies":"Snake Plant","floor":22.0,"turns":2.0},{"damage":0.0,"enemies":"Replay:Snechameleon","floor":24.0,"turns":3.0},{"damage":32.0,"enemies":"Gremlin Leader","floor":27.0,"turns":5.0},{"damage":0.0,"enemies":"3 Cultists","floor":28.0,"turns":4.0},{"damage":0.0,"enemies":"Replay:Snechameleon","floor":30.0,"turns":3.0},{"damage":0.0,"enemies":"Automaton","floor":33.0,"turns":8.0},{"damage":0.0,"enemies":"Orb Walker","floor":35.0,"turns":2.0},{"damage":7.0,"enemies":"3 Darklings","floor":36.0,"turns":4.0},{"damage":14.0,"enemies":"Mind Bloom Boss Battle","floor":38.0,"turns":6.0},{"damage":0,"enemies":"Jaw Worm Horde","floor":39,"turns":3},{"damage":1,"enemies":"Reptomancer","floor":41,"turns":3},{"damage":0,"enemies":"Writhing Mass","floor":42,"turns":3},{"damage":0,"enemies":"Giant Head","floor":44,"turns":6},{"damage":0,"enemies":"Maw","floor":45,"turns":4},{"damage":27,"enemies":"Spire Growth","floor":46,"turns":3},{"damage":0,"enemies":"R_Hoarder","floor":47,"turns":6},{"damage":30,"enemies":"Replay:Hell Engine","floor":50,"turns":10}],"seed_played":"-518628507549816388","potions_obtained":[{"floor":1.0,"key":"Fire Potion"},{"floor":3.0,"key":"Fire Potion"},{"floor":5.0,"key":"FearPotion"},{"floor":11.0,"key":"Weak Potion"},{"floor":13.0,"key":"ColorlessPotion"},{"floor":14.0,"key":"Languid Potion"},{"floor":27.0,"key":"LiquidMemories"},{"floor":28.0,"key":"Reflective Coating"},{"floor":30.0,"key":"Block Potion"},{"floor":36.0,"key":"Doom Potion"},{"floor":45,"key":"SpeedPotion"},{"floor":47,"key":"Block Potion"}],"is_trial":false,"path_per_floor":["M","?","M","?","?","R","M","E","T","M","E","R","E","M","R","B",null,"M","M","$","M","M","R","E","?","T","E","M","?","E","?","R","B",null,"M","M","?","?","M","R","E","M","T","E","M","M","E","$","R","B",null],"character_chosen":"THE_SILENT","items_purchased":["Molten Egg 2","Replay:Poison Smokescreen","Oddly Smooth Stone","Poisoned Stab+1","ReplayTheSpireMod:Shallot","Bottled Lightning","ReplayTheSpireMod:CursedCoin"],"campfire_rested":0,"item_purchase_floors":[0,0,0,0,0,20,48],"current_hp_per_floor":[28,17,17,40,40,40,40,40,40,40,40,40,40,40,40,40,70,70,63,63,63,63,63,63,63,63,43,55,55,55,55,55,55,70,70,63,46,44,44,44,43,43,43,43,43,28,40,40,40,24],"gold":967,"neow_bonus":"","is_daily":false,"chose_seed":false,"campfire_upgraded":5,"win_rate":0.0,"timestamp":1610088051,"path_taken":["M","?","M","?","?","R","M","E","T","?","E","R","E","M","R","BOSS","M","M","$","M","M","R","E","?","T","E","M","?","E","?","R","BOSS","M","M","?","?","M","R","E","M","T","E","M","M","E","$","R","BOSS"],"items_purchased_type":["Relic","Card","Relic","Card","Relic","Relic","Relic"],"build_version":"2020-12-22","purchased_purges":1,"victory":true,"max_hp_per_floor":[70,70,70,70,70,70,70,70,70,70,70,70,70,70,70,70,70,70,70,70,70,70,70,70,70,70,70,70,70,70,70,70,70,70,70,70,70,70,70,70,70,70,70,70,70,70,70,70,70,70],"card_choices":[{"not_picked":["Choke+1","Slice+1"],"picked":"Dagger Throw+1","floor":1.0},{"not_picked":["Catalyst","Backflip"],"picked":"Noxious Fumes","floor":3.0},{"not_picked":["Distraction","Dagger Throw+1","Sucker Punch+1"],"picked":"SKIP","floor":7.0},{"not_picked":["Tactician","ReplayTheSpireMod:The Works"],"picked":"Backstab+1","floor":8.0},{"not_picked":["Prepared","PiercingWail","Unload+1"],"picked":"SKIP","floor":10.0},{"not_picked":["Underhanded Strike+1","PiercingWail"],"picked":"Footwork","floor":11.0},{"not_picked":["Bullet Time","Finisher+1","Underhanded Strike+1"],"picked":"SKIP","floor":13.0},{"not_picked":["Backflip","Flying Knee+1","ReplayTheSpireMod:Shiv Toss"],"picked":"SKIP","floor":14.0},{"not_picked":["Replay:Bag of Tricks","After Image"],"picked":"Venomology","floor":16.0},{"not_picked":["Predator+1","Outmaneuver","Accuracy"],"picked":"SKIP","floor":18.0},{"not_picked":["Eviscerate+1","Sucker Punch+1"],"picked":"Deadly Poison+1","floor":19.0},{"not_picked":["Acrobatics","Underhanded Strike+1"],"picked":"Backstab+1","floor":21.0},{"not_picked":["Predator+1","Concentrate"],"picked":"Replay:Poison Smokescreen+1","floor":22.0},{"not_picked":["Choke+1","Blade Dance","PiercingWail+1"],"picked":"SKIP","floor":24.0},{"not_picked":["Corpse Explosion","Dagger Throw+1"],"picked":"Noxious Fumes","floor":27.0},{"not_picked":["Toxin Wave","Crippling Poison","Fluid Movement"],"picked":"SKIP","floor":28.0},{"not_picked":["ReplayTheSpireMod:Exploit Weakness+1","Draining Mist","Backflip"],"picked":"SKIP","floor":30.0},{"not_picked":["Phantasmal Killer","Glass Knife+1"],"picked":"Poison Darts","floor":33.0},{"not_picked":["Sneak Up+1","Deadly Poison+1","Tactician+1"],"picked":"SKIP","floor":35.0},{"not_picked":["Choke+1","Blade Dance+1","Dagger Spray+1"],"picked":"SKIP","floor":36.0},{"not_picked":["Dagger Spray+1","Quick Slash+1","Acrobatics+1"],"picked":"SKIP","floor":39},{"not_picked":["Caltrops","Escape Plan+1"],"picked":"Replay:Poison Smokescreen","floor":41},{"not_picked":["Outmaneuver","Reflex+1","Toxin Wave"],"picked":"SKIP","floor":42},{"not_picked":["Poison Darts","Dagger Spray+1","Grand Finale+1"],"picked":"SKIP","floor":44},{"not_picked":["PiercingWail+1","Dagger Throw+1","Prepared+1"],"picked":"SKIP","floor":45},{"not_picked":["Dash+1","Sucker Punch+1","Hidden Blade"],"picked":"SKIP","floor":46},{"not_picked":["Cloak And Dagger","Endless Agony+1","Acrobatics"],"picked":"SKIP","floor":47}],"player_experience":276532,"relics_obtained":[{"floor":8.0,"key":"Paper Crane"},{"floor":9.0,"key":"Replay:Rubber Ducky"},{"floor":11.0,"key":"Meat on the Bone"},{"floor":13.0,"key":"PreservedInsect"},{"floor":23.0,"key":"Vajra"},{"floor":24.0,"key":"Juzu Bracelet"},{"floor":26.0,"key":"Happy Flower"},{"floor":27.0,"key":"The Specimen"},{"floor":30.0,"key":"Mummified Hand"},{"floor":38.0,"key":"Byrd Skull"},{"floor":40,"key":"ReplayTheSpireMod:Lightbulb"},{"floor":41,"key":"War Paint"},{"floor":44,"key":"Replay:Mystery Machine"},{"floor":47,"key":"Blood Vial"}],"event_choices":[{"damage_healed":0.0,"max_hp_gain":0.0,"max_hp_loss":0.0,"gold_gain":75.0,"event_name":"World of Goop","player_choice":"Gather Gold","floor":2.0,"gold_loss":0.0,"damage_taken":11.0},{"damage_healed":23.0,"max_hp_gain":0.0,"max_hp_loss":0.0,"gold_gain":0.0,"event_name":"Big Fish","player_choice":"Banana","floor":4.0,"gold_loss":0.0,"damage_taken":0.0},{"damage_healed":0.0,"max_hp_gain":0.0,"max_hp_loss":0.0,"gold_gain":0.0,"event_name":"The Woman in Blue","player_choice":"Bought 1 Potion","floor":5.0,"gold_loss":0.0,"damage_taken":0.0},{"damage_healed":0.0,"max_hp_gain":0.0,"max_hp_loss":0.0,"gold_gain":0.0,"event_name":"Vampires","player_choice":"Ignored","floor":25.0,"gold_loss":0.0,"damage_taken":0.0},{"cards_removed":["Strike_G"],"damage_healed":0.0,"max_hp_gain":0.0,"max_hp_loss":0.0,"gold_gain":0.0,"event_name":"Designer","player_choice":"Upgrade and Remove","floor":29.0,"gold_loss":90.0,"damage_taken":0.0,"cards_upgraded":["Defend_G"]},{"damage_healed":0.0,"max_hp_gain":0.0,"max_hp_loss":0.0,"gold_gain":0.0,"event_name":"Drug Dealer","player_choice":"Inject Mutagens","floor":31.0,"gold_loss":0.0,"damage_taken":0.0,"relics_obtained":["MutagenicStrength"]},{"damage_healed":0.0,"max_hp_gain":0.0,"max_hp_loss":0.0,"gold_gain":0.0,"event_name":"MindBloom","player_choice":"Fight","floor":38.0,"gold_loss":0.0,"damage_taken":0.0}],"is_beta":false,"boss_relics":[{"not_picked":["Coffee Dripper","Abe\u0027s Treasure"],"picked":"Replay:Wanted Poster"},{"not_picked":["ReplayTheSpireMod:DimensionalGlitch","Replay:Drink Me"],"picked":"SacredBark"}],"items_purged_floors":[48],"is_endless":false,"potions_floor_spawned":[1,3,11,13,14,18,27,28,30,36,38,41,45,47],"ascension_level":2}}