{"host":"3f0vam0iwem5oe9k","time":1610123523,"event":{"mods":["BaseMod","Downfall","Hermit","Highlight Path","Hubris","Infinite Spire","Minty Spire (QoL Compilation)","Replay The Spire","StSLib","The Construct","The Cursed","The Disciple","The Hierophant","The Necromancer","The Runesmith","The Servant 0.9.4"],"gold_per_floor":[116,17,17,30,105,105,105,140,195,195,195,195,224,235,235,340,340,352,372,372,385,385,416,416,428,428,445,445,461,478,478,478],"floor_reached":31,"playtime":2180,"items_purged":[],"score":305,"play_id":"478ce18c-89ad-4a38-b3f5-df4638f41738","local_time":"20210108103203","is_ascension_mode":true,"campfire_choices":[{"data":"Runesmith:CraftFirestone","floor":6,"key":"SMITH"},{"data":"Runesmith:Attraction","floor":10,"key":"SMITH"},{"data":"Runesmith:BackupBattery","floor":12,"key":"SMITH"},{"floor":15,"key":"REST"},{"floor":28,"key":"REST"}],"circlet_count":0,"master_deck":["Runesmith:Strike_RS","Runesmith:Defend_RS","Runesmith:Defend_RS","Runesmith:CraftFirestone+1","Runesmith:Fortify","Runesmith:Attraction","Runesmith:CraftProtectio+1","Runesmith:NegativeSpace","Runesmith:NegativeSpace","Runesmith:BackupBattery+1","Runesmith:Attraction+1","Runesmith:Fortify","Runesmith:HeatExchange","Runesmith:HammerThrow","Runesmith:Firestorm","Runesmith:DuctTape","Runesmith:ChiselStab","Runesmith:RuneHurl","Runesmith:UnstableHammer+1","Runesmith:OneForEveryone","Runesmith:LithiumIon","Runesmith:PoweredAnvil+1","Runesmith:HeatExchange","Runesmith:ChaoticBlast"],"relics":["Runesmith:BrokenRuby","NeowsBlessing","infinitespire:CheckeredPen","Pen Nib","Ancient Tea Set","hubris:BundleOfHerbs","Replay:Drink Me","Ice Cream","Runesmith:Nanobots"],"acts_visited":["Exordium","TheCity"],"potions_floor_usage":[30,31],"damage_taken":[{"damage":0,"enemies":"Small Slimes","floor":1,"turns":1},{"damage":0,"enemies":"Jaw Worm","floor":4,"turns":1},{"damage":0,"enemies":"3 Sentries","floor":8,"turns":1},{"damage":35,"enemies":"Gremlin Nob","floor":13,"turns":5},{"damage":1,"enemies":"2 Louse","floor":14,"turns":2},{"damage":10,"enemies":"The Guardian","floor":16,"turns":9},{"damage":0,"enemies":"Spheric Guardian","floor":18,"turns":4},{"damage":20,"enemies":"3 Byrds","floor":19,"turns":3},{"damage":0,"enemies":"3 Cultists","floor":21,"turns":5},{"damage":3,"enemies":"Gremlin Leader","floor":23,"turns":5},{"damage":2,"enemies":"Chosen and Byrds","floor":25,"turns":4},{"damage":9,"enemies":"Snake Plant","floor":27,"turns":3},{"damage":0,"enemies":"Snecko","floor":29,"turns":2},{"damage":7,"enemies":"3 Cultists","floor":30,"turns":5},{"damage":27,"enemies":"Centurion and Healer","floor":31,"turns":2}],"seed_played":"-1287217443129824368","potions_obtained":[{"floor":1,"key":"Swift Potion"},{"floor":16,"key":"DuplicationPotion"},{"floor":21,"key":"Venom Potion"},{"floor":25,"key":"sneckomod:MuddlingPotion"}],"is_trial":false,"path_per_floor":["M","$","?","M","?","R","T","E","T","R","?","R","E","M","R","B",null,"M","M","?","M","?","E","?","M","T","M","R","M","M","M"],"character_chosen":"RUNESMITH_CLASS","items_purchased":["Runesmith:CraftProtectio","Runesmith:NegativeSpace"],"campfire_rested":2,"item_purchase_floors":[2,2],"current_hp_per_floor":[70,70,70,70,59,59,59,59,59,59,59,59,24,23,44,34,53,53,33,33,33,33,30,30,28,28,19,34,34,27,0,0],"gold":478,"neow_bonus":"THREE_ENEMY_KILL","is_daily":false,"chose_seed":false,"campfire_upgraded":3,"win_rate":0.0,"timestamp":1610123523,"path_taken":["M","$","?","M","?","R","?","E","T","R","?","R","E","?","R","BOSS","M","M","?","?","?","E","?","M","T","M","R","M","?","M"],"items_purchased_type":["Card","Card"],"build_version":"2020-12-22","purchased_purges":0,"victory":false,"max_hp_per_floor":[70,70,70,70,70,70,70,70,70,70,70,70,70,70,70,70,53,53,53,53,53,53,53,53,53,53,53,53,53,53,53,53],"card_choices":[{"not_picked":["Runesmith:ChiselStab","Runesmith:Grindstone"],"picked":"Runesmith:Attraction","floor":1},{"not_picked":["Runesmith:DoubleUp","Runesmith:HeatExchange"],"picked":"Runesmith:BackupBattery","floor":4},{"not_picked":["Runesmith:HeatedChisel","Runesmith:CraftObretio"],"picked":"Runesmith:Attraction","floor":8},{"not_picked":["Runesmith:CraftProtectio","Runesmith:EnergizedChisel"],"picked":"Runesmith:HammerThrow","floor":13},{"not_picked":["Runesmith:HeatedChisel","Runesmith:CraftProtectio"],"picked":"Runesmith:Firestorm","floor":14},{"not_picked":["Runesmith:GenerateForcefield","Runesmith:LastStand"],"picked":"Runesmith:DuctTape","floor":16},{"not_picked":["Runesmith:Firestorm","Runesmith:Accelerate"],"picked":"Runesmith:ChiselStab","floor":18},{"not_picked":["Runesmith:HeatedChisel+1","Runesmith:BackupBattery"],"picked":"Runesmith:RuneHurl","floor":19},{"not_picked":["Runesmith:HammerAndChisel","Runesmith:ShiftingStrike"],"picked":"Runesmith:UnstableHammer+1","floor":21},{"not_picked":["Runesmith:CraftVitae","Runesmith:BackupBattery+1"],"picked":"Runesmith:OneForEveryone","floor":23},{"not_picked":["Runesmith:CraftProtectio","Runesmith:Superposition"],"picked":"Runesmith:LithiumIon","floor":25},{"not_picked":["Runesmith:HeatedChisel","Runesmith:StaticCage"],"picked":"Runesmith:PoweredAnvil+1","floor":27},{"not_picked":["Runesmith:UnstableHammer","Runesmith:Empowerment+1"],"picked":"Runesmith:HeatExchange","floor":29},{"not_picked":["Runesmith:PoweredAnvil","Runesmith:Discharge"],"picked":"Runesmith:ChaoticBlast","floor":30}],"player_experience":578538,"relics_obtained":[{"floor":7,"key":"infinitespire:CheckeredPen"},{"floor":8,"key":"Pen Nib"},{"floor":9,"key":"Ancient Tea Set"},{"floor":13,"key":"hubris:BundleOfHerbs"},{"floor":23,"key":"Ice Cream"},{"floor":26,"key":"Runesmith:Nanobots"}],"event_choices":[{"damage_healed":0,"gold_gain":75,"player_choice":"Gather Gold","damage_taken":11,"max_hp_gain":0,"max_hp_loss":0,"event_name":"World of Goop","floor":5,"gold_loss":0},{"damage_healed":0,"gold_gain":0,"player_choice":"2 cards matched","damage_taken":0,"max_hp_gain":0,"max_hp_loss":0,"event_name":"Match and Keep!","floor":11,"gold_loss":0,"cards_obtained":["Runesmith:Fortify","Runesmith:HeatExchange"]},{"cards_removed":["Runesmith:Defend_RS"],"damage_healed":0,"gold_gain":0,"player_choice":"Purged","damage_taken":0,"max_hp_gain":0,"max_hp_loss":0,"event_name":"Purifier","floor":20,"gold_loss":0},{"cards_removed":["Runesmith:Strike_RS"],"damage_healed":0,"gold_gain":0,"player_choice":"Elegance","damage_taken":0,"max_hp_gain":0,"max_hp_loss":0,"event_name":"Back to Basics","floor":22,"gold_loss":0},{"damage_healed":0,"gold_gain":0,"player_choice":"Bought 0 Potions","damage_taken":0,"max_hp_gain":0,"max_hp_loss":0,"event_name":"The Woman in Blue","floor":24,"gold_loss":0}],"is_beta":false,"boss_relics":[{"not_picked":["hubris:RunicObelisk","Runesmith:PocketReactor"],"picked":"Replay:Drink Me"}],"items_purged_floors":[],"is_endless":false,"potions_floor_spawned":[1,16,21,25],"killed_by":"Centurion and Healer","ascension_level":1}}