{"host":"lq7kzi2nz43yw1nt","time":1610072302,"event":{"mods":["AchievementEnabler","Act Like it!","BaseMod","Better Third Choice","BetterRewards","Block Reminder","Conspire","Gensokyo","GifTheSpireLib","Hubris","Infinite Spire","Koishi","Marisa????????","Minty Spire (QoL Compilation)","Quick Restart","Rare Cards Sparkle","Relic Sorter","Remilia??????","Replay The Spire","Shop Mod","Spicy Shops","Spikes Relics","StSLib","SuperFastMode","The Blue Laboratory","The Servant 0.9.4","Trackpad"],"gold_per_floor":[119,119,119,132,11,11,36,36,63,105,5,69,95,43,43,165,165,204,244,101,149,197,197,237,297,369,420,115,115,156,156,156,287,287,329,53,53,91,31,93,93,146,146,146,146,186,215,215,215,251],"floor_reached":51,"playtime":2346,"items_purged":[],"score":1490,"play_id":"2841def3-7c6b-48d6-923c-c1e6599a5a9b","local_time":"20210107211822","is_ascension_mode":true,"campfire_choices":[{"floor":6.0,"key":"REST"},{"floor":8.0,"key":"REST"},{"data":"Apotheosis","floor":15.0,"key":"SMITH"},{"data":"ChaoticDestiny","floor":23.0,"key":"SMITH"},{"floor":29.0,"key":"REST"},{"floor":32.0,"key":"DIG"},{"data":"CeilingFear","floor":41,"key":"SMITH"}],"circlet_count":0,"master_deck":["Strike_RM","Strike_RM+1","Strike_RM","Defend_RM","Defend_RM","Defend_RM+1","Defend_RM","RedMoon","Apotheosis+1","MastersStateliness","VampireFantasy","DiffusionOfMisfortune","MiserableFate+1","DiffusionOfMisfortune","Stigmanizer","ChaoticDestiny+1","QueenOfMidnight","DiffusionOfMisfortune+1","CeilingFear+1","StarOfDavid","HunterOfTheNight+1","ScarletDream+1","Gensokyo:CustomPotion","MastersStateliness+1"],"relics":["ScarletHat","trackpad:CultistFigurine","MerchantsRug","Counterbalance","HandDrill","infinitespire:ShieldingShard","Membership Card","Happy Flower","Replay:Ringing Soul","Replay:Bandana","Bag of Preparation","Ginger","Replay:Bronze Core","Sling","Replay:Mystery Machine","hubris:ToyBattleship","Replay:WaspNest","Iron Hammer","infinitespire:EmpoweringShard","War Paint","infinitespire:PuzzleCube","Strange Spoon","Nunchaku","infinitespire:Cupcake","Molten Egg 2","ExplosiveVial","hubris:TenFootPole","Dream Catcher","Pondfish Scales","infinitespire:WardingShard","Bottled Tornado","trackpad:VoidSphere","Centennial Puzzle"],"acts_visited":["Exordium","Gensokyo:Gensokyo","Gensokyo:Gensokyoer"],"potions_floor_usage":[],"damage_taken":[{"damage":0.0,"enemies":"Gensokyo:2_Kodama","floor":1.0,"turns":4.0},{"damage":0.0,"enemies":"Gensokyo:3_Fairies","floor":4.0,"turns":6.0},{"damage":0.0,"enemies":"Gensokyo:Mamizou","floor":7.0,"turns":8.0},{"damage":1.0,"enemies":"Gensokyo:Aya","floor":10.0,"turns":4.0},{"damage":0.0,"enemies":"Gensokyo:Python","floor":13.0,"turns":2.0},{"damage":3.0,"enemies":"Gensokyo:Kokoro","floor":16.0,"turns":8.0},{"damage":9.0,"enemies":"Gensokyo:3_Dogs","floor":18.0,"turns":6.0},{"damage":1.0,"enemies":"Gensokyo:CosmicMonolith","floor":19.0,"turns":3.0},{"damage":7.0,"enemies":"Gensokyo:Slime_Group","floor":21.0,"turns":4.0},{"damage":9.0,"enemies":"Gensokyo:Monolith_and_Dog","floor":22.0,"turns":6.0},{"damage":0.0,"enemies":"Gensokyo:Chomper_and_Gloop","floor":24.0,"turns":6.0},{"damage":0.0,"enemies":"Gensokyo:Reisen","floor":25.0,"turns":3.0},{"damage":28.0,"enemies":"Gensokyo:Tenshi","floor":27.0,"turns":4.0},{"damage":16.0,"enemies":"Gensokyo:Wraith","floor":30.0,"turns":4.0},{"damage":15.0,"enemies":"Gensokyo:Kaguya","floor":33.0,"turns":7.0},{"damage":0.0,"enemies":"Gensokyo:3_Boulders","floor":35.0,"turns":3.0},{"damage":0.0,"enemies":"Gensokyo:3_Bats","floor":38.0,"turns":2.0},{"damage":38,"enemies":"Gensokyo:Kasen","floor":40,"turns":2},{"damage":0,"enemies":"Gensokyo:Doremy","floor":42,"turns":3},{"damage":0,"enemies":"Gensokyo:AtlasGolem","floor":46,"turns":3},{"damage":0,"enemies":"Gensokyo:4_Bats","floor":47,"turns":2},{"damage":0,"enemies":"Gensokyo:Yuyuko","floor":50,"turns":4}],"seed_played":"6257723200024687322","potions_obtained":[{"floor":4.0,"key":"Swift Potion"},{"floor":7.0,"key":"FearPotion"},{"floor":16.0,"key":"Elixir"},{"floor":18.0,"key":"Regen Potion"},{"floor":19.0,"key":"blueLaboratory:FrostheartPotion"},{"floor":22.0,"key":"ColorlessPotion"},{"floor":24.0,"key":"blueLaboratory:StoneskinPotion"},{"floor":38.0,"key":"Regen Potion"},{"floor":46,"key":"blueLaboratory:BottleOfVodka"}],"is_trial":false,"path_per_floor":["M","$","?","M","$","R","E","R","T","E","?","$","M","COS","R","B",null,"M","M","COS","M","M","R","M","E","T","E","$","R","M","?","R","B",null,"M","$","?","M","?","E","R","E","T","?","T","M","M","AVR","R","B",null],"character_chosen":"REMILIA","items_purchased":["Apotheosis","trackpad:CultistFigurine","MerchantsRug","Medical Kit","MastersStateliness","HandDrill","infinitespire:ShieldingShard","Membership Card","Replay:Ringing Soul","infinitespire:EmpoweringShard","War Paint","infinitespire:PuzzleCube","Strange Spoon","Molten Egg 2","ExplosiveVial","HunterOfTheNight+1","hubris:TenFootPole"],"campfire_rested":3,"item_purchase_floors":[0,0,0,0,0,0,0,2,5,28,28,28,28,36,36,36,36],"current_hp_per_floor":[29,19,19,19,19,41,44,67,67,69,69,69,72,75,75,81,88,82,81,81,80,79,79,79,87,87,68,68,96,85,85,85,80,97,100,103,95,98,101,105,105,105,105,105,105,105,108,108,108,108],"gold":251,"neow_bonus":"","is_daily":false,"chose_seed":false,"campfire_upgraded":3,"win_rate":0.0,"timestamp":1610072302,"path_taken":["M","?","?","?","?","R","E","R","T","E","?","$","M","COS","R","BOSS","M","M","COS","M","?","R","M","E","T","E","$","R","M","?","R","BOSS","M","$","?","?","?","E","R","E","T","?","?","M","M","AVR","R","BOSS"],"items_purchased_type":["Card","Relic","Relic","Relic","Card","Relic","Relic","Relic","Relic","Relic","Relic","Relic","Relic","Relic","Relic","Card","Relic"],"build_version":"2020-12-22","purchased_purges":0,"victory":true,"max_hp_per_floor":[75,75,75,75,75,75,78,78,78,81,81,81,84,87,87,90,90,90,90,90,90,93,93,93,96,96,96,96,96,99,99,99,102,102,105,108,108,111,114,114,114,114,114,114,114,114,117,117,117,117],"card_choices":[{"not_picked":["FavorOfDestiny","NightDance"],"picked":"VampireFantasy","floor":1.0},{"not_picked":["BloodyTrap","UnderTheZenith"],"picked":"DiffusionOfMisfortune","floor":4.0},{"not_picked":["UnderTheZenith","CurseOfVladTepes"],"picked":"MiserableFate","floor":7.0},{"not_picked":["ScarletDevil","UnderTheZenith"],"picked":"DiffusionOfMisfortune","floor":10.0},{"not_picked":["DiffusionOfMisfortune","StarOfDavid"],"picked":"Stigmanizer","floor":13.0},{"not_picked":["CurseOfVladTepes","ForecastOfChange"],"picked":"ChaoticDestiny","floor":16.0},{"not_picked":["CharismaGuard+1","BombardNight","RedRainbow"],"picked":"SKIP","floor":18.0},{"not_picked":["SuperhumanBloodyKnife","TwelveNightmare","NightDance+1"],"picked":"SKIP","floor":19.0},{"not_picked":["UnstableMagic","Ultimatum+1","ScarletNetherworld+1"],"picked":"SKIP","floor":21.0},{"not_picked":["FavorOfDestiny","ReincarnationDial"],"picked":"QueenOfMidnight","floor":22.0},{"not_picked":["ScarletDevil+1","DiffusionOfMisfortune","ScarletImprint"],"picked":"SKIP","floor":24.0},{"not_picked":["EquivalentExchange","CharismaGuard"],"picked":"ScarletMeister","floor":25.0},{"not_picked":["BombardNight+1","StarOfDavid","UnstableMagic+1"],"picked":"SKIP","floor":27.0},{"not_picked":["Stigmanizer","EmergencyRegeneration+1"],"picked":"DiffusionOfMisfortune+1","floor":30.0},{"not_picked":["EquivalentExchange","HeartBreak"],"picked":"CeilingFear","floor":33.0},{"not_picked":["Maim","UnstableMagic"],"picked":"StarOfDavid","floor":35.0},{"not_picked":["BombardNight+1","ForbiddenFruit+1"],"picked":"ScarletDream+1","floor":38.0},{"not_picked":["VampireKiss+1","BloodyTrap+1","DevilSight"],"picked":"SKIP","floor":40},{"not_picked":["ScarletDevil+1","ScarletGensokyo","Maim+1"],"picked":"SKIP","floor":42},{"not_picked":["ScarletImprint+1","UnderTheZenith","EmergencyRegeneration+1"],"picked":"SKIP","floor":46},{"not_picked":["UltimateOffering+1","RedRainbow+1"],"picked":"MastersStateliness+1","floor":47}],"player_experience":540093,"relics_obtained":[{"floor":7.0,"key":"Replay:Bandana"},{"floor":9.0,"key":"Bag of Preparation"},{"floor":10.0,"key":"Ginger"},{"floor":25.0,"key":"hubris:ToyBattleship"},{"floor":26.0,"key":"Replay:WaspNest"},{"floor":27.0,"key":"Iron Hammer"},{"floor":32.0,"key":"Nunchaku"},{"floor":40,"key":"Dream Catcher"},{"floor":42,"key":"Pondfish Scales"},{"floor":43,"key":"infinitespire:WardingShard"},{"floor":45,"key":"Bottled Tornado"}],"event_choices":[],"is_beta":false,"boss_relics":[{"not_picked":["trackpad:StolenKidneys","Kintsugi"],"picked":"Replay:Bronze Core"},{"not_picked":["hubris:RunicObelisk","SacredBark"],"picked":"infinitespire:Cupcake"}],"items_purged_floors":[],"is_endless":false,"potions_floor_spawned":[4,7,16,18,19,22,24,38,46],"ascension_level":5}}