{"host":"cv77zuuuekizn3ic","time":1610110175,"event":{"mods":["AchievementEnabler","BaseMod","Marisa£®ÏF”Í°°ƒß¿Ì…≥£©","Minty Spire (QoL Compilation)","StSLib","Waifu the Spire","everything is the same but u backflip on backflip","slay the spire mod where everything is the same but ironclad has a cowboy hat"],"gold_per_floor":[114,125,125,125,135,167,167,199,251,263,275,287,318,103,103,103,103],"floor_reached":16,"playtime":604,"items_purged":["Strike_R"],"score":216,"play_id":"8cf47c88-2f85-4331-975c-0f6f7dd9f687","local_time":"20210108204935","is_ascension_mode":true,"campfire_choices":[{"floor":7.0,"key":"REST"},{"floor":10.0,"key":"REST"},{"data":"Pommel Strike","floor":12.0,"key":"SMITH"},{"data":"Metallicize","floor":15.0,"key":"SMITH"}],"circlet_count":0,"master_deck":["AscendersBane","Defend_R","Defend_R+1","Defend_R","Defend_R","Bash+1","Inflame","Rampage","Pommel Strike+1","Burning Pact","Shrug It Off","Metallicize+1"],"relics":["Burning Blood","Shuriken","Regal Pillow","MawBank"],"acts_visited":["Exordium"],"potions_floor_usage":[],"damage_taken":[{"damage":5.0,"enemies":"2 Louse","floor":1.0,"turns":4.0},{"damage":5.0,"enemies":"Small Slimes","floor":2.0,"turns":3.0},{"damage":21.0,"enemies":"Jaw Worm","floor":5.0,"turns":5.0},{"damage":55.0,"enemies":"Gremlin Nob","floor":6.0,"turns":5.0},{"damage":29.0,"enemies":"Lagavulin","floor":8.0,"turns":7.0},{"damage":4.0,"enemies":"Large Slime","floor":13.0,"turns":5.0},{"damage":24,"enemies":"Hexaghost","floor":16,"turns":7}],"seed_played":"6145932515250137947","potions_obtained":[{"floor":1.0,"key":"BloodPotion"},{"floor":8.0,"key":"Energy Potion"}],"is_trial":false,"path_per_floor":["M","M","?","?","M","E","R","E","T","R","?","R","M","$","R","B"],"character_chosen":"IRONCLAD","items_purchased":["Shrug It Off","Metallicize","BloodPotion"],"campfire_rested":2,"item_purchase_floors":[14,14,14],"current_hp_per_floor":[68,68,68,61,46,10,30,7,7,42,22,22,24,24,24,0,0],"gold":103,"neow_bonus":"REMOVE_TWO","is_daily":false,"chose_seed":false,"campfire_upgraded":2,"win_rate":0.0,"timestamp":1610110175,"path_taken":["M","M","?","?","M","E","R","E","T","R","?","R","M","?","R","BOSS"],"items_purchased_type":["Card","Card","Potion"],"build_version":"2020-12-22","purchased_purges":1,"victory":false,"max_hp_per_floor":[68,68,68,68,68,68,68,68,68,68,68,68,68,68,68,68,68],"card_choices":[{"not_picked":["Sword Boomerang","Perfected Strike"],"picked":"Inflame","floor":1.0},{"not_picked":["Iron Wave","Headbutt","Havoc"],"picked":"SKIP","floor":2.0},{"not_picked":["Power Through","Intimidate"],"picked":"Rampage","floor":5.0},{"not_picked":["Infernal Blade","Clash"],"picked":"Pommel Strike","floor":6.0},{"not_picked":["Hemokinesis","Anger"],"picked":"Burning Pact","floor":8.0},{"not_picked":["Anger","Sword Boomerang","Twin Strike"],"picked":"SKIP","floor":13.0}],"player_experience":792612,"relics_obtained":[{"floor":6.0,"key":"Shuriken"},{"floor":8.0,"key":"Regal Pillow"},{"floor":9.0,"key":"MawBank"}],"event_choices":[{"cards_removed":["Strike_R"],"damage_healed":0.0,"max_hp_gain":0.0,"max_hp_loss":0.0,"gold_gain":0.0,"event_name":"Living Wall","player_choice":"Forget","floor":3.0,"gold_loss":0.0,"damage_taken":0.0},{"cards_removed":["Strike_R"],"damage_healed":0.0,"max_hp_gain":0.0,"max_hp_loss":0.0,"gold_gain":0.0,"event_name":"Golden Wing","player_choice":"Card Removal","floor":4.0,"gold_loss":0.0,"damage_taken":7.0},{"damage_healed":0.0,"max_hp_gain":0.0,"max_hp_loss":0.0,"gold_gain":0.0,"event_name":"Shining Light","player_choice":"Entered Light","floor":11.0,"gold_loss":0.0,"damage_taken":20.0,"cards_upgraded":["Bash","Defend_R"]}],"is_beta":false,"boss_relics":[],"items_purged_floors":[14],"is_endless":false,"potions_floor_spawned":[1,8],"killed_by":"Hexaghost","ascension_level":20}}