{"host":"rolltorest","time":1610148567,"event":{"mods":["BaseMod","Minty Spire (QoL Compilation)","Relic Stats","Robot Space Explorer","Slay the Relics Exporter","StSLib"],"gold_per_floor":[166,180,180,194,194,229,229,265,318,343,377,401,401,425,425,521,521,545,545,570,570,584,624,624,664,664,664,685,810,810,828,828,828,828],"floor_reached":33,"playtime":1681,"items_purged":[],"score":688,"play_id":"cb356cb0-dcf2-43ee-910b-188fccbad201","local_time":"20210108152927","is_ascension_mode":true,"campfire_choices":[{"data":"RobotSpaceExplorer:TurboDodge","floor":7,"key":"SMITH"},{"floor":13,"key":"REST"},{"data":"RobotSpaceExplorer:Asteroid","floor":15,"key":"SMITH"},{"floor":24,"key":"REST"},{"data":"RobotSpaceExplorer:Asteroid","floor":27,"key":"SMITH"},{"floor":30,"key":"REST"},{"floor":32,"key":"REST"}],"circlet_count":0,"master_deck":["AscendersBane","RobotSpaceExplorer:Strike","RobotSpaceExplorer:Strike","RobotSpaceExplorer:Strike+1","RobotSpaceExplorer:Strike","RobotSpaceExplorer:Defend","RobotSpaceExplorer:Defend","RobotSpaceExplorer:Defend","RobotSpaceExplorer:Defend","RobotSpaceExplorer:Scan","RobotSpaceExplorer:MiniLasers","RobotSpaceExplorer:StarLightning+1","RobotSpaceExplorer:MetalStrike","RobotSpaceExplorer:TurboDodge+1","RobotSpaceExplorer:SurgingStrike","RobotSpaceExplorer:FreezeRay","RobotSpaceExplorer:Smokescreen","RobotSpaceExplorer:Asteroid+1","RobotSpaceExplorer:Electropulse","RobotSpaceExplorer:Asteroid+1","RobotSpaceExplorer:FrostMissile+1","RobotSpaceExplorer:FrostMissile","RobotSpaceExplorer:StunGrenade","RobotSpaceExplorer:Explosion"],"relics":["Tiny House","Golden Idol","Mercury Hourglass","Bag of Preparation","Tiny Chest","Darkstone Periapt","SlaversCollar","Singing Bowl","Oddly Smooth Stone","Bottled Lightning","Ancient Tea Set","Ice Cream","Kunai"],"acts_visited":["Exordium","TheCity"],"potions_floor_usage":[23,29,33,33],"damage_taken":[{"damage":1,"enemies":"Jaw Worm","floor":1,"turns":4},{"damage":7,"enemies":"2 Louse","floor":2,"turns":3},{"damage":0,"enemies":"Small Slimes","floor":4,"turns":3},{"damage":24,"enemies":"3 Sentries","floor":6,"turns":10},{"damage":5,"enemies":"Lagavulin","floor":8,"turns":7},{"damage":1,"enemies":"Blue Slaver","floor":10,"turns":3},{"damage":21,"enemies":"Gremlin Nob","floor":11,"turns":4},{"damage":4,"enemies":"Exordium Thugs","floor":12,"turns":4},{"damage":0,"enemies":"3 Louse","floor":14,"turns":2},{"damage":0,"enemies":"Slime Boss","floor":16,"turns":5},{"damage":14,"enemies":"2 Thieves","floor":18,"turns":3},{"damage":15,"enemies":"3 Byrds","floor":20,"turns":4},{"damage":15,"enemies":"3 Cultists","floor":22,"turns":5},{"damage":0,"enemies":"Gremlin Leader","floor":23,"turns":8},{"damage":6,"enemies":"Slavers","floor":25,"turns":4},{"damage":10,"enemies":"Snake Plant","floor":28,"turns":5},{"damage":11,"enemies":"Colosseum Slavers","floor":29,"turns":5},{"damage":4,"enemies":"Colosseum Nobs","floor":29,"turns":3},{"damage":0,"enemies":"Centurion and Healer","floor":31,"turns":5},{"damage":61,"enemies":"Champ","floor":33,"turns":8}],"seed_played":"4438804029093620340","potions_obtained":[{"floor":0,"key":"LiquidMemories"},{"floor":2,"key":"SpeedPotion"},{"floor":23,"key":"LiquidMemories"},{"floor":31,"key":"ColorlessPotion"}],"is_trial":false,"path_per_floor":["M","M","?","M","?","E","R","E","T","M","E","M","R","M","R","B",null,"M","?","M","T","M","E","R","E","T","R","M","?","R","M","R","B"],"character_chosen":"RobotSpaceExplorer","items_purchased":[],"campfire_rested":4,"item_purchase_floors":[],"current_hp_per_floor":[68,61,61,61,61,37,37,32,32,31,10,6,26,26,26,26,58,44,44,29,29,16,16,37,33,33,33,25,10,32,34,57,0,0],"gold":828,"neow_bonus":"BOSS_RELIC","is_daily":false,"chose_seed":false,"campfire_upgraded":3,"win_rate":0.0,"timestamp":1610148567,"path_taken":["M","M","?","M","?","E","R","E","T","M","E","M","R","M","R","BOSS","M","?","M","?","M","E","R","E","T","R","M","?","R","M","R","BOSS"],"items_purchased_type":[],"build_version":"2020-12-18","purchased_purges":0,"victory":false,"max_hp_per_floor":[76,76,69,69,69,69,69,69,69,69,69,69,69,69,69,69,69,69,69,69,69,71,71,71,73,73,73,75,75,75,77,77,77,77],"relic_stats":{"Darkstone Periapt":0,"Singing Bowl":8,"counters":[20,95],"Golden Idol":120,"Tiny Chest":0,"Bag of Preparation":[30],"Kunai":[7],"obtain_stats":[{"Darkstone Periapt":11,"Ice Cream":29,"Tiny House":0,"Singing Bowl":21,"Golden Idol":3,"Oddly Smooth Stone":23,"RobotSpaceExplorer:RoboCore":0,"Bag of Preparation":8,"Ancient Tea Set":26,"Mercury Hourglass":6,"SlaversCollar":17,"Tiny Chest":9,"Bottled Lightning":25,"Kunai":29},{"Darkstone Periapt":7,"Ice Cream":18,"Tiny House":0,"Singing Bowl":12,"Golden Idol":2,"Oddly Smooth Stone":14,"RobotSpaceExplorer:RoboCore":0,"Bag of Preparation":5,"Ancient Tea Set":15,"Mercury Hourglass":4,"SlaversCollar":10,"Tiny Chest":5,"Bottled Lightning":15,"Kunai":18},{"Darkstone Periapt":34,"Ice Cream":82,"Tiny House":0,"Singing Bowl":52,"Golden Idol":7,"Oddly Smooth Stone":65,"RobotSpaceExplorer:RoboCore":0,"Bag of Preparation":27,"Ancient Tea Set":69,"Mercury Hourglass":20,"SlaversCollar":45,"Tiny Chest":27,"Bottled Lightning":69,"Kunai":82}],"Mercury Hourglass":[327]},"card_choices":[{"not_picked":["RobotSpaceExplorer:Ammunition","RobotSpaceExplorer:Pulsar"],"picked":"RobotSpaceExplorer:StarLightning","floor":0},{"not_picked":["RobotSpaceExplorer:ImprovisedAttack","RobotSpaceExplorer:Probe"],"picked":"RobotSpaceExplorer:MetalStrike","floor":1},{"not_picked":["RobotSpaceExplorer:MiniBoosters","RobotSpaceExplorer:PowerGlove"],"picked":"RobotSpaceExplorer:TurboDodge","floor":2},{"not_picked":["RobotSpaceExplorer:Counterblock","RobotSpaceExplorer:ExhaustFan","RobotSpaceExplorer:FreezingShield"],"picked":"SKIP","floor":4},{"not_picked":["RobotSpaceExplorer:SlimeMissile","RobotSpaceExplorer:Probe"],"picked":"RobotSpaceExplorer:SurgingStrike","floor":6},{"not_picked":["RobotSpaceExplorer:StunGrenade","RobotSpaceExplorer:DualCore"],"picked":"RobotSpaceExplorer:FreezeRay","floor":8},{"not_picked":["RobotSpaceExplorer:Counterblock","RobotSpaceExplorer:ImprovisedAttack"],"picked":"RobotSpaceExplorer:Smokescreen","floor":10},{"not_picked":["RobotSpaceExplorer:SwiftStep","RobotSpaceExplorer:ImprovisedAttack"],"picked":"RobotSpaceExplorer:Asteroid","floor":11},{"not_picked":["RobotSpaceExplorer:ShockKick","RobotSpaceExplorer:Probe","RobotSpaceExplorer:SurgingShield"],"picked":"SKIP","floor":12},{"not_picked":["RobotSpaceExplorer:ToxicBomb","RobotSpaceExplorer:Pulsar"],"picked":"RobotSpaceExplorer:Electropulse","floor":14},{"not_picked":["RobotSpaceExplorer:Multitool","RobotSpaceExplorer:Autoloader"],"picked":"RobotSpaceExplorer:Asteroid","floor":16},{"not_picked":["RobotSpaceExplorer:FranticSearch","RobotSpaceExplorer:JunkDive+1"],"picked":"RobotSpaceExplorer:FrostMissile+1","floor":18},{"not_picked":["RobotSpaceExplorer:LuckyStrike","RobotSpaceExplorer:LaserBurst"],"picked":"RobotSpaceExplorer:FrostMissile","floor":20},{"not_picked":["RobotSpaceExplorer:PowerGlove","RobotSpaceExplorer:SwiftStep","RobotSpaceExplorer:ScrapMissile"],"picked":"Singing Bowl","floor":22},{"not_picked":["RobotSpaceExplorer:Ammunition","RobotSpaceExplorer:Probe"],"picked":"RobotSpaceExplorer:StunGrenade","floor":23},{"not_picked":["RobotSpaceExplorer:ShovelStrike","RobotSpaceExplorer:ShockKick","RobotSpaceExplorer:ScrapMissile"],"picked":"Singing Bowl","floor":25},{"not_picked":["RobotSpaceExplorer:StarDust","RobotSpaceExplorer:SurgingStrike+1","RobotSpaceExplorer:ScrapShield"],"picked":"Singing Bowl","floor":28},{"not_picked":["RobotSpaceExplorer:Pulsar","RobotSpaceExplorer:FreezeRay+1"],"picked":"RobotSpaceExplorer:Explosion","floor":29},{"not_picked":["RobotSpaceExplorer:ScrapMissile","RobotSpaceExplorer:LaserBurst","RobotSpaceExplorer:JunkDive"],"picked":"Singing Bowl","floor":31}],"player_experience":1782492,"relics_obtained":[{"floor":6,"key":"Mercury Hourglass"},{"floor":8,"key":"Bag of Preparation"},{"floor":9,"key":"Tiny Chest"},{"floor":11,"key":"Darkstone Periapt"},{"floor":21,"key":"Singing Bowl"},{"floor":23,"key":"Oddly Smooth Stone"},{"floor":25,"key":"Bottled Lightning"},{"floor":26,"key":"Ancient Tea Set"},{"floor":29,"key":"Ice Cream"},{"floor":29,"key":"Kunai"}],"event_choices":[{"damage_healed":0,"gold_gain":0,"player_choice":"Lose Max HP","damage_taken":0,"relics_obtained":["Golden Idol"],"max_hp_gain":0,"max_hp_loss":7,"event_name":"Golden Idol","floor":3,"gold_loss":0},{"damage_healed":0,"gold_gain":0,"player_choice":"Grow","damage_taken":0,"max_hp_gain":0,"max_hp_loss":0,"event_name":"Living Wall","floor":5,"gold_loss":0,"cards_upgraded":["RobotSpaceExplorer:StarLightning"]},{"damage_healed":0,"gold_gain":0,"player_choice":"Ignored","damage_taken":0,"max_hp_gain":0,"max_hp_loss":0,"event_name":"Vampires","floor":19,"gold_loss":0},{"damage_healed":0,"gold_gain":0,"player_choice":"Fight","damage_taken":0,"max_hp_gain":0,"max_hp_loss":0,"event_name":"Colosseum","floor":29,"gold_loss":0},{"damage_healed":0,"gold_gain":0,"player_choice":"Fought Nobs","damage_taken":0,"max_hp_gain":0,"max_hp_loss":0,"event_name":"Colosseum","floor":29,"gold_loss":0}],"is_beta":true,"boss_relics":[{"not_picked":["Runic Dome","Fusion Hammer"],"picked":"SlaversCollar"}],"items_purged_floors":[],"is_endless":false,"potions_floor_spawned":[2,4,6,12,14,20,23,28,31],"killed_by":"Champ","ascension_level":16}}