{"host":"wwmqne3dwir10erh","time":1610077367,"event":{"mods":["BaseMod","Better Note","Hubris","Mimic Mod","Minty Spire (QoL Compilation)","Replay The Spire","StSLib","The Bladedancer"],"gold_per_floor":[17,32,49,64,77,110,110,110,110,135,135,135,152,427,427,528,528,541,243,258,27,27,52,52,52,129,156,156,176,176,190,190,288,288,302,12,23,23,34,34,59,59,59,74,74,74,74,84,84,84],"floor_reached":51,"playtime":2258,"items_purged":["Regret","Replay:Hysterical Blindness"],"score":978,"play_id":"19110fb0-ceb4-4898-b884-af0e7c483873","local_time":"20210107224247","is_ascension_mode":true,"campfire_choices":[{"floor":7.0,"key":"REST"},{"data":"Noxious Fumes","floor":12.0,"key":"SMITH"},{"data":"Bane","floor":15.0,"key":"SMITH"},{"floor":24.0,"key":"REST"},{"data":"RitualDagger","floor":28.0,"key":"SMITH"},{"floor":30.0,"key":"REST"},{"data":"Skewer","floor":32,"key":"SMITH"},{"data":"ReplayTheSpireMod:Necrogeddon","floor":40,"key":"SMITH"},{"data":"Neutralize","floor":42,"key":"SMITH"},{"data":"Finisher","floor":45,"key":"SMITH"},{"data":"Blade Dance","floor":49,"key":"SMITH"}],"circlet_count":0,"master_deck":["Strike_G","Strike_G+1","Strike_G","Strike_G","Defend_G","Defend_G","Defend_G","Defend_G+1","Defend_G","Survivor","Deadly Poison","Blade Dance+1","Dagger Spray","Bane+1","Noxious Fumes+1","After Image+1","Adrenaline","Decay","Bullet Time+1","Prepared+1","All Out Attack","hubris:Sniper+1","ReplayTheSpireMod:Necrogeddon+1","Cloak And Dagger+1","RitualDagger+1","Accuracy+1","Skewer+1","Blade Dance+1","Deflect+1","After Image+1","Tactician+1","Sickly","Blade Dance+1","hubris:Sniper+1","Parasite","Finisher+1","Madness+1","Madness+1"],"relics":["Ring of the Snake","Matryoshka","Frozen Egg 2","Pen Nib","Ornamental Fan","hubris:AncientText","Replay:Ancient Bell","MealTicket","Toxic Egg 2","Tough Bandages","Basket Of Snakes","WarpedTongs","Replay:Rubber Ducky","Garlic","Simple Rune","Empty Cage","ReplayTheSpireMod:CursedCoin","hubris:Potato","Centennial Puzzle","ReplayTheSpireMod:Lightbulb"],"acts_visited":["Exordium","TheCity","TheBeyond"],"potions_floor_usage":[33,50,50],"damage_taken":[{"damage":1.0,"enemies":"Jaw Worm","floor":1.0,"turns":4.0},{"damage":0.0,"enemies":"2 Louse","floor":2.0,"turns":4.0},{"damage":0.0,"enemies":"Cultist","floor":3.0,"turns":3.0},{"damage":1.0,"enemies":"3 Louse","floor":4.0,"turns":3.0},{"damage":18.0,"enemies":"Exordium Thugs","floor":5.0,"turns":4.0},{"damage":8.0,"enemies":"Gremlin Nob","floor":6.0,"turns":3.0},{"damage":5.0,"enemies":"3 Sentries","floor":10.0,"turns":6.0},{"damage":1.0,"enemies":"Looter","floor":13.0,"turns":3.0},{"damage":4.0,"enemies":"Slime Boss","floor":16.0,"turns":8.0},{"damage":27.0,"enemies":"2 Thieves","floor":18.0,"turns":5.0},{"damage":14.0,"enemies":"Shell Parasite","floor":20.0,"turns":5.0},{"damage":24.0,"enemies":"Book of Stabbing","floor":23.0,"turns":6.0},{"damage":0.0,"enemies":"Replay:Snechameleon","floor":27.0,"turns":6.0},{"damage":16.0,"enemies":"Centurion and Healer","floor":29.0,"turns":4.0},{"damage":0,"enemies":"3 Cultists","floor":31,"turns":3},{"damage":22,"enemies":"Automaton","floor":33,"turns":6},{"damage":0,"enemies":"3 Darklings","floor":35,"turns":4},{"damage":0,"enemies":"3 Shapes","floor":37,"turns":4},{"damage":0,"enemies":"Writhing Mass","floor":39,"turns":5},{"damage":0,"enemies":"Nemesis","floor":41,"turns":5},{"damage":0,"enemies":"Jaw Worm Horde","floor":44,"turns":4},{"damage":0,"enemies":"3 Darklings","floor":48,"turns":4},{"damage":28,"enemies":"Awakened One","floor":50,"turns":11}],"seed_played":"-1969606950269418201","potions_obtained":[{"floor":3.0,"key":"Strength Potion"},{"floor":5.0,"key":"AttackPotion"},{"floor":6.0,"key":"SneckoOil"},{"floor":10.0,"key":"Flashbang"},{"floor":16.0,"key":"EssenceOfSteel"},{"floor":18.0,"key":"CultistPotion"},{"floor":27.0,"key":"Death Potion"},{"floor":31,"key":"EssenceOfSteel"},{"floor":35,"key":"Elixir"},{"floor":37,"key":"SpeedPotion"}],"is_trial":false,"path_per_floor":["M","M","M","M","M","E","R","?","T","E","?","R","M","?","R","B",null,"M","$","M","$","?","E","R","?","T","E","R","M","R","M","R","B",null,"M","$","M","$","M","R","E","R","T","M","R","?","?","M","R","B",null],"character_chosen":"THE_SILENT","items_purchased":["Prepared+1","Fruit Juice","All Out Attack","ReplayTheSpireMod:Necrogeddon","Cloak And Dagger+1","ReplayTheSpireMod:CursedCoin","hubris:Potato","Blade Dance+1"],"campfire_rested":3,"item_purchase_floors":[19,19,19,21,21,36,36,36],"current_hp_per_floor":[83,83,83,82,64,56,81,81,81,76,76,76,75,75,75,71,84,57,77,63,78,72,48,74,74,74,74,74,58,84,84,84,62,89,89,89,89,89,89,89,89,89,89,89,89,89,78,78,78,50],"gold":84,"neow_bonus":"TWENTY_PERCENT_HP_BONUS","is_daily":false,"chose_seed":false,"campfire_upgraded":8,"win_rate":0.0,"timestamp":1610077367,"path_taken":["M","M","M","M","M","E","R","?","T","E","?","R","M","?","R","BOSS","M","$","M","$","?","E","R","?","T","E","R","?","R","M","R","BOSS","M","$","M","$","M","R","E","R","T","M","R","?","?","M","R","BOSS"],"items_purchased_type":["Card","Potion","Card","Card","Card","Relic","Relic","Card"],"build_version":"2020-12-22","purchased_purges":2,"victory":true,"max_hp_per_floor":[84,84,84,84,84,84,84,84,84,84,84,84,84,84,84,84,84,84,89,89,89,89,89,89,89,89,89,89,89,89,89,89,89,89,89,89,89,89,89,89,89,89,89,89,89,89,89,89,89,89],"card_choices":[{"not_picked":["Deflect","Concentrate"],"picked":"Deadly Poison","floor":1.0},{"not_picked":["Dodge and Roll","Slice"],"picked":"Blade Dance","floor":2.0},{"not_picked":["Sucker Punch","PiercingWail"],"picked":"Dagger Spray","floor":3.0},{"not_picked":["Underhanded Strike","Crippling Poison","Dodge and Roll"],"picked":"SKIP","floor":4.0},{"not_picked":["Outmaneuver","ReplayTheSpireMod:Exploit Weakness"],"picked":"Bane","floor":5.0},{"not_picked":["Quick Slash","Dagger Throw"],"picked":"Noxious Fumes","floor":6.0},{"not_picked":["Dagger Throw","Escape Plan"],"picked":"After Image+1","floor":10.0},{"not_picked":["Hidden Blade","Expertise","Outmaneuver"],"picked":"SKIP","floor":13.0},{"not_picked":["Die Die Die","Burst"],"picked":"Adrenaline","floor":16.0},{"not_picked":["hubris:Wrath","Overencumbered"],"picked":"Decay","floor":17.0},{"not_picked":["Looming Evil","Delirium"],"picked":"Replay:Hysterical Blindness","floor":17.0},{"not_picked":["Parasite","hubris:Gluttony"],"picked":"hubris:Compulsion","floor":17.0},{"not_picked":["Eviscerate","Tactician+1"],"picked":"Bullet Time+1","floor":18.0},{"not_picked":["Outmaneuver+1","Poisoned Stab"],"picked":"hubris:Sniper+1","floor":20.0},{"not_picked":["ReplayTheSpireMod:Exploit Weakness+1","Blur+1"],"picked":"Accuracy+1","floor":23.0},{"not_picked":["Expertise+1","Dagger Spray"],"picked":"Skewer","floor":27.0},{"not_picked":["ReplayTheSpireMod:The Works+1","Flying Knee+1"],"picked":"Blade Dance+1","floor":29.0},{"not_picked":["Outmaneuver+1","All Out Attack+1"],"picked":"Deflect+1","floor":31},{"not_picked":["Envenom+1","ReplayTheSpireMod:Necrosis+1"],"picked":"After Image+1","floor":33},{"not_picked":["Underhanded Strike+1","hubris:Sniper+1"],"picked":"Tactician+1","floor":35},{"not_picked":["Endless Agony+1","Deadly Poison+1"],"picked":"hubris:Sniper+1","floor":37},{"not_picked":["Replay:Poison Smokescreen+1","Outmaneuver+1","Infinite Blades+1"],"picked":"SKIP","floor":39},{"not_picked":["Eviscerate","Slice+1","Dodge and Roll+1"],"picked":"SKIP","floor":41},{"not_picked":["Underhanded Strike+1","Flying Knee"],"picked":"Finisher","floor":44},{"not_picked":["Hidden Blade+1","Deadly Poison+1","Backflip+1"],"picked":"SKIP","floor":48}],"player_experience":2259771,"relics_obtained":[{"floor":6.0,"key":"Matryoshka"},{"floor":9.0,"key":"Pen Nib"},{"floor":9.0,"key":"Ornamental Fan"},{"floor":10.0,"key":"hubris:AncientText"},{"floor":23.0,"key":"Basket Of Snakes"},{"floor":26.0,"key":"Replay:Rubber Ducky"},{"floor":26.0,"key":"Garlic"},{"floor":27.0,"key":"Simple Rune"},{"floor":41,"key":"Centennial Puzzle"},{"floor":43,"key":"ReplayTheSpireMod:Lightbulb"}],"event_choices":[{"damage_healed":0.0,"max_hp_gain":0.0,"max_hp_loss":0.0,"gold_gain":0.0,"event_name":"Dead Adventurer","player_choice":"Searched \u00272\u0027 times","floor":8.0,"gold_loss":0.0,"damage_taken":0.0,"relics_obtained":["Frozen Egg 2"]},{"cards_removed":["Strike_G"],"damage_healed":0.0,"max_hp_gain":0.0,"max_hp_loss":0.0,"gold_gain":0.0,"event_name":"Living Wall","player_choice":"Forget","floor":11.0,"gold_loss":0.0,"damage_taken":0.0},{"damage_healed":0.0,"max_hp_gain":0.0,"max_hp_loss":0.0,"gold_gain":275.0,"event_name":"Golden Shrine","player_choice":"Desecrate","floor":14.0,"gold_loss":0.0,"damage_taken":0.0,"cards_obtained":["Regret"]},{"damage_healed":0.0,"max_hp_gain":0.0,"max_hp_loss":0.0,"gold_gain":0.0,"event_name":"Nest","player_choice":"Joined the Cult","floor":22.0,"gold_loss":0.0,"damage_taken":6.0,"cards_obtained":["RitualDagger"]},{"damage_healed":0.0,"max_hp_gain":0.0,"max_hp_loss":0.0,"gold_gain":0.0,"event_name":"Accursed Blacksmith","player_choice":"Rummage","floor":25.0,"gold_loss":0.0,"damage_taken":0.0,"relics_obtained":["WarpedTongs"],"cards_obtained":["Pain"]},{"cards_removed":["Neutralize"],"damage_healed":0,"gold_gain":0,"player_choice":"Removed Attack","damage_taken":0,"max_hp_gain":0,"max_hp_loss":0,"event_name":"Falling","floor":46,"gold_loss":0},{"damage_healed":0,"gold_gain":0,"player_choice":"Embrace Madness","damage_taken":11,"max_hp_gain":0,"max_hp_loss":0,"event_name":"Winding Halls","floor":47,"gold_loss":0,"cards_obtained":["Madness","Madness"]}],"is_beta":false,"boss_relics":[{"not_picked":["Honey Jar","Kintsugi"],"picked":"Replay:Ancient Bell"},{"not_picked":["Juzu Bracelet","MawBank"],"picked":"MealTicket"},{"not_picked":["Mummified Hand","Mirror"],"picked":"Toxic Egg 2"},{"not_picked":["Lizard Tail","Thread and Needle"],"picked":"Tough Bandages"},{"not_picked":["Painkiller Herb","Sozu"],"picked":"Empty Cage"}],"items_purged_floors":[19,36],"is_endless":false,"potions_floor_spawned":[3,5,6,10,16,18,27,31,35,37],"ascension_level":2}}