{"host":"svwqvw2il1zfkkg0","time":1610100048,"event":{"mods":["AchievementEnabler","BaseMod","BetterRewards","Colored Map","Colored Powertips","Custom Start","Downfall","GifTheSpireLib","Highlight Path","Hubris","Infinite Spire","Minty Spire (QoL Compilation)","Quick Restart","Replay The Spire","Shop Mod","StSLib","SuperFastMode"],"gold_per_floor":[216,291,291,36,50,50,62,62,86,118,134,198,226,236,236,336,336,353,353,353,372,16,16,51,51,75,75,85,85,97,97,97,97,97],"floor_reached":33,"playtime":1227,"items_purged":[],"score":298,"play_id":"f039bdcc-9969-4a36-a014-b6f8a98facb0","local_time":"20210108020048","is_ascension_mode":false,"campfire_choices":[{"data":"Dagger Throw","floor":6,"key":"SMITH"},{"floor":8,"key":"REST"},{"floor":15,"key":"REST"},{"data":"Bullet Time","floor":23,"key":"SMITH"},{"data":"Venomology","floor":25,"key":"SMITH"},{"data":"Neutralize","floor":27,"key":"SMITH"},{"floor":32,"key":"REST"}],"circlet_count":0,"master_deck":["Strike_G","Strike_G","Strike_G","Strike_G","Strike_G+1","Defend_G","Defend_G","Defend_G","Defend_G","Defend_G+1","Survivor","Neutralize+1","Dagger Throw+1","Riddle With Holes+1","Poisoned Stab+1","Unload+1","Bane+1","Backstab+1","Poisoned Stab+1","Glass Knife+1","Dagger Spray+1","Deadly Poison+1","Bullet Time+1","ReplayTheSpireMod:IOU","Venomology+1","Poisoned Stab+1","Poisoned Stab+1"],"relics":["Ring of the Snake","Molten Egg 2","Pen Nib","Simple Rune","Incense Burner","HoveringKite","Replay:Wax Seal","ClockworkSouvenir","Toy Ornithopter","Lantern","Boot","infinitespire:Broken Mirror"],"acts_visited":["Exordium","TheCity"],"potions_floor_usage":[10,16,30,33,33,33,33],"damage_taken":[{"damage":0,"enemies":"2 Louse","floor":1,"turns":2},{"damage":3,"enemies":"Jaw Worm","floor":5,"turns":3},{"damage":10,"enemies":"Small Slimes","floor":7,"turns":3},{"damage":14,"enemies":"Gremlin Nob","floor":10,"turns":4},{"damage":0,"enemies":"2 Fungi Beasts","floor":11,"turns":2},{"damage":20,"enemies":"3 Sentries","floor":13,"turns":6},{"damage":0,"enemies":"Large Slime","floor":14,"turns":1},{"damage":36,"enemies":"Fading Forest","floor":16,"turns":11},{"damage":0,"enemies":"Shell Parasite","floor":18,"turns":1},{"damage":0,"enemies":"3 Byrds","floor":21,"turns":3},{"damage":17,"enemies":"Book of Stabbing","floor":24,"turns":4},{"damage":1,"enemies":"Snecko","floor":28,"turns":3},{"damage":9,"enemies":"Centurion and Healer","floor":30,"turns":4},{"damage":96,"enemies":"Collector","floor":33,"turns":8}],"seed_played":"-3690412069716394219","potions_obtained":[{"floor":5,"key":"PowerPotion"},{"floor":13,"key":"Energy Potion"},{"floor":16,"key":"Regen Potion"},{"floor":18,"key":"Languid Potion"},{"floor":24,"key":"Swift Potion"},{"floor":30,"key":"LifebloodPotion"}],"is_trial":false,"path_per_floor":["M","?","?","$","M","R","M","R","T","E","M","?","E","M","R","B",null,"M","?","?","M","$","R","E","R","T","R","M","?","M","T","R","B"],"character_chosen":"THE_SILENT","items_purchased":["Molten Egg 2","Bullet Time","Replay:Wax Seal","ClockworkSouvenir","Toy Ornithopter"],"campfire_rested":3,"item_purchase_floors":[4,22,22,22,22],"current_hp_per_floor":[70,59,59,59,56,56,46,67,67,53,53,53,33,33,54,28,70,70,70,70,70,70,70,53,53,53,53,52,52,48,48,69,0,0],"gold":97,"neow_bonus":"HUNDRED_GOLD","is_daily":false,"chose_seed":false,"campfire_upgraded":4,"win_rate":0.0,"timestamp":1610100048,"path_taken":["M","?","?","$","M","R","M","R","T","E","M","?","E","M","R","BOSS","M","?","?","M","?","R","E","R","T","R","M","?","M","?","R","BOSS"],"items_purchased_type":["Relic","Card","Relic","Relic","Relic"],"build_version":"2020-12-22","purchased_purges":0,"victory":false,"max_hp_per_floor":[70,70,70,70,70,70,70,70,70,70,70,70,70,70,70,70,70,70,70,70,70,70,70,70,70,70,70,70,70,70,70,70,70,70],"card_choices":[{"not_picked":["Underhanded Strike","Leg Sweep"],"picked":"Dagger Throw","floor":1},{"not_picked":["Underhanded Strike+1","Backflip"],"picked":"Riddle With Holes+1","floor":5},{"not_picked":["Bane+1","Finisher+1"],"picked":"Poisoned Stab+1","floor":7},{"not_picked":["Heel Hook+1","Catalyst"],"picked":"Unload+1","floor":10},{"not_picked":["Well Laid Plans","Escape Plan"],"picked":"Bane+1","floor":11},{"not_picked":["Finisher+1","Draining Mist"],"picked":"Backstab+1","floor":13},{"not_picked":["Leg Sweep","Replay:Poison Smokescreen"],"picked":"Poisoned Stab+1","floor":14},{"not_picked":["Burst","ReplayTheSpireMod:From All Sides+1"],"picked":"Glass Knife+1","floor":16},{"not_picked":["Deflect+1","Bane+1"],"picked":"Dagger Spray+1","floor":18},{"not_picked":["Acrobatics","hubris:SlightOfHand"],"picked":"Deadly Poison+1","floor":21},{"not_picked":["Slice+1","Hidden Blade+1"],"picked":"Venomology","floor":24},{"not_picked":["PiercingWail","Reflex"],"picked":"Poisoned Stab+1","floor":28},{"not_picked":["Underhanded Strike+1","ReplayTheSpireMod:Speed Training+1"],"picked":"Poisoned Stab+1","floor":30}],"player_experience":465543,"relics_obtained":[{"floor":9,"key":"Pen Nib"},{"floor":10,"key":"Simple Rune"},{"floor":13,"key":"Incense Burner"},{"floor":24,"key":"Lantern"},{"floor":26,"key":"Boot"},{"floor":31,"key":"infinitespire:Broken Mirror"}],"event_choices":[{"damage_healed":0,"gold_gain":75,"player_choice":"Gather Gold","damage_taken":11,"max_hp_gain":0,"max_hp_loss":0,"event_name":"World of Goop","floor":2,"gold_loss":0},{"damage_healed":0,"gold_gain":64,"player_choice":"Gained Gold","damage_taken":0,"max_hp_gain":0,"max_hp_loss":0,"event_name":"Golden Wing","floor":12,"gold_loss":0}],"is_beta":false,"boss_relics":[{"not_picked":["infinitespire:Cupcake","Empty Cage"],"picked":"HoveringKite"}],"items_purged_floors":[],"is_endless":false,"potions_floor_spawned":[5,13,16,18,24,30],"killed_by":"Collector","ascension_level":0}}