{"host":"tq7pufgtqftqw8yr","time":1610131823,"event":{"mods":["BaseMod","Downfall","Minty Spire (QoL Compilation)","StSLib"],"gold_per_floor":[99,112,130,146,146,146,196,134,146,176,176,201,51,62,75,178,178,178,188,188,97,108,136,136,171,171,184,203,203,228,228,244,349,349,349,364,381,431,450,461,461,490,490,502,502,528,528,528],"floor_reached":47,"playtime":3626,"items_purged":[],"score":686,"play_id":"d167d7d6-604c-44b4-81e1-ecdd6e2853ca","local_time":"20210109025023","is_ascension_mode":true,"campfire_choices":[{"floor":1,"key":"RECALL"},{"data":"sneckomod:DiceBoulder","floor":13,"key":"SMITH"},{"data":"sneckomod:DiceBoulder+1","floor":18,"key":"SMITH"},{"floor":29,"key":"REST"},{"data":"sneckomod:MorePower","floor":35,"key":"SMITH"},{"floor":43,"key":"REST"}],"circlet_count":0,"master_deck":["sneckomod:Defend","sneckomod:Defend","sneckomod:Defend","sneckomod:TailWhip+1","sneckomod:SnekBite","sneckomod:Unknown","sneckomod:Unknown","Trip","sneckomod:UnknownWeak","sneckomod:ImprovisedAttack+1","sneckomod:IronFang","sneckomod:DiceCrush","sneckomod:DiceBoulder+2","sneckomod:MixItUp","sneckomod:SoulCleanse","sneckomod:QuickMove","sneckomod:Unknown0Cost","sneckomod:UnknownRareAttack","sneckomod:UnknownWeak+1","sneckomod:SoulCleanse","sneckomod:MasterEye","sneckomod:UnknownDexterity","sneckomod:QuickMove+1","sneckomod:UnknownRarePower","sneckomod:PureSnecko","sneckomod:DiceBlock+1","sneckomod:MorePower+1","sneckomod:UnknownVulnerable+1","sneckomod:UnknownRareSkill+1","sneckomod:Restock","sneckomod:IronFang+1","sneckomod:UnknownVulnerable+1","sneckomod:Unknown2Cost+1","sneckomod:UnknownRareAttack+1","sneckomod:UnknownRareSkill+1"],"relics":["sneckomod:SneckoSoul","Eternal Feather","Pantograph","Bag of Marbles","downfall:HeartBlessingRed","downfall:HeartBlessingBlue","Snecko Eye","Gambling Chip","Ginger","Juzu Bracelet","Nilry\u0027s Codex","Potion Belt","Black Star","Shovel","InkBottle","Unceasing Top","Vajra","downfall:TeleportStone","Whetstone","Toxic Egg 2"],"acts_visited":["Exordium","TheCity","TheBeyond"],"potions_floor_usage":[9,20,23,25,28,31,36,37,39,39,40,46],"damage_taken":[{"damage":6,"enemies":"Jaw Worm","floor":2,"turns":3},{"damage":0,"enemies":"2 Louse","floor":3,"turns":3},{"damage":0,"enemies":"Small Slimes","floor":4,"turns":3},{"damage":6,"enemies":"downfall:FleeingMerchant","floor":8,"turns":4},{"damage":10,"enemies":"Exordium Thugs","floor":9,"turns":5},{"damage":13,"enemies":"Lagavulin","floor":10,"turns":5},{"damage":9,"enemies":"3 Sentries","floor":12,"turns":6},{"damage":7,"enemies":"Blue Slaver","floor":14,"turns":3},{"damage":0,"enemies":"Large Slime","floor":15,"turns":4},{"damage":18,"enemies":"downfall:Watcher","floor":16,"turns":6},{"damage":0,"enemies":"Spheric Guardian","floor":19,"turns":3},{"damage":2,"enemies":"downfall:FleeingMerchant","floor":21,"turns":4},{"damage":17,"enemies":"Centurion and Healer","floor":22,"turns":4},{"damage":30,"enemies":"Book of Stabbing","floor":23,"turns":5},{"damage":0,"enemies":"Slavers","floor":25,"turns":4},{"damage":0,"enemies":"Snecko","floor":27,"turns":2},{"damage":18,"enemies":"Shelled Parasite and Fungi","floor":28,"turns":4},{"damage":55,"enemies":"Gremlin Leader","floor":30,"turns":7},{"damage":15,"enemies":"Gremlin Leader","floor":31,"turns":5},{"damage":11,"enemies":"Snake Plant","floor":32,"turns":3},{"damage":17,"enemies":"downfall:Defect","floor":33,"turns":7},{"damage":4,"enemies":"3 Darklings","floor":36,"turns":5},{"damage":5,"enemies":"Orb Walker","floor":37,"turns":2},{"damage":3,"enemies":"Mind Bloom Boss Battle","floor":38,"turns":4},{"damage":37,"enemies":"Spire Growth","floor":39,"turns":4},{"damage":3,"enemies":"3 Darklings","floor":40,"turns":6},{"damage":22,"enemies":"Reptomancer","floor":42,"turns":5},{"damage":47,"enemies":"Maw","floor":44,"turns":4},{"damage":45,"enemies":"Giant Head","floor":46,"turns":8},{"damage":31,"enemies":"Writhing Mass","floor":47,"turns":2}],"seed_played":"-6169351860678827823","potions_obtained":[{"floor":3,"key":"ColorlessPotion"},{"floor":4,"key":"Fire Potion"},{"floor":10,"key":"Strength Potion"},{"floor":15,"key":"champ:CounterPotion"},{"floor":20,"key":"Fruit Juice"},{"floor":20,"key":"DuplicationPotion"},{"floor":25,"key":"LiquidMemories"},{"floor":27,"key":"BlessingOfTheForge"},{"floor":36,"key":"Ancient Potion"},{"floor":40,"key":"GamblersBrew"}],"is_trial":false,"path_per_floor":["R","M","M","M","?","?","T","$","M","E","?","E","R","M","M","B",null,"R","M","?","$","M","E","T","E","?","M","M","R","E","?","M","B",null,"R","M","M","?","M","M","T","E","R","M","?","E","M"],"character_chosen":"THE_SNECKO","items_purchased":["sneckomod:DiceCrush","sneckomod:MasterEye"],"campfire_rested":2,"item_purchase_floors":[8,21],"current_hp_per_floor":[90,85,85,85,78,78,78,72,62,49,79,73,92,85,86,88,106,106,107,112,110,94,73,73,74,58,58,55,104,49,34,23,31,114,114,115,111,108,76,79,79,58,114,68,68,24,0,0],"gold":528,"neow_bonus":"RANDOM_COLORLESS","is_daily":false,"chose_seed":false,"campfire_upgraded":3,"win_rate":0.0,"timestamp":1610131823,"path_taken":["R","M","M","M","?","?","T","$","M","E","?","E","R","M","M","BOSS","R","M","?","?","M","E","T","E","?","M","M","R","E","?","M","BOSS","R","M","M","?","M","M","T","E","R","M","?","E","M"],"items_purchased_type":["Card","Card"],"build_version":"2020-12-22","purchased_purges":0,"victory":false,"max_hp_per_floor":[90,91,91,91,91,91,91,91,91,91,91,94,104,104,105,106,106,106,107,112,112,113,113,113,114,114,114,114,114,114,114,114,114,114,114,115,116,116,121,127,127,128,128,129,129,130,130,130],"card_choices":[{"not_picked":["expansioncontent:Collect","Impatience"],"picked":"Trip","floor":0},{"not_picked":["sneckomod:DiceBlock","sneckomod:TrashToTreasure"],"picked":"sneckomod:UnknownWeak","floor":2},{"not_picked":["sneckomod:UnknownCommonSkill","sneckomod:UnknownClassPURPLE","sneckomod:UnknownBlock"],"picked":"SKIP","floor":3},{"not_picked":["sneckomod:Nope","sneckomod:UnknownCommonSkill"],"picked":"sneckomod:ImprovisedAttack","floor":4},{"not_picked":["sneckomod:Mudshield","sneckomod:UnknownWeak"],"picked":"sneckomod:IronFang","floor":8},{"not_picked":["sneckomod:QuickBite","sneckomod:UnknownWeak"],"picked":"sneckomod:DiceBoulder","floor":9},{"not_picked":["sneckomod:RainOfDice","sneckomod:UnknownClassTHE_CHAMP_GRAY"],"picked":"sneckomod:MixItUp","floor":10},{"not_picked":["sneckomod:MasterEye","sneckomod:Rotation"],"picked":"sneckomod:SoulCleanse","floor":12},{"not_picked":["sneckomod:UnknownVulnerable","sneckomod:QuickBite"],"picked":"sneckomod:QuickMove","floor":14},{"not_picked":["sneckomod:Unknown1Cost","sneckomod:SnekBeam"],"picked":"sneckomod:Unknown0Cost","floor":15},{"not_picked":["sneckomod:UnlimitedRolls","sneckomod:Restock"],"picked":"sneckomod:UnknownRareAttack","floor":16},{"not_picked":["sneckomod:Nope","sneckomod:Unknown0Cost"],"picked":"sneckomod:UnknownWeak+1","floor":19},{"not_picked":["sneckomod:UnknownExhaust","sneckomod:UnknownVulnerable"],"picked":"sneckomod:SoulCleanse","floor":21},{"not_picked":["sneckomod:UnknownX","sneckomod:DiceBlock"],"picked":"sneckomod:UnknownDexterity","floor":22},{"not_picked":["sneckomod:UnknownStrike","sneckomod:MasterEye"],"picked":"sneckomod:QuickMove+1","floor":23},{"not_picked":["sneckomod:IronFang","sneckomod:DiceBoulder"],"picked":"sneckomod:UnknownRarePower","floor":25},{"not_picked":["sneckomod:UnknownCommonAttack","sneckomod:UnknownStrike"],"picked":"sneckomod:PureSnecko","floor":27},{"not_picked":["sneckomod:UnknownClassPURPLE","sneckomod:PureSnecko","sneckomod:UnknownBlock"],"picked":"SKIP","floor":28},{"not_picked":["sneckomod:UnknownClassPURPLE","sneckomod:WideSting"],"picked":"sneckomod:DiceBlock+1","floor":30},{"not_picked":["sneckomod:UnknownClassGUARDIAN+1","sneckomod:DiceBlock","sneckomod:WideSting"],"picked":"SKIP","floor":32},{"not_picked":["sneckomod:Mudshield","sneckomod:Cheat"],"picked":"sneckomod:MorePower","floor":33},{"not_picked":["sneckomod:UnknownClassSLIMEBOUND+1","sneckomod:UnknownClassTHE_CHAMP_GRAY+1"],"picked":"sneckomod:UnknownVulnerable+1","floor":36},{"not_picked":["sneckomod:RainOfDice","sneckomod:UnknownClassSLIMEBOUND","sneckomod:IronFang"],"picked":"SKIP","floor":36},{"not_picked":["sneckomod:UnknownClassPURPLE+1","sneckomod:UnknownUncommonAttack+1"],"picked":"sneckomod:UnknownRareSkill+1","floor":37},{"not_picked":["sneckomod:UnknownClassSLIMEBOUND","sneckomod:SoulDraw+1"],"picked":"sneckomod:Restock","floor":37},{"not_picked":["sneckomod:UnknownCommonAttack+1","sneckomod:WideSting+1","sneckomod:IronFang"],"picked":"SKIP","floor":37},{"not_picked":["sneckomod:Restock","sneckomod:UnknownCommonAttack+1"],"picked":"sneckomod:IronFang+1","floor":39},{"not_picked":["sneckomod:UnknownStrike+1","sneckomod:Nope+1"],"picked":"sneckomod:UnknownVulnerable+1","floor":40},{"not_picked":["sneckomod:UnknownWeak+1","sneckomod:UnknownDexterity+1","sneckomod:UnknownClassGREEN+1"],"picked":"SKIP","floor":40},{"not_picked":["sneckomod:UnknownClassSLIMEBOUND+1","sneckomod:UnknownClassPURPLE+1"],"picked":"sneckomod:Unknown2Cost+1","floor":42},{"not_picked":["sneckomod:Nope+1","sneckomod:UnknownExhaust+1","sneckomod:UnknownVulnerable+1"],"picked":"SKIP","floor":42},{"not_picked":["sneckomod:UnknownBlock+1","sneckomod:UnknownCommonAttack+1"],"picked":"sneckomod:UnknownRareAttack+1","floor":44},{"not_picked":["sneckomod:DiceBlock+1","sneckomod:QuickBite","sneckomod:SoulDraw"],"picked":"SKIP","floor":44},{"not_picked":["sneckomod:UnknownEthereal+1","sneckomod:UnknownClassGUARDIAN+1"],"picked":"sneckomod:UnknownRareSkill+1","floor":46},{"not_picked":["sneckomod:TrashToTreasure+1","sneckomod:DiceBlock+1","sneckomod:DiceCrush"],"picked":"SKIP","floor":46}],"player_experience":792693,"relics_obtained":[{"floor":10,"key":"Pantograph"},{"floor":12,"key":"Bag of Marbles"},{"floor":23,"key":"Gambling Chip"},{"floor":24,"key":"Ginger"},{"floor":25,"key":"Juzu Bracelet"},{"floor":26,"key":"Nilry\u0027s Codex"},{"floor":30,"key":"Potion Belt"},{"floor":38,"key":"Shovel"},{"floor":41,"key":"InkBottle"},{"floor":42,"key":"Unceasing Top"},{"floor":42,"key":"Vajra"},{"floor":46,"key":"Whetstone"},{"floor":46,"key":"Toxic Egg 2"}],"event_choices":[{"damage_healed":0,"gold_gain":0,"player_choice":"Success","damage_taken":7,"relics_obtained":["Eternal Feather"],"max_hp_gain":0,"max_hp_loss":0,"event_name":"Scrap Ooze","floor":5,"gold_loss":0},{"cards_removed":["sneckomod:Strike"],"damage_healed":0,"gold_gain":0,"player_choice":"Card Removal","damage_taken":0,"max_hp_gain":0,"max_hp_loss":0,"event_name":"The Cleric","floor":6,"gold_loss":0},{"damage_healed":30,"gold_gain":0,"player_choice":"Banana","damage_taken":0,"max_hp_gain":0,"max_hp_loss":0,"event_name":"Big Fish","floor":11,"gold_loss":0},{"damage_healed":0,"gold_gain":0,"player_choice":"Got Potions","damage_taken":0,"max_hp_gain":0,"max_hp_loss":0,"event_name":"Lab","floor":20,"gold_loss":0}],"is_beta":false,"boss_relics":[{"not_picked":["downfall:Hecktoplasm","Cursed Key"],"picked":"Snecko Eye"},{"not_picked":["Velvet Choker","Coffee Dripper"],"picked":"Black Star"}],"items_purged_floors":[],"is_endless":false,"potions_floor_spawned":[3,4,10,15,19,22,25,27,31,32,36,40,42],"killed_by":"Writhing Mass","ascension_level":1}}