{"host":"gfcy6tva0ju5i6qm","time":1610075862,"event":{"mods":["AchievementEnabler","Act Like it!","Bartender","BaseMod","Best Route Mod","Better Altar","Better Match","Better Note","Better Sensory Stone","Better Skull","Block Reminder","Colored Map","Colored Powertips","DeckTracker","Energized Spire","Friendly Minions","GifTheSpireLib","Hermit","Jorbs\u0027s Wanderer Trilogy","Minty Spire (QoL Compilation)","Rare Cards Sparkle","Shop Mod","StSLib","The Bladedancer","The Bug Knight","The Cursed","The Disciple","The Hierophant","The Judge","The Servant 0.9.4","TheFirefly","everything is the same but u backflip on backflip"],"gold_per_floor":[118,132,143,159,173,173,201,201,201,201,220,231,258,258,258,358,358,370,386,400,81,81,81,111,111,136,154,174,174,193,223,223,321,321,339,264,164,164,164,191,191,221,221,252,264,295,295,314,314,314,314,314,46,75,75],"floor_reached":56,"playtime":6064,"items_purged":["Strike_G","Strike_G","Strike_G"],"score":1470,"play_id":"40d72e99-f4e0-4f33-9106-cd2ce9776122","local_time":"20210107221742","is_ascension_mode":true,"campfire_choices":[{"data":"Neutralize","floor":6.0,"key":"SMITH"},{"data":"Malaise","floor":8.0,"key":"SMITH"},{"data":"1","floor":10.0,"key":"LIFT"},{"floor":15,"key":"REST"},{"data":"2","floor":23,"key":"LIFT"},{"data":"3","floor":25,"key":"LIFT"},{"data":"After Image","floor":29,"key":"SMITH"},{"data":"Bouncing Flask","floor":32,"key":"SMITH"},{"data":"Adrenaline","floor":41,"key":"SMITH"},{"data":"Adrenaline","floor":47,"key":"SMITH"},{"floor":49,"key":"RECALL"},{"data":"Backflip","floor":52,"key":"SMITH"}],"circlet_count":0,"master_deck":["Strike_G","Strike_G","Defend_G","Defend_G","Defend_G","Defend_G","Defend_G","Survivor","Neutralize+1","Die Die Die","Blade Dance","Poisoned Stab","Backflip+1","PiercingWail","Malaise+1","Finisher","Escape Plan","Dagger Spray","Whirlwind+1","Adrenaline+1","Cloak And Dagger","Bouncing Flask+1","After Image+1","Cloak And Dagger+1","Phantasmal Killer+1","Adrenaline+1","Crippling Poison+1","Catalyst+1","Cloak And Dagger+1"],"relics":["Ring of the Snake","HollowMod:StagPassRelic","Girya","Torii","Coffee Dripper","Meat on the Bone","Shuriken","Snake Skull","Toy Ornithopter","energizedSpire:DeadBattery","Bronze Scales","Mercury Hourglass","Lantern","Tingsha","Bag of Preparation","Cleaning_Rag"],"acts_visited":["Exordium","TheCity","TheBeyond","TheEnding"],"potions_floor_usage":[13,20,24,28,40,40,46,50,55,55,55],"damage_taken":[{"damage":0.0,"enemies":"Small Slimes","floor":1.0,"turns":3.0},{"damage":0.0,"enemies":"2 Louse","floor":2.0,"turns":1.0},{"damage":0.0,"enemies":"Cultist","floor":3.0,"turns":3.0},{"damage":3.0,"enemies":"Lots of Slimes","floor":4.0,"turns":3.0},{"damage":15.0,"enemies":"Large Slime","floor":5.0,"turns":9.0},{"damage":27.0,"enemies":"Gremlin Nob","floor":7.0,"turns":4.0},{"damage":0.0,"enemies":"Exordium Thugs","floor":11.0,"turns":3.0},{"damage":0.0,"enemies":"Looter","floor":12.0,"turns":1.0},{"damage":2,"enemies":"3 Sentries","floor":13,"turns":4},{"damage":10,"enemies":"The Guardian","floor":16,"turns":12},{"damage":0,"enemies":"Chosen","floor":18,"turns":5},{"damage":11,"enemies":"2 Thieves","floor":19,"turns":2},{"damage":17,"enemies":"Snake Plant","floor":20,"turns":6},{"damage":3,"enemies":"Gremlin Leader","floor":24,"turns":5},{"damage":2,"enemies":"Cultist and Chosen","floor":27,"turns":3},{"damage":13,"enemies":"Snecko","floor":28,"turns":3},{"damage":2,"enemies":"Snake Plant","floor":30,"turns":4},{"damage":2,"enemies":"Book of Stabbing","floor":31,"turns":6},{"damage":16,"enemies":"Collector","floor":33,"turns":7},{"damage":1,"enemies":"3 Darklings","floor":35,"turns":3},{"damage":14,"enemies":"Giant Head","floor":40,"turns":7},{"damage":7,"enemies":"Nemesis","floor":42,"turns":3},{"damage":0,"enemies":"Giant Head","floor":44,"turns":5},{"damage":1,"enemies":"Orb Walker","floor":45,"turns":3},{"damage":8,"enemies":"Reptomancer","floor":46,"turns":3},{"damage":0,"enemies":"Jaw Worm Horde","floor":48,"turns":1},{"damage":30,"enemies":"Awakened One","floor":50,"turns":8},{"damage":6,"enemies":"Shield and Spear","floor":54,"turns":5},{"damage":59,"enemies":"The Heart","floor":55,"turns":7}],"seed_played":"7170053076778831015","potions_obtained":[{"floor":3.0,"key":"Weak Potion"},{"floor":5.0,"key":"Explosive Potion"},{"floor":11.0,"key":"AttackPotion"},{"floor":12.0,"key":"SkillPotion"},{"floor":20,"key":"SkillPotion"},{"floor":24,"key":"Fire Potion"},{"floor":28,"key":"SpeedPotion"},{"floor":30,"key":"Weak Potion"},{"floor":40,"key":"FearPotion"},{"floor":42,"key":"LiquidMemories"},{"floor":45,"key":"FearPotion"},{"floor":48,"key":"PowerPotion"},{"floor":54,"key":"LiquidMemories"}],"is_trial":false,"path_per_floor":["M","M","M","M","M","R","E","R","T","R","M","M","E","?","R","B",null,"M","M","M","$","?","R","E","R","T","M","M","R","M","E","R","B",null,"M","?","$","?","?","E","R","E","T","E","M","E","R","M","R","B",null,"R","$","E","B",null],"character_chosen":"THE_SILENT","items_purchased":["Meat on the Bone","Bag of Preparation"],"campfire_rested":1,"item_purchase_floors":[21,53],"current_hp_per_floor":[70,70,70,67,52,52,25,25,25,25,25,25,23,23,44,34,70,70,59,42,42,42,42,39,39,39,37,36,36,46,44,44,40,70,69,69,69,66,66,60,60,53,53,53,52,49,49,49,49,36,66,66,66,60,28],"gold":75,"neow_bonus":"ONE_RANDOM_RARE_CARD","is_daily":false,"chose_seed":false,"campfire_upgraded":7,"win_rate":0.0,"timestamp":1610075862,"path_taken":["M","M","M","M","M","R","E","R","T","R","M","M","E","?","R","BOSS","M","M","M","$","?","R","E","R","T","M","?","R","M","E","R","BOSS","M","?","$","?","?","E","R","E","T","E","M","E","R","M","R","BOSS","R","$","E","BOSS"],"items_purchased_type":["Relic","Relic"],"build_version":"2020-12-22","purchased_purges":3,"victory":true,"max_hp_per_floor":[70,70,70,70,70,70,70,70,70,70,70,70,70,70,70,70,70,70,70,70,70,70,70,70,70,70,70,70,70,70,70,70,70,70,70,70,70,66,66,66,66,66,66,66,66,66,66,66,66,66,66,66,66,66,66],"card_choices":[{"not_picked":["Deflect","Riddle With Holes"],"picked":"Blade Dance","floor":1.0},{"not_picked":["Tactician","Eviscerate"],"picked":"Poisoned Stab","floor":2.0},{"not_picked":["Dagger Throw","Reflex"],"picked":"Backflip","floor":3.0},{"not_picked":["Acrobatics","Dagger Throw"],"picked":"PiercingWail","floor":4.0},{"not_picked":["Infinite Blades","Backflip"],"picked":"Poisoned Stab","floor":5.0},{"not_picked":["Caltrops","Concentrate"],"picked":"Malaise","floor":7.0},{"not_picked":["Quick Slash","Flying Knee"],"picked":"Finisher","floor":11.0},{"not_picked":["Dagger Throw","Deadly Poison"],"picked":"Escape Plan","floor":12.0},{"not_picked":["Sucker Punch","Footwork"],"picked":"Dagger Spray","floor":13},{"not_picked":["Phantasmal Killer","Glass Knife"],"picked":"Adrenaline","floor":16},{"not_picked":["Flying Knee+1","Tactician+1","Outmaneuver"],"picked":"SKIP","floor":18},{"not_picked":["Infinite Blades","Outmaneuver"],"picked":"Cloak And Dagger","floor":19},{"not_picked":["Quick Slash","Dodge and Roll"],"picked":"Bouncing Flask","floor":20},{"not_picked":["Expertise","Dagger Throw+1","Slice+1"],"picked":"SKIP","floor":24},{"not_picked":["Backflip","Endless Agony+1","Dagger Throw"],"picked":"SKIP","floor":27},{"not_picked":["Prepared","Caltrops+1"],"picked":"After Image","floor":28},{"not_picked":["Poisoned Stab","Quick Slash","Slice+1"],"picked":"SKIP","floor":30},{"not_picked":["Dagger Spray","Deadly Poison","Acrobatics"],"picked":"SKIP","floor":31},{"not_picked":["Bane","Bouncing Flask+1"],"picked":"Cloak And Dagger+1","floor":35},{"not_picked":["Grand Finale+1","A Thousand Cuts+1"],"picked":"Phantasmal Killer+1","floor":36},{"not_picked":["Underhanded Strike+1","Predator","Sucker Punch"],"picked":"SKIP","floor":40},{"not_picked":["Bane+1","Quick Slash+1"],"picked":"Adrenaline","floor":42},{"not_picked":["Quick Slash+1","Deflect+1","Eviscerate+1"],"picked":"SKIP","floor":44},{"not_picked":["Underhanded Strike+1","Outmaneuver+1","Glass Knife"],"picked":"SKIP","floor":45},{"not_picked":["Infinite Blades+1","Escape Plan+1"],"picked":"Crippling Poison+1","floor":46},{"not_picked":["Well Laid Plans","PiercingWail+1"],"picked":"Catalyst+1","floor":48},{"not_picked":["Bane","Eviscerate+1"],"picked":"Cloak And Dagger+1","floor":54}],"player_experience":442984,"relics_obtained":[{"floor":7.0,"key":"HollowMod:StagPassRelic"},{"floor":9.0,"key":"Girya"},{"floor":13,"key":"Torii"},{"floor":24,"key":"Shuriken"},{"floor":26,"key":"Snake Skull"},{"floor":31,"key":"Toy Ornithopter"},{"floor":40,"key":"Bronze Scales"},{"floor":42,"key":"Mercury Hourglass"},{"floor":44,"key":"Lantern"},{"floor":46,"key":"Tingsha"},{"floor":54,"key":"Cleaning_Rag"}],"event_choices":[{"damage_healed":0,"gold_gain":1,"player_choice":"4","damage_taken":0,"max_hp_gain":0,"max_hp_loss":0,"event_name":"betterStone:BetterStone","floor":14,"gold_loss":0,"cards_obtained":["Whirlwind"]},{"cards_removed":["Whirlwind"],"damage_healed":0,"gold_gain":0,"player_choice":"Give","damage_taken":0,"max_hp_gain":0,"max_hp_loss":0,"event_name":"betterNote:BetterNote","floor":22,"gold_loss":0,"cards_obtained":["None"]},{"damage_healed":0,"gold_gain":0,"player_choice":"2","damage_taken":0,"max_hp_gain":0,"max_hp_loss":0,"event_name":"betterMatch:BetterMatch","floor":36,"gold_loss":0,"cards_obtained":["betterMatch:ColorlessUncommonCard","betterMatch:RareCard"]},{"damage_healed":0,"gold_gain":0,"player_choice":"Max HP","damage_taken":0,"max_hp_gain":0,"max_hp_loss":4,"event_name":"Winding Halls","floor":38,"gold_loss":0},{"cards_removed":["Poisoned Stab"],"damage_healed":0,"gold_gain":0,"player_choice":"Removed Attack","damage_taken":0,"max_hp_gain":0,"max_hp_loss":0,"event_name":"Falling","floor":39,"gold_loss":0}],"is_beta":false,"boss_relics":[{"not_picked":["Runic Dome","Ectoplasm"],"picked":"Coffee Dripper"},{"not_picked":["Cursed Key","SacredBark"],"picked":"energizedSpire:DeadBattery"}],"items_purged_floors":[21,37,53],"is_endless":false,"potions_floor_spawned":[3,5,11,12,20,24,28,30,40,42,45,48,54],"ascension_level":4}}