{"host":"o42wl4m5pnzrnqrg","time":1610132860,"event":{"mods":["100% Spire Juice","2.2 Compatiblity","Act Like it!","Arknights The Spire","BaseMod","Best Route Mod","Better Match","Better Note","Better Skull","Better Third Choice","Better Vampires","CapriCore","Colored Map","Curses Come First","Dota2Spire","Evolution","Friendly Minions","GifTheSpireLib","Gold Saver","Hallownest","Hubris","Jess\u0027s Bottle","Luminous","Mari Mod (Legacy)","Mari\u0027s V1 Patch","Marisa????????","Minty Spire (QoL Compilation)","Permanent Neow","Poor People Problems","Rare Cards Sparkle","Relic Stats","Replay The Spire","Robot Space Explorer","SOS???????","Shop Mod","Small Relic Pack","Spicy Shops","StSLib","The Bladedancer","The Blue Laboratory","The Bug Knight","The Dragon Tamer","The Marked","TheSwordswoman","TheWitcher","Transform Curses","???mod?????","??????REMEMod"],"gold_per_floor":[115,37,37,56,56,83,83,83,83,112,112,112,125,25,25,121,121,131,131,131,91,57,67,67],"floor_reached":23,"playtime":11213,"items_purged":[],"score":218,"play_id":"747c18b1-7dfa-4c50-8af1-1bb9fedf14f4","local_time":"20210108150740","is_ascension_mode":false,"campfire_choices":[{"floor":7,"key":"REST"},{"floor":11,"key":"REST"},{"floor":15,"key":"REST"}],"circlet_count":0,"master_deck":["Moonworks:Strike","Moonworks:Strike","Moonworks:Strike","Moonworks:Defend","Moonworks:Defend","Moonworks:Defend","Moonworks:Defend","Moonworks:Ambush","Moonworks:LongDistanceShot","Devotion","Moonworks:MiracleWalker","Moonworks:RagingMadness+1","Moonworks:LulusLuckyEgg","Moonworks:CrystalBarrier+1","Moonworks:JonathanRush+1","Moonworks:UnpaidWork","REME_BattleFury","Moonworks:JonathanRush+1","Moonworks:SealedMemories","Moonworks:AnotherUltimateWeapon","AbeCurse","Moonworks:EvilSpyWorkPreparation+1","Moonworks:JonathanRush+1"],"relics":["Moonworks:BrokenBomb","Moonworks:Homemark","EVO:Axolotl","REME_ComplimentaryCards","NeowsBlessing","Juzu Bracelet","Happy Flower","Garlic","Molten Egg 2","Abe\u0027s Treasure","NlothsMask","Replay:Bandana"],"acts_visited":["Exordium","TheCity"],"potions_floor_usage":[10,18,23,23,23],"damage_taken":[{"damage":0,"enemies":"Jaw Worm","floor":1,"turns":1},{"damage":0,"enemies":"Cultist","floor":4,"turns":1},{"damage":0,"enemies":"HollowMod:MossKnight","floor":6,"turns":1},{"damage":18,"enemies":"Replay:BlueRogue","floor":10,"turns":8},{"damage":6,"enemies":"2 Louse","floor":13,"turns":3},{"damage":20,"enemies":"The Guardian","floor":16,"turns":10},{"damage":32,"enemies":"Spheric Guardian","floor":18,"turns":6},{"damage":47,"enemies":"REME_1_Revenger","floor":23,"turns":4}],"seed_played":"-6593113574552497496","potions_obtained":[{"floor":6,"key":"ColorlessPotion"},{"floor":16,"key":"CultistPotion"},{"floor":18,"key":"blueLaboratory:HummingbirdPotion"},{"floor":21,"key":"Dexterity Potion"},{"floor":21,"key":"BlessingOfTheForge"},{"floor":21,"key":"Explosive Potion"}],"is_trial":false,"path_per_floor":["M","$","?","M","?","E","R","?","T","E","R","?","M","$","R","B",null,"M","?","?","?","$","E"],"character_chosen":"THE_STARBREAKER","items_purchased":["Moonworks:RagingMadness","REME_BattleFury","Moonworks:JonathanRush+1","Moonworks:SealedMemories","Moonworks:JonathanRush+1"],"campfire_rested":3,"item_purchase_floors":[2,14,14,14,22],"current_hp_per_floor":[60,60,60,60,29,29,47,40,40,18,36,36,30,30,48,28,60,28,28,28,28,28,0,0],"gold":67,"neow_bonus":"THREE_ENEMY_KILL","is_daily":false,"chose_seed":false,"campfire_upgraded":0,"win_rate":0.0,"timestamp":1610132860,"path_taken":["M","$","?","?","?","E","R","?","T","E","R","?","M","$","R","BOSS","M","?","?","?","$","E"],"items_purchased_type":["Card","Card","Card","Card","Card"],"build_version":"2020-12-22","purchased_purges":0,"victory":false,"max_hp_per_floor":[60,60,60,60,60,60,60,60,60,60,60,60,60,60,60,60,60,60,60,60,60,60,60,60],"relic_stats":{"Happy Flower":[10],"counters":[8,34],"Juzu Bracelet":2,"obtain_stats":[{"Replay:Bandana":20,"NeowsBlessing":0,"Happy Flower":5,"Moonworks:Homemark":0,"Molten Egg 2":10,"Juzu Bracelet":5,"Garlic":6,"EVO:Axolotl":0,"Abe\u0027s Treasure":17,"Moonworks:BrokenBomb":0,"REME_ComplimentaryCards":0,"NlothsMask":19},{"Replay:Bandana":7,"NeowsBlessing":0,"Happy Flower":2,"Moonworks:Homemark":0,"Molten Egg 2":4,"Juzu Bracelet":2,"Garlic":3,"EVO:Axolotl":0,"Abe\u0027s Treasure":6,"Moonworks:BrokenBomb":0,"REME_ComplimentaryCards":0,"NlothsMask":7},{"Replay:Bandana":30,"NeowsBlessing":0,"Happy Flower":2,"Moonworks:Homemark":0,"Molten Egg 2":11,"Juzu Bracelet":2,"Garlic":3,"EVO:Axolotl":0,"Abe\u0027s Treasure":24,"Moonworks:BrokenBomb":0,"REME_ComplimentaryCards":0,"NlothsMask":30}]},"card_choices":[{"not_picked":["Moonworks:ImOnFire","Moonworks:IndiscriminateFireSupport"],"picked":"Moonworks:MiracleWalker","floor":1},{"not_picked":["Moonworks:Dinner","Moonworks:Assault"],"picked":"Moonworks:LulusLuckyEgg","floor":4},{"not_picked":["Moonworks:JonathanRush","Moonworks:ImOnFire"],"picked":"Moonworks:CrystalBarrier","floor":6},{"not_picked":["Moonworks:Dinner","Moonworks:EvilSpyWorkPreparation"],"picked":"Moonworks:JonathanRush+1","floor":10},{"not_picked":["Moonworks:BigMagnum","Moonworks:Assault+1"],"picked":"Moonworks:UnpaidWork","floor":13},{"not_picked":["Moonworks:Accelerator","Moonworks:SubspaceTunnel"],"picked":"Moonworks:AnotherUltimateWeapon","floor":16},{"not_picked":["Moonworks:WindyEnchantment","Moonworks:CloudOfSeagulls+1"],"picked":"Moonworks:EvilSpyWorkPreparation+1","floor":18}],"player_experience":487360,"relics_obtained":[{"floor":6,"key":"Garlic"},{"floor":10,"key":"Molten Egg 2"}],"event_choices":[{"damage_healed":0,"gold_gain":0,"player_choice":"Upgraded","damage_taken":0,"max_hp_gain":0,"max_hp_loss":0,"event_name":"Upgrade Shrine","floor":3,"gold_loss":0,"cards_upgraded":["Moonworks:RagingMadness"]},{"damage_healed":0,"gold_gain":0,"player_choice":"RE RE ","damage_taken":35,"relics_obtained":["Juzu Bracelet","Happy Flower"],"max_hp_gain":0,"max_hp_loss":0,"event_name":"betterSkull:BetterSkull","floor":5,"gold_loss":0,"cards_upgraded":[]},{"cards_removed":["Moonworks:Strike"],"damage_healed":0,"gold_gain":0,"player_choice":"Card Removal","damage_taken":7,"max_hp_gain":0,"max_hp_loss":0,"event_name":"Golden Wing","floor":8,"gold_loss":0},{"damage_healed":0,"gold_gain":0,"player_choice":"Trade","damage_taken":0,"relics_obtained":["NlothsMask"],"max_hp_gain":0,"max_hp_loss":0,"event_name":"FaceTrader","floor":19,"gold_loss":0},{"damage_healed":0,"gold_gain":0,"player_choice":"Gave Potion","damage_taken":0,"relics_obtained":["Replay:Bandana"],"max_hp_gain":0,"max_hp_loss":0,"event_name":"WeMeetAgain","floor":20,"gold_loss":0},{"damage_healed":0,"gold_gain":0,"player_choice":"Bought 3 Potions","damage_taken":0,"max_hp_gain":0,"max_hp_loss":0,"event_name":"The Woman in Blue","floor":21,"gold_loss":0}],"is_beta":false,"boss_relics":[{"not_picked":["Busted Crown","relicPack:ShieldShield"],"picked":"Abe\u0027s Treasure"}],"items_purged_floors":[],"is_endless":false,"potions_floor_spawned":[6,16,18],"killed_by":"REME_1_Revenger","ascension_level":0}}