{"host":"sav7uxregyirlf69","time":1610116654,"event":{"mods":["AchievementEnabler","BaseMod","Colored Map","DeckTracker","Keyboard Shortcuts","Minty Spire (QoL Compilation)","READ ME - Guardian Mod","StSLib","SuperFastMode"],"gold_per_floor":[109,109,126,126,401,434,75,105,151,151,170,184,184,184,184,184,184],"floor_reached":16,"playtime":168,"items_purged":["Regret"],"score":266,"play_id":"3d06ee55-b679-4495-8738-152de7018634","local_time":"20210108233734","is_ascension_mode":true,"campfire_choices":[{"floor":10,"key":"REST"},{"floor":15,"key":"REST"}],"circlet_count":0,"master_deck":["AscendersBane","Strike_G","Strike_G","Strike_G","Strike_G","Strike_G","Defend_G","Defend_G","Defend_G","Defend_G","Defend_G","Survivor","Neutralize","Tactician+1","Underhanded Strike","Acrobatics","All Out Attack","Caltrops+1"],"relics":["Ring of the Snake","NeowsBlessing","Frozen Egg 2","Tough Bandages","Sundial","Bronze Scales","Bag of Preparation"],"acts_visited":["Exordium"],"potions_floor_usage":[],"damage_taken":[{"damage":0,"enemies":"Small Slimes","floor":1,"turns":1},{"damage":0,"enemies":"Jaw Worm","floor":3,"turns":1},{"damage":0,"enemies":"Gremlin Nob","floor":6,"turns":1},{"damage":48,"enemies":"Lagavulin","floor":8,"turns":7},{"damage":3,"enemies":"Cultist","floor":11,"turns":3},{"damage":4,"enemies":"Blue Slaver","floor":12,"turns":2},{"damage":27,"enemies":"Hexaghost","floor":16,"turns":7}],"seed_played":"-8056108484150637269","potions_obtained":[{"floor":11,"key":"Fire Potion"}],"is_trial":false,"path_per_floor":["M","?","M","T","?","E","$","E","T","R","M","M","?","?","R","B"],"character_chosen":"THE_SILENT","items_purchased":["Acrobatics","All Out Attack","Caltrops+1","Energy Potion"],"campfire_rested":2,"item_purchase_floors":[7,7,7,7],"current_hp_per_floor":[59,64,64,64,64,64,64,16,16,37,34,30,4,4,25,0,0],"gold":184,"neow_bonus":"THREE_ENEMY_KILL","is_daily":false,"chose_seed":true,"campfire_upgraded":0,"win_rate":0.0,"timestamp":1610116654,"path_taken":["M","?","M","?","?","E","$","E","T","R","M","?","?","?","R","BOSS"],"items_purchased_type":["Card","Card","Card","Potion"],"build_version":"2020-12-22","purchased_purges":1,"victory":false,"max_hp_per_floor":[66,71,71,71,71,71,71,71,71,71,71,71,71,71,71,71,71],"card_choices":[{"not_picked":["PiercingWail","Sucker Punch","Choke"],"picked":"SKIP","floor":1},{"not_picked":["Flechettes","Flying Knee"],"picked":"Tactician","floor":3},{"not_picked":["Footwork+1","Night Terror"],"picked":"Underhanded Strike","floor":6},{"not_picked":["Choke","Dodge and Roll","Blade Dance"],"picked":"SKIP","floor":8},{"not_picked":["Backflip","Underhanded Strike","Deadly Poison"],"picked":"SKIP","floor":11},{"not_picked":["Outmaneuver","Eviscerate","Choke"],"picked":"SKIP","floor":12}],"player_experience":1204721,"relics_obtained":[{"floor":4,"key":"Frozen Egg 2"},{"floor":6,"key":"Tough Bandages"},{"floor":8,"key":"Sundial"},{"floor":9,"key":"Bronze Scales"}],"event_choices":[{"damage_healed":0,"gold_gain":0,"player_choice":"Donut","damage_taken":0,"max_hp_gain":5,"max_hp_loss":0,"event_name":"Big Fish","floor":2,"gold_loss":0},{"damage_healed":0,"gold_gain":275,"player_choice":"Desecrate","damage_taken":0,"max_hp_gain":0,"max_hp_loss":0,"event_name":"Golden Shrine","floor":5,"gold_loss":0,"cards_obtained":["Regret"]},{"damage_healed":0,"gold_gain":0,"player_choice":"Success","damage_taken":26,"relics_obtained":["Bag of Preparation"],"max_hp_gain":0,"max_hp_loss":0,"event_name":"Scrap Ooze","floor":13,"gold_loss":0},{"damage_healed":0,"gold_gain":0,"player_choice":"Grow","damage_taken":0,"max_hp_gain":0,"max_hp_loss":0,"event_name":"Living Wall","floor":14,"gold_loss":0,"cards_upgraded":["Tactician"]}],"is_beta":false,"boss_relics":[],"items_purged_floors":[7],"is_endless":false,"potions_floor_spawned":[11],"killed_by":"Hexaghost","ascension_level":20}}