{"host":"ds1yr10zonoc6w4a","time":1610073160,"event":{"mods":["BaseMod","Better Match","Better Third Choice","BetterRewards","Minty Spire (QoL Compilation)","StSLib","The Animator"],"gold_per_floor":[112,124,0,0,18,48,63,63,88,13,28,28,28],"floor_reached":12,"playtime":1134,"items_purged":[],"score":133,"play_id":"6db5a1c1-e035-43e0-850b-b54be4067a74","local_time":"20210107193240","is_ascension_mode":true,"campfire_choices":[],"circlet_count":0,"master_deck":["AscendersBane","animator:Strike_Konosuba","animator:Defend_Konosuba","animator:Strike","animator:Defend","animator:Defend","animator:Defend","animator:Kazuma","animator:Aqua","animator:Fredrika","animator:Sebas","Enlightenment","animator:SwordMaiden","animator:DolaSchwi","animator:YunYun","animator:Demiurge","animator:YunYun"],"relics":["animator:LivingPicture","animator:TheMissingPiece","animator:PurgingStone","NeowsBlessing"],"acts_visited":["Exordium"],"potions_floor_usage":[6,6,7],"damage_taken":[{"damage":0,"enemies":"Cultist","floor":1,"turns":1},{"damage":0,"enemies":"Jaw Worm","floor":2,"turns":1},{"damage":0,"enemies":"Small Slimes","floor":5,"turns":1},{"damage":49,"enemies":"Exordium Thugs","floor":6,"turns":7},{"damage":5,"enemies":"3 Louse","floor":7,"turns":2},{"damage":0,"enemies":"Blue Slaver","floor":11,"turns":5},{"damage":20,"enemies":"3 Sentries","floor":12,"turns":2}],"seed_played":"5121747945334216799","potions_obtained":[{"floor":1,"key":"Dexterity Potion"},{"floor":2,"key":"EssenceOfSteel"},{"floor":6,"key":"ColorlessPotion"}],"is_trial":false,"path_per_floor":["M","M","?","?","M","M","M","$","T","?","M","E"],"character_chosen":"THE_ANIMATOR","items_purchased":[],"campfire_rested":0,"item_purchase_floors":[],"current_hp_per_floor":[54,56,62,62,64,17,14,14,14,14,16,0,0],"gold":28,"neow_bonus":"THREE_ENEMY_KILL","is_daily":false,"chose_seed":false,"campfire_upgraded":0,"win_rate":0.0,"timestamp":1610073160,"path_taken":["M","?","?","?","M","M","?","?","T","?","M","E"],"items_purchased_type":[],"build_version":"2020-12-22","purchased_purges":0,"victory":false,"max_hp_per_floor":[60,60,66,66,66,66,66,66,66,66,66,66,66],"card_choices":[{"not_picked":["animator:Witch","animator:KyokoSakura"],"picked":"animator:Fredrika","floor":1},{"not_picked":["animator:Shigure","animator:Aisha"],"picked":"animator:Sebas","floor":2},{"not_picked":["animator:KyokoSakura","animator:Shalltear"],"picked":"animator:DolaSchwi","floor":5},{"not_picked":["animator:Kazuma","animator:Aqua"],"picked":"animator:YunYun","floor":6},{"not_picked":["animator:Sloth","animator:Aisha"],"picked":"animator:Demiurge","floor":7},{"not_picked":["animator:RoryMercury","animator:DolaCouronne"],"picked":"animator:YunYun","floor":11}],"player_experience":686883,"relics_obtained":[],"event_choices":[{"damage_healed":0,"gold_gain":0,"player_choice":"RENOUNCE","damage_taken":124,"max_hp_gain":0,"max_hp_loss":0,"event_name":"betterThird:BetterSerpent","floor":3,"gold_loss":124,"cards_obtained":["Enlightenment"]},{"damage_healed":0,"gold_gain":0,"cards_transformed":["animator:Strike"],"player_choice":"Transformed","damage_taken":0,"max_hp_gain":0,"max_hp_loss":0,"event_name":"Transmorgrifier","floor":4,"gold_loss":0,"cards_obtained":["animator:SwordMaiden"]},{"cards_removed":["animator:Strike"],"damage_healed":0,"gold_gain":0,"player_choice":"Card Removal","damage_taken":0,"max_hp_gain":0,"max_hp_loss":0,"event_name":"The Cleric","floor":10,"gold_loss":75}],"is_beta":false,"boss_relics":[],"items_purged_floors":[],"is_endless":false,"potions_floor_spawned":[1,2,6],"killed_by":"3 Sentries","ascension_level":17}}