{"host":"0i8dz4ityulxi1rd","time":1610113655,"event":{"mods":["BaseMod","Colored Map","Colored Powertips","Custom Start","Highlight Path","Hubris","Keyboard Shortcuts","Minty Spire (QoL Compilation)","StSLib","SuperFastMode"],"gold_per_floor":[116,116,127,52,52,78,78,97,97,110,125,160,160,216,216,289,289,302,44,64,74,90,107,107,121,171,171,185,214,214,214,214],"floor_reached":31,"playtime":825,"items_purged":["Strike_P","Strike_P"],"score":588,"play_id":"3aa0b9b1-30f2-454f-914e-3fbc91c5dbba","local_time":"20210108224735","is_ascension_mode":true,"campfire_choices":[{"data":"Eruption","floor":7,"key":"SMITH"},{"floor":13,"key":"REST"},{"data":"EmptyBody","floor":15,"key":"SMITH"},{"floor":24,"key":"REST"},{"floor":27,"key":"REST"}],"circlet_count":0,"master_deck":["AscendersBane","Strike_P","Strike_P","Defend_P","Defend_P","Defend_P","Eruption+1","Vigilance","EmptyFist","EmptyBody+1","CarveReality","Ragnarok","FearNoEvil","Sanctity","ForeignInfluence","Consecrate","Go for the Eyes","Calculated Gamble+1","Backflip","Deflect+1","Hologram","Juggernaut"],"relics":["PureWater","NeowsBlessing","hubris:Towel","Kunai","Vajra","Smiling Mask","Bag of Marbles","Fusion Hammer","PrismaticShard","Anchor","Shuriken"],"acts_visited":["Exordium","TheCity"],"potions_floor_usage":[12,14,29],"damage_taken":[{"damage":0,"enemies":"2 Louse","floor":1,"turns":1},{"damage":0,"enemies":"Small Slimes","floor":3,"turns":1},{"damage":0,"enemies":"Lagavulin","floor":6,"turns":1},{"damage":0,"enemies":"Jaw Worm","floor":8,"turns":4},{"damage":0,"enemies":"2 Fungi Beasts","floor":10,"turns":2},{"damage":3,"enemies":"Looter","floor":11,"turns":3},{"damage":33,"enemies":"3 Sentries","floor":12,"turns":6},{"damage":25,"enemies":"Lagavulin Event","floor":14,"turns":4},{"damage":5,"enemies":"Hexaghost","floor":16,"turns":7},{"damage":1,"enemies":"Chosen","floor":18,"turns":3},{"damage":9,"enemies":"3 Byrds","floor":20,"turns":6},{"damage":0,"enemies":"Snake Plant","floor":21,"turns":1},{"damage":10,"enemies":"Centurion and Healer","floor":22,"turns":4},{"damage":9,"enemies":"3 Cultists","floor":23,"turns":3},{"damage":34,"enemies":"Snake Plant","floor":25,"turns":4},{"damage":3,"enemies":"Cultist and Chosen","floor":28,"turns":4},{"damage":19,"enemies":"Slavers","floor":29,"turns":3},{"damage":2,"enemies":"Chosen and Byrds","floor":31,"turns":3}],"seed_played":"-7403879300990511538","potions_obtained":[{"floor":1,"key":"AttackPotion"},{"floor":3,"key":"PowerPotion"},{"floor":12,"key":"SmokeBomb"},{"floor":16,"key":"SneckoOil"},{"floor":21,"key":"Fire Potion"}],"is_trial":false,"path_per_floor":["M","?","M","$","?","E","R","M","T","M","M","E","R","?","R","B",null,"M","$","M","M","M","M","R","M","T","R","M","E","?","M"],"character_chosen":"WATCHER","items_purchased":["ForeignInfluence","PrismaticShard"],"campfire_rested":3,"item_purchase_floors":[19,19],"current_hp_per_floor":[61,54,54,54,54,54,54,54,54,54,51,18,38,13,13,8,53,52,52,43,43,33,24,44,10,10,30,27,8,8,6,6],"gold":214,"neow_bonus":"THREE_ENEMY_KILL","is_daily":false,"chose_seed":false,"campfire_upgraded":2,"win_rate":0.0,"timestamp":1610113655,"path_taken":["M","?","M","$","?","E","R","M","T","M","M","E","R","?","R","BOSS","M","$","M","M","M","M","R","M","T","R","M","E","?","M"],"items_purchased_type":["Card","Relic"],"build_version":"2020-12-22","purchased_purges":2,"victory":false,"max_hp_per_floor":[68,68,68,68,68,68,68,68,68,68,68,68,68,68,68,68,68,68,68,68,68,68,68,68,68,68,68,68,68,68,68,68],"card_choices":[{"not_picked":["EmptyBody","FlyingSleeves"],"picked":"EmptyFist","floor":1},{"not_picked":["FlyingSleeves","Wireheading"],"picked":"EmptyBody","floor":3},{"not_picked":["LikeWater","CrushJoints","ThirdEye"],"picked":"SKIP","floor":6},{"not_picked":["PathToVictory","WaveOfTheHand"],"picked":"CarveReality","floor":8},{"not_picked":["Collect","WreathOfFlame"],"picked":"Ragnarok","floor":10},{"not_picked":["CarveReality","CutThroughFate","Weave"],"picked":"SKIP","floor":11},{"not_picked":["WheelKick","WaveOfTheHand"],"picked":"FearNoEvil","floor":12},{"not_picked":["Tantrum","Protect"],"picked":"Sanctity","floor":18},{"not_picked":["Anger","Sword Boomerang"],"picked":"Consecrate","floor":20},{"not_picked":["True Grit","Pray"],"picked":"Go for the Eyes","floor":21},{"not_picked":["Go for the Eyes","Streamline"],"picked":"Calculated Gamble","floor":22},{"not_picked":["Havoc","Combust"],"picked":"Backflip","floor":23},{"not_picked":["Crescendo","Coolheaded+1"],"picked":"Deflect+1","floor":25},{"not_picked":["PathToVictory","EmptyBody"],"picked":"Hologram","floor":28},{"not_picked":["Sword Boomerang","Outmaneuver"],"picked":"Juggernaut","floor":29}],"player_experience":1312090,"relics_obtained":[{"floor":6,"key":"Kunai"},{"floor":9,"key":"Vajra"},{"floor":12,"key":"Smiling Mask"},{"floor":26,"key":"Anchor"},{"floor":29,"key":"Shuriken"}],"event_choices":[{"cards_removed":["Defend_P"],"damage_healed":0,"gold_gain":0,"player_choice":"Card Removal","damage_taken":7,"max_hp_gain":0,"max_hp_loss":0,"event_name":"Golden Wing","floor":2,"gold_loss":0},{"damage_healed":0,"gold_gain":0,"player_choice":"Searched \u00272\u0027 times","damage_taken":0,"relics_obtained":["Bag of Marbles"],"max_hp_gain":0,"max_hp_loss":0,"event_name":"Dead Adventurer","floor":14,"gold_loss":0}],"is_beta":false,"boss_relics":[{"not_picked":["Black Star","Sozu"],"picked":"Fusion Hammer"}],"items_purged_floors":[4,19],"is_endless":false,"potions_floor_spawned":[1,3,12,16,18,21,25,28],"killed_by":"Chosen and Byrds","ascension_level":20}}