{"host":"88gj1a6q1iuldet9","time":1610136069,"event":{"mods":["Act Like it!","Arknights The Spire","BaseMod","Better Note","Better Third Choice","BetterRewards","Conspire","Downfall","Energized Spire","Gensokyo","GungeonMod","Hubris","Jorbs\u0027s Wanderer Trilogy","Magitek Elite","Melee Mod","Minty Spire (QoL Compilation)","Quick Restart","Reimu??????","Replay The Spire","Robot Space Explorer","Shop Mod","StSLib","The Administrix","The Dragon Tamer","The Hayseed","The Marked","The Mystic","The Necromancer","The Runesmith","The Sage","TheArtist","TheFirefly","Wandering Minibosses","Yakumo Yukari mod"],"gold_per_floor":[117,136,156,156,176,176,189,215,269,269,249,259,259,279,279,379,379,389,401,401,401],"floor_reached":20,"playtime":3376,"items_purged":[],"score":188,"play_id":"01102a4e-d17a-4df5-8573-e4f62ccc6a82","local_time":"20210108150109","is_ascension_mode":false,"campfire_choices":[{"data":"ats:Neurotoxin","floor":6,"key":"SMITH"},{"data":"ats:Emotion Absorption","floor":13,"key":"SMITH"},{"data":"ats:Disruption Kick","floor":15,"key":"SMITH"}],"circlet_count":0,"master_deck":["ats:Strike C","ats:Strike G","ats:Strike S","ats:Strike V","ats:Armor Crushing Shot","ats:Defend","ats:Defend","ats:Defend","ats:Defend","ats:Emotion Absorption+1","ats:Consecutive Shot Auto","ats:Consecutive Shot Auto","ats:Neurotoxin+1","ats:Flexible Camouflage","ats:Explosion Area Strengthen","ats:Thorns+1","ats:Disruption Kick+1","ats:Poison Spread","ats:Blood Oath","hubris:NaturalOne","ats:Soul Rend","ats:Poison Spread"],"relics":["ats:Sanity","NeowsBlessing","hubris:Icosahedron","ats:Originium","Pen Nib","hubris:TenFootPole","ats:Tactical Delivery","DemoMod:GlassGuonStoneRelic"],"acts_visited":["Exordium","TheCity"],"potions_floor_usage":[5,8,16,16],"damage_taken":[{"damage":0,"enemies":"Cultist","floor":1,"turns":1},{"damage":0,"enemies":"Small Slimes","floor":2,"turns":1},{"damage":0,"enemies":"2 Louse","floor":3,"turns":1},{"damage":4,"enemies":"Gremlin Gang","floor":5,"turns":5},{"damage":10,"enemies":"Red Slaver","floor":7,"turns":5},{"damage":11,"enemies":"3 Sentries","floor":8,"turns":3},{"damage":23,"enemies":"Replay:BlueRogue","floor":11,"turns":6},{"damage":12,"enemies":"2 Fungi Beasts","floor":12,"turns":3},{"damage":6,"enemies":"conspire:2 RoseBushes","floor":14,"turns":4},{"damage":10,"enemies":"Fading Forest","floor":16,"turns":10},{"damage":0,"enemies":"3 Byrds","floor":18,"turns":4},{"damage":33,"enemies":"2 Thieves","floor":19,"turns":5},{"damage":0,"enemies":"Centurion and Healer","floor":20,"turns":1}],"seed_played":"-6637296260493928824","potions_obtained":[{"floor":5,"key":"Explosive Potion"},{"floor":7,"key":"ZuzhouPotion:ReiMu"},{"floor":11,"key":"Elixir"},{"floor":14,"key":"LifebloodPotion"},{"floor":16,"key":"Ancient Potion"},{"floor":19,"key":"PowerPotion"}],"is_trial":false,"path_per_floor":["M","M","M","?","M","R","M","E","T","?","E","M","R","M","R","B",null,"M","M","M"],"character_chosen":"DOCTOR_CLASS","items_purchased":[],"campfire_rested":0,"item_purchase_floors":[],"current_hp_per_floor":[72,72,72,72,68,68,58,47,47,47,24,12,12,6,6,2,72,72,43,43,43],"gold":401,"neow_bonus":"THREE_ENEMY_KILL","is_daily":false,"chose_seed":false,"campfire_upgraded":3,"win_rate":0.0,"timestamp":1610136069,"path_taken":["M","?","M","?","M","R","M","E","T","?","E","?","R","M","R","BOSS","M","M","M"],"items_purchased_type":[],"build_version":"2020-12-22","purchased_purges":0,"victory":false,"max_hp_per_floor":[72,72,72,72,72,72,72,72,72,72,72,72,72,72,72,72,72,72,72,72,72],"card_choices":[{"not_picked":["ats:Apocalypse","ats:Beaten Up"],"picked":"ats:Consecutive Shot Auto","floor":1},{"not_picked":["ats:Counter Healing Mode","ats:Healing Strengthening"],"picked":"ats:Consecutive Shot Auto","floor":2},{"not_picked":["ats:Poison Spread","ats:Cat Scratch"],"picked":"ats:Neurotoxin","floor":3},{"not_picked":["ats:Apocalypse","ats:Cat Scratch"],"picked":"ats:Flexible Camouflage","floor":5},{"not_picked":["ats:Poison Spread","ats:Hammer On"],"picked":"ats:Explosion Area Strengthen","floor":7},{"not_picked":["ats:Flame Of Heaven","ats:Childhood Dance"],"picked":"ats:Thorns","floor":8},{"not_picked":["ats:Healing Strengthening","ats:Curse Doll"],"picked":"ats:Disruption Kick","floor":11},{"not_picked":["ats:Curse Doll","ats:Flexible Camouflage"],"picked":"ats:Poison Spread","floor":12},{"not_picked":["ats:Assault Order","ats:Cat Scratch"],"picked":"ats:Blood Oath","floor":14},{"not_picked":["ats:Fractured Body","ats:Dogmatic Field"],"picked":"ats:Soul Rend","floor":16},{"not_picked":["ats:Ignite","ats:Childhood Dance","ats:Defend Order+1"],"picked":"SKIP","floor":18},{"not_picked":["ats:Flexible Camouflage","ats:Ignite"],"picked":"ats:Poison Spread","floor":19}],"player_experience":1071102,"relics_obtained":[{"floor":8,"key":"ats:Originium"},{"floor":8,"key":"Pen Nib"},{"floor":11,"key":"ats:Originium"},{"floor":11,"key":"hubris:TenFootPole"}],"event_choices":[{"damage_healed":0,"gold_gain":0,"player_choice":"Upgraded","damage_taken":0,"max_hp_gain":0,"max_hp_loss":0,"event_name":"Upgrade Shrine","floor":10,"gold_loss":0,"cards_upgraded":["ats:Thorns"]}],"is_beta":false,"boss_relics":[{"not_picked":["Cursed Key","energizedSpire:RedRose"],"picked":"ats:Tactical Delivery"}],"items_purged_floors":[],"is_endless":false,"potions_floor_spawned":[5,7,11,14,16,19],"killed_by":"Centurion and Healer","ascension_level":0}}