{"host":"r1w5o5rhvc53l1z6","time":1610124828,"event":{"mods":["BaseMod","Colored Map","DeckTracker","Minty Spire (QoL Compilation)","Permanent Neow","Quick Restart","SuperFastMode","everything is the same but u backflip on backflip"],"gold_per_floor":[11,111,131,56,67,93,93,93,93,112,126,126,126],"floor_reached":12,"playtime":411,"items_purged":["Strike_G"],"score":96,"play_id":"9c56f2c4-70c1-4f91-bb85-81cc77f5ae7a","local_time":"20210109015348","is_ascension_mode":true,"campfire_choices":[{"data":"Apotheosis","floor":7.0,"key":"SMITH"}],"circlet_count":0,"master_deck":["Strike_G","Strike_G","Strike_G","Strike_G","Defend_G","Defend_G","Defend_G","Defend_G","Defend_G","Survivor","Neutralize","Apotheosis+1","Tactician","Finisher","Die Die Die"],"relics":["Ring of the Snake","The Courier","Golden Idol","Lizard Tail"],"acts_visited":["Exordium"],"potions_floor_usage":[],"damage_taken":[{"damage":0.0,"enemies":"Jaw Worm","floor":1.0,"turns":6.0},{"damage":0.0,"enemies":"Cultist","floor":3.0,"turns":4.0},{"damage":0.0,"enemies":"2 Louse","floor":5.0,"turns":2.0},{"damage":49.0,"enemies":"Gremlin Nob","floor":6.0,"turns":6.0},{"damage":11.0,"enemies":"Looter","floor":10.0,"turns":4.0},{"damage":9.0,"enemies":"Blue Slaver","floor":11.0,"turns":3.0},{"damage":0,"enemies":"Lagavulin","floor":12,"turns":1}],"seed_played":"-1490410335294207310","potions_obtained":[{"floor":1.0,"key":"AttackPotion"},{"floor":6.0,"key":"Energy Potion"}],"is_trial":false,"path_per_floor":["M","?","M","$","M","E","R","?","T","M","M","E"],"character_chosen":"THE_SILENT","items_purchased":[],"campfire_rested":0,"item_purchase_floors":[],"current_hp_per_floor":[70,70,70,70,70,21,21,21,21,10,1,1,1],"gold":126,"neow_bonus":"RANDOM_COLORLESS_2","is_daily":false,"chose_seed":false,"campfire_upgraded":1,"win_rate":0.0,"timestamp":1610124828,"path_taken":["M","?","M","?","?","E","R","?","T","M","M","E"],"items_purchased_type":[],"build_version":"2020-12-22","purchased_purges":1,"victory":false,"max_hp_per_floor":[70,70,70,70,70,70,70,65,65,65,65,65,65],"card_choices":[{"not_picked":["Magnetism","Master of Strategy"],"picked":"Apotheosis","floor":0.0},{"not_picked":["Backflip","Poisoned Stab"],"picked":"Tactician","floor":1.0},{"not_picked":["PiercingWail","Quick Slash"],"picked":"Finisher","floor":3.0},{"not_picked":["Catalyst","Slice","Outmaneuver"],"picked":"SKIP","floor":5.0},{"not_picked":["Bane","Dagger Spray"],"picked":"Die Die Die","floor":6.0},{"not_picked":["Dagger Spray","Masterful Stab","Quick Slash"],"picked":"SKIP","floor":10.0},{"not_picked":["Footwork","Concentrate","Flying Knee"],"picked":"SKIP","floor":11.0}],"player_experience":279836,"relics_obtained":[{"floor":6.0,"key":"The Courier"},{"floor":9.0,"key":"Lizard Tail"}],"event_choices":[{"damage_healed":0.0,"max_hp_gain":0.0,"max_hp_loss":0.0,"gold_gain":100.0,"event_name":"Golden Shrine","player_choice":"Pray","floor":2.0,"gold_loss":0.0,"damage_taken":0.0},{"damage_healed":0.0,"max_hp_gain":0.0,"max_hp_loss":5.0,"gold_gain":0.0,"event_name":"Golden Idol","player_choice":"Lose Max HP","floor":8.0,"gold_loss":0.0,"damage_taken":0.0,"relics_obtained":["Golden Idol"]}],"is_beta":false,"boss_relics":[],"items_purged_floors":[4],"is_endless":false,"potions_floor_spawned":[1,6],"killed_by":"Lagavulin","ascension_level":4}}