{"host":"mydft8i2zzydgggw","time":1610133471,"event":{"mods":["AchievementEnabler","BaseMod","Colored Map","Colored Powertips","DeckTracker","Keyboard Shortcuts","Minty Spire (QoL Compilation)","Rare Cards Sparkle","StSLib","SuperFastMode","The Poker Player","everything is the same but u backflip on backflip"],"gold_per_floor":[112,131,306,317,317,347,62,62,62,107,139,151,191,219,231,243,243],"floor_reached":16,"playtime":422,"items_purged":[],"score":132,"play_id":"37ebe775-4312-488a-aa2b-cfbb34bf0846","local_time":"20210109041751","is_ascension_mode":true,"campfire_choices":[{"data":"Pommel Strike","floor":8.0,"key":"SMITH"},{"floor":12.0,"key":"REST"},{"floor":15,"key":"REST"}],"circlet_count":0,"master_deck":["Strike_R","Strike_R","Strike_R","Strike_R","Defend_R","Defend_R","Defend_R","Defend_R","Bash","Injury","Pommel Strike+1","Anger","Doubt","Dropkick","Flame Barrier","True Grit"],"relics":["Burning Blood","Thread and Needle","Matryoshka","Lizard Tail","MawBank","Paper Frog","Pen Nib","Girya"],"acts_visited":["Exordium"],"potions_floor_usage":[16],"damage_taken":[{"damage":0.0,"enemies":"2 Louse","floor":1.0,"turns":3.0},{"damage":7.0,"enemies":"Jaw Worm","floor":2.0,"turns":4.0},{"damage":0.0,"enemies":"Cultist","floor":4.0,"turns":3.0},{"damage":35.0,"enemies":"Lagavulin","floor":6.0,"turns":8.0},{"damage":36.0,"enemies":"Gremlin Nob","floor":10.0,"turns":6.0},{"damage":8.0,"enemies":"Looter","floor":11.0,"turns":4.0},{"damage":24.0,"enemies":"Lagavulin","floor":13.0,"turns":7.0},{"damage":11,"enemies":"Exordium Thugs","floor":14,"turns":6},{"damage":93,"enemies":"Slime Boss","floor":16,"turns":14}],"seed_played":"7973787258282592512","potions_obtained":[{"floor":2.0,"key":"SteroidPotion"},{"floor":10.0,"key":"AttackPotion"},{"floor":13.0,"key":"SteroidPotion"}],"is_trial":false,"path_per_floor":["M","M","?","M","?","E","$","R","T","E","M","R","E","M","R","B"],"character_chosen":"IRONCLAD","items_purchased":["Lizard Tail"],"campfire_rested":2,"item_purchase_floors":[7],"current_hp_per_floor":[80,79,79,80,80,51,51,51,51,21,19,43,25,20,44,0,0],"gold":243,"neow_bonus":"ONE_RARE_RELIC","is_daily":false,"chose_seed":false,"campfire_upgraded":1,"win_rate":0.0,"timestamp":1610133471,"path_taken":["M","M","?","M","?","E","$","R","T","E","M","R","E","M","R","BOSS"],"items_purchased_type":["Relic"],"build_version":"2020-12-22","purchased_purges":0,"victory":false,"max_hp_per_floor":[80,80,80,80,80,80,80,80,80,80,80,80,80,80,80,80,80],"card_choices":[{"not_picked":["Evolve","Sword Boomerang"],"picked":"Pommel Strike","floor":1.0},{"not_picked":["Havoc","Dual Wield"],"picked":"Anger","floor":2.0},{"not_picked":["True Grit","Thunderclap","Iron Wave"],"picked":"SKIP","floor":4.0},{"not_picked":["Dark Embrace","Pommel Strike"],"picked":"Dropkick","floor":6.0},{"not_picked":["Flex","Iron Wave"],"picked":"Flame Barrier","floor":10.0},{"not_picked":["Iron Wave","Thunderclap","Wild Strike"],"picked":"SKIP","floor":11.0},{"not_picked":["Body Slam","Anger"],"picked":"True Grit","floor":13.0},{"not_picked":["Demon Form","Dropkick","Sever Soul"],"picked":"SKIP","floor":14}],"player_experience":145603,"relics_obtained":[{"floor":6.0,"key":"Matryoshka"},{"floor":9.0,"key":"MawBank"},{"floor":9.0,"key":"Paper Frog"},{"floor":10.0,"key":"Pen Nib"},{"floor":13.0,"key":"Girya"}],"event_choices":[{"damage_healed":0.0,"max_hp_gain":0.0,"max_hp_loss":0.0,"gold_gain":175.0,"event_name":"Liars Game","player_choice":"AGREE","floor":3.0,"gold_loss":0.0,"damage_taken":0.0,"cards_obtained":["Doubt"]},{"cards_removed":["Strike_R"],"damage_healed":0.0,"max_hp_gain":0.0,"max_hp_loss":0.0,"gold_gain":0.0,"event_name":"Living Wall","player_choice":"Forget","floor":5.0,"gold_loss":0.0,"damage_taken":0.0}],"is_beta":false,"boss_relics":[],"items_purged_floors":[],"is_endless":false,"potions_floor_spawned":[2,10,13],"killed_by":"Slime Boss","ascension_level":2}}