{"host":"ufl0k2so27eic2iy","time":1610134544,"event":{"mods":["BaseMod","Minty Spire (QoL Compilation)","StSLib","The Animator"],"gold_per_floor":[129,145,70,70,36,74,74,74,74,74,102,118,138,151,151,228,228,261,292,314,334,74,108,132,178,178,197,305,305,305,317,317,397,397,417,447,457,34,34,51,80,80,80,117,137,171,171,191,191,195,195,195,90,116,120],"floor_reached":56,"playtime":4378,"items_purged":["animator:Strike","animator:NoriSakurada"],"score":2343,"play_id":"fe3e8ac6-8c4d-47af-8540-c12f80813460","local_time":"20210108193544","is_ascension_mode":true,"campfire_choices":[{"data":"animator:ShidoItsuka","floor":8.0,"key":"SMITH"},{"data":"animator:ReineMurasame","floor":10.0,"key":"SMITH"},{"data":"animator:KrulTepes","floor":15.0,"key":"SMITH"},{"data":"animator:ShidoItsuka","floor":29,"key":"SMITH"},{"data":"animator:Nanami","floor":32,"key":"SMITH"},{"floor":49,"key":"RECALL"},{"data":"animator:Emilia","floor":52,"key":"SMITH"}],"circlet_count":0,"master_deck":["AscendersBane","animator:Strike_DateALive","animator:Defend_DateALive","animator:Defend","animator:Defend","animator:Defend","animator:ShidoItsuka+1","animator:YamaiSisters","animator:Canti","animator:ReineMurasame+1","animator:GuildGirl","animator:Yuuichirou","animator:MasamiIwasawa","animator:YamaiSisters","animator:Chaa","animator:Mikaela","animator:KrulTepes+1","animator:MukuroHoshimiya","animator:TohkaYatogami","animator:JunSakurada+17","animator:HiiragiShinya","animator:YuzuruOtonashi+1","animator:TohkaYatogami","animator:ShidoItsuka+1","animator:UneriGinkaku+1","animator:Mitsuba+1","animator:Nanami+1","animator:YamaiSisters+1","animator:FeridBathory","animator:TsurugaMeisai","animator:MasamiIwasawa+1","animator:Hitei","animator:Emilia+1","animator:Zero","animator:Shimakaze+1","animator:ShidoItsuka+1","animator:YamaiSisters+1","animator:FeridBathory","animator:Nanami","animator:TohkaYatogami+1","animator:Togame"],"relics":["animator:LivingPicture","animator:TheMissingPiece","Blue Candle","Vajra","Dead Branch","Blood Vial","PreservedInsect","Blood Vial","Coffee Dripper","Red Mask","Meat on the Bone","Tiny Chest","Blood Vial","Molten Egg 2","animator:Buoy","Incense Burner","InkBottle","SlaversCollar","Paper Crane","Blood Vial","MealTicket","Blood Vial","War Paint","HornCleat","Potion Belt","Gremlin Horn"],"acts_visited":["Exordium","TheCity","TheBeyond","TheEnding"],"potions_floor_usage":[25,55],"damage_taken":[{"damage":0.0,"enemies":"Cultist","floor":1.0,"turns":4.0},{"damage":0.0,"enemies":"Small Slimes","floor":2.0,"turns":4.0},{"damage":38.0,"enemies":"Gremlin Nob","floor":6.0,"turns":5.0},{"damage":2.0,"enemies":"3 Sentries","floor":11.0,"turns":7.0},{"damage":0.0,"enemies":"Jaw Worm","floor":12.0,"turns":2.0},{"damage":0.0,"enemies":"Exordium Wildlife","floor":13.0,"turns":4.0},{"damage":7.0,"enemies":"Gremlin Gang","floor":14.0,"turns":6.0},{"damage":16.0,"enemies":"The Guardian","floor":16.0,"turns":14.0},{"damage":10.0,"enemies":"2 Thieves","floor":18.0,"turns":4.0},{"damage":26.0,"enemies":"Masked Bandits","floor":19.0,"turns":5.0},{"damage":0.0,"enemies":"Chosen","floor":20.0,"turns":6.0},{"damage":12.0,"enemies":"Sentry and Sphere","floor":21.0,"turns":6.0},{"damage":0.0,"enemies":"Book of Stabbing","floor":23.0,"turns":3.0},{"damage":7.0,"enemies":"3 Cultists","floor":24.0,"turns":6.0},{"damage":10,"enemies":"Slavers","floor":25,"turns":6},{"damage":10,"enemies":"Centurion and Healer","floor":27,"turns":4},{"damage":6,"enemies":"Colosseum Slavers","floor":28,"turns":4},{"damage":7,"enemies":"Colosseum Nobs","floor":28,"turns":8},{"damage":0,"enemies":"Snake Plant","floor":31,"turns":2},{"damage":54,"enemies":"Automaton","floor":33,"turns":9},{"damage":22,"enemies":"3 Darklings","floor":35,"turns":5},{"damage":3,"enemies":"3 Shapes","floor":36,"turns":7},{"damage":21,"enemies":"Writhing Mass","floor":37,"turns":8},{"damage":3,"enemies":"Jaw Worm Horde","floor":40,"turns":4},{"damage":0,"enemies":"Reptomancer","floor":41,"turns":9},{"damage":0,"enemies":"Giant Head","floor":44,"turns":8},{"damage":4,"enemies":"Sphere and 2 Shapes","floor":45,"turns":5},{"damage":18,"enemies":"Nemesis","floor":46,"turns":7},{"damage":10,"enemies":"Transient","floor":48,"turns":5},{"damage":0,"enemies":"Time Eater","floor":50,"turns":7},{"damage":0,"enemies":"Shield and Spear","floor":54,"turns":5},{"damage":1,"enemies":"The Heart","floor":55,"turns":11}],"seed_played":"8711175142931938686","potions_obtained":[{"floor":2.0,"key":"Fruit Juice"},{"floor":12.0,"key":"DistilledChaos"},{"floor":13.0,"key":"DistilledChaos"},{"floor":16.0,"key":"Fruit Juice"},{"floor":21.0,"key":"SteroidPotion"},{"floor":23.0,"key":"Fire Potion"},{"floor":24,"key":"Dexterity Potion"},{"floor":28,"key":"Fire Potion"},{"floor":46,"key":"LiquidMemories"}],"is_trial":false,"path_per_floor":["M","M","$","?","$","E","?","R","T","R","E","M","M","M","R","B",null,"M","?","M","M","$","E","M","E","T","M","?","R","?","M","R","B",null,"M","M","M","$","?","M","E","$","T","E","M","E","T","M","R","B",null,"R","$","E","B",null],"character_chosen":"THE_ANIMATOR","items_purchased":["animator:Yuuichirou","Meat on the Bone","animator:Hitei","Paper Crane","animator:TohkaYatogami+1","animator:Togame"],"campfire_rested":0,"item_purchase_floors":[5,22,38,38,53,53],"current_hp_per_floor":[54,54,54,43,43,5,25,25,25,25,23,25,32,29,29,21,60,54,32,36,28,28,44,41,47,47,43,43,43,43,49,49,13,59,43,46,43,43,33,48,54,69,69,74,70,58,58,58,58,68,74,74,76,76,75],"gold":120,"neow_bonus":"RANDOM_COLORLESS","is_daily":false,"chose_seed":true,"campfire_upgraded":6,"win_rate":0.0,"timestamp":1610134544,"path_taken":["M","M","$","?","$","E","?","R","T","R","E","M","M","M","R","BOSS","M","?","M","M","$","E","M","E","T","M","?","R","?","M","R","BOSS","M","M","M","$","?","M","E","$","T","E","M","E","?","M","R","BOSS","R","$","E","BOSS"],"items_purchased_type":["Card","Relic","Card","Relic","Card","Card"],"build_version":"2020-12-22","purchased_purges":2,"victory":true,"max_hp_per_floor":[60,60,60,60,60,60,60,60,60,60,60,60,65,67,67,73,73,73,73,73,73,73,73,73,73,73,73,74,74,74,74,74,74,74,74,74,74,74,74,74,74,74,74,74,74,76,76,76,76,76,76,76,76,76,76],"card_choices":[{"not_picked":["animator:MisaKurobane","animator:Shimakaze"],"picked":"animator:Canti","floor":0.0},{"not_picked":["animator:Yusa","animator:LizardPriest"],"picked":"animator:ReineMurasame","floor":1.0},{"not_picked":["animator:Spearman","animator:DwarfShaman"],"picked":"animator:GuildGirl","floor":2.0},{"not_picked":["animator:Chaa","animator:DwarfShaman"],"picked":"animator:MasamiIwasawa","floor":6.0},{"not_picked":["animator:ShidoItsuka","animator:NiaHonjou"],"picked":"animator:YamaiSisters","floor":11.0},{"not_picked":["animator:PandorasActor","animator:Evileye"],"picked":"animator:Chaa","floor":12.0},{"not_picked":["animator:HighElfArcher","animator:Mitsuba"],"picked":"animator:Mikaela","floor":13.0},{"not_picked":["animator:Demiurge","animator:PandorasActor"],"picked":"animator:KrulTepes","floor":14.0},{"not_picked":["animator:Ainz","animator:KurumiTokisaki"],"picked":"animator:MukuroHoshimiya","floor":16.0},{"not_picked":["animator:YoshinoHimekawa","animator:MikuIzayoi"],"picked":"animator:TohkaYatogami","floor":18.0},{"not_picked":["animator:NarberalGamma","animator:Souseiseki+1"],"picked":"animator:JunSakurada","floor":19.0},{"not_picked":["animator:Shichika","animator:Togame"],"picked":"animator:HiiragiShinya","floor":20.0},{"not_picked":["animator:Demiurge","animator:GuildGirl+1"],"picked":"animator:YuzuruOtonashi","floor":21.0},{"not_picked":["animator:ShidoItsuka","animator:DwarfShaman"],"picked":"animator:TohkaYatogami","floor":23.0},{"not_picked":["animator:Natsumi","animator:NiaHonjou"],"picked":"animator:ShidoItsuka","floor":24},{"not_picked":["animator:EriShiina+1","animator:MasamiIwasawa"],"picked":"animator:UneriGinkaku+1","floor":25},{"not_picked":["animator:Natsumi+1","animator:Shichika"],"picked":"animator:Mitsuba+1","floor":27},{"not_picked":["animator:Natsumi+1","animator:Noda+1"],"picked":"animator:Nanami","floor":28},{"not_picked":["animator:HigakiRinne","animator:AyatoNaoi"],"picked":"animator:FeridBathory","floor":33},{"not_picked":["animator:DwarfShaman+1","animator:Entoma+1","animator:Cocytus+1"],"picked":"SKIP","floor":35},{"not_picked":["animator:Evileye","animator:PandorasActor"],"picked":"animator:TsurugaMeisai","floor":36},{"not_picked":["animator:HidekiHinata+1","animator:KurumiTokisaki+1"],"picked":"animator:MasamiIwasawa+1","floor":37},{"not_picked":["animator:HarukoHaruhara","animator:HououinKyouma"],"picked":"animator:Emilia","floor":39},{"not_picked":["animator:NononJakuzure","animator:IchigoKurosaki"],"picked":"animator:Zero","floor":39},{"not_picked":["animator:Kuroyukihime","animator:TakanashiRikka"],"picked":"animator:Shimakaze+1","floor":39},{"not_picked":["animator:Natsumi+1","animator:NiaHonjou"],"picked":"animator:ShidoItsuka","floor":40},{"not_picked":["animator:Yuuichirou+1","animator:Hinaichigo"],"picked":"animator:YamaiSisters+1","floor":41},{"not_picked":["animator:Nanami","animator:YoshinoHimekawa"],"picked":"animator:FeridBathory","floor":44},{"not_picked":["animator:Noda+1","animator:ZankiKiguchi+1","animator:Shinoa"],"picked":"SKIP","floor":45},{"not_picked":["animator:ZankiKiguchi+1","animator:Emonzaemon+1"],"picked":"animator:Nanami","floor":46},{"not_picked":["animator:Mitsuba+1","animator:MeguKakizaki","animator:ReineMurasame"],"picked":"SKIP","floor":48},{"not_picked":["animator:Emonzaemon+1","animator:ZankiKiguchi+1","animator:Witch"],"picked":"SKIP","floor":54}],"player_experience":2421257,"relics_obtained":[{"floor":6.0,"key":"Vajra"},{"floor":9.0,"key":"Dead Branch"},{"floor":11.0,"key":"Blood Vial"},{"floor":11.0,"key":"PreservedInsect"},{"floor":16.0,"key":"Blood Vial"},{"floor":19.0,"key":"Red Mask"},{"floor":23.0,"key":"Tiny Chest"},{"floor":25,"key":"Blood Vial"},{"floor":25,"key":"Molten Egg 2"},{"floor":26,"key":"animator:Buoy"},{"floor":28,"key":"Incense Burner"},{"floor":28,"key":"InkBottle"},{"floor":41,"key":"Blood Vial"},{"floor":41,"key":"MealTicket"},{"floor":44,"key":"Blood Vial"},{"floor":44,"key":"War Paint"},{"floor":46,"key":"HornCleat"},{"floor":47,"key":"Potion Belt"},{"floor":54,"key":"Gremlin Horn"}],"event_choices":[{"damage_healed":0.0,"max_hp_gain":0.0,"max_hp_loss":0.0,"gold_gain":0.0,"event_name":"Scrap Ooze","player_choice":"Success","floor":4.0,"gold_loss":0.0,"damage_taken":11.0,"relics_obtained":["Blue Candle"]},{"damage_healed":20.0,"max_hp_gain":0.0,"max_hp_loss":0.0,"gold_gain":0.0,"event_name":"Big Fish","player_choice":"Banana","floor":7.0,"gold_loss":0.0,"damage_taken":0.0},{"damage_healed":0.0,"max_hp_gain":0.0,"max_hp_loss":0.0,"gold_gain":0.0,"event_name":"Masked Bandits","player_choice":"Fought Bandits","floor":19.0,"gold_loss":0.0,"damage_taken":0.0},{"damage_healed":0,"gold_gain":0,"player_choice":"Fight","damage_taken":0,"max_hp_gain":0,"max_hp_loss":0,"event_name":"Colosseum","floor":28,"gold_loss":0},{"damage_healed":0,"gold_gain":0,"player_choice":"Fought Nobs","damage_taken":0,"max_hp_gain":0,"max_hp_loss":0,"event_name":"Colosseum","floor":28,"gold_loss":0},{"damage_healed":0,"gold_gain":0,"cards_transformed":["animator:Strike","animator:Strike"],"player_choice":"Became Test Subject","damage_taken":0,"max_hp_gain":0,"max_hp_loss":0,"event_name":"Drug Dealer","floor":30,"gold_loss":0,"cards_obtained":["animator:YamaiSisters","animator:NoriSakurada"]},{"damage_healed":0,"gold_gain":0,"player_choice":"Memory 3","damage_taken":10,"max_hp_gain":0,"max_hp_loss":0,"event_name":"SensoryStone","floor":39,"gold_loss":0}],"is_beta":false,"boss_relics":[{"not_picked":["Empty Cage","Astrolabe"],"picked":"Coffee Dripper"},{"not_picked":["Pandora\u0027s Box","Cursed Key"],"picked":"SlaversCollar"}],"items_purged_floors":[3,38],"is_endless":false,"potions_floor_spawned":[2,12,13,14,16,21,23,24,28,31,36,44,46],"ascension_level":15}}