{"host":"ryuep8ewa00k39z9","time":1610129813,"event":{"mods":["AchievementEnabler","BaseMod","Best Route Mod","Colored Map","Colored Powertips","Displayed Cursed Tome","Highlight Path","Minty Spire (QoL Compilation)","Quick Restart","SuperFastMode"],"gold_per_floor":[99,99,99,99,99,99,99,99,99,99,99,24,24,24,24,24,24,24,24,24,24,24,24,24,24,24,24,24,24,24,24,24,24,24,24,24,24,24,24,24,24,24,24,24,24,24,24,24,24,24],"floor_reached":51,"playtime":10072,"items_purged":["Defend_B"],"score":1081,"play_id":"9031fa71-29e2-432c-b491-a0264f270ff1","local_time":"20210108121653","is_ascension_mode":true,"campfire_choices":[{"data":"White Noise","floor":6.0,"key":"SMITH"},{"data":"White Noise","floor":10.0,"key":"SMITH"},{"floor":15.0,"key":"REST"},{"data":"Ghostly","floor":29.0,"key":"SMITH"},{"data":"Amplify","floor":32.0,"key":"SMITH"},{"floor":40.0,"key":"REST"},{"floor":47.0,"key":"REST"},{"floor":49.0,"key":"REST"}],"circlet_count":0,"master_deck":["Zap","Dualcast","Streamline+1","White Noise+1","Defragment","White Noise+1","Self Repair","Chill","Rebound","Amplify+1","Defragment","Ghostly+1","Ghostly+1","Ghostly+1","Ghostly","Ghostly","Shame","Melter","Echo Form","Capacitor","Sunder+1","Electrodynamics","Steam Power","Seek","Creative AI","Creative AI","Glacier+1","Madness","Madness"],"relics":["Ectoplasm","Strawberry","CeramicFish","Odd Mushroom","Empty Cage","War Paint","Ancient Tea Set","Smiling Mask","Centennial Puzzle","Red Mask","Mango","Molten Egg 2","Pandora\u0027s Box","Ice Cream","Prayer Wheel","Art of War","Bag of Preparation"],"acts_visited":["Exordium","TheCity","TheBeyond"],"potions_floor_usage":[50],"damage_taken":[{"damage":0.0,"enemies":"Cultist","floor":1.0,"turns":4.0},{"damage":0.0,"enemies":"2 Louse","floor":2.0,"turns":2.0},{"damage":0.0,"enemies":"Small Slimes","floor":3.0,"turns":3.0},{"damage":6.0,"enemies":"Exordium Thugs","floor":7.0,"turns":4.0},{"damage":20.0,"enemies":"Lagavulin","floor":8.0,"turns":6.0},{"damage":4.0,"enemies":"2 Fungi Beasts","floor":11.0,"turns":2.0},{"damage":8.0,"enemies":"Blue Slaver","floor":13.0,"turns":2.0},{"damage":1.0,"enemies":"The Mushroom Lair","floor":14.0,"turns":5.0},{"damage":0.0,"enemies":"Slime Boss","floor":16.0,"turns":6.0},{"damage":7.0,"enemies":"Chosen","floor":18.0,"turns":4.0},{"damage":24.0,"enemies":"Slavers","floor":23.0,"turns":8.0},{"damage":0.0,"enemies":"Shell Parasite","floor":24.0,"turns":6.0},{"damage":21.0,"enemies":"Gremlin Leader","floor":25.0,"turns":12.0},{"damage":18.0,"enemies":"Masked Bandits","floor":27.0,"turns":4.0},{"damage":1.0,"enemies":"Colosseum Slavers","floor":28.0,"turns":8.0},{"damage":0.0,"enemies":"Colosseum Nobs","floor":28.0,"turns":6.0},{"damage":3.0,"enemies":"Snake Plant","floor":30.0,"turns":5.0},{"damage":2.0,"enemies":"Sentry and Sphere","floor":31.0,"turns":5.0},{"damage":1.0,"enemies":"Champ","floor":33.0,"turns":12.0},{"damage":2.0,"enemies":"Orb Walker","floor":35.0,"turns":5.0},{"damage":21.0,"enemies":"2 Orb Walkers","floor":37.0,"turns":6.0},{"damage":0.0,"enemies":"Mind Bloom Boss Battle","floor":41.0,"turns":4.0},{"damage":45.0,"enemies":"Reptomancer","floor":42.0,"turns":6.0},{"damage":0.0,"enemies":"3 Shapes","floor":44.0,"turns":6.0},{"damage":0.0,"enemies":"Maw","floor":46.0,"turns":6.0},{"damage":4,"enemies":"Awakened One","floor":50,"turns":11}],"seed_played":"-6708265124804666310","potions_obtained":[{"floor":2.0,"key":"Strength Potion"},{"floor":3.0,"key":"Swift Potion"},{"floor":8.0,"key":"PowerPotion"},{"floor":13.0,"key":"EssenceOfDarkness"},{"floor":18.0,"key":"Swift Potion"},{"floor":27.0,"key":"FocusPotion"},{"floor":28.0,"key":"Fruit Juice"},{"floor":35.0,"key":"LiquidMemories"},{"floor":41.0,"key":"Ancient Potion"},{"floor":42.0,"key":"EssenceOfDarkness"}],"is_trial":false,"path_per_floor":["M","M","M","?","?","R","M","E","T","R","M","$","M","?","R","B",null,"M","?","?","$","?","E","M","E","T","?","?","R","M","M","R","B",null,"M","$","?","?","$","R","?","E","T","M","?","M","R","?","R","B",null],"character_chosen":"DEFECT","items_purchased":[],"campfire_rested":4,"item_purchase_floors":[],"current_hp_per_floor":[68,68,68,68,68,68,62,49,49,49,45,45,37,43,67,74,80,80,80,41,41,41,31,38,31,31,20,52,52,56,60,60,60,60,58,58,37,37,37,55,60,22,22,36,28,28,46,46,60,56],"gold":24,"neow_bonus":"BOSS_RELIC","is_daily":false,"chose_seed":false,"campfire_upgraded":4,"win_rate":0.0,"timestamp":1610129813,"path_taken":["M","?","?","?","?","R","M","E","T","R","M","$","?","?","R","BOSS","M","?","?","?","?","E","M","E","T","?","?","R","M","?","R","BOSS","M","$","?","?","?","R","?","E","T","M","?","M","R","?","R","BOSS"],"items_purchased_type":[],"build_version":"2020-12-22","purchased_purges":1,"victory":true,"max_hp_per_floor":[75,75,75,75,75,75,75,82,82,82,82,82,82,82,82,82,82,82,82,41,41,41,41,41,41,41,41,60,60,60,60,60,60,60,60,60,60,60,60,60,60,60,60,60,60,60,60,60,60,60],"card_choices":[{"not_picked":["Coolheaded","Hello World"],"picked":"Streamline","floor":1.0},{"not_picked":["Loop","Aggregate"],"picked":"White Noise","floor":2.0},{"not_picked":["Reprogram","Leap","Coolheaded"],"picked":"SKIP","floor":3.0},{"not_picked":["Turbo","Gash"],"picked":"Defragment","floor":7.0},{"not_picked":["Seek","Barrage"],"picked":"White Noise","floor":8.0},{"not_picked":["Turbo","Static Discharge"],"picked":"Self Repair","floor":11.0},{"not_picked":["Go for the Eyes","Blizzard"],"picked":"Chill","floor":13.0},{"not_picked":["Compile Driver","Genetic Algorithm"],"picked":"Rebound","floor":14.0},{"not_picked":["Rainbow","Core Surge"],"picked":"Amplify","floor":16.0},{"not_picked":["Hello World","Steam"],"picked":"Defragment","floor":18.0},{"not_picked":["Redo","Cold Snap+1","Turbo"],"picked":"SKIP","floor":23.0},{"not_picked":["Static Discharge","Turbo+1"],"picked":"Melter","floor":24.0},{"not_picked":["Rebound","Stack+1"],"picked":"Echo Form","floor":25.0},{"not_picked":["FTL","Turbo"],"picked":"Capacitor","floor":27.0},{"not_picked":["Stack","Aggregate"],"picked":"Sunder+1","floor":28.0},{"not_picked":["Hello World+1","Steam","Cold Snap+1"],"picked":"SKIP","floor":30.0},{"not_picked":["Beam Cell+1","Doom and Gloom+1","Leap"],"picked":"SKIP","floor":31.0},{"not_picked":["Beam Cell+1","Doom and Gloom+1","Leap"],"picked":"SKIP","floor":31.0},{"not_picked":["Biased Cognition","Machine Learning"],"picked":"Electrodynamics","floor":33.0},{"not_picked":["Hologram","Coolheaded+1","Go for the Eyes+1"],"picked":"SKIP","floor":35.0},{"not_picked":["Beam Cell+1","Skim"],"picked":"Creative AI","floor":37.0},{"not_picked":["Streamline+1","Redo","Ball Lightning+1"],"picked":"SKIP","floor":42.0},{"not_picked":["Beam Cell+1","Turbo+1"],"picked":"Glacier+1","floor":44.0},{"not_picked":["Recycle","Streamline+1","Capacitor"],"picked":"SKIP","floor":44.0}],"player_experience":3932901,"relics_obtained":[{"floor":8.0,"key":"Strawberry"},{"floor":9.0,"key":"CeramicFish"},{"floor":14.0,"key":"Odd Mushroom"},{"floor":23.0,"key":"Ancient Tea Set"},{"floor":25.0,"key":"Smiling Mask"},{"floor":26.0,"key":"Centennial Puzzle"},{"floor":27.0,"key":"Red Mask"},{"floor":28.0,"key":"Mango"},{"floor":28.0,"key":"Molten Egg 2"},{"floor":37.0,"key":"Ice Cream"},{"floor":41.0,"key":"Prayer Wheel"},{"floor":42.0,"key":"Art of War"},{"floor":43.0,"key":"Bag of Preparation"}],"event_choices":[{"damage_healed":0.0,"max_hp_gain":0.0,"max_hp_loss":0.0,"gold_gain":0.0,"event_name":"Living Wall","player_choice":"Grow","floor":4.0,"gold_loss":0.0,"damage_taken":0.0,"cards_upgraded":["Streamline"]},{"cards_removed":["Strike_B"],"damage_healed":0.0,"max_hp_gain":0.0,"max_hp_loss":0.0,"gold_gain":0.0,"event_name":"Purifier","player_choice":"Purged","floor":5.0,"gold_loss":0.0,"damage_taken":0.0},{"damage_healed":0.0,"max_hp_gain":0.0,"max_hp_loss":0.0,"gold_gain":0.0,"event_name":"Mushrooms","player_choice":"Fought Mushrooms","floor":14.0,"gold_loss":0.0,"damage_taken":0.0},{"cards_removed":["Strike_B"],"damage_healed":0.0,"max_hp_gain":0.0,"max_hp_loss":0.0,"gold_gain":0.0,"event_name":"Back to Basics","player_choice":"Elegance","floor":19.0,"gold_loss":0.0,"damage_taken":0.0},{"damage_healed":0.0,"max_hp_gain":0.0,"max_hp_loss":41.0,"gold_gain":0.0,"event_name":"Ghosts","player_choice":"Became a Ghost","floor":20.0,"gold_loss":0.0,"damage_taken":0.0,"cards_obtained":["Ghostly","Ghostly","Ghostly","Ghostly","Ghostly"]},{"damage_healed":0.0,"max_hp_gain":0.0,"max_hp_loss":0.0,"gold_gain":0.0,"event_name":"Addict","player_choice":"Stole Relic","floor":22.0,"gold_loss":0.0,"damage_taken":0.0,"relics_obtained":["War Paint"],"cards_obtained":["Shame"]},{"damage_healed":0.0,"max_hp_gain":0.0,"max_hp_loss":0.0,"gold_gain":0.0,"event_name":"Masked Bandits","player_choice":"Fought Bandits","floor":27.0,"gold_loss":0.0,"damage_taken":0.0},{"damage_healed":0.0,"max_hp_gain":0.0,"max_hp_loss":0.0,"gold_gain":0.0,"event_name":"Colosseum","player_choice":"Fight","floor":28.0,"gold_loss":0.0,"damage_taken":0.0},{"damage_healed":0.0,"max_hp_gain":0.0,"max_hp_loss":0.0,"gold_gain":0.0,"event_name":"Colosseum","player_choice":"Fought Nobs","floor":28.0,"gold_loss":0.0,"damage_taken":0.0},{"damage_healed":0.0,"max_hp_gain":0.0,"max_hp_loss":0.0,"gold_gain":0.0,"event_name":"Mysterious Sphere","player_choice":"Fight","floor":37.0,"gold_loss":0.0,"damage_taken":0.0},{"damage_healed":0.0,"max_hp_gain":0.0,"max_hp_loss":0.0,"gold_gain":0.0,"event_name":"SensoryStone","player_choice":"Memory 1","floor":38.0,"gold_loss":0.0,"damage_taken":0.0},{"damage_healed":0.0,"max_hp_gain":0.0,"max_hp_loss":0.0,"gold_gain":0.0,"event_name":"MindBloom","player_choice":"Fight","floor":41.0,"gold_loss":0.0,"damage_taken":0.0},{"damage_healed":0.0,"max_hp_gain":0.0,"max_hp_loss":0.0,"gold_gain":0.0,"event_name":"Winding Halls","player_choice":"Embrace Madness","floor":45.0,"gold_loss":0.0,"damage_taken":8.0,"cards_obtained":["Madness","Madness"]},{"damage_healed":0.0,"max_hp_gain":0.0,"max_hp_loss":0.0,"gold_gain":222.0,"event_name":"Tomb of Lord Red Mask","player_choice":"Wore Mask","floor":48.0,"gold_loss":0.0,"damage_taken":0.0}],"is_beta":false,"boss_relics":[{"not_picked":["SacredBark","Black Star"],"picked":"Empty Cage"},{"not_picked":["SlaversCollar","Runic Dome"],"picked":"Pandora\u0027s Box"}],"items_purged_floors":[12],"is_endless":false,"potions_floor_spawned":[2,3,8,13,18,27,28,35,41,42],"ascension_level":9}}