{"host":"3y2rtlgteqp2nuo3","time":1610118610,"event":{"mods":["2.2 Compatiblity","AchievementEnabler","BaseMod","Colored Map","DeckTracker","Highlight Path","Keyboard Shortcuts","Minty Spire (QoL Compilation)","Permanent Neow","Quick Restart","StSLib","SuperFastMode","everything is the same but u backflip on backflip"],"gold_per_floor":[58,90,120,200,200,200,276,276,276,316,164,164,197,232,232,321,321,344,344,244,295,337,394,394,437,464,464,489,489,516,516,516,587,587,598,118,118,136,148,148,162,162,233,276,276,120,140,140,140,140],"floor_reached":51,"playtime":1703,"items_purged":["Strike_B","Strike_B"],"score":1209,"play_id":"4e80b597-0673-4448-a8bb-1a9bea12de02","local_time":"20210109001010","is_ascension_mode":true,"campfire_choices":[{"floor":6.0,"key":"REST"},{"data":"Zap","floor":12.0,"key":"SMITH"},{"data":"HandOfGreed","floor":15.0,"key":"SMITH"},{"data":"Ghostly","floor":27.0,"key":"SMITH"},{"data":"Ghostly","floor":29.0,"key":"SMITH"},{"data":"Ghostly","floor":32.0,"key":"SMITH"},{"floor":40.0,"key":"REST"},{"data":"Apotheosis","floor":42.0,"key":"SMITH"},{"data":"Ghostly","floor":45.0,"key":"SMITH"},{"floor":49,"key":"REST"}],"circlet_count":0,"master_deck":["AscendersBane","Defend_B","Defend_B","Defend_B","Zap+1","Dualcast","HandOfGreed+1","Hologram","Coolheaded","Go for the Eyes+1","Rip and Tear","Sweeping Beam","Self Repair","Electrodynamics","Sunder","All For One","Undo","Ball Lightning+1","Echo Form","Turbo","Biased Cognition","Leap","Ghostly+1","Ghostly+1","Ghostly+1","Ghostly+1","Ghostly+1","Hologram+1","Electrodynamics","FTL+1","Buffer+1","Apotheosis+1","Auto Shields","Compile Driver+1","Seek","Parasite","Chill+1","The Bomb","Finesse"],"relics":["Cracked Core","Bloody Idol","Centennial Puzzle","SlaversCollar","Red Mask","WingedGreaves","Whetstone","Mummified Hand","Nunchaku","Astrolabe","Torii","HornCleat","Vajra"],"acts_visited":["Exordium","TheCity","TheBeyond"],"potions_floor_usage":[47,50],"damage_taken":[{"damage":3.0,"enemies":"2 Louse","floor":1.0,"turns":3.0},{"damage":7.0,"enemies":"Jaw Worm","floor":2.0,"turns":2.0},{"damage":0.0,"enemies":"Cultist","floor":3.0,"turns":4.0},{"damage":15.0,"enemies":"Lots of Slimes","floor":4.0,"turns":7.0},{"damage":26.0,"enemies":"3 Sentries","floor":7.0,"turns":7.0},{"damage":11.0,"enemies":"Exordium Wildlife","floor":10.0,"turns":4.0},{"damage":0.0,"enemies":"Large Slime","floor":13.0,"turns":4.0},{"damage":4.0,"enemies":"Looter","floor":14.0,"turns":3.0},{"damage":19.0,"enemies":"Slime Boss","floor":16.0,"turns":6.0},{"damage":6.0,"enemies":"3 Byrds","floor":18.0,"turns":2.0},{"damage":31.0,"enemies":"Masked Bandits","floor":21.0,"turns":3.0},{"damage":27.0,"enemies":"Spheric Guardian","floor":22.0,"turns":4.0},{"damage":37.0,"enemies":"Slavers","floor":23.0,"turns":3.0},{"damage":1.0,"enemies":"Centurion and Healer","floor":25.0,"turns":7.0},{"damage":9.0,"enemies":"Gremlin Leader","floor":28.0,"turns":8.0},{"damage":3.0,"enemies":"Slavers","floor":30.0,"turns":4.0},{"damage":14.0,"enemies":"Automaton","floor":33.0,"turns":12.0},{"damage":0.0,"enemies":"3 Shapes","floor":35.0,"turns":4.0},{"damage":4.0,"enemies":"3 Darklings","floor":38.0,"turns":5.0},{"damage":28.0,"enemies":"Spire Growth","floor":39.0,"turns":6.0},{"damage":2.0,"enemies":"Sphere and 2 Shapes","floor":41.0,"turns":3.0},{"damage":0.0,"enemies":"4 Shapes","floor":44.0,"turns":6.0},{"damage":20,"enemies":"Writhing Mass","floor":47,"turns":8},{"damage":11,"enemies":"Awakened One","floor":50,"turns":13}],"seed_played":"-5354929675000131543","potions_obtained":[{"floor":1.0,"key":"LiquidBronze"},{"floor":3.0,"key":"Fruit Juice"},{"floor":4.0,"key":"BlessingOfTheForge"},{"floor":10.0,"key":"FocusPotion"},{"floor":22.0,"key":"FearPotion"},{"floor":23.0,"key":"DistilledChaos"},{"floor":28.0,"key":"EssenceOfSteel"},{"floor":41.0,"key":"Explosive Potion"},{"floor":44.0,"key":"GamblersBrew"}],"is_trial":false,"path_per_floor":["M","M","M","M","?","R","E","?","T","M","$","R","M","M","R","B",null,"M","?","$","?","M","E","?","M","T","R","E","R","E","?","R","B",null,"M","$","?","M","M","R","M","R","T","M","R","$","M","?","R","B",null],"character_chosen":"DEFECT","items_purchased":["All For One","Apotheosis","Torii","Vajra"],"campfire_rested":3,"item_purchase_floors":[11,36,36,46],"current_hp_per_floor":[65,58,63,48,28,52,26,26,26,22,22,22,29,32,32,20,65,59,59,59,38,35,22,22,38,40,40,40,40,40,40,40,38,40,40,40,40,40,27,39,40,40,40,40,40,40,32,22,34,33],"gold":140,"neow_bonus":"RANDOM_COLORLESS_2","is_daily":false,"chose_seed":false,"campfire_upgraded":7,"win_rate":0.0,"timestamp":1610118610,"path_taken":["M","M","M","M","?","R","E","?","T","?","$","R","?","M","R","BOSS","M","?","$","?","M","E","?","M","T","R","E","R","E","?","R","BOSS","M","$","?","M","M","R","M","R","T","M","R","$","?","?","R","BOSS"],"items_purchased_type":["Card","Card","Relic","Relic"],"build_version":"2020-12-22","purchased_purges":2,"victory":true,"max_hp_per_floor":[75,75,80,80,80,80,80,80,80,80,80,80,80,80,80,80,80,80,80,80,80,80,80,40,40,40,40,40,40,40,40,40,40,40,40,40,40,40,40,40,40,40,40,40,40,40,40,40,40,40],"card_choices":[{"not_picked":["Sadistic Nature","Thinking Ahead"],"picked":"HandOfGreed","floor":0.0},{"not_picked":["Compile Driver","Fusion"],"picked":"Hologram","floor":1.0},{"not_picked":["Auto Shields","Go for the Eyes"],"picked":"Coolheaded","floor":2.0},{"not_picked":["Hologram","Barrage"],"picked":"Go for the Eyes","floor":3.0},{"not_picked":["Cold Snap","Stack"],"picked":"Rip and Tear","floor":4.0},{"not_picked":["Reprogram","Multi-Cast"],"picked":"Sweeping Beam","floor":7.0},{"not_picked":["Cold Snap","Stack"],"picked":"Sunder","floor":10.0},{"not_picked":["Steam","Auto Shields"],"picked":"Undo","floor":13.0},{"not_picked":["Hologram","Gash"],"picked":"Ball Lightning","floor":14.0},{"not_picked":["Machine Learning","Electrodynamics"],"picked":"Echo Form","floor":16.0},{"not_picked":["Rebound","Stack"],"picked":"Turbo","floor":18.0},{"not_picked":["Reprogram","Leap"],"picked":"Biased Cognition","floor":21.0},{"not_picked":["Steam","Sweeping Beam"],"picked":"Leap","floor":22.0},{"not_picked":["Chaos","Reprogram","Turbo"],"picked":"SKIP","floor":23.0},{"not_picked":["Gash","Go for the Eyes"],"picked":"Hologram+1","floor":25.0},{"not_picked":["Leap","Melter","Barrage"],"picked":"SKIP","floor":28.0},{"not_picked":["Multi-Cast","Barrage","Genetic Algorithm"],"picked":"SKIP","floor":30.0},{"not_picked":["Meteor Strike","Multi-Cast"],"picked":"Electrodynamics","floor":33.0},{"not_picked":["Hologram+1","Cold Snap","Stack"],"picked":"SKIP","floor":35.0},{"not_picked":["Beam Cell","Coolheaded"],"picked":"Compile Driver+1","floor":38.0},{"not_picked":["Compile Driver+1","Redo","Force Field"],"picked":"SKIP","floor":39.0},{"not_picked":["Scrape","Sweeping Beam"],"picked":"Seek","floor":41.0},{"not_picked":["Lockon","Darkness","Loop"],"picked":"SKIP","floor":44.0},{"not_picked":["Barrage","Gash+1"],"picked":"Chill+1","floor":47},{"not_picked":["Thinking Ahead","Panacea"],"picked":"The Bomb","floor":48},{"not_picked":["Blind","Secret Weapon"],"picked":"Finesse","floor":48}],"player_experience":644147,"relics_obtained":[{"floor":7.0,"key":"Centennial Puzzle"},{"floor":21.0,"key":"Red Mask"},{"floor":23.0,"key":"WingedGreaves"},{"floor":26.0,"key":"Whetstone"},{"floor":28.0,"key":"Mummified Hand"},{"floor":30.0,"key":"Nunchaku"},{"floor":43.0,"key":"HornCleat"}],"event_choices":[{"damage_healed":0.0,"max_hp_gain":0.0,"max_hp_loss":0.0,"gold_gain":0.0,"event_name":"Golden Idol","player_choice":"Take Damage","floor":5.0,"gold_loss":0.0,"damage_taken":20.0,"relics_obtained":["Golden Idol"]},{"damage_healed":0.0,"max_hp_gain":0.0,"max_hp_loss":0.0,"gold_gain":0.0,"event_name":"Match and Keep!","player_choice":"2 cards matched","floor":8.0,"gold_loss":0.0,"damage_taken":0.0,"cards_obtained":["Self Repair","Electrodynamics"]},{"damage_healed":0.0,"max_hp_gain":0.0,"max_hp_loss":0.0,"gold_gain":0.0,"event_name":"Forgotten Altar","player_choice":"Gave Idol","floor":19.0,"relics_lost":["Golden Idol"],"gold_loss":0.0,"damage_taken":0.0,"relics_obtained":["Bloody Idol"]},{"damage_healed":0.0,"max_hp_gain":0.0,"max_hp_loss":0.0,"gold_gain":0.0,"event_name":"Masked Bandits","player_choice":"Fought Bandits","floor":21.0,"gold_loss":0.0,"damage_taken":0.0},{"damage_healed":0.0,"max_hp_gain":0.0,"max_hp_loss":40.0,"gold_gain":0.0,"event_name":"Ghosts","player_choice":"Became a Ghost","floor":24.0,"gold_loss":0.0,"damage_taken":0.0,"cards_obtained":["Ghostly","Ghostly","Ghostly","Ghostly","Ghostly"]},{"damage_healed":0.0,"max_hp_gain":0.0,"max_hp_loss":0.0,"gold_gain":0.0,"event_name":"Upgrade Shrine","player_choice":"Upgraded","floor":31.0,"gold_loss":0.0,"damage_taken":0.0,"cards_upgraded":["Ghostly"]},{"damage_healed":0.0,"max_hp_gain":0.0,"max_hp_loss":0.0,"gold_gain":0.0,"cards_transformed":["Darkness"],"event_name":"Transmorgrifier","player_choice":"Transformed","floor":37.0,"gold_loss":0.0,"damage_taken":0.0,"cards_obtained":["Auto Shields"]},{"damage_healed":0,"gold_gain":0,"player_choice":"Memory 3","damage_taken":10,"max_hp_gain":0,"max_hp_loss":0,"event_name":"SensoryStone","floor":48,"gold_loss":0}],"is_beta":false,"boss_relics":[{"not_picked":["Ectoplasm","SacredBark"],"picked":"SlaversCollar"},{"not_picked":["Nuclear Battery","Snecko Eye"],"picked":"Astrolabe"}],"items_purged_floors":[11,20],"is_endless":false,"potions_floor_spawned":[1,3,4,10,22,23,28,30,41,44],"ascension_level":13}}