{"host":"J","time":1610111033,"event":{"mods":["BaseMod","Better Third Choice","Minty Spire (QoL Compilation)","StSLib"],"gold_per_floor":[215,229,229,246,266,293,293,328,352,18,33,60,74,88,88,164,164,178,196,230,230,230,258,258,19,19,53,72,105,105,105,105,179,179,179],"floor_reached":34,"playtime":1096,"items_purged":["Strike_G","Writhe"],"score":910,"play_id":"834a7c57-ea73-47d7-9154-743c1c2b49ff","local_time":"20210108140353","is_ascension_mode":true,"campfire_choices":[{"data":"Terror","floor":7.0,"key":"SMITH"},{"data":"Neutralize","floor":15.0,"key":"SMITH"},{"floor":24.0,"key":"REST"},{"floor":30.0,"key":"REST"},{"floor":32.0,"key":"REST"}],"circlet_count":0,"master_deck":["AscendersBane","Survivor","Neutralize+1","Slice","Dagger Spray","Riddle With Holes","Backflip","Terror+1","Dagger Throw","Footwork","Apotheosis+1","Blade Dance+1","Backstab","Corpse Explosion","Well Laid Plans","Accuracy","Blur","Noxious Fumes","Adrenaline","Skewer","Night Terror","Noxious Fumes","Footwork","Sucker Punch","Endless Agony","Night Terror","Grand Finale","Bouncing Flask"],"relics":["Ring of the Snake","Boot","Smiling Mask","Strawberry","Nunchaku","War Paint","Fusion Hammer","Red Mask","Bag of Marbles","FossilizedHelix","Question Card","Tiny Chest","Darkstone Periapt","betterThird:NestCultRelic","Pandora\u0027s Box"],"acts_visited":["Exordium","TheCity","TheBeyond"],"potions_floor_usage":[],"damage_taken":[{"damage":2.0,"enemies":"2 Louse","floor":1.0,"turns":3.0},{"damage":0.0,"enemies":"Cultist","floor":2.0,"turns":4.0},{"damage":0.0,"enemies":"Small Slimes","floor":4.0,"turns":2.0},{"damage":1.0,"enemies":"2 Fungi Beasts","floor":5.0,"turns":3.0},{"damage":7.0,"enemies":"3 Sentries","floor":6.0,"turns":4.0},{"damage":6.0,"enemies":"Gremlin Nob","floor":8.0,"turns":3.0},{"damage":1.0,"enemies":"Looter","floor":11.0,"turns":3.0},{"damage":13.0,"enemies":"Lagavulin","floor":12.0,"turns":5.0},{"damage":0.0,"enemies":"Blue Slaver","floor":13.0,"turns":2.0},{"damage":0.0,"enemies":"2 Fungi Beasts","floor":14.0,"turns":3.0},{"damage":4.0,"enemies":"Slime Boss","floor":16.0,"turns":7.0},{"damage":3.0,"enemies":"Spheric Guardian","floor":18.0,"turns":3.0},{"damage":2.0,"enemies":"Chosen","floor":19.0,"turns":3.0},{"damage":0.0,"enemies":"Masked Bandits","floor":20.0,"turns":3.0},{"damage":21.0,"enemies":"Book of Stabbing","floor":23.0,"turns":4.0},{"damage":48.0,"enemies":"Gremlin Leader","floor":27.0,"turns":5.0},{"damage":0.0,"enemies":"Centurion and Healer","floor":28.0,"turns":5.0},{"damage":0.0,"enemies":"Book of Stabbing","floor":29.0,"turns":4.0},{"damage":58.0,"enemies":"Champ","floor":33.0,"turns":11.0}],"seed_played":"9068206379793792772","potions_obtained":[{"floor":2.0,"key":"Weak Potion"},{"floor":4.0,"key":"Energy Potion"},{"floor":11.0,"key":"Explosive Potion"},{"floor":16.0,"key":"DistilledChaos"},{"floor":19.0,"key":"SteroidPotion"},{"floor":29.0,"key":"Weak Potion"},{"floor":33.0,"key":"Poison Potion"}],"is_trial":false,"path_per_floor":["M","M","?","M","M","E","R","E","T","$","M","E","M","M","R","B",null,"M","M","?","?","?","E","R","$","T","E","M","E","R","?","R","B",null],"character_chosen":"THE_SILENT","items_purchased":["Footwork","Apotheosis","Fruit Juice","GamblersBrew"],"campfire_rested":3,"item_purchase_floors":[10,10,25,25],"current_hp_per_floor":[57,57,57,57,56,49,49,50,50,50,49,36,36,36,36,32,63,60,58,58,58,58,37,58,63,63,15,15,15,38,38,61,3,59,59],"gold":179,"neow_bonus":"HUNDRED_GOLD","is_daily":false,"chose_seed":false,"campfire_upgraded":2,"win_rate":0.0,"timestamp":1610111033,"path_taken":["M","M","?","M","?","E","R","E","T","$","?","E","M","M","R","BOSS","M","M","?","?","?","E","R","?","T","E","M","E","R","?","R","BOSS"],"items_purchased_type":["Card","Card","Potion","Potion"],"build_version":"2020-12-18","purchased_purges":2,"victory":false,"max_hp_per_floor":[66,66,66,66,66,66,66,73,73,73,73,73,73,73,73,73,73,73,73,73,73,73,73,73,78,78,78,78,78,78,78,78,78,78,78],"card_choices":[{"not_picked":["Cloak And Dagger","Bane"],"picked":"Slice","floor":1.0},{"not_picked":["Escape Plan","Prepared"],"picked":"Dagger Spray","floor":2.0},{"not_picked":["Acrobatics","Deflect"],"picked":"Riddle With Holes","floor":4.0},{"not_picked":["Deadly Poison","Dodge and Roll"],"picked":"Backflip","floor":5.0},{"not_picked":["Caltrops","PiercingWail"],"picked":"Terror","floor":6.0},{"not_picked":["Expertise","Prepared"],"picked":"Dagger Throw","floor":8.0},{"not_picked":["Bullet Time","Cloak And Dagger"],"picked":"Blade Dance","floor":11.0},{"not_picked":["Masterful Stab","Quick Slash","Flying Knee"],"picked":"SKIP","floor":12.0},{"not_picked":["Blade Dance","Acrobatics"],"picked":"Backstab","floor":13.0},{"not_picked":["Blade Dance","Calculated Gamble","Deflect"],"picked":"SKIP","floor":14.0},{"not_picked":["Night Terror","After Image"],"picked":"Corpse Explosion","floor":16.0},{"not_picked":["Dagger Throw","Slice","Deadly Poison"],"picked":"SKIP","floor":18.0},{"not_picked":["Acrobatics","Flying Knee+1","Outmaneuver"],"picked":"SKIP","floor":19.0},{"not_picked":["Footwork","Dagger Throw"],"picked":"Well Laid Plans","floor":20.0},{"not_picked":["Crippling Poison","Dodge and Roll"],"picked":"Accuracy","floor":23.0},{"not_picked":["Finisher","Deadly Poison","Slice","Outmaneuver"],"picked":"SKIP","floor":27.0},{"not_picked":["Concentrate","Infinite Blades","Setup"],"picked":"Blur","floor":28.0},{"not_picked":["Concentrate","Deflect","Bane+1"],"picked":"Noxious Fumes","floor":29.0},{"not_picked":["Malaise","A Thousand Cuts","Glass Knife"],"picked":"Adrenaline","floor":33.0}],"player_experience":1075849,"relics_obtained":[{"floor":6.0,"key":"Smiling Mask"},{"floor":8.0,"key":"Strawberry"},{"floor":9.0,"key":"Nunchaku"},{"floor":12.0,"key":"War Paint"},{"floor":20.0,"key":"Red Mask"},{"floor":23.0,"key":"FossilizedHelix"},{"floor":26.0,"key":"Question Card"},{"floor":27.0,"key":"Tiny Chest"},{"floor":29.0,"key":"Darkstone Periapt"}],"event_choices":[{"damage_healed":0.0,"max_hp_gain":0.0,"max_hp_loss":0.0,"gold_gain":0.0,"event_name":"WeMeetAgain","player_choice":"Gave Potion","floor":3.0,"gold_loss":0.0,"damage_taken":0.0,"relics_obtained":["Boot"]},{"damage_healed":0.0,"max_hp_gain":0.0,"max_hp_loss":0.0,"gold_gain":0.0,"event_name":"Masked Bandits","player_choice":"Fought Bandits","floor":20.0,"gold_loss":0.0,"damage_taken":0.0},{"damage_healed":0.0,"max_hp_gain":0.0,"max_hp_loss":0.0,"gold_gain":0.0,"event_name":"Ghosts","player_choice":"Ignored","floor":21.0,"gold_loss":0.0,"damage_taken":0.0},{"damage_healed":0.0,"max_hp_gain":0.0,"max_hp_loss":0.0,"gold_gain":0.0,"event_name":"The Mausoleum","player_choice":"Opened","floor":22.0,"gold_loss":0.0,"damage_taken":0.0,"relics_obtained":["Bag of Marbles"],"cards_obtained":["Writhe"]},{"damage_healed":0.0,"max_hp_gain":0.0,"max_hp_loss":0.0,"gold_gain":0.0,"event_name":"betterThird:BetterNest","player_choice":"Madness","floor":31.0,"gold_loss":0.0,"damage_taken":0.0,"relics_obtained":["betterThird:NestCultRelic"]}],"is_beta":true,"boss_relics":[{"not_picked":["Runic Dome","Velvet Choker"],"picked":"Fusion Hammer"},{"not_picked":["Black Star","Calling Bell"],"picked":"Pandora\u0027s Box"}],"items_purged_floors":[10,25],"is_endless":false,"potions_floor_spawned":[2,4,11,16,19,29,33],"ascension_level":20}}