{"host":"63rwe7p34ct1i0qu","time":1610122981,"event":{"mods":["BaseMod","Colored Map","DeckTracker","Minty Spire (QoL Compilation)","Permanent Neow","Quick Restart","StSLib"],"gold_per_floor":[117,135,210,230,241,241,272,288,369,384,400,400,413,429,429,429,429],"floor_reached":16,"playtime":501,"items_purged":[],"score":173,"play_id":"0478c793-f985-494c-ad8b-5c9ceb2f0513","local_time":"20210109012301","is_ascension_mode":true,"campfire_choices":[{"data":"Blade Dance","floor":6,"key":"SMITH"},{"floor":12,"key":"REST"},{"data":"Catalyst","floor":15,"key":"SMITH"}],"circlet_count":0,"master_deck":["AscendersBane","Strike_G","Strike_G","Strike_G","Strike_G","Strike_G","Defend_G","Defend_G","Defend_G","Defend_G","Defend_G","Survivor","Neutralize","Poisoned Stab","Footwork","Blade Dance+1","Leg Sweep","Night Terror","Dagger Spray","Catalyst+1"],"relics":["Philosopher\u0027s Stone","Art of War","Mercury Hourglass"],"acts_visited":[],"potions_floor_usage":[5,7,11,16],"damage_taken":[{"damage":2,"enemies":"Jaw Worm","floor":1,"turns":4},{"damage":3,"enemies":"Small Slimes","floor":2,"turns":3},{"damage":3,"enemies":"2 Louse","floor":4,"turns":3},{"damage":0,"enemies":"2 Fungi Beasts","floor":5,"turns":2},{"damage":22,"enemies":"Gremlin Nob","floor":7,"turns":4},{"damage":5,"enemies":"Exordium Thugs","floor":8,"turns":4},{"damage":5,"enemies":"Red Slaver","floor":10,"turns":3},{"damage":2,"enemies":"Gremlin Gang","floor":11,"turns":4},{"damage":2,"enemies":"Lots of Slimes","floor":13,"turns":2},{"damage":0,"enemies":"Looter","floor":14,"turns":3},{"damage":29,"enemies":"The Guardian","floor":16,"turns":9}],"seed_played":"5187319981625362472","potions_obtained":[{"floor":4,"key":"Explosive Potion"},{"floor":5,"key":"CultistPotion"},{"floor":8,"key":"SneckoOil"},{"floor":11,"key":"SneckoOil"}],"is_trial":false,"path_per_floor":["M","M","?","M","M","R","E","M","T","M","M","R","M","M","R","B"],"character_chosen":"THE_SILENT","items_purchased":[],"campfire_rested":1,"item_purchase_floors":[],"current_hp_per_floor":[61,58,47,44,44,44,22,17,17,12,10,31,29,29,29,0,0],"gold":429,"neow_bonus":"BOSS_RELIC","is_daily":false,"chose_seed":false,"campfire_upgraded":2,"win_rate":0.0,"timestamp":1610122981,"path_taken":["M","M","?","M","M","R","E","M","T","M","M","R","M","M","R","BOSS"],"items_purchased_type":[],"build_version":"2020-12-22","purchased_purges":0,"victory":false,"max_hp_per_floor":[70,70,70,70,70,70,70,70,70,70,70,70,70,70,70,70,70],"card_choices":[{"not_picked":["Quick Slash","Calculated Gamble"],"picked":"Poisoned Stab","floor":1},{"not_picked":["Heel Hook","PiercingWail","Dodge and Roll"],"picked":"SKIP","floor":2},{"not_picked":["Poisoned Stab","Slice"],"picked":"Footwork","floor":4},{"not_picked":["Bane","Prepared"],"picked":"Blade Dance","floor":5},{"not_picked":["Deflect","Dagger Throw"],"picked":"Leg Sweep","floor":7},{"not_picked":["Underhanded Strike","Cloak And Dagger"],"picked":"Night Terror","floor":8},{"not_picked":["Outmaneuver","Quick Slash","Dodge and Roll"],"picked":"SKIP","floor":10},{"not_picked":["Poisoned Stab","Deadly Poison"],"picked":"Dagger Spray","floor":11},{"not_picked":["Heel Hook","Cloak And Dagger","Sucker Punch"],"picked":"SKIP","floor":13},{"not_picked":["Footwork","Deflect"],"picked":"Catalyst","floor":14}],"player_experience":834198,"relics_obtained":[{"floor":7,"key":"Art of War"},{"floor":9,"key":"Mercury Hourglass"}],"event_choices":[{"damage_healed":0,"gold_gain":75,"player_choice":"Gather Gold","damage_taken":11,"max_hp_gain":0,"max_hp_loss":0,"event_name":"World of Goop","floor":3,"gold_loss":0}],"is_beta":false,"boss_relics":[],"items_purged_floors":[],"is_endless":false,"potions_floor_spawned":[4,5,8,11],"killed_by":"The Guardian","ascension_level":12}}