{"host":"p7j7o00jacnw7qzt","time":1610113783,"event":{"mods":["BaseMod","Colored Map","Colored Powertips","DeckTracker","Highlight Path","Minty Spire (QoL Compilation)","Relic Stats"],"gold_per_floor":[14,30,43,43,43,69,69,79,104,154,185,196,196,224,224,224,224],"floor_reached":16,"playtime":560,"items_purged":[],"score":240,"play_id":"30acc8f9-aaed-4db8-8769-a6913932cf4c","local_time":"20210108084943","is_ascension_mode":true,"campfire_choices":[{"data":"Apotheosis","floor":7.0,"key":"SMITH"},{"floor":13.0,"key":"RECALL"},{"data":"Whirlwind","floor":15.0,"key":"SMITH"}],"circlet_count":0,"master_deck":["AscendersBane","Strike_R","Strike_R","Strike_R","Strike_R","Strike_R","Defend_R","Defend_R","Defend_R","Defend_R","Bash","Apotheosis+1","Body Slam","Whirlwind+1","Seeing Red","True Grit","Limit Break"],"relics":["Burning Blood","Lantern","Art of War","Regal Pillow","Akabeko"],"acts_visited":["Exordium"],"potions_floor_usage":[16,16],"damage_taken":[{"damage":2.0,"enemies":"Jaw Worm","floor":1.0,"turns":5.0},{"damage":2.0,"enemies":"2 Louse","floor":2.0,"turns":4.0},{"damage":6.0,"enemies":"Cultist","floor":3.0,"turns":3.0},{"damage":38.0,"enemies":"Lagavulin","floor":6.0,"turns":9.0},{"damage":6.0,"enemies":"Looter","floor":8.0,"turns":3.0},{"damage":10.0,"enemies":"3 Sentries","floor":11.0,"turns":6.0},{"damage":0.0,"enemies":"2 Fungi Beasts","floor":12.0,"turns":3.0},{"damage":7.0,"enemies":"Lagavulin","floor":14.0,"turns":5.0},{"damage":49,"enemies":"Hexaghost","floor":16,"turns":9}],"seed_played":"-5908424041343238581","potions_obtained":[{"floor":3.0,"key":"BlessingOfTheForge"},{"floor":6.0,"key":"SpeedPotion"},{"floor":12.0,"key":"Weak Potion"},{"floor":14.0,"key":"SkillPotion"}],"is_trial":false,"path_per_floor":["M","M","M","?","?","E","R","M","T","?","E","M","R","E","R","B"],"character_chosen":"IRONCLAD","items_purchased":[],"campfire_rested":0,"item_purchase_floors":[],"current_hp_per_floor":[72,75,75,80,80,48,48,48,48,48,44,50,50,49,49,0,0],"gold":224,"neow_bonus":"RANDOM_COLORLESS_2","is_daily":false,"chose_seed":false,"campfire_upgraded":2,"win_rate":0.0,"timestamp":1610113783,"path_taken":["M","M","M","?","?","E","R","M","T","?","E","?","R","E","R","BOSS"],"items_purchased_type":[],"build_version":"2020-12-22","purchased_purges":0,"victory":false,"max_hp_per_floor":[75,75,75,80,80,80,80,80,80,80,80,80,80,80,80,80,80],"relic_stats":{"Regal Pillow":0,"counters":[9,47],"Art of War":[3],"obtain_stats":[{"Lantern":6,"Regal Pillow":11,"Art of War":9,"Burning Blood":0,"Akabeko":14},{"Lantern":4,"Regal Pillow":6,"Art of War":5,"Burning Blood":0,"Akabeko":8},{"Lantern":21,"Regal Pillow":30,"Art of War":24,"Burning Blood":0,"Akabeko":38}],"Burning Blood":47},"card_choices":[{"not_picked":["Transmutation","Magnetism"],"picked":"Apotheosis","floor":0.0},{"not_picked":["Flex","Blood for Blood"],"picked":"Body Slam","floor":1.0},{"not_picked":["Iron Wave","Battle Trance"],"picked":"Whirlwind","floor":2.0},{"not_picked":["Body Slam","Clothesline","Iron Wave"],"picked":"SKIP","floor":3.0},{"not_picked":["Thunderclap","Clash"],"picked":"Seeing Red","floor":6.0},{"not_picked":["Warcry","Armaments"],"picked":"True Grit","floor":8.0},{"not_picked":["Cleave","Shrug It Off"],"picked":"Limit Break","floor":11.0},{"not_picked":["Anger","Sentinel","Hemokinesis"],"picked":"SKIP","floor":12.0},{"not_picked":["Searing Blow","Reckless Charge","Armaments"],"picked":"SKIP","floor":14.0},{"not_picked":["Searing Blow","Reckless Charge","Armaments"],"picked":"SKIP","floor":14.0}],"player_experience":1014357,"relics_obtained":[{"floor":6.0,"key":"Lantern"},{"floor":9.0,"key":"Art of War"},{"floor":11.0,"key":"Regal Pillow"},{"floor":14.0,"key":"Akabeko"}],"event_choices":[{"damage_healed":0.0,"max_hp_gain":5.0,"max_hp_loss":0.0,"gold_gain":0.0,"event_name":"Big Fish","player_choice":"Donut","floor":4.0,"gold_loss":0.0,"damage_taken":0.0},{"damage_healed":0.0,"max_hp_gain":0.0,"max_hp_loss":0.0,"gold_gain":0.0,"event_name":"The Cleric","player_choice":"Leave","floor":5.0,"gold_loss":0.0,"damage_taken":0.0},{"damage_healed":0.0,"max_hp_gain":0.0,"max_hp_loss":0.0,"gold_gain":50.0,"event_name":"Golden Shrine","player_choice":"Pray","floor":10.0,"gold_loss":0.0,"damage_taken":0.0}],"is_beta":false,"boss_relics":[],"items_purged_floors":[],"is_endless":false,"potions_floor_spawned":[3,6,8,12,14],"killed_by":"Hexaghost","ascension_level":20}}