{"host":"63rwe7p34ct1i0qu","time":1610123357,"event":{"mods":["BaseMod","Colored Map","DeckTracker","Minty Spire (QoL Compilation)","Permanent Neow","Quick Restart","StSLib"],"gold_per_floor":[111,2,62,62,77,103,25,25,25,42,70,88,88,88],"floor_reached":13,"playtime":374,"items_purged":[],"score":149,"play_id":"9c9e9f39-2184-4f51-9413-6f8f9fbce087","local_time":"20210109012917","is_ascension_mode":true,"campfire_choices":[{"data":"Crippling Poison","floor":8,"key":"SMITH"}],"circlet_count":0,"master_deck":["AscendersBane","Strike_G","Strike_G","Strike_G","Strike_G","Strike_G","Defend_G","Defend_G","Defend_G","Defend_G","Defend_G","Survivor","Neutralize","Glass Knife","Choke","Crippling Poison+1","Footwork","Acrobatics","Bouncing Flask","A Thousand Cuts","Slice","Deflect","Corpse Explosion"],"relics":["Ring of the Snake","Thread and Needle","Dream Catcher","Happy Flower"],"acts_visited":["Exordium"],"potions_floor_usage":[6,13],"damage_taken":[{"damage":0,"enemies":"2 Louse","floor":1,"turns":3},{"damage":9,"enemies":"Jaw Worm","floor":5,"turns":4},{"damage":24,"enemies":"Lagavulin","floor":6,"turns":8},{"damage":0,"enemies":"Cultist","floor":10,"turns":4},{"damage":20,"enemies":"3 Sentries","floor":11,"turns":8},{"damage":0,"enemies":"Blue Slaver","floor":12,"turns":3},{"damage":0,"enemies":"Gremlin Nob","floor":13,"turns":2}],"seed_played":"-6111665982185114128","potions_obtained":[{"floor":1,"key":"AttackPotion"},{"floor":11,"key":"BlessingOfTheForge"}],"is_trial":false,"path_per_floor":["M","$","?","?","M","E","$","R","T","M","E","M","E"],"character_chosen":"THE_SILENT","items_purchased":["Crippling Poison","Footwork","A Thousand Cuts"],"campfire_rested":0,"item_purchase_floors":[2,2,7],"current_hp_per_floor":[63,63,63,63,54,30,30,30,30,30,10,10,10,10],"gold":88,"neow_bonus":"ONE_RANDOM_RARE_CARD","is_daily":false,"chose_seed":false,"campfire_upgraded":1,"win_rate":0.0,"timestamp":1610123357,"path_taken":["M","$","?","?","M","E","?","R","T","M","E","?","E"],"items_purchased_type":["Card","Card","Card"],"build_version":"2020-12-22","purchased_purges":0,"victory":false,"max_hp_per_floor":[70,70,70,70,70,70,70,70,70,70,70,70,70,70],"card_choices":[{"not_picked":["Outmaneuver","Deadly Poison"],"picked":"Choke","floor":1},{"not_picked":["Reflex","Choke"],"picked":"Acrobatics","floor":5},{"not_picked":["Acrobatics","PiercingWail"],"picked":"Bouncing Flask","floor":6},{"not_picked":["Outmaneuver","Flying Knee"],"picked":"Slice","floor":10},{"not_picked":["Flying Knee","Setup"],"picked":"Deflect","floor":11},{"not_picked":["PiercingWail","Reflex"],"picked":"Corpse Explosion","floor":12}],"player_experience":834198,"relics_obtained":[{"floor":6,"key":"Thread and Needle"},{"floor":9,"key":"Dream Catcher"},{"floor":11,"key":"Happy Flower"}],"event_choices":[{"damage_healed":0,"gold_gain":60,"player_choice":"Gained Gold","damage_taken":0,"max_hp_gain":0,"max_hp_loss":0,"event_name":"Golden Wing","floor":3,"gold_loss":0},{"damage_healed":0,"gold_gain":0,"player_choice":"Ignored","damage_taken":0,"max_hp_gain":0,"max_hp_loss":0,"event_name":"Liars Game","floor":4,"gold_loss":0}],"is_beta":false,"boss_relics":[],"items_purged_floors":[],"is_endless":false,"potions_floor_spawned":[1,11],"killed_by":"Gremlin Nob","ascension_level":12}}