{"host":"jr9f8lmgw9kaplsw","time":1610076656,"event":{"mods":["AchievementEnabler","BaseMod","BetterRewards","Colored Map","Hubris","Minty Spire (QoL Compilation)","Replay The Spire","Shop Mod","StSLib","The Cursed"],"gold_per_floor":[144,189,234,279,279,279,324,324,349,349,439,484,529,529,704,1004,1004,1049,1049,1094,1139,784,784,874,874,899,989,772,772,772,817,817,1117,1117,1162,1162,1312,1357,1498,1588,1633,1633,1633,1678,1310,1310,820,910,910,910],"floor_reached":51,"playtime":4002,"items_purged":[],"score":795,"play_id":"2822e06e-19e3-4e55-a420-0c897332a40a","local_time":"20210107223056","daily_mods":["Draft","ControlledChaos","Midas"],"is_ascension_mode":false,"campfire_choices":[{"floor":6.0,"key":"REST"},{"floor":23.0,"key":"REST"},{"floor":25.0,"key":"REST"},{"floor":32.0,"key":"REST"},{"floor":46,"key":"REST"},{"floor":49,"key":"REST"}],"circlet_count":0,"master_deck":["Masterful Stab","Terror","Dagger Throw","Cloak And Dagger","Terror","Skewer","Quick Slash","Fluid Movement","Expertise","Flying Knee","PiercingWail+1","Deflect","PiercingWail+1","PiercingWail","Flying Knee","Slice","Slice","A Thousand Cuts","Sucker Punch","Bane+1","Infinite Blades+1","Footwork+1","Blur+1","Footwork","Toxin Wave+1","After Image","ReplayTheSpireMod:Faulty Equipment","ReplayTheSpireMod:IOU","ReplayTheSpireMod:Splinters","Distraction","Mind Blast","Cloak And Dagger+1","Deflect","Leg Sweep","Parasite","PiercingWail+1","Discovery","hubris:DuctTapeCard","Caltrops","Noxious Fumes","ReplayTheSpireMod:Brewmster","Noxious Fumes","Specialist","Cloak And Dagger","PiercingWail","Caltrops+1"],"relics":["Ring of the Snake","Frozen Eye","hubris:DuctTape","Lantern","hubris:Towel","FossilizedHelix","ReplayTheSpireMod:TigerMarble","Strange Spoon","War Paint","Shuriken","hubris:ToyBattleship","Happy Flower","Medical Kit","Eternal Feather","Replay:Ancient Bell","Juzu Bracelet","Kunai","hubris:Spice","hubris:CuriousFeather","Pear","Strawberry","MerchantsRug","Turnip"],"acts_visited":["Exordium","TheCity","TheBeyond"],"potions_floor_usage":[50,50,50,50,50,50],"damage_taken":[{"damage":0.0,"enemies":"2 Louse","floor":1.0,"turns":3.0},{"damage":0.0,"enemies":"Small Slimes","floor":2.0,"turns":3.0},{"damage":5.0,"enemies":"Jaw Worm","floor":3.0,"turns":2.0},{"damage":14.0,"enemies":"Gremlin Gang","floor":4.0,"turns":5.0},{"damage":0.0,"enemies":"2 Fungi Beasts","floor":7.0,"turns":3.0},{"damage":0.0,"enemies":"Replay:BlueRogue","floor":11.0,"turns":3.0},{"damage":0.0,"enemies":"3 Louse","floor":12.0,"turns":2.0},{"damage":0.0,"enemies":"Blue Slaver","floor":13.0,"turns":1.0},{"damage":12.0,"enemies":"The Guardian","floor":16.0,"turns":8.0},{"damage":0.0,"enemies":"Chosen","floor":18.0,"turns":3.0},{"damage":2.0,"enemies":"Shell Parasite","floor":20.0,"turns":5.0},{"damage":42.0,"enemies":"Sentry and Sphere","floor":21.0,"turns":6.0},{"damage":0.0,"enemies":"Slavers","floor":24.0,"turns":5.0},{"damage":26.0,"enemies":"Gremlin Leader","floor":27.0,"turns":7.0},{"damage":0.0,"enemies":"Shelled Parasite and Fungi","floor":31.0,"turns":7.0},{"damage":8.0,"enemies":"Champ","floor":33.0,"turns":14.0},{"damage":0.0,"enemies":"3 Shapes","floor":35.0,"turns":8.0},{"damage":0.0,"enemies":"Mind Bloom Boss Battle","floor":37.0,"turns":11.0},{"damage":3.0,"enemies":"3 Darklings","floor":38.0,"turns":8.0},{"damage":26.0,"enemies":"2 Orb Walkers","floor":39.0,"turns":5.0},{"damage":4.0,"enemies":"Giant Head","floor":40.0,"turns":6.0},{"damage":0.0,"enemies":"Writhing Mass","floor":41.0,"turns":4.0},{"damage":14,"enemies":"4 Shapes","floor":44,"turns":5},{"damage":0,"enemies":"Reptomancer","floor":48,"turns":5},{"damage":36,"enemies":"Replay:Hell Engine","floor":50,"turns":7}],"seed_played":"-6062085814737979882","potions_obtained":[{"floor":1.0,"key":"PowerPotion"},{"floor":2.0,"key":"Regen Potion"},{"floor":16.0,"key":"Regen Potion"},{"floor":18.0,"key":"DuplicationPotion"},{"floor":27.0,"key":"Ancient Potion"}],"is_trial":false,"path_per_floor":["M","M","M","M","?","R","M","?","T","?","E","M","M","$","R_BF","B",null,"M","?","M","M","$","R","E","R","T","E","$","T","?","M","R","B",null,"M","?","?","M","?","E","M","?","T","M","$","R","$","E","R","B",null],"character_chosen":"THE_SILENT","items_purchased":["ReplayTheSpireMod:TigerMarble","Infinite Blades+1","Strange Spoon","War Paint","Medical Kit","Footwork","Strawberry","Noxious Fumes","MerchantsRug","ReplayTheSpireMod:Brewmster","Noxious Fumes","Specialist","EntropicBrew","Cloak And Dagger","PiercingWail"],"campfire_rested":6,"item_purchase_floors":[14,22,22,22,28,28,45,45,45,47,47,47,47,47,47],"current_hp_per_floor":[70,70,65,51,54,73,73,70,70,70,70,70,70,60,60,48,73,73,73,71,29,29,50,50,71,71,45,45,45,42,42,73,65,81,81,81,81,78,60,56,56,56,66,52,59,98,98,98,98,62],"gold":910,"neow_bonus":"","is_daily":true,"chose_seed":false,"campfire_upgraded":0,"win_rate":0.0,"timestamp":1610076656,"path_taken":["M","M","M","M","?","R","M","?","T","?","E","M","M","?","R_BF","BOSS","M","?","M","M","$","R","E","R","T","E","$","?","?","?","R","BOSS","M","?","?","M","?","E","M","?","T","M","$","R","$","E","R","BOSS"],"items_purchased_type":["Relic","Card","Relic","Relic","Relic","Card","Relic","Card","Relic","Card","Card","Card","Potion","Card","Card"],"build_version":"2020-12-22","purchased_purges":0,"victory":true,"max_hp_per_floor":[70,70,70,70,73,73,73,73,73,73,73,73,73,73,73,73,73,73,73,73,73,73,73,73,73,73,73,73,73,73,73,73,73,81,81,81,81,81,89,81,81,81,91,91,98,98,98,98,98,98],"card_choices":[{"not_picked":["ReplayTheSpireMod:Tripwire","Dagger Throw"],"picked":"Masterful Stab","floor":0.0},{"not_picked":["Dagger Throw","Prepared"],"picked":"Terror","floor":0.0},{"not_picked":["Dodge and Roll","Bane"],"picked":"Dagger Throw","floor":0.0},{"not_picked":["Deflect","Slice"],"picked":"Cloak And Dagger","floor":0.0},{"not_picked":["Backflip","Prepared"],"picked":"Terror","floor":0.0},{"not_picked":["Prepared","Bane"],"picked":"Skewer","floor":0.0},{"not_picked":["Catalyst","Acrobatics"],"picked":"Quick Slash","floor":0.0},{"not_picked":["Flying Knee","Blur"],"picked":"Fluid Movement","floor":0.0},{"not_picked":["hubris:SlightOfHand","hubris:TrickCloak"],"picked":"Expertise","floor":0.0},{"not_picked":["ReplayTheSpireMod:Shiv Toss","Terror"],"picked":"Flying Knee","floor":0.0},{"not_picked":["Slice","Catalyst"],"picked":"Footwork","floor":0.0},{"not_picked":["Finisher","Skewer"],"picked":"PiercingWail","floor":0.0},{"not_picked":["Concentrate","Blade Dance"],"picked":"Deflect","floor":0.0},{"not_picked":["ReplayTheSpireMod:Scrap Shanks","Poisoned Stab"],"picked":"Deflect","floor":0.0},{"not_picked":["Bane","Flechettes"],"picked":"PiercingWail","floor":0.0},{"not_picked":["Prepared","ReplayTheSpireMod:Shiv Toss","Poisoned Stab"],"picked":"SKIP","floor":1.0},{"not_picked":["Dodge and Roll","Bane","Quick Slash"],"picked":"SKIP","floor":2.0},{"not_picked":["Outmaneuver","Flying Knee"],"picked":"PiercingWail","floor":3.0},{"not_picked":["Underhanded Strike","Outmaneuver"],"picked":"Flying Knee","floor":4.0},{"not_picked":["Sneak Up","Backflip"],"picked":"Slice","floor":7.0},{"not_picked":["Outmaneuver","Tactician","Bane"],"picked":"SKIP","floor":11.0},{"not_picked":["ReplayTheSpireMod:The Works","Deadly Poison"],"picked":"Slice","floor":12.0},{"not_picked":["Dodge and Roll","Flying Knee","Bane"],"picked":"SKIP","floor":13.0},{"not_picked":["ReplayTheSpireMod:From All Sides","Unload"],"picked":"A Thousand Cuts","floor":16.0},{"not_picked":["Outmaneuver","Bane"],"picked":"Sucker Punch","floor":18.0},{"not_picked":["Skewer","Blade Dance"],"picked":"Bane+1","floor":20.0},{"not_picked":["Sucker Punch","Skewer","Blade Dance"],"picked":"SKIP","floor":21.0},{"not_picked":["Calculated Gamble","Escape Plan"],"picked":"Footwork+1","floor":24.0},{"not_picked":["Infinite Blades","Eviscerate"],"picked":"Blur+1","floor":27.0},{"not_picked":["Acrobatics","Blade Dance+1"],"picked":"Toxin Wave+1","floor":31.0},{"not_picked":["Grand Finale","Tools of the Trade"],"picked":"After Image","floor":33.0},{"not_picked":["Overencumbered","Normality"],"picked":"ReplayTheSpireMod:Faulty Equipment","floor":34.0},{"not_picked":["ReplayTheSpireMod:Restless Dread","Normality"],"picked":"ReplayTheSpireMod:IOU","floor":34.0},{"not_picked":["Languid","hubris:Gluttony"],"picked":"ReplayTheSpireMod:Splinters","floor":34.0},{"not_picked":["Slice","Poisoned Stab+1"],"picked":"Distraction","floor":35.0},{"not_picked":["Deep Breath","ReplayTheSpireMod:Uncanny Aura"],"picked":"Mind Blast","floor":36.0},{"not_picked":["Hidden Blade+1","Underhanded Strike"],"picked":"Cloak And Dagger+1","floor":38.0},{"not_picked":["Draining Mist","Bouncing Flask+1"],"picked":"Deflect","floor":39.0},{"not_picked":["Backflip","Blade Dance"],"picked":"Leg Sweep","floor":40.0},{"not_picked":["Quick Slash+1","Riddle With Holes+1"],"picked":"PiercingWail+1","floor":41.0},{"not_picked":["Slice+1","Dagger Throw+1"],"picked":"Caltrops","floor":44},{"not_picked":["hubris:SpiceAddiction","Sucker Punch"],"picked":"Caltrops+1","floor":48}],"player_experience":2795574,"relics_obtained":[{"floor":9.0,"key":"Lantern"},{"floor":11.0,"key":"FossilizedHelix"},{"floor":24.0,"key":"Shuriken"},{"floor":26.0,"key":"hubris:ToyBattleship"},{"floor":27.0,"key":"Happy Flower"},{"floor":29.0,"key":"Eternal Feather"},{"floor":37.0,"key":"hubris:CuriousFeather"},{"floor":39.0,"key":"hubris:Spice"},{"floor":40.0,"key":"hubris:Spice"},{"floor":43.0,"key":"Pear"},{"floor":48,"key":"Turnip"}],"event_choices":[{"damage_healed":0.0,"max_hp_gain":0.0,"max_hp_loss":0.0,"gold_gain":0.0,"event_name":"Scrap Ooze","player_choice":"Success","floor":8.0,"gold_loss":0.0,"damage_taken":3.0,"relics_obtained":["hubris:DuctTape"]},{"damage_healed":0.0,"max_hp_gain":0.0,"max_hp_loss":0.0,"gold_gain":175.0,"event_name":"Liars Game","player_choice":"AGREE","floor":15.0,"gold_loss":0.0,"damage_taken":0.0,"cards_obtained":["Doubt"]},{"cards_removed":["Doubt"],"damage_healed":0.0,"max_hp_gain":0.0,"max_hp_loss":0.0,"gold_gain":0.0,"event_name":"Purifier","player_choice":"Purged","floor":19.0,"gold_loss":0.0,"damage_taken":0.0},{"damage_healed":0.0,"max_hp_gain":0.0,"max_hp_loss":0.0,"gold_gain":0.0,"event_name":"Designer","player_choice":"Punched","floor":30.0,"gold_loss":0.0,"damage_taken":3.0},{"damage_healed":0.0,"max_hp_gain":0.0,"max_hp_loss":0.0,"gold_gain":0.0,"event_name":"SensoryStone","player_choice":"Memory 1","floor":36.0,"gold_loss":0.0,"damage_taken":0.0},{"damage_healed":0.0,"max_hp_gain":0.0,"max_hp_loss":0.0,"gold_gain":0.0,"event_name":"MindBloom","player_choice":"Fight","floor":37.0,"gold_loss":0.0,"damage_taken":0.0},{"damage_healed":0.0,"max_hp_gain":0.0,"max_hp_loss":0.0,"gold_gain":0.0,"event_name":"Mysterious Sphere","player_choice":"Fight","floor":39.0,"gold_loss":0.0,"damage_taken":0.0},{"damage_healed":0.0,"max_hp_gain":0.0,"max_hp_loss":0.0,"gold_gain":0.0,"event_name":"Match and Keep!","player_choice":"1 cards matched","floor":42.0,"gold_loss":0.0,"damage_taken":0.0,"cards_obtained":["Discovery"]}],"is_beta":false,"boss_relics":[{"not_picked":["ReplayTheSpireMod:DimensionalGlitch","Ectoplasm","hubris:CrackedHourglass"]},{"not_picked":["Ring of Chaos","Snecko Scales"],"picked":"Replay:Ancient Bell"},{"not_picked":["Anchor","Grinning Jar"],"picked":"Juzu Bracelet"},{"not_picked":["Golden Egg","Blue Candle"],"picked":"Kunai"},{"not_picked":["Shovel","Old Coin"],"picked":"hubris:Spice"}],"items_purged_floors":[],"is_endless":false,"potions_floor_spawned":[1,2,16,18,27,38,39,40,41,48],"ascension_level":0}}