{"host":"2brg86hfzr3u5cix","time":1610123261,"event":{"mods":["AchievementEnabler","Ascension Unlocker","BaseMod","CapriCore","DeckTracker","Highlight Path","Keyboard Shortcuts","Minty Spire (QoL Compilation)","Permanent Neow","Relic Stats","StSLib","The Cursed","Twitch Utils","Uncapped","UnlockEverythingMod"],"gold_per_floor":[114,133,58,78,25,25,54,54,54,84,84,98,121,121,121,212,212,228,153,0,13,13,13,13,13,13,13,13,13,13,34,34,34,34],"floor_reached":33,"playtime":762,"items_purged":["Strike_P"],"score":602,"play_id":"2b11217b-2379-49d3-9874-259ca876e8c4","local_time":"20210109012741","is_ascension_mode":true,"campfire_choices":[{"data":"Eruption","floor":6.0,"key":"SMITH"},{"data":"Tantrum","floor":8.0,"key":"SMITH"},{"data":"Scrawl","floor":15.0,"key":"SMITH"},{"floor":23.0,"key":"REST"},{"data":"Study","floor":25.0,"key":"SMITH"},{"data":"Ragnarok","floor":29.0,"key":"SMITH"},{"floor":32.0,"key":"RECALL"}],"circlet_count":0,"master_deck":["AscendersBane","Strike_P","Strike_P+1","Defend_P","Defend_P","Defend_P","Eruption+1","Vigilance","EmptyFist","Tantrum+1","CutThroughFate+1","EmptyBody","JustLucky","Scrawl+1","FollowUp","Fasting2","Ragnarok+1","Study+1","LessonLearned","Adaptation+1"],"relics":["PureWater","Akabeko","Shovel","Bird Faced Urn","Turnip","Golden Idol","Velvet Choker","MutagenicStrength"],"acts_visited":["Exordium","TheCity"],"potions_floor_usage":[],"damage_taken":[{"damage":1.0,"enemies":"Cultist","floor":1.0,"turns":4.0},{"damage":0.0,"enemies":"2 Louse","floor":2.0,"turns":1.0},{"damage":0.0,"enemies":"Small Slimes","floor":4.0,"turns":2.0},{"damage":16.0,"enemies":"Gremlin Nob","floor":7.0,"turns":3.0},{"damage":18.0,"enemies":"Lagavulin","floor":10.0,"turns":3.0},{"damage":1.0,"enemies":"Blue Slaver","floor":12.0,"turns":3.0},{"damage":0.0,"enemies":"Large Slime","floor":13.0,"turns":2.0},{"damage":0.0,"enemies":"Slime Boss","floor":16.0,"turns":4.0},{"damage":21.0,"enemies":"Shell Parasite","floor":18.0,"turns":2.0},{"damage":17.0,"enemies":"2 Thieves","floor":21.0,"turns":2.0},{"damage":0.0,"enemies":"Cultist and Chosen","floor":31.0,"turns":2.0},{"damage":80,"enemies":"Automaton","floor":33,"turns":6}],"seed_played":"6786129525380622887","potions_obtained":[{"floor":4.0,"key":"BlessingOfTheForge"},{"floor":7.0,"key":"Dexterity Potion"},{"floor":10.0,"key":"BlessingOfTheForge"},{"floor":13.0,"key":"CultistPotion"},{"floor":21.0,"key":"Dexterity Potion"}],"is_trial":false,"path_per_floor":["M","M","$","M","$","R","E","R","T","E","?","M","M","?","R","B",null,"M","?","$","M","?","R","?","R","T","?","$","R","?","M","R","B"],"character_chosen":"WATCHER","items_purchased":["EmptyBody","LessonLearned"],"campfire_rested":1,"item_purchase_floors":[5,20],"current_hp_per_floor":[60,60,60,60,60,60,44,44,44,26,26,25,25,25,25,27,53,34,34,34,17,17,35,35,35,35,47,47,47,47,49,49,0,0],"gold":34,"neow_bonus":"RANDOM_COMMON_RELIC","is_daily":false,"chose_seed":false,"campfire_upgraded":5,"win_rate":0.0,"timestamp":1610123261,"path_taken":["M","M","?","M","?","R","E","R","T","E","?","M","M","?","R","BOSS","M","?","$","M","?","R","?","R","T","?","$","R","?","M","R","BOSS"],"items_purchased_type":["Card","Card"],"build_version":"2020-12-22","purchased_purges":1,"victory":false,"max_hp_per_floor":[68,68,68,68,68,68,68,68,68,68,62,62,62,62,62,62,62,62,62,62,62,62,62,62,62,62,62,62,62,62,62,62,62,62],"relic_stats":{"Shovel":0,"counters":[12,34],"Golden Idol":36,"Bird Faced Urn":[12],"Turnip":[2],"obtain_stats":[{"Shovel":7,"Golden Idol":11,"Bird Faced Urn":9,"MutagenicStrength":24,"Velvet Choker":17,"Turnip":10,"PureWater":0,"Akabeko":0},{"Shovel":4,"Golden Idol":5,"Bird Faced Urn":4,"MutagenicStrength":10,"Velvet Choker":8,"Turnip":5,"PureWater":0,"Akabeko":0},{"Shovel":10,"Golden Idol":13,"Bird Faced Urn":10,"MutagenicStrength":26,"Velvet Choker":22,"Turnip":13,"PureWater":0,"Akabeko":0}]},"card_choices":[{"not_picked":["BowlingBash","ThirdEye"],"picked":"EmptyFist","floor":1.0},{"not_picked":["Meditate","Worship"],"picked":"Tantrum","floor":2.0},{"not_picked":["Prostrate","Crescendo"],"picked":"CutThroughFate","floor":4.0},{"not_picked":["Protect","SashWhip"],"picked":"JustLucky","floor":7.0},{"not_picked":["FollowUp","CrushJoints"],"picked":"Scrawl","floor":10.0},{"not_picked":["ClearTheMind","Consecrate"],"picked":"FollowUp","floor":12.0},{"not_picked":["FollowUp","PathToVictory"],"picked":"Fasting2","floor":13.0},{"not_picked":["Blasphemy","Establishment"],"picked":"Ragnarok","floor":16.0},{"not_picked":["ReachHeaven","WheelKick"],"picked":"Study","floor":18.0},{"not_picked":["BattleHymn","Worship+1"],"picked":"Adaptation+1","floor":21.0},{"not_picked":["SashWhip","PathToVictory","CutThroughFate"],"picked":"SKIP","floor":31.0}],"player_experience":332891,"relics_obtained":[{"floor":7.0,"key":"Shovel"},{"floor":9.0,"key":"Bird Faced Urn"},{"floor":10.0,"key":"Turnip"}],"event_choices":[{"damage_healed":0.0,"max_hp_gain":0.0,"max_hp_loss":6.0,"gold_gain":0.0,"event_name":"Golden Idol","player_choice":"Lose Max HP","floor":11.0,"gold_loss":0.0,"damage_taken":0.0,"relics_obtained":["Golden Idol"]},{"damage_healed":0.0,"max_hp_gain":0.0,"max_hp_loss":0.0,"gold_gain":0.0,"event_name":"Scrap Ooze","player_choice":"Fled","floor":14.0,"gold_loss":0.0,"damage_taken":0.0},{"cards_removed":["Defend_P"],"damage_healed":0.0,"max_hp_gain":0.0,"max_hp_loss":0.0,"gold_gain":0.0,"event_name":"Beggar","player_choice":"Gave Gold","floor":19.0,"gold_loss":75.0,"damage_taken":0.0},{"cards_removed":["Strike_P"],"damage_healed":0.0,"max_hp_gain":0.0,"max_hp_loss":0.0,"gold_gain":0.0,"event_name":"Back to Basics","player_choice":"Elegance","floor":22.0,"gold_loss":0.0,"damage_taken":0.0},{"damage_healed":0.0,"max_hp_gain":0.0,"max_hp_loss":0.0,"gold_gain":0.0,"event_name":"Drug Dealer","player_choice":"Inject Mutagens","floor":24.0,"gold_loss":0.0,"damage_taken":0.0,"relics_obtained":["MutagenicStrength"]},{"damage_healed":12.0,"max_hp_gain":0.0,"max_hp_loss":0.0,"gold_gain":0.0,"event_name":"The Library","player_choice":"Heal","floor":27.0,"gold_loss":0.0,"damage_taken":0.0},{"damage_healed":0.0,"max_hp_gain":0.0,"max_hp_loss":0.0,"gold_gain":0.0,"event_name":"Ghosts","player_choice":"Ignored","floor":30.0,"gold_loss":0.0,"damage_taken":0.0}],"is_beta":false,"boss_relics":[{"not_picked":["Tiny House","Snecko Eye"],"picked":"Velvet Choker"}],"items_purged_floors":[3],"is_endless":false,"potions_floor_spawned":[4,7,10,13,21],"killed_by":"Automaton","ascension_level":20}}