{"host":"x7n7968bn9ekn290","time":1610141415,"event":{"mods":["AchievementEnabler","BaseMod","Colored Map","Googly Eyes","Highlight Path","Minty Spire (QoL Compilation)","Quick Restart","Rare Cards Sparkle","Relic Stats","slay the spire mod where everything is the same but ironclad has a cowboy hat"],"gold_per_floor":[115,133,143,159,159,159,187,205,205,221,233,253,318,329,329,429,429,446,446,446,130,146,146,146],"floor_reached":23,"playtime":1366,"items_purged":[],"score":197,"play_id":"5c563314-3300-4378-9740-91d6d11b3d04","local_time":"20210108133015","is_ascension_mode":false,"campfire_choices":[{"data":"Leg Sweep","floor":6,"key":"SMITH"},{"floor":15,"key":"REST"}],"circlet_count":0,"master_deck":["Strike_G+1","Strike_G+1","Strike_G+1","Strike_G+1","Strike_G+1","Defend_G+1","Defend_G+1","Defend_G+1","Defend_G+1","Defend_G+1","Survivor","Neutralize","Dagger Spray","Quick Slash","PiercingWail","Leg Sweep+1","Backstab","Infinite Blades+1","Deflect","Burst","Venomology","All Out Attack","Escape Plan","Accuracy+1"],"relics":["Ring of the Snake","Meat on the Bone","Frozen Egg 2","Black Star","Ninja Scroll"],"acts_visited":["Exordium","TheCity"],"potions_floor_usage":[7,14,16,16,18,23],"damage_taken":[{"damage":0,"enemies":"2 Louse","floor":1,"turns":6},{"damage":0,"enemies":"Jaw Worm","floor":2,"turns":4},{"damage":0,"enemies":"Small Slimes","floor":3,"turns":4},{"damage":7,"enemies":"Exordium Wildlife","floor":4,"turns":5},{"damage":30,"enemies":"Gremlin Nob","floor":7,"turns":6},{"damage":0,"enemies":"Looter","floor":8,"turns":4},{"damage":0,"enemies":"2 Fungi Beasts","floor":10,"turns":4},{"damage":2,"enemies":"Blue Slaver","floor":11,"turns":4},{"damage":6,"enemies":"Exordium Thugs","floor":12,"turns":6},{"damage":2,"enemies":"Gremlin Gang","floor":14,"turns":5},{"damage":30,"enemies":"Slime Boss","floor":16,"turns":16},{"damage":34,"enemies":"Spheric Guardian","floor":18,"turns":13},{"damage":7,"enemies":"Chosen","floor":22,"turns":6},{"damage":63,"enemies":"Slavers","floor":23,"turns":6}],"seed_played":"7359811066857577186","potions_obtained":[{"floor":3,"key":"DistilledChaos"},{"floor":10,"key":"CunningPotion"},{"floor":11,"key":"PowerPotion"},{"floor":12,"key":"LiquidBronze"}],"is_trial":false,"path_per_floor":["M","M","M","M","?","R","E","M","T","M","M","M","?","M","R","B",null,"M","?","?","$","M","E"],"character_chosen":"THE_SILENT","items_purchased":["Ninja Scroll","Escape Plan"],"campfire_rested":1,"item_purchase_floors":[21,21],"current_hp_per_floor":[77,77,77,70,70,70,40,40,40,40,50,44,44,42,65,47,77,43,43,68,68,61,0,0],"gold":146,"neow_bonus":"TEN_PERCENT_HP_BONUS","is_daily":false,"chose_seed":false,"campfire_upgraded":1,"win_rate":0.0,"timestamp":1610141415,"path_taken":["M","M","M","M","?","R","E","M","T","M","M","M","?","M","R","BOSS","M","?","?","?","M","E"],"items_purchased_type":["Relic","Card"],"build_version":"2020-12-22","purchased_purges":0,"victory":false,"max_hp_per_floor":[77,77,77,77,77,77,77,77,77,77,77,77,77,77,77,77,77,77,77,77,77,77,77,77],"relic_stats":{"counters":[14,89],"Black Star":0,"obtain_stats":[{"Ninja Scroll":21,"Black Star":17,"Frozen Egg 2":9,"Ring of the Snake":0,"Meat on the Bone":7},{"Ninja Scroll":12,"Black Star":11,"Frozen Egg 2":6,"Ring of the Snake":0,"Meat on the Bone":5},{"Ninja Scroll":77,"Black Star":64,"Frozen Egg 2":29,"Ring of the Snake":0,"Meat on the Bone":25}],"Ring of the Snake":[28],"Meat on the Bone":24},"card_choices":[{"not_picked":["Deadly Poison","Outmaneuver"],"picked":"Dagger Spray","floor":1},{"not_picked":["Reflex","Choke"],"picked":"Quick Slash","floor":2},{"not_picked":["Prepared","Caltrops"],"picked":"PiercingWail","floor":3},{"not_picked":["Dodge and Roll","Flechettes"],"picked":"Leg Sweep","floor":4},{"not_picked":["Dagger Throw","Predator","Calculated Gamble"],"picked":"SKIP","floor":7},{"not_picked":["Flying Knee","Prepared","Acrobatics"],"picked":"SKIP","floor":8},{"not_picked":["Deflect","Poisoned Stab"],"picked":"Backstab","floor":10},{"not_picked":["Terror","Predator"],"picked":"Infinite Blades+1","floor":11},{"not_picked":["Eviscerate","Dagger Throw"],"picked":"Deflect","floor":12},{"not_picked":["Crippling Poison","Prepared"],"picked":"Burst","floor":14},{"not_picked":["Corpse Explosion","Envenom+1"],"picked":"Venomology","floor":16},{"not_picked":["Blur+1","Slice+1"],"picked":"All Out Attack","floor":18},{"not_picked":["Bane","Backflip"],"picked":"Accuracy+1","floor":22}],"player_experience":29251,"relics_obtained":[{"floor":7,"key":"Meat on the Bone"},{"floor":9,"key":"Frozen Egg 2"}],"event_choices":[{"damage_healed":0,"gold_gain":0,"player_choice":"Ignored","damage_taken":0,"max_hp_gain":0,"max_hp_loss":0,"event_name":"Golden Idol","floor":5,"gold_loss":0},{"damage_healed":0,"gold_gain":65,"player_choice":"Gained Gold","damage_taken":0,"max_hp_gain":0,"max_hp_loss":0,"event_name":"Golden Wing","floor":13,"gold_loss":0},{"damage_healed":0,"gold_gain":0,"player_choice":"Simplicity","damage_taken":0,"max_hp_gain":0,"max_hp_loss":0,"event_name":"Back to Basics","floor":19,"gold_loss":0,"cards_upgraded":["Strike_G","Strike_G","Strike_G","Strike_G","Strike_G","Defend_G","Defend_G","Defend_G","Defend_G","Defend_G"]},{"damage_healed":25,"gold_gain":0,"player_choice":"Heal","damage_taken":0,"max_hp_gain":0,"max_hp_loss":0,"event_name":"The Library","floor":20,"gold_loss":0}],"is_beta":false,"boss_relics":[{"not_picked":["Runic Dome","Snecko Eye"],"picked":"Black Star"}],"items_purged_floors":[],"is_endless":false,"potions_floor_spawned":[3,10,11,12],"killed_by":"Slavers","ascension_level":0}}