{"host":"ljavmhyz2e552xgo","time":1610114518,"event":{"mods":["BaseMod","Better Third Choice","Downfall","Friendly Minions","GungeonMod","Minty Spire (QoL Compilation)","Permanent Neow","Spicy Shops","StSLib"],"gold_per_floor":[99,99,99,119,29,47,71,82,97,131,151,1,12,73,86,182,182,182,196,216,101,101,101,101,116,127,159,9,36,48,38,49,150,150,150,166,166,166,184,198,221,250,175,189,207,218,218,19,35,35,35,67,13,13,13],"floor_reached":56,"playtime":4552,"items_purged":["Regret","Slimebound:Strike_Slimebound"],"score":1380,"play_id":"715dda94-1e00-47e0-914c-434cf91ad2f5","local_time":"20210108080149","is_ascension_mode":false,"campfire_choices":[{"data":"Slimebound:Split","floor":1.0,"key":"SMITH"},{"data":"Slimebound:LeadByExample","floor":12,"key":"SMITH"},{"data":"Slimebound:Overexert","floor":18,"key":"SMITH"},{"data":"Slimebound:Teamwork","floor":23,"key":"SMITH"},{"floor":35,"key":"RECALL"},{"data":"Slimebound:OozeBath","floor":43,"key":"SMITH"},{"data":"Slimebound:LevelUp","floor":47,"key":"SMITH"},{"data":"Slimebound:SpikyOuterGoop","floor":54,"key":"SMITH"}],"circlet_count":0,"master_deck":["Slimebound:Strike_Slimebound","Slimebound:Strike_Slimebound","Slimebound:Tackle","Slimebound:Defend_Slimebound+1","Slimebound:Defend_Slimebound","Slimebound:Defend_Slimebound+1","Slimebound:Defend_Slimebound+1","Slimebound:Split+1","Slimebound:CorrosiveSpit","Slimebound:FirmFortitude","Slimebound:LeadByExample+1","Slimebound:SplitBruiser","Slimebound:OneTwoCombo","Slimebound:Nibble","Slimebound:SplitLeeching","Slimebound:SplitBruiser","Slimebound:SlimeTap","Slimebound:Overexert+1","Slimebound:Teamwork+1","Slimebound:LeechEnergy","Slimebound:Gluttony","Slimebound:SplitLeeching+1","Slimebound:MinionMaster","Slimebound:FormOfPuddle+1","Slimebound:SplitAcid","Slimebound:MassFeed","Slimebound:SpikyOuterGoop+1","Slimebound:LeechEnergy","Slimebound:OozeBath+1","Slimebound:Replication+1","Slimebound:FormOfPuddle+1","Slimebound:LevelUp+1","Slimebound:LeechEnergy+1","Parasite","Slimebound:SamplingLick+1","Slimebound:SplitLeeching"],"relics":["Slimebound:AbsorbEndCombat","DemoMod:ClearGuonStone","downfall:HeartBlessingGreen","downfall:HeartBlessingBlue","Potion Belt","SacredBark","The Courier","PreservedInsect","DemoMod:VorpalBullet","Medical Kit","Dead Branch","Slimebound:TarBlob","DemoMod:PoisonVial","Bottled Lightning","downfall:HeartBlessingRed","Shuriken","DemoMod:Metronome","DemoMod:GreenGuonStone"],"acts_visited":["Exordium","TheCity","TheBeyond","TheEnding"],"potions_floor_usage":[25,26,33,45,55,55,55],"damage_taken":[{"damage":11.0,"enemies":"Cultist","floor":4.0,"turns":4.0},{"damage":8.0,"enemies":"downfall:FleeingMerchant","floor":5.0,"turns":4.0},{"damage":8.0,"enemies":"Small Slimes","floor":6.0,"turns":4.0},{"damage":12.0,"enemies":"Jaw Worm","floor":8.0,"turns":3.0},{"damage":21.0,"enemies":"Exordium Wildlife","floor":9.0,"turns":4.0},{"damage":18,"enemies":"Gremlin Nob","floor":10,"turns":3},{"damage":4,"enemies":"3 Louse","floor":11,"turns":2},{"damage":11,"enemies":"Red Slaver","floor":13,"turns":2},{"damage":23,"enemies":"3 Sentries","floor":14,"turns":3},{"damage":8,"enemies":"Blue Slaver","floor":15,"turns":1},{"damage":35,"enemies":"downfall:Ironclad","floor":16,"turns":5},{"damage":22,"enemies":"3 Byrds","floor":19,"turns":4},{"damage":16,"enemies":"Spheric Guardian","floor":20,"turns":3},{"damage":16,"enemies":"downfall:FleeingMerchant","floor":21,"turns":4},{"damage":12,"enemies":"Chosen and Byrds","floor":25,"turns":3},{"damage":20,"enemies":"Cultist and Chosen","floor":26,"turns":4},{"damage":31,"enemies":"Gremlin Leader","floor":27,"turns":5},{"damage":42,"enemies":"downfall:FleeingMerchant","floor":29,"turns":3},{"damage":12,"enemies":"Centurion and Healer","floor":30,"turns":4},{"damage":28,"enemies":"3 Cultists","floor":32,"turns":4},{"damage":12,"enemies":"downfall:Silent","floor":33,"turns":4},{"damage":45,"enemies":"3 Shapes","floor":36,"turns":2},{"damage":24,"enemies":"Orb Walker","floor":39,"turns":3},{"damage":3,"enemies":"Spire Growth","floor":40,"turns":2},{"damage":30,"enemies":"Giant Head","floor":42,"turns":5},{"damage":14,"enemies":"Maw","floor":44,"turns":4},{"damage":6,"enemies":"Writhing Mass","floor":45,"turns":3},{"damage":22,"enemies":"Jaw Worm Horde","floor":46,"turns":3},{"damage":25,"enemies":"Transient","floor":49,"turns":5},{"damage":30,"enemies":"downfall:Watcher","floor":50,"turns":4},{"damage":18,"enemies":"downfall:CharBossMerchant","floor":52,"turns":3},{"damage":34,"enemies":"downfall:NeowBoss","floor":55,"turns":10}],"seed_played":"4291811393028509075","potions_obtained":[{"floor":4.0,"key":"SpeedPotion"},{"floor":6.0,"key":"DistilledChaos"},{"floor":10,"key":"EssenceOfSteel"},{"floor":11,"key":"hexamod:EctoCoolerPotion"},{"floor":19,"key":"Fire Potion"},{"floor":27,"key":"PowerPotion"},{"floor":30,"key":"Strength Potion"},{"floor":39,"key":"Slimebound:SlimyTonguePotion"},{"floor":49,"key":"DemoMod:LeadSkinPotion"}],"is_trial":false,"path_per_floor":["R","?","?","M","$","M","T","M","M","E","M","R","M","?","M","B",null,"R","M","M","$","?","R","T","M","M","E","?","$","M","$","M","B",null,"R","M","?","?","M","M","T","E","R","M","M","M","R","$","M","B",null,"E","$","R","B",null],"character_chosen":"SLIMEBOUND","items_purchased":["DemoMod:VorpalBullet","Medical Kit","Slimebound:SpikyOuterGoop","Dead Branch","Shuriken","DemoMod:GreenGuonStone","Slimebound:SplitLeeching"],"campfire_rested":0,"item_purchase_floors":[29,29,29,31,48,53,53],"current_hp_per_floor":[66,66,66,64,66,66,66,66,58,56,58,68,67,64,66,59,76,76,66,66,72,72,72,72,76,72,65,86,72,86,86,80,89,89,89,85,85,85,73,72,72,89,89,87,89,85,85,85,89,87,89,89,89,89,89],"gold":13,"neow_bonus":"TEN_PERCENT_HP_BONUS","is_daily":false,"chose_seed":false,"campfire_upgraded":7,"win_rate":0.0,"timestamp":1610114509,"path_taken":["R","?","?","M","$","M","T","M","M","E","M","R","M","?","M","BOSS","R","M","M","$","?","R","T","M","M","E","?","$","?","$","M","BOSS","R","M","?","?","M","M","T","E","R","M","M","?","R","$","M","BOSS","E","$","R","BOSS"],"items_purchased_type":["Relic","Relic","Card","Relic","Relic","Relic","Card"],"build_version":"2020-12-22","purchased_purges":2,"victory":true,"max_hp_per_floor":[66,66,66,66,66,66,66,66,66,66,66,76,76,76,76,76,76,76,76,76,76,76,76,76,76,76,76,86,86,86,86,89,89,89,89,89,89,89,89,89,89,89,89,89,89,89,89,89,89,89,89,89,89,89,89],"card_choices":[{"not_picked":["Slimebound:Repurpose","Slimebound:LeechingTouch"],"picked":"Slimebound:FirmFortitude","floor":4.0},{"not_picked":["Slimebound:Schlurp","Slimebound:ViciousTackle"],"picked":"Slimebound:LeadByExample","floor":5.0},{"not_picked":["Slimebound:SplitAcid","Slimebound:SlimeBrawl"],"picked":"Slimebound:SplitBruiser","floor":6.0},{"not_picked":["Slimebound:ViciousTackle","Slimebound:RollThrough"],"picked":"Slimebound:OneTwoCombo","floor":8.0},{"not_picked":["Slimebound:GoopTackle","Slimebound:GrowthPunch"],"picked":"Slimebound:Nibble","floor":9.0},{"not_picked":["Slimebound:FinishingTackle","Slimebound:GoopTackle"],"picked":"Slimebound:SplitLeeching","floor":10},{"not_picked":["Slimebound:LeechingTouch","Slimebound:SlimeSpikes"],"picked":"Slimebound:SplitBruiser","floor":11},{"not_picked":["Slimebound:PressTheAttack","Slimebound:FinishingTackle"],"picked":"Slimebound:SlimeTap","floor":13},{"not_picked":["Slimebound:SlimeTap","Slimebound:LeechingTouch"],"picked":"Slimebound:Overexert","floor":14},{"not_picked":["Slimebound:PrepareCrush","Slimebound:OneTwoCombo"],"picked":"Slimebound:Teamwork","floor":16},{"not_picked":["Slimebound:TongueLash+1","Slimebound:Grow"],"picked":"Slimebound:LeechEnergy","floor":19},{"not_picked":["Slimebound:LivingWall","Slimebound:SamplingLick"],"picked":"Slimebound:Gluttony","floor":20},{"not_picked":["Slimebound:LeechingTouch","Slimebound:LeadByExample"],"picked":"Slimebound:SplitLeeching+1","floor":21},{"not_picked":["Slimebound:SamplingLick","Slimebound:OozeBath"],"picked":"Slimebound:FormOfPuddle+1","floor":25},{"not_picked":["Slimebound:SamplingLick","Slimebound:LeadByExample"],"picked":"Slimebound:SplitAcid","floor":27},{"not_picked":["Slimebound:PrepareCrush","Slimebound:SplitAcid"],"picked":"Slimebound:MassFeed","floor":29},{"not_picked":["Slimebound:SplitMire","Slimebound:SplitBruiser"],"picked":"Slimebound:LeechEnergy","floor":32},{"not_picked":["Slimebound:RallyTheTroops","Slimebound:CheckThePlaybook"],"picked":"Slimebound:OozeBath","floor":33},{"not_picked":["Slimebound:GoopSpray+1","Slimebound:SplitBruiser+1"],"picked":"Slimebound:Replication+1","floor":36},{"not_picked":["Slimebound:TongueLash+1","Slimebound:SlimeSpikes"],"picked":"Slimebound:FormOfPuddle+1","floor":39},{"not_picked":["Slimebound:SplitMire","Slimebound:HauntingLick","Slimebound:GoopSpray+1"],"picked":"SKIP","floor":40},{"not_picked":["Slimebound:ComboTackle","Slimebound:Overexert"],"picked":"Slimebound:LevelUp","floor":42},{"not_picked":["Slimebound:Schlurp+1","Slimebound:RollThrough"],"picked":"Slimebound:LeechEnergy+1","floor":44},{"not_picked":["Slimebound:Schlurp+1","Slimebound:RainOfGoop"],"picked":"Slimebound:SamplingLick+1","floor":49},{"not_picked":["Slimebound:SplitLeeching","Slimebound:Repurpose+1","Slimebound:Overexert"],"picked":"SKIP","floor":52}],"player_experience":1479667,"relics_obtained":[{"floor":10,"key":"DemoMod:ClearGuonStone"},{"floor":14,"key":"Potion Belt"},{"floor":24,"key":"The Courier"},{"floor":27,"key":"PreservedInsect"},{"floor":41,"key":"DemoMod:PoisonVial"},{"floor":42,"key":"Bottled Lightning"},{"floor":52,"key":"DemoMod:Metronome"}],"event_choices":[{"damage_healed":0,"gold_gain":0,"player_choice":"Read","damage_taken":0,"max_hp_gain":0,"max_hp_loss":0,"event_name":"The Library","floor":22,"gold_loss":0,"cards_obtained":["Slimebound:MinionMaster"]},{"damage_healed":0,"gold_gain":0,"player_choice":"Ignored","damage_taken":0,"max_hp_gain":0,"max_hp_loss":0,"event_name":"NoteForYourself","floor":38,"gold_loss":0}],"is_beta":false,"boss_relics":[{"not_picked":["Snecko Eye","Sozu"],"picked":"SacredBark"},{"not_picked":["Runic Pyramid","Empty Cage"],"picked":"Slimebound:TarBlob"}],"items_purged_floors":[5,21],"is_endless":false,"potions_floor_spawned":[4,6,10,11,13,19,27,30,39,40,49,52],"ascension_level":0}}