{"host":"p9t7qd83igtcp2bh","time":1610101633,"event":{"mods":["2.2 Compatiblity","AchievementEnabler","BaseMod","Colored Map","Colored Powertips","Custom Start","DeckTracker","Keyboard Shortcuts","Minty Spire (QoL Compilation)","Permanent Neow","Spicy Shops","StSLib","SuperFastMode","everything is the same but u backflip on backflip"],"gold_per_floor":[160,171,8,8,8,35,48,48,48,148,164,164,164,183,183,255,255,269,29,45,45,45,45,45,45],"floor_reached":24,"playtime":735,"items_purged":[],"score":349,"play_id":"91ae9be5-d085-425f-a766-c0f3c0a480c0","local_time":"20210108192713","is_ascension_mode":true,"campfire_choices":[{"floor":8.0,"key":"REST"},{"data":"Barrage","floor":12.0,"key":"SMITH"},{"data":"Go for the Eyes","floor":15,"key":"SMITH"},{"data":"Coolheaded","floor":23,"key":"SMITH"}],"circlet_count":0,"master_deck":["AscendersBane","Strike_B","Defend_B","Defend_B","Defend_B","Defend_B+1","Zap","Dualcast","Go for the Eyes+1","Gash","Barrage+1","Cold Snap","All For One","Coolheaded+1","Ball Lightning","Echo Form","Loop","Turbo","Static Discharge","Rainbow","Capacitor","BootSequence","Self Repair","Auto Shields","Cold Snap","Turbo"],"relics":["Tiny House","Orrery","Unceasing Top","PreservedInsect","HornCleat","Philosopher\u0027s Stone"],"acts_visited":["Exordium","TheCity"],"potions_floor_usage":[14,24],"damage_taken":[{"damage":4.0,"enemies":"Jaw Worm","floor":1.0,"turns":4.0},{"damage":0.0,"enemies":"2 Louse","floor":2.0,"turns":2.0},{"damage":11.0,"enemies":"3 Sentries","floor":6.0,"turns":7.0},{"damage":0.0,"enemies":"Cultist","floor":7.0,"turns":3.0},{"damage":16.0,"enemies":"Large Slime","floor":11.0,"turns":7.0},{"damage":12,"enemies":"Lots of Slimes","floor":14,"turns":4},{"damage":20,"enemies":"Hexaghost","floor":16,"turns":10},{"damage":10,"enemies":"Spheric Guardian","floor":18,"turns":4},{"damage":14,"enemies":"3 Byrds","floor":20,"turns":5},{"damage":61,"enemies":"Gremlin Leader","floor":24,"turns":5}],"seed_played":"7150200040327007598","potions_obtained":[{"floor":0.0,"key":"DuplicationPotion"},{"floor":2.0,"key":"Block Potion"},{"floor":14,"key":"Regen Potion"},{"floor":16,"key":"SteroidPotion"}],"is_trial":false,"path_per_floor":["M","M","$","?","?","E","M","R","T","?","M","R","?","M","R","B",null,"M","$","M","?","?","R","E"],"character_chosen":"DEFECT","items_purchased":["Orrery","BootSequence","Self Repair"],"campfire_rested":1,"item_purchase_floors":[3,19,19],"current_hp_per_floor":[65,65,65,39,39,28,28,50,50,50,34,34,76,64,64,44,68,58,58,58,36,36,36,0,0],"gold":45,"neow_bonus":"BOSS_RELIC","is_daily":false,"chose_seed":false,"campfire_upgraded":3,"win_rate":0.0,"timestamp":1610101633,"path_taken":["M","M","$","?","?","E","?","R","T","?","?","R","?","M","R","BOSS","M","$","M","?","?","R","E"],"items_purchased_type":["Relic","Card","Card"],"build_version":"2020-12-22","purchased_purges":0,"victory":false,"max_hp_per_floor":[76,76,76,76,76,76,76,76,76,76,76,76,76,76,76,76,76,76,76,76,81,81,81,81,81],"card_choices":[{"not_picked":["Blizzard","Chill"],"picked":"Go for the Eyes","floor":0.0},{"not_picked":["Reinforced Body","Consume"],"picked":"Gash","floor":1.0},{"not_picked":["Streamline","Conserve Battery"],"picked":"Barrage","floor":2.0},{"not_picked":["Gash","Barrage"],"picked":"Cold Snap","floor":3.0},{"not_picked":["Steam Power","Steam"],"picked":"All For One","floor":3.0},{"not_picked":["Fission","Compile Driver"],"picked":"Coolheaded","floor":3.0},{"not_picked":["Reboot","Blizzard"],"picked":"Ball Lightning","floor":3.0},{"not_picked":["White Noise","Hologram"],"picked":"Chill","floor":3.0},{"not_picked":["Coolheaded","Sweeping Beam"],"picked":"Echo Form","floor":6.0},{"not_picked":["Coolheaded","Ball Lightning"],"picked":"Loop","floor":7.0},{"not_picked":["Steam","Beam Cell"],"picked":"Turbo","floor":11.0},{"not_picked":["Beam Cell","Go for the Eyes"],"picked":"Static Discharge","floor":14},{"not_picked":["Multi-Cast","Seek"],"picked":"Rainbow","floor":16},{"not_picked":["Stack","Blizzard"],"picked":"Capacitor","floor":18},{"not_picked":["Conserve Battery","Sweeping Beam"],"picked":"Auto Shields","floor":20}],"player_experience":601279,"relics_obtained":[{"floor":6.0,"key":"PreservedInsect"},{"floor":9.0,"key":"HornCleat"}],"event_choices":[{"damage_healed":0.0,"max_hp_gain":0.0,"max_hp_loss":0.0,"gold_gain":0.0,"event_name":"Scrap Ooze","player_choice":"Success","floor":4.0,"gold_loss":0.0,"damage_taken":26.0,"relics_obtained":["Unceasing Top"]},{"cards_removed":["Strike_B"],"damage_healed":0.0,"max_hp_gain":0.0,"max_hp_loss":0.0,"gold_gain":0.0,"event_name":"Purifier","player_choice":"Purged","floor":5.0,"gold_loss":0.0,"damage_taken":0.0},{"damage_healed":0.0,"max_hp_gain":0.0,"max_hp_loss":0.0,"gold_gain":100.0,"event_name":"Wheel of Change","player_choice":"Gold","floor":10.0,"gold_loss":0.0,"damage_taken":0.0},{"cards_removed":["Chill"],"damage_healed":42.0,"max_hp_gain":0.0,"max_hp_loss":0.0,"gold_gain":0.0,"event_name":"Bonfire Elementals","player_choice":"Offered Uncommon","floor":13.0,"gold_loss":0.0,"damage_taken":0.0},{"damage_healed":0,"gold_gain":0,"player_choice":"Shed Blood","damage_taken":27,"max_hp_gain":5,"max_hp_loss":0,"event_name":"Forgotten Altar","floor":21,"gold_loss":0},{"damage_healed":0,"gold_gain":0,"cards_transformed":["Strike_B","Strike_B"],"player_choice":"Became Test Subject","damage_taken":0,"max_hp_gain":0,"max_hp_loss":0,"event_name":"Drug Dealer","floor":22,"gold_loss":0,"cards_obtained":["Cold Snap","Turbo"]}],"is_beta":false,"boss_relics":[{"not_picked":["Velvet Choker","Nuclear Battery"],"picked":"Philosopher\u0027s Stone"}],"items_purged_floors":[],"is_endless":false,"potions_floor_spawned":[2,14,16],"killed_by":"Gremlin Leader","ascension_level":16}}