{"host":"gkmfgzxy0jvnl2zt","time":1610099485,"event":{"mods":["AchievementEnabler","Act Like it!","Aspiration","BaseMod","Better Note","BetterRewards","Card Forge","Colored Map","Colored Powertips","Conspire","Elementarium","Energized Spire","Infinite Spire","Ironclad Rager","Mimic Mod","Minty Spire (QoL Compilation)","Permanent Neow","Replay The Spire","Shop Mod","StSLib","The Factory","The Jungle","Trackpad","vexMod"],"gold_per_floor":[12,99999,99999,98882,98895,98895,98925,99025,99025,98068,98068,98099,97285,97295,97295,97394,97394,97405,97405,97420,96696,96712,96738,96751,96785,96810,96810,96810,96822,96838,96873,96873,96973,96973,96993,96993,96501,96521,95807,95807,95807],"floor_reached":40,"playtime":3008,"items_purged":["Strike_B","Strike_B+1","Strike_B+1","Defend_B+1","Defend_B+1"],"score":653,"play_id":"dbabaf41-daf4-46de-ace3-20aab7e52198","local_time":"20210108045125","is_ascension_mode":false,"campfire_choices":[{"floor":6,"key":"RECALL"},{"floor":11,"key":"REST"},{"floor":15,"key":"DIG"}],"circlet_count":0,"master_deck":["Zap+1","Dualcast+1","Conserve Battery+1","Beam Cell+1","Chrysalis+1","Self Repair+1","ReplayRNGCard+1","Loop+1","Loop+1","Storm+1","Conserve Battery+1","Ball Lightning+1","Darkness+1","Gash+1","FTL+1","Conserve Battery+1","Creative AI+1","Double Energy+1","infinitespire:Menacing+1","ReplayTheSpireMod:Echoes of Time+1","conspire:SharedLibrary+1","Secret Technique+1","Conserve Battery+1","Tempest+1","Beam Cell+1","Thunder Strike+1","FIFO Queue+1","Beam Cell+1","White Noise+1","Echo Form+1","infinitespire:UltimateForm+1","infinitespire:Execution+1","infinitespire:Oblivion+1","Replay:Fractal Strike+1","White Noise+1","Capacitor+1","Self Repair"],"relics":["Empty Cage","trackpad:SappingStone","Spirit Poop","Vajra","Incense Burner","energizedSpire:UnstableMolecules","Replay:Purple Gloves","vexMod:Spyglass","trackpad:Compendium","PrismaticShard","Carrot","Sundial","Letter Opener","trackpad:HandOfMidas","Burning Blood","Lantern","Orrery","Sizzling Blood","TheAbacus","infinitespire:CheckeredPen","Replay:Rubber Ducky","aspiration:FrozenJewel","InkBottle","aspiration:Stellarator","Cracked Core","Simple Rune","Replay:Bottled Snecko","infinitespire:EvilPickle","Odd Mushroom","vexMod:TimeEaterHat","infinitespire:Chaos"],"acts_visited":["Exordium","TheCity","TheBeyond"],"potions_floor_usage":[7,7,7,16,16,29,30,31,33],"damage_taken":[{"damage":6,"enemies":"Jaw Worm","floor":1,"turns":3},{"damage":0,"enemies":"2 Louse","floor":2,"turns":3},{"damage":9,"enemies":"Cultist","floor":5,"turns":5},{"damage":53,"enemies":"Gremlin Nob","floor":7,"turns":5},{"damage":0,"enemies":"Lagavulin","floor":12,"turns":5},{"damage":0,"enemies":"Gremlin Gang","floor":14,"turns":3},{"damage":3,"enemies":"Fading Forest","floor":16,"turns":11},{"damage":0,"enemies":"Shell Parasite","floor":18,"turns":3},{"damage":0,"enemies":"Spheric Guardian","floor":20,"turns":3},{"damage":14,"enemies":"Snake Plant","floor":22,"turns":3},{"damage":78,"enemies":"Nightmare","floor":23,"turns":8},{"damage":6,"enemies":"Cultist and Chosen","floor":24,"turns":4},{"damage":29,"enemies":"Gremlin Leader","floor":25,"turns":5},{"damage":0,"enemies":"Snecko","floor":29,"turns":2},{"damage":0,"enemies":"3 Cultists","floor":30,"turns":4},{"damage":16,"enemies":"conspire:Head Lice","floor":31,"turns":6},{"damage":20,"enemies":"Champ","floor":33,"turns":4},{"damage":9,"enemies":"3 Shapes","floor":35,"turns":3},{"damage":0,"enemies":"Orb Walker","floor":38,"turns":4},{"damage":0,"enemies":"Spire Growth","floor":40,"turns":1}],"seed_played":"-1906164929694234761","potions_obtained":[{"floor":1,"key":"Dexterity Potion"},{"floor":5,"key":"Block Potion"},{"floor":7,"key":"Dexterity Potion"},{"floor":13,"key":"Milkshake"},{"floor":13,"key":"Energy Potion"},{"floor":13,"key":"CultistPotion"},{"floor":25,"key":"Fire Potion"},{"floor":29,"key":"LiquidMemories"},{"floor":32,"key":"DuplicationPotion"},{"floor":33,"key":"Milkshake"}],"is_trial":false,"path_per_floor":["M","M","?","$","M","R","E","?","T","$","R","E","$","M","R_BF","B",null,"M","AVR","M","$","M","NM","M","E","T","?","?","M","M","E","R_BF","B",null,"M","AVR","?","M","$","M"],"character_chosen":"DEFECT","items_purchased":["Lantern","Chrysalis","infinitespire:BlackPotion","HandDrill","Sundial","Self Repair","ReplayRNGCard","Strawberry","Chameleon Ring","Frozen Eye","Storm","Conserve Battery","Ball Lightning","FairyPotion","ColorlessPotion","trackpad:PetRock","trackpad:ToughGloves","Gash+1","FTL+1","Cauldron","BargainBundle","LiquidMemories","trackpad:BottledTsunami","Toy Ornithopter","conspire:SharedLibrary","Secret Technique","Conserve Battery","infinitespire:Lucky Rock","White Beast Statue","infinitespire:Chaos","FairyPotion","Self Repair"],"campfire_rested":1,"item_purchase_floors":[4,4,4,4,4,4,4,10,10,10,10,10,10,10,10,13,13,13,13,13,21,21,21,21,21,21,21,39,39,39,39,39],"current_hp_per_floor":[69,69,62,62,65,65,36,36,36,43,67,82,82,82,82,82,82,82,82,82,82,76,16,26,31,31,31,31,48,75,82,82,82,82,75,75,75,82,86,86,86],"gold":95807,"neow_bonus":"ONE_RARE_RELIC","is_daily":false,"chose_seed":false,"campfire_upgraded":0,"win_rate":0.0,"timestamp":1610099485,"path_taken":["M","M","?","$","M","R","E","?","T","$","R","E","$","?","R_BF","BOSS","M","AVR","M","$","M","NM","?","E","T","?","?","M","M","E","R_BF","BOSS","M","AVR","?","M","?","M"],"items_purchased_type":["Relic","Card","Potion","Relic","Relic","Card","Card","Relic","Relic","Relic","Card","Card","Card","Potion","Potion","Relic","Relic","Card","Card","Relic","Relic","Potion","Relic","Relic","Card","Card","Card","Relic","Relic","Relic","Potion","Card"],"build_version":"2020-12-22","purchased_purges":5,"victory":false,"max_hp_per_floor":[75,75,75,75,75,75,75,75,75,82,82,82,82,82,82,82,82,82,82,82,82,82,82,82,82,82,82,82,82,82,82,82,82,82,82,82,82,82,86,86,86],"card_choices":[{"not_picked":["Go for the Eyes","BasicCrystalCard"],"picked":"Conserve Battery","floor":1},{"not_picked":["Fusion","ReplayTheSpireMod:Reroute Power"],"picked":"Beam Cell","floor":2},{"not_picked":["Streamline","ReplayGash"],"picked":"Loop","floor":5},{"not_picked":["Rebound","Fusion"],"picked":"Loop","floor":7},{"not_picked":["Rebound+1","Ball Lightning+1"],"picked":"Darkness","floor":12},{"not_picked":["Leap","Doom and Gloom+1"],"picked":"Conserve Battery","floor":14},{"not_picked":["Echo Form","ReplayTheSpireMod:Omega Cannon+1"],"picked":"Creative AI","floor":16},{"not_picked":["Compile Driver+1","Darkness"],"picked":"Double Energy","floor":18},{"not_picked":["Self Repair","Compile Driver+1"],"picked":"Steam Power","floor":20},{"not_picked":["Sweeping Beam+1","Rip and Tear+1"],"picked":"Tempest","floor":22},{"not_picked":["Compile Driver+1","Hologram","BasicCrystalCard"],"picked":"SKIP","floor":23},{"not_picked":["Compile Driver+1","Hologram","BasicCrystalCard"],"picked":"SKIP","floor":23},{"not_picked":["Hologram","Rebound+1"],"picked":"Beam Cell+1","floor":24},{"not_picked":["Rebound+1","FTL+1"],"picked":"Thunder Strike+1","floor":25},{"not_picked":["Undo+1","Leap"],"picked":"FIFO Queue+1","floor":29},{"not_picked":["Conserve Battery+1","Barrage+1"],"picked":"Beam Cell+1","floor":30},{"not_picked":["Conserve Battery+1","ReplayTheSpireMod:Reroute Power"],"picked":"White Noise+1","floor":31},{"not_picked":["Biased Cognition","Reboot"],"picked":"Echo Form","floor":33},{"not_picked":["Hello World","BasicCrystalCard","Go for the Eyes+1"],"picked":"SKIP","floor":35},{"not_picked":["infinitespire:DeathsTouch","infinitespire:SealOfDarkness+"],"picked":"Replay:Fractal Strike","floor":37},{"not_picked":["Compile Driver+1","Sweeping Beam+1"],"picked":"White Noise","floor":38},{"not_picked":["Redo","Storm+1"],"picked":"Capacitor+1","floor":39}],"player_experience":21545,"relics_obtained":[{"floor":7,"key":"trackpad:FocusingLens"},{"floor":12,"key":"Molten Egg 2"},{"floor":15,"key":"trackpad:IceCube"},{"floor":23,"key":"Geode"},{"floor":25,"key":"vexMod:MemoryStick"},{"floor":26,"key":"infinitespire:Beetle Shell"},{"floor":31,"key":"infinitespire:Satchel"}],"event_choices":[{"cards_removed":["Strike_B"],"damage_healed":0,"gold_gain":0,"player_choice":"Card Removal","damage_taken":7,"max_hp_gain":0,"max_hp_loss":0,"event_name":"Golden Wing","floor":3,"gold_loss":0},{"damage_healed":0,"gold_gain":100,"player_choice":"Pray","damage_taken":0,"max_hp_gain":0,"max_hp_loss":0,"event_name":"Golden Shrine","floor":8,"gold_loss":0},{"damage_healed":0,"gold_gain":0,"player_choice":"Got Potions","damage_taken":0,"max_hp_gain":0,"max_hp_loss":0,"event_name":"Lab","floor":27,"gold_loss":0},{"cards_removed":["Self Repair"],"damage_healed":0,"gold_gain":0,"player_choice":"Give","damage_taken":0,"max_hp_gain":0,"max_hp_loss":0,"event_name":"betterNote:BetterNote","floor":28,"gold_loss":0,"cards_obtained":["None"]}],"is_beta":false,"boss_relics":[{"not_picked":["aspiration:WatcherSkillbook","Abe\u0027s Treasure"],"picked":"SacredBark"},{"not_picked":["energizedSpire:StickyHand","vexMod:BigBerry"],"picked":"Fusion Hammer"}],"items_purged_floors":[4,10,13,19,21],"is_endless":false,"potions_floor_spawned":[1,5,7,12,24,25,29,33],"killed_by":"Spire Growth","ascension_level":0}}