{"host":"okln270zkafj6dck","time":1610064662,"event":{"mods":["BaseMod","Minty Spire (QoL Compilation)","Permanent Neow","Quick Restart","Relic Stats","StSLib","SuperFastMode"],"gold_per_floor":[113,127,141,156,167,167,195,195,243,243,270,270,280,308,308,385,385,400,241,256,256,11,11,40,40,40,50,50,84,84,98,98,169,169,182,46,57,7,17,17,44,44,70,70,95,113,124,159,159,159,159],"floor_reached":52,"playtime":1815,"items_purged":["Strike_G","Strike_G"],"score":2140,"play_id":"6efda9ca-1fb2-4701-b2d5-9c6f4bf2292a","local_time":"20210107161102","is_ascension_mode":true,"campfire_choices":[{"data":"Flechettes","floor":6.0,"key":"SMITH"},{"floor":8.0,"key":"REST"},{"data":"Blade Dance","floor":10.0,"key":"SMITH"},{"data":"Neutralize","floor":12.0,"key":"SMITH"},{"floor":15.0,"key":"REST"},{"data":"Corpse Explosion","floor":23.0,"key":"SMITH"},{"floor":25.0,"key":"REST"},{"data":"Footwork","floor":28.0,"key":"SMITH"},{"data":"Night Terror","floor":32.0,"key":"SMITH"},{"data":"Finisher","floor":40.0,"key":"SMITH"},{"data":"Dodge and Roll","floor":42.0,"key":"SMITH"},{"data":"Strike_G","floor":44.0,"key":"PURGE"},{"floor":49.0,"key":"REST"}],"circlet_count":0,"master_deck":["AscendersBane","Defend_G","Defend_G","Defend_G","Defend_G","Defend_G","Survivor+1","Neutralize+1","Flechettes+1","Terror+1","Blade Dance+1","PiercingWail","Deflect","Corpse Explosion+1","Night Terror+1","PiercingWail","Infinite Blades","Footwork+1","Footwork+1","Finisher+1","Bullet Time","Dodge and Roll+1","Deadly Poison+1","Deflect","PiercingWail+1","Cloak And Dagger","Catalyst+1"],"relics":["Runic Pyramid","Peace Pipe","Art of War","Bottled Lightning","Bag of Preparation","WristBlade","MutagenicStrength","Membership Card","Nunchaku","Torii","HornCleat","Pocketwatch","Empty Cage","Shuriken","Singing Bowl","War Paint","Lizard Tail","Boot"],"acts_visited":["Exordium","TheCity","TheBeyond"],"potions_floor_usage":[51,51],"damage_taken":[{"damage":2.0,"enemies":"Cultist","floor":1.0,"turns":5.0},{"damage":2.0,"enemies":"Jaw Worm","floor":2.0,"turns":4.0},{"damage":7.0,"enemies":"Small Slimes","floor":3.0,"turns":3.0},{"damage":7.0,"enemies":"Gremlin Gang","floor":4.0,"turns":4.0},{"damage":0.0,"enemies":"Looter","floor":5.0,"turns":4.0},{"damage":15.0,"enemies":"3 Sentries","floor":7.0,"turns":9.0},{"damage":0.0,"enemies":"Lagavulin","floor":11.0,"turns":5.0},{"damage":8.0,"enemies":"Exordium Wildlife","floor":13.0,"turns":4.0},{"damage":16.0,"enemies":"Gremlin Nob","floor":14.0,"turns":4.0},{"damage":0.0,"enemies":"The Guardian","floor":16.0,"turns":10.0},{"damage":0.0,"enemies":"3 Byrds","floor":18.0,"turns":2.0},{"damage":15.0,"enemies":"Spheric Guardian","floor":20.0,"turns":5.0},{"damage":20.0,"enemies":"Slavers","floor":24.0,"turns":3.0},{"damage":0.0,"enemies":"Chosen and Byrds","floor":27.0,"turns":4.0},{"damage":19.0,"enemies":"Book of Stabbing","floor":29.0,"turns":5.0},{"damage":1.0,"enemies":"Shelled Parasite and Fungi","floor":31.0,"turns":4.0},{"damage":1.0,"enemies":"Automaton","floor":33.0,"turns":12.0},{"damage":11.0,"enemies":"3 Darklings","floor":35.0,"turns":4.0},{"damage":0.0,"enemies":"3 Shapes","floor":37.0,"turns":2.0},{"damage":0.0,"enemies":"Jaw Worm Horde","floor":39.0,"turns":3.0},{"damage":1.0,"enemies":"Nemesis","floor":41.0,"turns":11.0},{"damage":0.0,"enemies":"Mind Bloom Boss Battle","floor":45.0,"turns":7.0},{"damage":1.0,"enemies":"Writhing Mass","floor":46.0,"turns":10.0},{"damage":2.0,"enemies":"Sphere and 2 Shapes","floor":47.0,"turns":8.0},{"damage":0.0,"enemies":"Giant Head","floor":48.0,"turns":9.0},{"damage":26.0,"enemies":"Awakened One","floor":50.0,"turns":16.0},{"damage":25,"enemies":"Time Eater","floor":51,"turns":5}],"seed_played":"1026607528110386271","potions_obtained":[{"floor":1.0,"key":"Dexterity Potion"},{"floor":3.0,"key":"DistilledChaos"},{"floor":5.0,"key":"Ancient Potion"},{"floor":14.0,"key":"SmokeBomb"},{"floor":16.0,"key":"CultistPotion"},{"floor":46.0,"key":"GamblersBrew"}],"is_trial":false,"path_per_floor":["M","M","M","M","M","R","E","R","T","R","E","R","M","E","R","B",null,"M","$","M","?","$","R","E","R","T","M","R","E","?","M","R","B",null,"M","$","M","$","M","R","E","R","T","R","?","M","M","E","R","B","B",null],"character_chosen":"THE_SILENT","items_purchased":["Infinite Blades","Membership Card","Nunchaku","Shuriken"],"campfire_rested":4,"item_purchase_floors":[19,22,22,36],"current_hp_per_floor":[57,55,48,41,41,41,26,45,45,45,45,45,37,21,40,40,60,60,60,45,45,45,45,25,44,44,44,44,25,25,24,24,23,55,44,44,44,44,44,44,43,43,43,43,43,44,44,44,65,39,14],"gold":159,"neow_bonus":"BOSS_RELIC","is_daily":false,"chose_seed":false,"campfire_upgraded":8,"win_rate":0.0,"timestamp":1610064662,"path_taken":["M","M","M","M","M","R","E","R","T","R","E","R","M","E","R","BOSS","M","?","M","?","$","R","E","R","T","M","R","E","?","M","R","BOSS","M","$","M","$","?","R","E","R","T","R","?","M","M","E","R","BOSS","BOSS"],"items_purchased_type":["Card","Relic","Relic","Relic"],"build_version":"2020-12-22","purchased_purges":2,"victory":true,"max_hp_per_floor":[66,66,66,66,66,66,66,66,66,66,66,66,66,66,66,66,66,66,66,66,66,66,66,66,66,66,66,66,66,66,66,66,66,66,66,66,66,66,66,66,66,66,66,66,66,68,70,70,70,70,70],"relic_stats":{"Torii":16,"Singing Bowl":4,"counters":[27,162],"Bag of Preparation":[36],"War Paint":["Terror","Survivor"],"Boot":[0],"Peace Pipe":1,"Nunchaku":[19],"Lizard Tail":0,"Shuriken":[25],"Art of War":[49],"obtain_stats":[{"Torii":24,"Singing Bowl":41,"Bag of Preparation":14,"War Paint":43,"Empty Cage":34,"Boot":48,"Peace Pipe":7,"Nunchaku":22,"Lizard Tail":45,"HornCleat":26,"WristBlade":17,"Shuriken":36,"MutagenicStrength":21,"Art of War":9,"Bottled Lightning":11,"Membership Card":22,"Ring of the Snake":0,"Runic Pyramid":0,"Pocketwatch":29},{"Torii":13,"Singing Bowl":21,"Bag of Preparation":9,"War Paint":21,"Empty Cage":17,"Boot":25,"Peace Pipe":6,"Nunchaku":12,"Lizard Tail":22,"HornCleat":13,"WristBlade":10,"Shuriken":18,"MutagenicStrength":12,"Art of War":6,"Bottled Lightning":7,"Membership Card":12,"Ring of the Snake":0,"Runic Pyramid":0,"Pocketwatch":15},{"Torii":62,"Singing Bowl":107,"Bag of Preparation":42,"War Paint":107,"Empty Cage":87,"Boot":141,"Peace Pipe":29,"Nunchaku":59,"Lizard Tail":114,"HornCleat":62,"WristBlade":52,"Shuriken":91,"MutagenicStrength":59,"Art of War":29,"Bottled Lightning":34,"Membership Card":59,"Ring of the Snake":0,"Runic Pyramid":0,"Pocketwatch":71}],"Pocketwatch":[14]},"card_choices":[{"not_picked":["Backflip","Concentrate"],"picked":"Flechettes","floor":1.0},{"not_picked":["Quick Slash","Expertise"],"picked":"Terror","floor":2.0},{"not_picked":["Flying Knee","Prepared"],"picked":"Blade Dance","floor":3.0},{"not_picked":["Grand Finale","Poisoned Stab"],"picked":"PiercingWail","floor":4.0},{"not_picked":["Acrobatics","Reflex","Backflip"],"picked":"SKIP","floor":5.0},{"not_picked":["Tactician","Acrobatics"],"picked":"Deflect","floor":7.0},{"not_picked":["Outmaneuver","Skewer","Poisoned Stab"],"picked":"SKIP","floor":11.0},{"not_picked":["Flying Knee","Deflect","Dodge and Roll"],"picked":"SKIP","floor":13.0},{"not_picked":["Flying Knee","Dagger Spray"],"picked":"Corpse Explosion","floor":14.0},{"not_picked":["Doppelganger","Corpse Explosion"],"picked":"Night Terror","floor":16.0},{"not_picked":["Dodge and Roll","Tactician+1"],"picked":"PiercingWail","floor":18.0},{"not_picked":["Acrobatics","Dagger Spray","Bane"],"picked":"SKIP","floor":20.0},{"not_picked":["Poisoned Stab+1","Sucker Punch","Tactician"],"picked":"SKIP","floor":24.0},{"not_picked":["Deflect","Dodge and Roll"],"picked":"Footwork","floor":27.0},{"not_picked":["Poisoned Stab+1","Quick Slash","Night Terror"],"picked":"SKIP","floor":29.0},{"not_picked":["Dagger Spray","Deflect"],"picked":"Finisher","floor":31.0},{"not_picked":["Burst","Unload"],"picked":"Bullet Time","floor":33.0},{"not_picked":["Dash","Underhanded Strike"],"picked":"Dodge and Roll","floor":35.0},{"not_picked":["Poisoned Stab","Blur"],"picked":"Deadly Poison+1","floor":37.0},{"not_picked":["Dagger Spray","Acrobatics+1"],"picked":"Deflect","floor":39.0},{"not_picked":["Quick Slash","Backflip"],"picked":"PiercingWail+1","floor":41.0},{"not_picked":["Underhanded Strike+1","Outmaneuver+1"],"picked":"Cloak And Dagger","floor":45.0},{"not_picked":["Caltrops","Slice+1","Doppelganger"],"picked":"Singing Bowl","floor":46.0},{"not_picked":["Blade Dance","Slice","Endless Agony"],"picked":"Singing Bowl","floor":47.0},{"not_picked":["Blade Dance+1","All Out Attack"],"picked":"Catalyst+1","floor":48.0}],"player_experience":87908,"relics_obtained":[{"floor":7.0,"key":"Peace Pipe"},{"floor":9.0,"key":"Art of War"},{"floor":11.0,"key":"Bottled Lightning"},{"floor":14.0,"key":"Bag of Preparation"},{"floor":24.0,"key":"Torii"},{"floor":26.0,"key":"HornCleat"},{"floor":29.0,"key":"Pocketwatch"},{"floor":41.0,"key":"Singing Bowl"},{"floor":43.0,"key":"War Paint"},{"floor":45.0,"key":"Lizard Tail"},{"floor":48.0,"key":"Boot"}],"event_choices":[{"damage_healed":0.0,"max_hp_gain":0.0,"max_hp_loss":0.0,"gold_gain":0.0,"event_name":"Drug Dealer","player_choice":"Inject Mutagens","floor":21.0,"gold_loss":0.0,"damage_taken":0.0,"relics_obtained":["MutagenicStrength"]},{"damage_healed":0.0,"max_hp_gain":0.0,"max_hp_loss":0.0,"gold_gain":0.0,"event_name":"Duplicator","player_choice":"Copied","floor":30.0,"gold_loss":0.0,"damage_taken":0.0,"cards_obtained":["Footwork"]},{"damage_healed":0.0,"max_hp_gain":0.0,"max_hp_loss":0.0,"gold_gain":0.0,"event_name":"MindBloom","player_choice":"Fight","floor":45.0,"gold_loss":0.0,"damage_taken":0.0}],"is_beta":false,"boss_relics":[{"not_picked":["Snecko Eye","Fusion Hammer"],"picked":"WristBlade"},{"not_picked":["SlaversCollar","Pandora\u0027s Box"],"picked":"Empty Cage"}],"items_purged_floors":[19,38],"is_endless":false,"potions_floor_spawned":[1,3,5,14,16,20,27,33,46,47,48],"ascension_level":20}}