{"host":"1stlzvh7atuy33yh","time":1610082100,"event":{"mods":["BaseMod","Colored Map","Colored Powertips","Downfall","Hermit","Minty Spire (QoL Compilation)","StSLib","The Disciple","The Hierophant"],"gold_per_floor":[99,112,127,127,127,37,37,54,79,4,23,38,38,51,63,63,63,63],"floor_reached":16,"playtime":2564,"items_purged":["champ:Defend"],"score":104,"play_id":"bba89133-784c-43ae-bbff-097310c8ebe5","local_time":"20210108000140","is_ascension_mode":false,"campfire_choices":[{"data":"champ:Taunt","floor":1,"key":"SMITH"},{"floor":10,"key":"RECALL"},{"data":"champ:GutPunch","floor":13,"key":"SMITH"}],"circlet_count":0,"master_deck":["champ:Strike","champ:Strike","champ:Strike","champ:Strike","champ:Defend","champ:Defend","champ:Defend","champ:Execute","champ:Taunt+1","champ:BringItOn","champ:Lariat","champ:StanceDance","champ:GutPunch+1","champ:CrookedStrike+1","champ:RecklessLeap+1","champ:GladiatorStyle","champ:TornadoPunch+1","champ:ViciousMockery"],"relics":["champ:ChampionCrown","Molten Egg 2","downfall:HeartBlessingGreen"],"acts_visited":["Exordium"],"potions_floor_usage":[16],"damage_taken":[{"damage":5,"enemies":"2 Louse","floor":2,"turns":4},{"damage":0,"enemies":"Jaw Worm","floor":3,"turns":6},{"damage":5,"enemies":"downfall:FleeingMerchant","floor":6,"turns":4},{"damage":10,"enemies":"Small Slimes","floor":8,"turns":5},{"damage":57,"enemies":"Gremlin Nob","floor":9,"turns":5},{"damage":4,"enemies":"Blue Slaver","floor":11,"turns":5},{"damage":21,"enemies":"Large Slime","floor":12,"turns":3},{"damage":25,"enemies":"Exordium Wildlife","floor":14,"turns":4},{"damage":38,"enemies":"Gremlin Gang","floor":15,"turns":2},{"damage":66,"enemies":"downfall:Silent","floor":16,"turns":4}],"seed_played":"-58114607938443382","potions_obtained":[{"floor":3,"key":"Block Potion"},{"floor":8,"key":"champ:UltimateStancePotion"},{"floor":9,"key":"Energy Potion"},{"floor":15,"key":"sneckomod:MuddlingPotion"}],"is_trial":false,"path_per_floor":["R","M","M","?","?","$","T","M","E","R","M","M","R","M","M","B"],"character_chosen":"THE_CHAMP","items_purchased":[],"campfire_rested":0,"item_purchase_floors":[],"current_hp_per_floor":[99,99,99,99,104,104,104,99,73,73,72,71,71,66,58,0,0,0],"gold":63,"neow_bonus":"TEN_PERCENT_HP_BONUS","is_daily":false,"chose_seed":false,"campfire_upgraded":2,"win_rate":0.0,"timestamp":1610082100,"path_taken":["R","M","M","?","?","$","T","M","E","R","M","M","R","M","M","BOSS"],"items_purchased_type":[],"build_version":"2020-12-22","purchased_purges":1,"victory":false,"max_hp_per_floor":[99,99,99,99,104,104,104,104,104,104,104,104,104,104,104,104,104,104],"card_choices":[{"not_picked":["champ:StanceDance","champ:AdrenalArmor"],"picked":"champ:BringItOn","floor":2},{"not_picked":["champ:BladeFlurry","champ:CrookedStrike"],"picked":"champ:Lariat","floor":3},{"not_picked":["champ:EnGarde","champ:TornadoPunch"],"picked":"champ:StanceDance","floor":6},{"not_picked":["champ:Lariat","champ:Haymaker"],"picked":"champ:GutPunch","floor":8},{"not_picked":["champ:FocusedGladiator","champ:AdrenalArmor"],"picked":"champ:CrookedStrike+1","floor":9},{"not_picked":["champ:SteelEdge+1","champ:FocusedBerserking"],"picked":"champ:RecklessLeap+1","floor":11},{"not_picked":["champ:SkillfulDodge","champ:RecklessLeap+1"],"picked":"champ:GladiatorStyle","floor":12},{"not_picked":["champ:Backstep","champ:GladiatorStyle"],"picked":"champ:TornadoPunch+1","floor":14},{"not_picked":["champ:BladeFlurry+1","champ:DefensiveShout"],"picked":"champ:ViciousMockery","floor":15}],"player_experience":95311,"relics_obtained":[{"floor":9,"key":"Molten Egg 2"}],"event_choices":[{"damage_healed":0,"gold_gain":0,"player_choice":"Donut","damage_taken":0,"max_hp_gain":5,"max_hp_loss":0,"event_name":"Big Fish","floor":5,"gold_loss":0}],"is_beta":false,"boss_relics":[],"items_purged_floors":[6],"is_endless":false,"potions_floor_spawned":[3,8,9,14,15],"killed_by":"downfall:Silent","ascension_level":0}}