{"host":"aj7el8l5kufbk20z","time":1610078783,"event":{"mods":["AchievementEnabler","BaseMod","Colored Map","Colored Powertips","Curses Come First","Highlight Path","Minty Spire (QoL Compilation)","Quick Restart","Rare Cards Sparkle","Relic Stats","StSLib","SuperFastMode"],"gold_per_floor":[209,14,34,43,65,65,80,80,127,127,151,175,175,193,193,298,298,321,347,98,98,98],"floor_reached":21,"playtime":945,"items_purged":["Strike_R","Regret"],"score":260,"play_id":"be691fd5-c739-4e66-bc38-4fad8712052b","local_time":"20210108120623","is_ascension_mode":true,"campfire_choices":[{"data":"Metallicize","floor":6,"key":"SMITH"},{"data":"Flame Barrier","floor":8,"key":"SMITH"},{"data":"Flex","floor":10,"key":"SMITH"},{"data":"Inflame","floor":13,"key":"SMITH"},{"data":"Body Slam","floor":15,"key":"SMITH"}],"circlet_count":0,"master_deck":["AscendersBane","Strike_R","Strike_R","Strike_R","Strike_R","Defend_R","Defend_R","Defend_R+1","Defend_R","Bash","Flex+1","Metallicize+1","Flame Barrier+1","Infernal Blade+1","Rage","Body Slam+1","Inflame+1","Berserk","Heavy Blade","Armaments"],"relics":["Black Blood","CeramicFish","War Paint","Toolbox"],"acts_visited":["Exordium","TheCity"],"potions_floor_usage":[16,16,16],"damage_taken":[{"damage":1,"enemies":"Small Slimes","floor":1,"turns":4},{"damage":0,"enemies":"Jaw Worm","floor":3,"turns":5},{"damage":11,"enemies":"2 Louse","floor":5,"turns":4},{"damage":6,"enemies":"2 Fungi Beasts","floor":7,"turns":6},{"damage":5,"enemies":"Blue Slaver","floor":11,"turns":4},{"damage":4,"enemies":"Red Slaver","floor":12,"turns":3},{"damage":0,"enemies":"2 Fungi Beasts","floor":14,"turns":4},{"damage":44,"enemies":"Hexaghost","floor":16,"turns":9},{"damage":2,"enemies":"Chosen","floor":18,"turns":4},{"damage":24,"enemies":"3 Byrds","floor":19,"turns":6},{"damage":3,"enemies":"3 Cultists","floor":21,"turns":3}],"seed_played":"4603268804301600521","potions_obtained":[{"floor":1,"key":"Energy Potion"},{"floor":3,"key":"ColorlessPotion"},{"floor":5,"key":"SkillPotion"},{"floor":12,"key":"Strength Potion"},{"floor":18,"key":"BloodPotion"}],"is_trial":false,"path_per_floor":["M","$","M","?","M","R","M","R","T","R","M","M","R","M","R","B",null,"M","M","$","M"],"character_chosen":"IRONCLAD","items_purchased":["Metallicize","Flame Barrier","Toolbox"],"campfire_rested":0,"item_purchase_floors":[2,2,20],"current_hp_per_floor":[77,77,80,80,75,75,75,75,75,75,76,78,78,80,80,42,71,80,68,68,65,65],"gold":98,"neow_bonus":"HUNDRED_GOLD","is_daily":false,"chose_seed":false,"campfire_upgraded":5,"win_rate":0.0,"timestamp":1610078783,"path_taken":["M","$","M","?","M","R","M","R","T","R","M","M","R","M","R","BOSS","M","M","$","M"],"items_purchased_type":["Card","Card","Relic"],"build_version":"2020-12-22","purchased_purges":2,"victory":false,"max_hp_per_floor":[80,80,80,80,80,80,80,80,80,80,80,80,80,80,80,80,80,80,80,80,80,80],"relic_stats":{"counters":[11,52],"CeramicFish":63,"Black Blood":64,"War Paint":["Infernal Blade","Defend_R"],"obtain_stats":[{"CeramicFish":4,"Black Blood":17,"Toolbox":20,"War Paint":9,"Burning Blood":0},{"CeramicFish":2,"Black Blood":8,"Toolbox":10,"War Paint":4,"Burning Blood":0},{"CeramicFish":9,"Black Blood":39,"Toolbox":49,"War Paint":19,"Burning Blood":0}]},"card_choices":[{"not_picked":["Sentinel","Twin Strike"],"picked":"Flex","floor":1},{"not_picked":["Uppercut","Warcry"],"picked":"Infernal Blade","floor":3},{"not_picked":["Clash","Warcry"],"picked":"Rage","floor":5},{"not_picked":["Warcry","Clash","Evolve"],"picked":"SKIP","floor":7},{"not_picked":["Heavy Blade","True Grit"],"picked":"Body Slam","floor":11},{"not_picked":["Reckless Charge","Iron Wave"],"picked":"Inflame","floor":12},{"not_picked":["Wild Strike","Thunderclap","Double Tap"],"picked":"SKIP","floor":14},{"not_picked":["Fiend Fire","Exhume"],"picked":"Berserk","floor":16},{"not_picked":["Cleave+1","Pommel Strike+1"],"picked":"Heavy Blade","floor":18},{"not_picked":["Dark Embrace","Flex"],"picked":"Armaments","floor":19}],"player_experience":323608,"relics_obtained":[{"floor":9,"key":"War Paint"}],"event_choices":[{"damage_healed":0,"gold_gain":0,"player_choice":"Box","damage_taken":0,"relics_obtained":["CeramicFish"],"max_hp_gain":0,"max_hp_loss":0,"event_name":"Big Fish","floor":4,"gold_loss":0,"cards_obtained":["Regret"]}],"is_beta":false,"boss_relics":[{"not_picked":["SacredBark","Velvet Choker"],"picked":"Black Blood"}],"items_purged_floors":[2,20],"is_endless":false,"potions_floor_spawned":[1,3,5,12,18],"killed_by":"3 Cultists","ascension_level":10}}