{"host":"b7j598ve05halrwk","time":1610084646,"event":{"mods":["2.2 Compatiblity","BaseMod","Block Reminder","DeckTracker","Minty Spire (QoL Compilation)","Relic Stats","Slay the Relics Exporter","StSLib","ojb\u0027s Better Paths Mod","ojb\u0027s Info Mod"],"gold_per_floor":[114,134,134,151,200,226,251,251,276,276,308,308,333,258,258,333,333,352,36,56,73,92,122,122,154,154,164,164,164],"floor_reached":28,"playtime":1975,"items_purged":["Defend_B"],"score":602,"play_id":"dc652150-2a36-4194-84d7-e07bfa044d6f","local_time":"20210108004406","is_ascension_mode":true,"campfire_choices":[{"data":"Streamline","floor":10,"key":"SMITH"},{"floor":12,"key":"REST"},{"data":"Loop","floor":15,"key":"SMITH"},{"floor":24,"key":"REST"}],"circlet_count":0,"master_deck":["AscendersBane","Defend_B","Defend_B","Defend_B","Zap","Dualcast","Streamline+1","FTL","Loop+1","Machine Learning","Compile Driver","Undo","Defragment","Buffer","Melter","Chrysalis","Storm","Hologram","Force Field","BootSequence","Self Repair"],"relics":["Cracked Core","Bag of Preparation","Bag of Marbles","Odd Mushroom","Gremlin Horn","Anchor","Kunai","Vajra","Fusion Hammer","Calipers","Akabeko","Centennial Puzzle"],"acts_visited":["Exordium","TheCity"],"potions_floor_usage":[7,11,13,16,23,23],"damage_taken":[{"damage":2.0,"enemies":"Cultist","floor":1.0,"turns":4.0},{"damage":2.0,"enemies":"Jaw Worm","floor":2.0,"turns":3.0},{"damage":7,"enemies":"Small Slimes","floor":4,"turns":3},{"damage":15,"enemies":"Lagavulin","floor":6,"turns":6},{"damage":10,"enemies":"The Mushroom Lair","floor":7,"turns":4},{"damage":10,"enemies":"3 Sentries","floor":11,"turns":4},{"damage":0,"enemies":"Gremlin Nob","floor":13,"turns":3},{"damage":3,"enemies":"The Guardian","floor":16,"turns":8},{"damage":0,"enemies":"Spheric Guardian","floor":18,"turns":5},{"damage":11,"enemies":"Shell Parasite","floor":20,"turns":4},{"damage":9,"enemies":"Cultist and Chosen","floor":21,"turns":8},{"damage":2,"enemies":"Snecko","floor":22,"turns":5},{"damage":15,"enemies":"Book of Stabbing","floor":23,"turns":5},{"damage":22,"enemies":"Gremlin Leader","floor":25,"turns":7},{"damage":0,"enemies":"Sentry and Sphere","floor":27,"turns":3},{"damage":19,"enemies":"Chosen and Byrds","floor":28,"turns":5}],"seed_played":"-1823298794911597335","potions_obtained":[{"floor":2.0,"key":"GamblersBrew"},{"floor":4,"key":"FocusPotion"},{"floor":7,"key":"BlessingOfTheForge"},{"floor":11,"key":"Block Potion"},{"floor":20,"key":"FearPotion"},{"floor":21,"key":"Energy Potion"},{"floor":27,"key":"SteroidPotion"}],"is_trial":false,"path_per_floor":["M","M","?","M","T","E","?","T","T","R","E","R","E","?","R","B",null,"M","$","M","M","M","E","R","E","T","M","M"],"character_chosen":"DEFECT","items_purchased":["Chrysalis","Storm"],"campfire_rested":2,"item_purchase_floors":[19,19],"current_hp_per_floor":[62,60,53,46,46,31,21,21,21,21,11,30,30,30,30,27,55,55,55,44,35,33,18,37,15,15,15,0,0],"gold":164,"neow_bonus":"REMOVE_TWO","is_daily":false,"chose_seed":false,"campfire_upgraded":2,"win_rate":0.0,"timestamp":1610084646,"path_taken":["M","M","?","M","?","E","?","?","T","R","E","R","E","?","R","BOSS","M","$","M","M","M","E","R","E","T","M","M"],"items_purchased_type":["Card","Card"],"build_version":"2020-12-22","purchased_purges":1,"victory":false,"max_hp_per_floor":[64,64,64,64,64,64,64,64,64,64,64,64,64,64,64,64,64,64,64,64,64,64,64,64,64,64,64,64,64],"relic_stats":{"Centennial Puzzle":[3],"Gremlin Horn":[10,10],"counters":[16,76],"Bag of Preparation":[26],"Kunai":[6],"obtain_stats":[{"Anchor":9,"Centennial Puzzle":26,"Calipers":23,"Gremlin Horn":8,"Vajra":13,"Fusion Hammer":17,"Bag of Preparation":5,"Bag of Marbles":6,"Kunai":11,"Odd Mushroom":7,"Cracked Core":0,"Akabeko":25},{"Anchor":5,"Centennial Puzzle":14,"Calipers":13,"Gremlin Horn":5,"Vajra":7,"Fusion Hammer":8,"Bag of Preparation":3,"Bag of Marbles":4,"Kunai":6,"Odd Mushroom":5,"Cracked Core":0,"Akabeko":14},{"Anchor":20,"Centennial Puzzle":68,"Calipers":61,"Gremlin Horn":20,"Vajra":27,"Fusion Hammer":35,"Bag of Preparation":10,"Bag of Marbles":16,"Kunai":24,"Odd Mushroom":20,"Cracked Core":0,"Akabeko":68}]},"card_choices":[{"not_picked":["Hologram","Reprogram"],"picked":"Streamline","floor":1.0},{"not_picked":["Storm","Redo"],"picked":"FTL","floor":2.0},{"not_picked":["Barrage","Stack"],"picked":"Loop","floor":4},{"not_picked":["Capacitor","Blizzard"],"picked":"Machine Learning","floor":6},{"not_picked":["Force Field","Storm"],"picked":"Compile Driver","floor":7},{"not_picked":["Darkness","Leap"],"picked":"Undo","floor":11},{"not_picked":["Creative AI","Reprogram"],"picked":"Defragment","floor":13},{"not_picked":["Machine Learning","Reboot"],"picked":"Buffer","floor":16},{"not_picked":["Beam Cell","Blizzard"],"picked":"Melter","floor":18},{"not_picked":["Cold Snap","Barrage+1"],"picked":"Hologram","floor":20},{"not_picked":["Rebound","Steam Power"],"picked":"Force Field","floor":21},{"not_picked":["Gash","Blizzard"],"picked":"BootSequence","floor":22},{"not_picked":["Blizzard","Lockon","Multi-Cast"],"picked":"SKIP","floor":23},{"not_picked":["Compile Driver","Ball Lightning","Hello World"],"picked":"SKIP","floor":25},{"not_picked":["Double Energy","Reprogram"],"picked":"Self Repair","floor":27}],"player_experience":862866,"relics_obtained":[{"floor":5,"key":"Bag of Preparation"},{"floor":6,"key":"Bag of Marbles"},{"floor":7,"key":"Odd Mushroom"},{"floor":8,"key":"Gremlin Horn"},{"floor":9,"key":"Anchor"},{"floor":11,"key":"Kunai"},{"floor":13,"key":"Vajra"},{"floor":23,"key":"Calipers"},{"floor":25,"key":"Akabeko"},{"floor":26,"key":"Centennial Puzzle"}],"event_choices":[{"cards_removed":["Strike_B"],"damage_healed":0.0,"max_hp_gain":0.0,"max_hp_loss":0.0,"gold_gain":0.0,"event_name":"Golden Wing","player_choice":"Card Removal","floor":3.0,"gold_loss":0.0,"damage_taken":7.0},{"damage_healed":0,"gold_gain":0,"player_choice":"Fought Mushrooms","damage_taken":0,"max_hp_gain":0,"max_hp_loss":0,"event_name":"Mushrooms","floor":7,"gold_loss":0},{"cards_removed":["Strike_B"],"damage_healed":0,"gold_gain":0,"player_choice":"Card Removal","damage_taken":0,"max_hp_gain":0,"max_hp_loss":0,"event_name":"The Cleric","floor":14,"gold_loss":75}],"is_beta":false,"boss_relics":[{"not_picked":["SlaversCollar","SacredBark"],"picked":"Fusion Hammer"}],"items_purged_floors":[19],"is_endless":false,"potions_floor_spawned":[2,4,7,11,20,21,27],"killed_by":"Chosen and Byrds","ascension_level":20}}