{"host":"w01uex9uy9hwwtiw","time":1610099475,"event":{"mods":["ATMod(阿瑾Mod)","Arknights The Spire","BaseMod","Better Third Choice","Lobotomy","LobotomyExtend","Minty Spire (QoL Compilation)","Remilia（蕾米莉亚）","Replay The Spire","RumiaBox-露米娅的神秘盒子","SIMod","StSLib","TestMod","The Administrix","The Hierophant","The Servant 0.9.4","[IsaacMod]以撒尖塔","vexMod","【遗物Mod】死灵法师NEW","【遗物卡牌】REMEMod","残留之物","篝火指南","老伊莉雅"],"gold_per_floor":[117,117,135,146,159,159,159,159,210,240,240,292,307,319,319,421,421,436,454,557,557,557],"floor_reached":21,"playtime":993,"items_purged":[],"score":216,"play_id":"a67c4990-76b8-400f-9ac3-09de93b8e6da","local_time":"20210108175115","is_ascension_mode":true,"campfire_choices":[],"circlet_count":0,"master_deck":["SpecialBullet","SpecialBullet","SpecialBullet","SpecialBullet","SpecialBullet","SpecialBullet","BloodyBrimstone+1","InformationCode","ExtractionCode","WelfareCode","Penitence","LongBird","WristCuter+1","Yin","Harvest","Lamp+1","BlueScar","OldLady","Scorched","FrostShard","SecurityCode","Tough","LittleHelper","MeatLantern","Justitia","QueenOfHatred","Adoration","BlueStar","Soda","SnowQueen","Amita+1","Gaze","CUTE","ScreamingWedge"],"relics":["CogitoBucket","testmod-TestBox","REME_ComplimentaryCards","AT_ATBox","HushsDoor","KeepersGift","LetterFromLob","ReplayTheSpireMod:TigerMarble","Yang_Lob","LaetitiaHeart","Blood Vial","Whetstone","LuminousBracelet","AT_TrinityForce"],"acts_visited":["Exordium","TheCity"],"potions_floor_usage":[16],"damage_taken":[{"damage":18.0,"enemies":"Jaw Worm","floor":1.0,"turns":3.0},{"damage":0.0,"enemies":"Cultist","floor":3.0,"turns":2.0},{"damage":0.0,"enemies":"2 Louse","floor":4.0,"turns":1.0},{"damage":10.0,"enemies":"Large Slime","floor":5.0,"turns":6.0},{"damage":0.0,"enemies":"Gremlin Nob","floor":10.0,"turns":2.0},{"damage":19.0,"enemies":"Red Slaver","floor":13.0,"turns":3.0},{"damage":0.0,"enemies":"Looter","floor":14.0,"turns":2.0},{"damage":37,"enemies":"The Guardian","floor":16,"turns":6},{"damage":50,"enemies":"Chosen","floor":18,"turns":2},{"damage":0,"enemies":"2 Thieves","floor":19,"turns":2},{"damage":105,"enemies":"2 Thieves","floor":21,"turns":2}],"seed_played":"1236052052306345890","potions_obtained":[{"floor":1.0,"key":"Regen Potion"},{"floor":4.0,"key":"LifebloodPotion"},{"floor":16,"key":"testmod-SpacePotion"},{"floor":18,"key":"Block Potion"}],"is_trial":false,"path_per_floor":["M","?","M","M","M","R","M","?","T","E","R","?","M","M","R","B",null,"M","M","?","?"],"character_chosen":"Angela","items_purchased":[],"campfire_rested":0,"item_purchase_floors":[],"current_hp_per_floor":[31,24,24,24,14,14,14,14,14,21,21,21,29,39,39,16,76,43,61,61,0,0],"gold":557,"neow_bonus":"REMOVE_TWO","is_daily":false,"chose_seed":false,"campfire_upgraded":0,"win_rate":0.0,"timestamp":1610099475,"path_taken":["M","?","?","M","M","R","M","?","T","E","R","?","M","M","R","BOSS","M","M","?","?"],"items_purchased_type":[],"build_version":"2020-12-22","purchased_purges":0,"victory":false,"max_hp_per_floor":[70,70,70,67,67,67,67,67,67,67,67,67,79,79,79,76,76,76,76,76,73,73],"card_choices":[{"not_picked":[],"picked":"BloodyBrimstone","floor":0.0},{"not_picked":["RedEyes"],"picked":"Penitence","floor":1.0},{"not_picked":["MHz","MeatLantern"],"picked":"LongBird","floor":1.0},{"not_picked":["SolemnVow"],"picked":"WristCuter","floor":1.0},{"not_picked":["MeatLantern","DespairKnight"],"picked":"Yin","floor":3.0},{"not_picked":["Harmony"],"picked":"Harvest","floor":3.0},{"not_picked":["FourthMatchFlame"],"picked":"Lamp","floor":4.0},{"not_picked":["Hypocrisy"],"picked":"BlueScar","floor":5.0},{"not_picked":["SpiderBud","WallGazer"],"picked":"OldLady","floor":5.0},{"not_picked":["BloodyDesire","Regret_ego"],"picked":"SKIP","floor":5.0},{"not_picked":["MHz","PunishingBird"],"picked":"Scorched","floor":10.0},{"not_picked":["FourthMatchFlame"],"picked":"FrostShard","floor":10.0},{"not_picked":["TodaysExpression"],"picked":"Tough","floor":13.0},{"not_picked":["BigBadWolf","SpiderBud"],"picked":"LittleHelper","floor":13.0},{"not_picked":["WristCuter","Regret_ego"],"picked":"SKIP","floor":13.0},{"not_picked":["MHz","Murderer"],"picked":"MeatLantern","floor":14.0},{"not_picked":["Loneliness","Noise"],"picked":"SKIP","floor":14.0},{"not_picked":["DaCapo"],"picked":"Justitia","floor":16},{"not_picked":["FieryBird","GreedKing"],"picked":"QueenOfHatred","floor":16},{"not_picked":["Mimicry"],"picked":"Adoration","floor":16},{"not_picked":["GreedKing","LaLuna"],"picked":"BlueStar","floor":18},{"not_picked":["SomewhereSpear+1"],"picked":"Soda","floor":18},{"not_picked":["LittlePrince","SpiderBud"],"picked":"SnowQueen","floor":19},{"not_picked":["TodaysExpression"],"picked":"Amita+1","floor":19},{"not_picked":["Logging+1"],"picked":"Gaze","floor":20},{"not_picked":["CherryBlossom"],"picked":"CUTE","floor":20},{"not_picked":["Noise"],"picked":"ScreamingWedge","floor":20}],"player_experience":121725,"relics_obtained":[{"floor":1.0,"key":"LetterFromLob"},{"floor":9.0,"key":"Blood Vial"},{"floor":10.0,"key":"Whetstone"}],"event_choices":[{"damage_healed":0.0,"max_hp_gain":0.0,"max_hp_loss":0.0,"gold_gain":0.0,"event_name":"betterThird:BetterScrap","player_choice":"Relic ","floor":2.0,"gold_loss":0.0,"damage_taken":7.0,"cards_obtained":["Evolve"]},{"damage_healed":0.0,"max_hp_gain":0.0,"max_hp_loss":0.0,"gold_gain":52.0,"event_name":"Golden Wing","player_choice":"Gained Gold","floor":12.0,"gold_loss":0.0,"damage_taken":0.0}],"is_beta":false,"boss_relics":[{"not_picked":["testmod-Temperance","testmod-Prudence"],"picked":"AT_TrinityForce"},{"not_picked":[]}],"items_purged_floors":[],"is_endless":false,"potions_floor_spawned":[1,4,16,18],"killed_by":"2 Thieves","ascension_level":1}}