{"host":"Troy","time":1610124805,"event":{"mods":["BaseMod","Colored Map","Highlight Path","Minty Spire (QoL Compilation)","Permanent Neow"],"gold_per_floor":[212,487,210,210,226,240,240,276,303,347,372,420,420,420,420,420,420],"floor_reached":16,"playtime":839,"items_purged":["Regret"],"score":236,"play_id":"bb0ca168-9f37-4ce1-ae53-f71b3dc5d35f","local_time":"20210108115325","is_ascension_mode":true,"campfire_choices":[{"data":"Dagger Throw","floor":7.0,"key":"SMITH"},{"floor":13.0,"key":"REST"},{"data":"Backflip","floor":15.0,"key":"SMITH"}],"circlet_count":0,"master_deck":["AscendersBane","Strike_G+1","Strike_G","Strike_G","Strike_G","Strike_G","Defend_G","Defend_G","Defend_G","Defend_G","Defend_G","Survivor","Neutralize","Dagger Spray+1","Dash","Dagger Throw+1","Adrenaline","Tactician","Blade Dance","Injury","PiercingWail","Outmaneuver","Caltrops","Accuracy","Backflip+1","Escape Plan"],"relics":["Ring of the Snake","Orrery","Golden Idol","PreservedInsect","Whetstone","CeramicFish","Art of War","Anchor"],"acts_visited":["Exordium"],"potions_floor_usage":[16],"damage_taken":[{"damage":1.0,"enemies":"Jaw Worm","floor":1.0,"turns":5.0},{"damage":0.0,"enemies":"Cultist","floor":5.0,"turns":3.0},{"damage":7.0,"enemies":"Small Slimes","floor":6.0,"turns":3.0},{"damage":14.0,"enemies":"Gremlin Nob","floor":8.0,"turns":4.0},{"damage":21.0,"enemies":"Lagavulin","floor":10.0,"turns":7.0},{"damage":0.0,"enemies":"3 Louse","floor":11.0,"turns":3.0},{"damage":4.0,"enemies":"3 Sentries","floor":12.0,"turns":5.0},{"damage":25,"enemies":"The Guardian","floor":16,"turns":2}],"seed_played":"-2244750556847178307","potions_obtained":[{"floor":5.0,"key":"LiquidMemories"},{"floor":11.0,"key":"BlessingOfTheForge"},{"floor":12.0,"key":"Strength Potion"}],"is_trial":false,"path_per_floor":["M","?","$","?","M","M","R","E","T","E","M","E","R","?","R","B"],"character_chosen":"THE_SILENT","items_purchased":["Orrery","Blade Dance"],"campfire_rested":1,"item_purchase_floors":[3,3],"current_hp_per_floor":[58,58,58,58,58,51,51,37,37,16,16,12,31,20,20,0,0],"gold":420,"neow_bonus":"HUNDRED_GOLD","is_daily":false,"chose_seed":false,"campfire_upgraded":2,"win_rate":0.0,"timestamp":1610124805,"path_taken":["M","?","?","?","M","M","R","E","T","E","M","E","R","?","R","BOSS"],"items_purchased_type":["Relic","Card"],"build_version":"2020-12-18","purchased_purges":1,"victory":false,"max_hp_per_floor":[66,66,66,66,66,66,66,66,66,66,66,66,66,66,66,66,66],"card_choices":[{"not_picked":["Blade Dance","Flechettes"],"picked":"Dagger Spray","floor":1.0},{"not_picked":["Bouncing Flask","Underhanded Strike"],"picked":"Dash","floor":3.0},{"not_picked":["Quick Slash","Cloak And Dagger"],"picked":"Dagger Throw","floor":3.0},{"not_picked":["Crippling Poison","Infinite Blades"],"picked":"Adrenaline","floor":3.0},{"not_picked":["Prepared","Acrobatics"],"picked":"Tactician","floor":3.0},{"not_picked":["Sucker Punch","Deadly Poison"],"picked":"PiercingWail","floor":5.0},{"not_picked":["Riddle With Holes","Noxious Fumes"],"picked":"Outmaneuver","floor":6.0},{"not_picked":["Dodge and Roll","Slice"],"picked":"Caltrops","floor":8.0},{"not_picked":["Envenom","Quick Slash"],"picked":"Accuracy","floor":10.0},{"not_picked":["Blade Dance","Backstab"],"picked":"Backflip","floor":11.0},{"not_picked":["Skewer","Flechettes"],"picked":"Escape Plan","floor":12.0}],"player_experience":4074445,"relics_obtained":[{"floor":8.0,"key":"PreservedInsect"},{"floor":9.0,"key":"Whetstone"},{"floor":10.0,"key":"CeramicFish"},{"floor":12.0,"key":"Art of War"}],"event_choices":[{"damage_healed":0.0,"max_hp_gain":0.0,"max_hp_loss":0.0,"gold_gain":275.0,"event_name":"Golden Shrine","player_choice":"Desecrate","floor":2.0,"gold_loss":0.0,"damage_taken":0.0,"cards_obtained":["Regret"]},{"damage_healed":0.0,"max_hp_gain":0.0,"max_hp_loss":0.0,"gold_gain":0.0,"event_name":"Golden Idol","player_choice":"Take Wound","floor":4.0,"gold_loss":0.0,"damage_taken":0.0,"relics_obtained":["Golden Idol"],"cards_obtained":["Injury"]},{"damage_healed":0.0,"max_hp_gain":0.0,"max_hp_loss":0.0,"gold_gain":0.0,"event_name":"Scrap Ooze","player_choice":"Success","floor":14.0,"gold_loss":0.0,"damage_taken":11.0,"relics_obtained":["Anchor"]}],"is_beta":true,"boss_relics":[],"items_purged_floors":[3],"is_endless":false,"potions_floor_spawned":[5,11,12],"killed_by":"The Guardian","ascension_level":20}}