{"host":"zig6x0mxqzam82fb","time":1610067584,"event":{"mods":["BaseMod","Block Reminder","Colored Map","Colored Powertips","Marisa????????","Minty Spire (QoL Compilation)","Relic Stats","StSLib","The Cursed","The Marked","Waifu the Spire"],"gold_per_floor":[99,99,99,99,99,99,99,99,99,99,99,69,69,19,19,19,19,0,0,0,0,0],"floor_reached":21,"playtime":1074,"items_purged":[],"score":411,"play_id":"81a72f51-e3c8-4ff1-babe-927b41b8c832","local_time":"20210107195944","is_ascension_mode":true,"campfire_choices":[{"data":"Coolheaded","floor":6,"key":"SMITH"},{"floor":8,"key":"REST"},{"data":"Streamline","floor":10,"key":"SMITH"},{"floor":15,"key":"REST"}],"circlet_count":0,"master_deck":["AscendersBane","Strike_B","Strike_B","Strike_B","Strike_B","Defend_B","Defend_B","Defend_B","Defend_B","Zap","Dualcast","Streamline+1","Cold Snap","Coolheaded+1","Machine Learning+1","Ball Lightning","Electrodynamics","Coolheaded","Streamline","Hologram","Core Surge","Stack+1","Writhe","BootSequence+1"],"relics":["Ectoplasm","Bottled Flame","Unceasing Top","StoneCalendar","Vajra","Black Star","Toxic Egg 2"],"acts_visited":["Exordium","TheCity"],"potions_floor_usage":[11,21,21],"damage_taken":[{"damage":5,"enemies":"Small Slimes","floor":1,"turns":3},{"damage":1,"enemies":"Cultist","floor":2,"turns":3},{"damage":5,"enemies":"2 Louse","floor":3,"turns":3},{"damage":2,"enemies":"Blue Slaver","floor":4,"turns":4},{"damage":21,"enemies":"Gremlin Nob","floor":7,"turns":4},{"damage":5,"enemies":"3 Sentries","floor":11,"turns":5},{"damage":12,"enemies":"Looter","floor":12,"turns":3},{"damage":9,"enemies":"Lagavulin","floor":13,"turns":6},{"damage":0,"enemies":"Slime Boss","floor":16,"turns":5},{"damage":37,"enemies":"2 Thieves","floor":18,"turns":3},{"damage":18,"enemies":"3 Byrds","floor":20,"turns":3},{"damage":18,"enemies":"Snake Plant","floor":21,"turns":2}],"seed_played":"-1965654020979709028","potions_obtained":[{"floor":1,"key":"Fire Potion"},{"floor":11,"key":"GamblersBrew"},{"floor":13,"key":"Strength Potion"}],"is_trial":false,"path_per_floor":["M","M","M","M","?","R","E","R","T","R","E","M","E","$","R","B",null,"M","?","M","M"],"character_chosen":"DEFECT","items_purchased":["Hologram"],"campfire_rested":2,"item_purchase_floors":[14],"current_hp_per_floor":[63,62,57,55,55,55,34,56,56,56,51,39,30,30,52,52,69,32,32,14,0,0],"gold":0,"neow_bonus":"BOSS_RELIC","is_daily":false,"chose_seed":false,"campfire_upgraded":2,"win_rate":0.0,"timestamp":1610067584,"path_taken":["M","M","M","M","?","R","E","R","T","R","E","?","E","$","R","BOSS","M","?","M","M"],"items_purchased_type":["Card"],"build_version":"2020-12-22","purchased_purges":0,"victory":false,"max_hp_per_floor":[75,75,75,75,75,75,75,75,75,75,75,75,75,75,75,75,75,75,75,75,75,75],"relic_stats":{"counters":[12,44],"StoneCalendar":[0],"Ectoplasm":329,"Black Star":0,"obtain_stats":[{"Bottled Flame":7,"Vajra":13,"StoneCalendar":11,"Ectoplasm":0,"Black Star":17,"Toxic Egg 2":19,"Cracked Core":0,"Unceasing Top":9},{"Bottled Flame":5,"Vajra":8,"StoneCalendar":6,"Ectoplasm":0,"Black Star":9,"Toxic Egg 2":10,"Cracked Core":0,"Unceasing Top":5},{"Bottled Flame":17,"Vajra":31,"StoneCalendar":22,"Ectoplasm":0,"Black Star":36,"Toxic Egg 2":39,"Cracked Core":0,"Unceasing Top":17}],"Unceasing Top":[0]},"card_choices":[{"not_picked":["Storm","Hologram"],"picked":"Streamline","floor":1},{"not_picked":["Beam Cell","Leap"],"picked":"Cold Snap","floor":2},{"not_picked":["Sweeping Beam","Ball Lightning"],"picked":"Coolheaded","floor":3},{"not_picked":["Loop","Go for the Eyes"],"picked":"Machine Learning","floor":4},{"not_picked":["Steam Power","Lockon"],"picked":"Ball Lightning","floor":7},{"not_picked":["BootSequence","Rainbow"],"picked":"Electrodynamics","floor":11},{"not_picked":["White Noise","Streamline"],"picked":"Coolheaded","floor":12},{"not_picked":["Go for the Eyes","Storm"],"picked":"Streamline","floor":13},{"not_picked":["Fission","Thunder Strike"],"picked":"Core Surge","floor":16},{"not_picked":["Doom and Gloom","Rip and Tear"],"picked":"Stack+1","floor":18},{"not_picked":["Storm","Capacitor"],"picked":"BootSequence+1","floor":20}],"player_experience":451293,"relics_obtained":[{"floor":7,"key":"Bottled Flame"},{"floor":9,"key":"Unceasing Top"},{"floor":11,"key":"StoneCalendar"},{"floor":13,"key":"Vajra"}],"event_choices":[{"damage_healed":0,"gold_gain":0,"player_choice":"Upgraded","damage_taken":0,"max_hp_gain":0,"max_hp_loss":0,"event_name":"Upgrade Shrine","floor":5,"gold_loss":0,"cards_upgraded":["Machine Learning"]},{"damage_healed":0,"gold_gain":0,"player_choice":"Opened","damage_taken":0,"relics_obtained":["Toxic Egg 2"],"max_hp_gain":0,"max_hp_loss":0,"event_name":"The Mausoleum","floor":19,"gold_loss":0,"cards_obtained":["Writhe"]}],"is_beta":false,"boss_relics":[{"not_picked":["Pandora\u0027s Box","Sozu"],"picked":"Black Star"}],"items_purged_floors":[],"is_endless":false,"potions_floor_spawned":[1,11,13],"killed_by":"Snake Plant","ascension_level":13}}