{"host":"Qube","time":1610071459,"event":{"mods":["AchievementEnabler","BaseMod","Colored Map","Colored Powertips","Minty Spire (QoL Compilation)","Quick Restart","Random Character Button","StSLib"],"gold_per_floor":[111,128,128,128,155,196,217,235,235,268,268,12,12,50,50,140,140,94,94,94,94],"floor_reached":20,"playtime":1433,"items_purged":[],"score":409,"play_id":"44ef254e-e882-4776-ac6c-caf92f16a8cd","local_time":"20210107180419","is_ascension_mode":true,"campfire_choices":[{"floor":11.0,"key":"REST"},{"floor":13.0,"key":"REST"},{"data":"Dodge and Roll","floor":15.0,"key":"SMITH"}],"circlet_count":0,"master_deck":["AscendersBane","Strike_G","Strike_G","Strike_G","Strike_G","Strike_G","Defend_G","Defend_G","Defend_G","Defend_G","Survivor","Neutralize","Leg Sweep","Dagger Throw","Dash","Dodge and Roll+1","Backflip","Predator","Reflex","Mayhem","Crippling Poison","Venomology","After Image","A Thousand Cuts","RitualDagger"],"relics":["Ring of the Snake","NeowsBlessing","Golden Idol","Dream Catcher","Pen Nib","Shovel","Matryoshka","Happy Flower","Black Star"],"acts_visited":["Exordium","TheCity"],"potions_floor_usage":[20],"damage_taken":[{"damage":0.0,"enemies":"Jaw Worm","floor":1.0,"turns":1.0},{"damage":0.0,"enemies":"Small Slimes","floor":2.0,"turns":1.0},{"damage":0.0,"enemies":"3 Sentries","floor":6.0,"turns":1.0},{"damage":0.0,"enemies":"2 Louse","floor":7.0,"turns":2.0},{"damage":0.0,"enemies":"2 Fungi Beasts","floor":8.0,"turns":5.0},{"damage":24.0,"enemies":"Gremlin Nob","floor":10.0,"turns":5.0},{"damage":13.0,"enemies":"3 Sentries","floor":14.0,"turns":9.0},{"damage":10.0,"enemies":"The Guardian","floor":16.0,"turns":14.0},{"damage":32.0,"enemies":"2 Thieves","floor":18.0,"turns":5.0},{"damage":8,"enemies":"Spheric Guardian","floor":20,"turns":3}],"seed_played":"-2597008570291644913","potions_obtained":[{"floor":1.0,"key":"SneckoOil"},{"floor":8.0,"key":"EssenceOfSteel"},{"floor":10.0,"key":"DistilledChaos"},{"floor":14.0,"key":"Strength Potion"}],"is_trial":false,"path_per_floor":["M","M","?","?","T","E","M","M","T","E","R","$","R","E","R","B",null,"M","?","M"],"character_chosen":"THE_SILENT","items_purchased":["Mayhem","Crippling Poison"],"campfire_rested":2,"item_purchase_floors":[12,12],"current_hp_per_floor":[59,59,36,29,29,29,29,29,29,5,24,24,43,30,30,35,58,26,20,12,12],"gold":94,"neow_bonus":"THREE_ENEMY_KILL","is_daily":false,"chose_seed":false,"campfire_upgraded":1,"win_rate":0.0,"timestamp":1610071459,"path_taken":["M","M","?","?","?","E","?","M","T","E","R","$","R","E","R","BOSS","M","?","M"],"items_purchased_type":["Card","Card"],"build_version":"2020-12-18","purchased_purges":0,"victory":false,"max_hp_per_floor":[66,66,66,66,66,66,66,66,66,66,66,66,66,66,66,66,66,66,66,66,66],"card_choices":[{"not_picked":["Noxious Fumes","Poisoned Stab"],"picked":"Leg Sweep","floor":1.0},{"not_picked":["Flying Knee","Setup"],"picked":"Dagger Throw","floor":2.0},{"not_picked":["Prepared","Acrobatics"],"picked":"Dash","floor":6.0},{"not_picked":["Outmaneuver","Crippling Poison"],"picked":"Dodge and Roll","floor":7.0},{"not_picked":["PiercingWail","Blade Dance"],"picked":"Backflip","floor":8.0},{"not_picked":["All Out Attack","Backstab"],"picked":"Predator","floor":10.0},{"not_picked":["Quick Slash","Sucker Punch"],"picked":"Reflex","floor":11.0},{"not_picked":["Quick Slash","Acrobatics"],"picked":"Venomology","floor":13.0},{"not_picked":["Skewer","Acrobatics"],"picked":"After Image","floor":14.0},{"not_picked":["Wraith Form v2","Storm of Steel"],"picked":"A Thousand Cuts","floor":16.0},{"not_picked":["Dodge and Roll","Bane","Endless Agony+1"],"picked":"SKIP","floor":18.0}],"player_experience":843063,"relics_obtained":[{"floor":5.0,"key":"Dream Catcher"},{"floor":6.0,"key":"Pen Nib"},{"floor":9.0,"key":"Shovel"},{"floor":10.0,"key":"Matryoshka"},{"floor":14.0,"key":"Happy Flower"}],"event_choices":[{"damage_healed":0.0,"max_hp_gain":0.0,"max_hp_loss":0.0,"gold_gain":0.0,"event_name":"Golden Idol","player_choice":"Take Damage","floor":3.0,"gold_loss":0.0,"damage_taken":23.0,"relics_obtained":["Golden Idol"]},{"cards_removed":["Defend_G"],"damage_healed":0.0,"max_hp_gain":0.0,"max_hp_loss":0.0,"gold_gain":0.0,"event_name":"Golden Wing","player_choice":"Card Removal","floor":4.0,"gold_loss":0.0,"damage_taken":7.0},{"damage_healed":0.0,"max_hp_gain":0.0,"max_hp_loss":0.0,"gold_gain":0.0,"event_name":"Nest","player_choice":"Joined the Cult","floor":19.0,"gold_loss":0.0,"damage_taken":6.0,"cards_obtained":["RitualDagger"]}],"is_beta":true,"boss_relics":[{"not_picked":["Sozu","Ectoplasm"],"picked":"Black Star"}],"items_purged_floors":[],"is_endless":false,"potions_floor_spawned":[1,8,10,14],"killed_by":"Spheric Guardian","ascension_level":18}}