{"host":"msa0wxqjs3jv1k3j","time":1610110533,"event":{"mods":["BaseMod","BetterRewards","Colored Map","Highlight Path","KOR Keyword Fix","Keyboard Shortcuts","Minty Spire (QoL Compilation)","Quick Restart","SuperFastMode","everything is the same but u backflip on backflip"],"gold_per_floor":[119,85,160,160,160,191,208,208,208],"floor_reached":8,"playtime":264,"items_purged":[],"score":54,"play_id":"b59f6b7a-4533-4e58-a973-1a41b0c2e487","local_time":"20210108215533","is_ascension_mode":false,"campfire_choices":[],"circlet_count":0,"master_deck":["Strike_B","Strike_B","Strike_B","Strike_B","Defend_B+1","Defend_B","Defend_B","Zap","Dualcast","Coolheaded","Rainbow","Hello World","Barrage","Defragment","Heatsinks","Storm+1","Defend_B","Capacitor","Chaos"],"relics":["Cracked Core","Mango","Orrery","White Beast Statue"],"acts_visited":["Exordium"],"potions_floor_usage":[],"damage_taken":[{"damage":8.0,"enemies":"Small Slimes","floor":1.0,"turns":4.0},{"damage":26.0,"enemies":"3 Sentries","floor":6.0,"turns":6.0},{"damage":3,"enemies":"Jaw Worm","floor":7,"turns":3},{"damage":27,"enemies":"Gremlin Nob","floor":8,"turns":3}],"seed_played":"-4606611609475998686","potions_obtained":[{"floor":1.0,"key":"Energy Potion"},{"floor":6.0,"key":"PowerPotion"},{"floor":7,"key":"ColorlessPotion"}],"is_trial":false,"path_per_floor":["M","$","?","?","?","E","M","E"],"character_chosen":"DEFECT","items_purchased":["Orrery","Storm"],"campfire_rested":0,"item_purchase_floors":[0,2],"current_hp_per_floor":[81,81,70,52,52,26,23,0,0],"gold":208,"neow_bonus":"","is_daily":false,"chose_seed":false,"campfire_upgraded":0,"win_rate":0.0,"timestamp":1610110533,"path_taken":["M","$","?","?","?","E","M","E"],"items_purchased_type":["Relic","Card"],"build_version":"2020-12-22","purchased_purges":0,"victory":false,"max_hp_per_floor":[89,89,89,89,89,89,89,89,89],"card_choices":[{"not_picked":["Turbo","Hologram"],"picked":"Coolheaded","floor":0.0},{"not_picked":["Cold Snap","Undo"],"picked":"Rainbow","floor":0.0},{"not_picked":["Static Discharge","Compile Driver"],"picked":"Hello World","floor":0.0},{"not_picked":["Go for the Eyes","Chill"],"picked":"Barrage","floor":0.0},{"not_picked":["BootSequence","Darkness"],"picked":"Defragment","floor":0.0},{"not_picked":["Turbo","Consume"],"picked":"Heatsinks","floor":1.0},{"not_picked":["Chaos","Glacier"],"picked":"Capacitor","floor":6.0},{"not_picked":["Coolheaded","Force Field"],"picked":"Chaos","floor":7}],"player_experience":33163,"relics_obtained":[{"floor":6.0,"key":"White Beast Statue"}],"event_choices":[{"damage_healed":0.0,"max_hp_gain":0.0,"max_hp_loss":0.0,"gold_gain":75.0,"event_name":"World of Goop","player_choice":"Gather Gold","floor":3.0,"gold_loss":0.0,"damage_taken":11.0},{"damage_healed":0.0,"max_hp_gain":0.0,"max_hp_loss":0.0,"gold_gain":0.0,"event_name":"Shining Light","player_choice":"Entered Light","floor":4.0,"gold_loss":0.0,"damage_taken":18.0,"cards_upgraded":["Storm","Defend_B"]},{"cards_removed":["Defend_B"],"damage_healed":0.0,"max_hp_gain":0.0,"max_hp_loss":0.0,"gold_gain":0.0,"event_name":"NoteForYourself","player_choice":"Took Card","floor":5.0,"gold_loss":0.0,"damage_taken":0.0,"cards_obtained":["Defend_B"]}],"is_beta":false,"boss_relics":[],"items_purged_floors":[],"is_endless":false,"potions_floor_spawned":[1,6,7],"killed_by":"Gremlin Nob","ascension_level":0}}