{"host":"pi8b3ffzwvxqztac","time":1610150170,"event":{"mods":["BaseMod","Colored Map","Downfall","Minty Spire (QoL Compilation)","StSLib"],"gold_per_floor":[99,116,131,131,145,145,213,63,63,83,83,98,8,25,44,123,123,123,136,152,202,219,246,292,217,317,317,344,344,344,58,77,149,149,149,163,181,192,192,192,192,32,66,66,66,96,16,34,47,47,47,82,82,82,82],"floor_reached":56,"playtime":4845,"items_purged":["Regret"],"score":2499,"play_id":"3af3ed97-3c0d-457e-ad32-358c0118962a","local_time":"20210109125610","is_ascension_mode":true,"campfire_choices":[{"floor":1.0,"key":"RECALL"},{"data":"Guardian:CurlUp","floor":8.0,"key":"SMITH"},{"floor":11.0,"key":"REST"},{"data":"Guardian:Orbwalk","floor":18.0,"key":"SMITH"},{"floor":25.0,"key":"REST"},{"data":"Guardian:Suspension","floor":27.0,"key":"SMITH"},{"data":"Guardian:Repulse","floor":30.0,"key":"SMITH"},{"data":"Guardian:StasisField","floor":35.0,"key":"SMITH"},{"data":"Guardian:SpikerProtocol","floor":40,"key":"SMITH"},{"floor":45,"key":"REST"},{"data":"expansioncontent:CaCaw","floor":54,"key":"SMITH"}],"circlet_count":0,"master_deck":["AscendersBane","Guardian:Strike_Guardian+1","Guardian:Strike_Guardian","Guardian:Strike_Guardian","Guardian:Strike_Guardian","Guardian:Defend_Guardian+1","Guardian:Defend_Guardian","Guardian:Defend_Guardian+1","Guardian:Defend_Guardian","Guardian:CurlUp+1","Guardian:TwinSlam+1","Guardian:StasisEngine+1","Guardian:GemFinder+1","Guardian:Gem_White","Guardian:Suspension+1","Guardian:Orbwalk+1","Guardian:SpikerProtocol+1","Guardian:Suspension+1","Guardian:StasisField+1","Guardian:TemporalStrike","Guardian:Reroute+1","Guardian:Repulse+1","Guardian:Harden+1","Guardian:TemporalShield+1","expansioncontent:ManipulateTime+1","Guardian:TimeSifter","CurseOfTheBell","Guardian:StasisEngine","Guardian:ShieldSpikes+1","Guardian:Emergency+1","Guardian:SphericShield+1","Guardian:Harden+1","expansioncontent:CaCaw+1","Guardian:BronzeArmor+1","Guardian:ExploitGems+1","Guardian:VentSteam+1","Guardian:Gem_Cyan","Guardian:FloatingOrbs","Guardian:BronzeArmor+1"],"relics":["Guardian:ModeShifter","War Paint","downfall:HeartBlessingBlue","downfall:HeartBlessingRed","SacredBark","Letter Opener","Vajra","downfall:HeartBlessingGreen","Mango","Toxic Egg 2","Oddly Smooth Stone","MealTicket","Calling Bell","Boot","Mercury Hourglass","Gambling Chip","MawBank","Pantograph","Toy Ornithopter","InkBottle","Strawberry"],"acts_visited":["Exordium","TheCity","TheBeyond","TheEnding"],"potions_floor_usage":[55,55],"damage_taken":[{"damage":7.0,"enemies":"Small Slimes","floor":2.0,"turns":4.0},{"damage":3.0,"enemies":"Cultist","floor":3.0,"turns":4.0},{"damage":0.0,"enemies":"2 Louse","floor":5.0,"turns":3.0},{"damage":18.0,"enemies":"Exordium Wildlife","floor":10.0,"turns":4.0},{"damage":6.0,"enemies":"Gremlin Gang","floor":12.0,"turns":6.0},{"damage":3.0,"enemies":"downfall:FleeingMerchant","floor":13.0,"turns":4.0},{"damage":0.0,"enemies":"Large Slime","floor":14.0,"turns":4.0},{"damage":12.0,"enemies":"3 Louse","floor":15.0,"turns":3.0},{"damage":17.0,"enemies":"downfall:Defect","floor":16.0,"turns":9.0},{"damage":3.0,"enemies":"Spheric Guardian","floor":19.0,"turns":5.0},{"damage":10.0,"enemies":"Shell Parasite","floor":20.0,"turns":5.0},{"damage":2.0,"enemies":"Shelled Parasite and Fungi","floor":22.0,"turns":6.0},{"damage":17.0,"enemies":"Book of Stabbing","floor":23.0,"turns":7.0},{"damage":7.0,"enemies":"downfall:Ironclad","floor":26.0,"turns":6.0},{"damage":18.0,"enemies":"Slavers","floor":28.0,"turns":4.0},{"damage":0.0,"enemies":"downfall:FleeingMerchant","floor":31.0,"turns":4.0},{"damage":1.0,"enemies":"Centurion and Healer","floor":32.0,"turns":5.0},{"damage":21.0,"enemies":"downfall:Watcher","floor":33.0,"turns":8.0},{"damage":0.0,"enemies":"3 Darklings","floor":36.0,"turns":3.0},{"damage":0.0,"enemies":"3 Shapes","floor":37.0,"turns":4.0},{"damage":13,"enemies":"Writhing Mass","floor":38,"turns":4},{"damage":0,"enemies":"downfall:FleeingMerchant","floor":42,"turns":3},{"damage":14,"enemies":"Reptomancer","floor":43,"turns":7},{"damage":0,"enemies":"Giant Head","floor":46,"turns":6},{"damage":2,"enemies":"4 Shapes","floor":48,"turns":4},{"damage":5,"enemies":"Sphere and 2 Shapes","floor":49,"turns":3},{"damage":0,"enemies":"downfall:Ironclad","floor":50,"turns":5},{"damage":0,"enemies":"downfall:CharBossMerchant","floor":52,"turns":4},{"damage":0,"enemies":"downfall:NeowBoss","floor":55,"turns":12}],"seed_played":"-6722357063433401172","potions_obtained":[{"floor":3.0,"key":"champ:CounterPotion"},{"floor":10.0,"key":"GamblersBrew"},{"floor":14.0,"key":"Guardian:AcceleratePotion"},{"floor":15.0,"key":"ColorlessPotion"},{"floor":16.0,"key":"Weak Potion"},{"floor":19.0,"key":"Guardian:BlockOnCardUsePotion"},{"floor":23.0,"key":"sneckomod:MuddlingPotion"},{"floor":28.0,"key":"DistilledChaos"},{"floor":36.0,"key":"DuplicationPotion"},{"floor":38,"key":"CultistPotion"},{"floor":46,"key":"ColorlessPotion"}],"is_trial":false,"path_per_floor":["R","M","M","?","M","?","T","R","?","M","R","M","$","M","M","B",null,"R","M","M","?","M","E","T","R","?","R","E","?","R","$","M","B",null,"R","M","M","M","?","R","T","$","E","?","R","E","$","M","M","B",null,"E","$","R","B",null],"character_chosen":"GUARDIAN","items_purchased":["MealTicket","expansioncontent:ManipulateTime+1","Guardian:Harden+1","expansioncontent:CaCaw","Pantograph","Guardian:BronzeArmor+1","Guardian:FloatingOrbs"],"campfire_rested":3,"item_purchase_floors":[31,31,42,42,42,42,47],"current_hp_per_floor":[47,40,37,37,37,26,26,36,36,18,42,36,33,33,21,4,63,63,60,50,50,48,31,31,55,62,62,44,44,44,44,43,22,78,78,78,78,65,65,65,65,80,66,66,94,94,96,94,89,96,96,103,103,103,103],"gold":82,"neow_bonus":"THREE_RARE_CARDS","is_daily":false,"chose_seed":false,"campfire_upgraded":7,"win_rate":0.0,"timestamp":1610150170,"path_taken":["R","M","M","?","?","?","T","R","?","M","R","M","$","M","M","BOSS","R","M","M","?","?","E","T","R","?","R","E","?","R","$","M","BOSS","R","M","M","?","?","R","T","$","E","?","R","E","$","?","M","BOSS","E","$","R","BOSS"],"items_purchased_type":["Relic","Card","Card","Card","Relic","Card","Card"],"build_version":"2020-12-22","purchased_purges":1,"victory":true,"max_hp_per_floor":[72,72,72,72,72,72,72,82,82,82,82,82,82,82,82,82,82,82,82,82,82,82,82,82,82,96,96,96,96,96,96,96,96,96,96,96,96,96,96,96,96,96,96,96,96,96,96,96,96,96,96,103,103,103,103],"card_choices":[{"not_picked":["Guardian:RevengeProtocol","Guardian:CompilePackage"],"picked":"Guardian:StasisEngine","floor":0.0},{"not_picked":["Guardian:Gem_Red","Guardian:Incinerate"],"picked":"Guardian:Gem_Cyan","floor":2.0},{"not_picked":["Guardian:Gem_Lightblue","Guardian:ChargeCore"],"picked":"Guardian:GemFinder","floor":3.0},{"not_picked":["Guardian:Gem_Red","Guardian:Gem_Lightblue"],"picked":"Guardian:Gem_Cyan","floor":5.0},{"not_picked":["Guardian:PrimingBeam","Guardian:TemporalStrike","Guardian:WalkerClaw"],"picked":"SKIP","floor":5.0},{"not_picked":["Guardian:Gem_Green","Guardian:Gem_Lightblue"],"picked":"Guardian:Gem_Cyan","floor":10.0},{"not_picked":["Guardian:GuardianWhirl","Guardian:RollAttack"],"picked":"Guardian:Gem_White","floor":10.0},{"not_picked":["Guardian:Gem_Red","Guardian:Gem_Green"],"picked":"Guardian:Gem_Cyan","floor":12.0},{"not_picked":["Guardian:MultiBeam","Guardian:TemporalShield"],"picked":"Guardian:Suspension","floor":12.0},{"not_picked":["Guardian:GemFire","Guardian:WalkerClaw"],"picked":"Guardian:Orbwalk","floor":13.0},{"not_picked":["Guardian:Gem_Green","Guardian:Gem_Red"],"picked":"Guardian:Gem_Cyan","floor":14.0},{"not_picked":["Guardian:HyperBeam_Guardian","Guardian:ShieldCharger"],"picked":"Guardian:SpikerProtocol","floor":14.0},{"not_picked":["Guardian:Gem_Red","Guardian:Gem_Green"],"picked":"Guardian:Gem_Cyan","floor":15.0},{"not_picked":["Guardian:Incinerate","Guardian:Clone"],"picked":"Guardian:Suspension","floor":15.0},{"not_picked":["Guardian:Gem_Red","Guardian:Gem_Green"],"picked":"Guardian:Gem_Cyan","floor":16.0},{"not_picked":["Guardian:HyperBeam_Guardian","Guardian:TimeSifter"],"picked":"Guardian:StasisField","floor":16.0},{"not_picked":["Guardian:Gem_Red","Guardian:Gem_Green"],"picked":"Guardian:Gem_Cyan","floor":19.0},{"not_picked":["Guardian:TimeCapacitor+1","Guardian:ChargeUp"],"picked":"Guardian:TemporalStrike","floor":19.0},{"not_picked":["Guardian:Gem_Lightblue","Guardian:Gem_Red"],"picked":"Guardian:Gem_Cyan","floor":20.0},{"not_picked":["Guardian:CrystalBeam","Guardian:DonusPower"],"picked":"Guardian:Reroute+1","floor":20.0},{"not_picked":["Guardian:Gem_Red","Guardian:Gem_Lightblue"],"picked":"Guardian:Gem_Cyan","floor":22.0},{"not_picked":["Guardian:DecasProtection","Guardian:Recover"],"picked":"Guardian:Gem_Yellow","floor":22.0},{"not_picked":["Guardian:Gem_Lightblue","Guardian:Gem_Green"],"picked":"Guardian:Gem_Cyan","floor":23.0},{"not_picked":["Guardian:PolyBeam+1","Guardian:BronzeOrb"],"picked":"Guardian:Repulse","floor":23.0},{"not_picked":["Guardian:Clone+1","Guardian:ShieldCharger+1"],"picked":"Guardian:Harden+1","floor":26.0},{"not_picked":["Guardian:ArmoredProtocol","Guardian:Gem_Fragmented"],"picked":"Guardian:TemporalShield+1","floor":28.0},{"not_picked":["Guardian:PolyBeam","Guardian:SpikerProtocol","Guardian:ShieldCharger+1"],"picked":"SKIP","floor":31.0},{"not_picked":["Guardian:Gem_Lightblue","Guardian:Recover+1","Guardian:Planning+1"],"picked":"SKIP","floor":32.0},{"not_picked":["Guardian:StasisField+1","Guardian:FierceBash"],"picked":"Guardian:TimeSifter","floor":33.0},{"not_picked":["Guardian:Incinerate","Guardian:Recover+1"],"picked":"Guardian:StasisEngine","floor":36.0},{"not_picked":["Guardian:ShieldCharger+1","Guardian:Gem_Lightblue"],"picked":"Guardian:ShieldSpikes+1","floor":37.0},{"not_picked":["Guardian:Gem_Crimson","Guardian:SentryBeam"],"picked":"Guardian:Emergency+1","floor":38},{"not_picked":["Guardian:SentryBeam","Guardian:Suspension+1"],"picked":"Guardian:SphericShield+1","floor":42},{"not_picked":["Guardian:PrismaticBeam+1","Guardian:Suspension+1"],"picked":"Guardian:ExploitGems+1","floor":43},{"not_picked":["Guardian:BronzeOrb","Guardian:Recover+1"],"picked":"Guardian:VentSteam+1","floor":46},{"not_picked":["Guardian:Gem_Green","Guardian:Gem_Lightblue"],"picked":"Guardian:Gem_Cyan","floor":46},{"not_picked":["Guardian:Gem_Green","Guardian:VentSteam+1","Guardian:Recover+1"],"picked":"SKIP","floor":48},{"not_picked":["Guardian:RollAttack","Guardian:Gem_Red"],"picked":"Guardian:Gem_Synthetic","floor":49},{"not_picked":["Guardian:VentSteam+1","Guardian:RollAttack"],"picked":"Guardian:BronzeArmor+1","floor":52}],"player_experience":484619,"relics_obtained":[{"floor":23.0,"key":"Letter Opener"},{"floor":24.0,"key":"Vajra"},{"floor":26.0,"key":"Mango"},{"floor":26.0,"key":"Toxic Egg 2"},{"floor":28.0,"key":"Oddly Smooth Stone"},{"floor":34.0,"key":"Boot"},{"floor":34.0,"key":"Mercury Hourglass"},{"floor":34.0,"key":"Gambling Chip"},{"floor":41,"key":"MawBank"},{"floor":43,"key":"Toy Ornithopter"},{"floor":46,"key":"InkBottle"},{"floor":52,"key":"Strawberry"}],"event_choices":[{"damage_healed":0.0,"max_hp_gain":0.0,"max_hp_loss":0.0,"gold_gain":0.0,"event_name":"Upgrade Shrine","player_choice":"Upgraded","floor":4.0,"gold_loss":0.0,"damage_taken":0.0,"cards_upgraded":["Guardian:GemFinder"]},{"damage_healed":0.0,"max_hp_gain":0.0,"max_hp_loss":0.0,"gold_gain":0.0,"event_name":"Scrap Ooze","player_choice":"Success","floor":6.0,"gold_loss":0.0,"damage_taken":11.0,"relics_obtained":["War Paint"]},{"damage_healed":0.0,"max_hp_gain":0.0,"max_hp_loss":0.0,"gold_gain":0.0,"event_name":"Upgrade Shrine","player_choice":"Upgraded","floor":29.0,"gold_loss":0.0,"damage_taken":0.0,"cards_upgraded":["Guardian:Suspension"]},{"damage_healed":0,"gold_gain":0,"player_choice":"Ignored","damage_taken":0,"max_hp_gain":0,"max_hp_loss":0,"event_name":"Transmorgrifier","floor":44,"gold_loss":0}],"is_beta":false,"boss_relics":[{"not_picked":["downfall:Hecktoplasm","Cursed Key"],"picked":"SacredBark"},{"not_picked":["Velvet Choker","Runic Dome"],"picked":"Calling Bell"}],"items_purged_floors":[13],"is_endless":false,"potions_floor_spawned":[3,10,14,15,16,19,23,28,36,38,43,46],"ascension_level":20}}