{"host":"nc9kxycvldgbp2kx","time":1610123530,"event":{"mods":["2.2 Compatiblity","AchievementEnabler","AlwaysNeverKeys","BaseMod","Better Altar","Better Match","Better Note","Better Sensory Stone","Better Skull","Better Third Choice","Better Vampires","Block Reminder","Colored Powertips","Curses Come First","GifTheSpireLib","Highlight Path","Minty Spire (QoL Compilation)","Permanent Neow","Quick Restart","Random Character Button","Rare Cards Sparkle","Relic Sorter","Relic Stats","Spicy Shops","StSLib","Transform Curses"],"gold_per_floor":[113,113,38,38,52,52,87,87,169,188,205,205,218,235,235,338,338,355,375,77,77,77,107,107,122,122,152,172,172,172,191,191,287,287,304,304,75,90,105,105,139,139,166,192,298,114,134,148,148,148,148,148,20,51,51],"floor_reached":56,"playtime":6646,"items_purged":["Strike_B","Steam Power"],"score":1397,"play_id":"600ed022-44d6-4abb-adae-6ff30553b342","local_time":"20210108173210","is_ascension_mode":false,"campfire_choices":[{"data":"Adrenaline","floor":6.0,"key":"SMITH"},{"data":"Storm","floor":8.0,"key":"SMITH"},{"data":"Heatsinks","floor":15.0,"key":"SMITH"},{"data":"Creative AI","floor":24.0,"key":"SMITH"},{"floor":29.0,"key":"REST"},{"data":"Capacitor","floor":32.0,"key":"SMITH"},{"data":"Loop","floor":40.0,"key":"SMITH"},{"data":"Static Discharge","floor":42.0,"key":"SMITH"},{"data":"Storm","floor":49.0,"key":"SMITH"},{"data":"Capacitor","floor":52.0,"key":"SMITH"}],"circlet_count":0,"master_deck":["Dualcast+1","Adrenaline+1","Storm+1","Heatsinks+1","Cold Snap+1","Creative AI+1","Static Discharge+1","Barrage+1","Coolheaded+1","Barrage+1","Flash of Steel+1","Reboot","Capacitor+1","Force Field+1","Seek+1","Fission+1","Loop+1","Ball Lightning","Skim+1","White Noise+1","Storm+1","Capacitor+1","Electrodynamics","Panache","Self Repair"],"relics":["Cracked Core","NeowsBlessing","Incense Burner","CaptainsWheel","Nunchaku","Mummified Hand","Pandora\u0027s Box","Bronze Scales","Whetstone","Toxic Egg 2","Bottled Tornado","Gremlin Horn","Black Star","Mercury Hourglass","War Paint","Toy Ornithopter","Boot","Darkstone Periapt","Membership Card","Happy Flower","Bottled Lightning"],"acts_visited":["Exordium","TheCity","TheBeyond","TheEnding"],"potions_floor_usage":[55],"damage_taken":[{"damage":0.0,"enemies":"Cultist","floor":1.0,"turns":1.0},{"damage":0.0,"enemies":"Jaw Worm","floor":5.0,"turns":1.0},{"damage":0.0,"enemies":"3 Sentries","floor":7.0,"turns":1.0},{"damage":0.0,"enemies":"2 Louse","floor":10.0,"turns":2.0},{"damage":3.0,"enemies":"Red Slaver","floor":11.0,"turns":2.0},{"damage":0.0,"enemies":"2 Fungi Beasts","floor":13.0,"turns":2.0},{"damage":4.0,"enemies":"Blue Slaver","floor":14.0,"turns":3.0},{"damage":12.0,"enemies":"Slime Boss","floor":16.0,"turns":10.0},{"damage":10.0,"enemies":"Shell Parasite","floor":18.0,"turns":4.0},{"damage":20.0,"enemies":"2 Thieves","floor":19.0,"turns":2.0},{"damage":10.0,"enemies":"Book of Stabbing","floor":23.0,"turns":4.0},{"damage":0.0,"enemies":"Snake Plant","floor":25.0,"turns":2.0},{"damage":18.0,"enemies":"Slavers","floor":27.0,"turns":2.0},{"damage":0.0,"enemies":"3 Cultists","floor":28.0,"turns":3.0},{"damage":0.0,"enemies":"Centurion and Healer","floor":31.0,"turns":2.0},{"damage":0.0,"enemies":"Champ","floor":33.0,"turns":5.0},{"damage":0.0,"enemies":"3 Darklings","floor":35.0,"turns":1.0},{"damage":0.0,"enemies":"3 Shapes","floor":38.0,"turns":1.0},{"damage":0.0,"enemies":"Spire Growth","floor":39.0,"turns":1.0},{"damage":0.0,"enemies":"Reptomancer","floor":41.0,"turns":1.0},{"damage":0.0,"enemies":"Nemesis","floor":44.0,"turns":1.0},{"damage":0.0,"enemies":"Jaw Worm Horde","floor":47.0,"turns":1.0},{"damage":0.0,"enemies":"Transient","floor":48.0,"turns":4.0},{"damage":0.0,"enemies":"Donu and Deca","floor":50.0,"turns":1.0},{"damage":0,"enemies":"Shield and Spear","floor":54,"turns":1},{"damage":13,"enemies":"The Heart","floor":55,"turns":3}],"seed_played":"-377210694843698912","potions_obtained":[{"floor":7.0,"key":"Fire Potion"},{"floor":10.0,"key":"GamblersBrew"},{"floor":11.0,"key":"EssenceOfSteel"},{"floor":16.0,"key":"ColorlessPotion"},{"floor":18.0,"key":"SkillPotion"},{"floor":19.0,"key":"Fire Potion"},{"floor":23.0,"key":"EssenceOfDarkness"},{"floor":47.0,"key":"PowerPotion"},{"floor":54,"key":"PotionOfCapacity"}],"is_trial":false,"path_per_floor":["M","?","$","?","M","R","E","R","T","M","M","?","M","M","R","B",null,"M","M","$","?","?","E","R","M","T","E","M","R","T","M","R","B",null,"M","?","$","M","M","R","E","R","T","E","?","$","M","M","R","B",null,"R","$","E","B",null],"character_chosen":"DEFECT","items_purchased":["Flash of Steel","Bronze Scales","Loop","Ball Lightning","Membership Card","Capacitor","Panache","Self Repair"],"campfire_rested":1,"item_purchase_floors":[20,20,37,37,46,46,53,53],"current_hp_per_floor":[75,58,58,58,58,58,58,58,58,58,55,55,55,51,51,39,75,65,45,45,45,45,35,35,35,35,17,17,39,39,39,39,39,75,75,75,75,75,75,75,75,75,75,75,41,41,41,41,41,41,75,75,75,75,74],"gold":51,"neow_bonus":"THREE_ENEMY_KILL","is_daily":false,"chose_seed":false,"campfire_upgraded":9,"win_rate":0.0,"timestamp":1610123530,"path_taken":["M","?","$","?","?","R","E","R","T","M","M","?","M","?","R","BOSS","M","M","$","?","?","E","R","?","T","E","M","R","?","M","R","BOSS","M","?","$","M","?","R","E","R","T","E","?","$","M","M","R","BOSS","R","$","E","BOSS"],"items_purchased_type":["Card","Relic","Card","Card","Relic","Card","Card","Card"],"build_version":"2020-12-22","purchased_purges":2,"victory":true,"max_hp_per_floor":[75,75,75,75,75,75,75,75,75,75,75,75,75,75,75,75,75,75,75,75,75,75,75,75,75,75,75,75,75,75,75,75,75,75,75,75,75,75,75,75,75,75,75,75,75,75,75,75,75,75,75,75,75,75,75],"relic_stats":{"Darkstone Periapt":0,"Gremlin Horn":[7,10],"Happy Flower":[1],"counters":[26,61],"Whetstone":["Barrage","Barrage"],"War Paint":["Coolheaded","Dualcast"],"Boot":[40],"Mercury Hourglass":[36],"Nunchaku":[23],"Mummified Hand":[148],"Bronze Scales":[49],"Pandora\u0027s Box":["Steam Power","Static Discharge","Sweeping Beam","Barrage","Coolheaded","Barrage"],"Black Star":3,"obtain_stats":[{"Darkstone Periapt":44,"NeowsBlessing":0,"Gremlin Horn":30,"Happy Flower":54,"Incense Burner":2,"Whetstone":23,"Bottled Tornado":27,"War Paint":41,"Boot":44,"Mercury Hourglass":41,"CaptainsWheel":4,"Nunchaku":7,"Mummified Hand":9,"Bronze Scales":20,"Pandora\u0027s Box":17,"Black Star":34,"Membership Card":46,"Bottled Lightning":54,"Toxic Egg 2":26,"Cracked Core":0,"Toy Ornithopter":43},{"Darkstone Periapt":21,"NeowsBlessing":0,"Gremlin Horn":14,"Happy Flower":25,"Incense Burner":1,"Whetstone":11,"Bottled Tornado":13,"War Paint":20,"Boot":21,"Mercury Hourglass":20,"CaptainsWheel":1,"Nunchaku":3,"Mummified Hand":3,"Bronze Scales":10,"Pandora\u0027s Box":8,"Black Star":16,"Membership Card":21,"Bottled Lightning":25,"Toxic Egg 2":12,"Cracked Core":0,"Toy Ornithopter":20},{"Darkstone Periapt":51,"NeowsBlessing":0,"Gremlin Horn":39,"Happy Flower":58,"Incense Burner":1,"Whetstone":32,"Bottled Tornado":36,"War Paint":50,"Boot":51,"Mercury Hourglass":50,"CaptainsWheel":1,"Nunchaku":3,"Mummified Hand":3,"Bronze Scales":28,"Pandora\u0027s Box":22,"Black Star":46,"Membership Card":51,"Bottled Lightning":58,"Toxic Egg 2":34,"Cracked Core":0,"Toy Ornithopter":50}],"Toy Ornithopter":5},"card_choices":[{"not_picked":["Sweeping Beam","Barrage"],"picked":"Heatsinks","floor":1.0},{"not_picked":["Stack","Melter"],"picked":"Storm","floor":5.0},{"not_picked":["Genetic Algorithm","Loop"],"picked":"Heatsinks","floor":7.0},{"not_picked":["Conserve Battery","Hello World","Chill"],"picked":"SKIP","floor":10.0},{"not_picked":["Blizzard","Leap","Darkness"],"picked":"SKIP","floor":11.0},{"not_picked":["Fusion","Streamline","Conserve Battery"],"picked":"SKIP","floor":13.0},{"not_picked":["Stack","Go for the Eyes"],"picked":"Cold Snap","floor":14.0},{"not_picked":["Meteor Strike","Fission"],"picked":"Creative AI","floor":16.0},{"not_picked":["Gash+1","Scrape","Redo"],"picked":"SKIP","floor":18.0},{"not_picked":["Stack","Redo","Leap"],"picked":"SKIP","floor":19.0},{"not_picked":["Reinforced Body","FTL"],"picked":"Capacitor","floor":23.0},{"not_picked":["Reprogram+1","Leap"],"picked":"Force Field+1","floor":25.0},{"not_picked":["Blizzard","Steam+1","Ball Lightning"],"picked":"SKIP","floor":27.0},{"not_picked":["Ball Lightning","Genetic Algorithm+1","Leap+1"],"picked":"SKIP","floor":28.0},{"not_picked":["Steam+1","Steam Power+1"],"picked":"Seek+1","floor":31.0},{"not_picked":["Thunder Strike","Echo Form"],"picked":"Fission+1","floor":33.0},{"not_picked":["Go for the Eyes+1","Genetic Algorithm+1","Hologram+1"],"picked":"SKIP","floor":35.0},{"not_picked":["Chaos+1","Coolheaded+1"],"picked":"Skim+1","floor":38.0},{"not_picked":["Scrape+1","Conserve Battery+1","Coolheaded+1"],"picked":"SKIP","floor":39.0},{"not_picked":["Cold Snap","Hologram+1"],"picked":"White Noise+1","floor":41.0},{"not_picked":["Cold Snap","Heatsinks"],"picked":"Storm","floor":44.0},{"not_picked":["Coolheaded+1","Hello World"],"picked":"Electrodynamics","floor":47.0},{"not_picked":["Lockon+1","Leap+1","Coolheaded+1"],"picked":"SKIP","floor":48.0},{"not_picked":["Hologram+1","Barrage","Undo+1"],"picked":"SKIP","floor":54}],"player_experience":272880,"relics_obtained":[{"floor":7.0,"key":"Nunchaku"},{"floor":9.0,"key":"Mummified Hand"},{"floor":23.0,"key":"Whetstone"},{"floor":26.0,"key":"Toxic Egg 2"},{"floor":27.0,"key":"Bottled Tornado"},{"floor":30.0,"key":"Gremlin Horn"},{"floor":41.0,"key":"Mercury Hourglass"},{"floor":41.0,"key":"War Paint"},{"floor":43.0,"key":"Toy Ornithopter"},{"floor":44.0,"key":"Boot"},{"floor":44.0,"key":"Darkstone Periapt"},{"floor":54,"key":"Happy Flower"},{"floor":54,"key":"Bottled Lightning"}],"event_choices":[{"cards_removed":["Heatsinks"],"damage_healed":0.0,"max_hp_gain":0.0,"max_hp_loss":0.0,"gold_gain":0.0,"event_name":"WeMeetAgain","player_choice":"Gave Card","floor":4.0,"gold_loss":0.0,"damage_taken":0.0,"relics_obtained":["CaptainsWheel"]},{"cards_removed":["Defend_B"],"damage_healed":0.0,"max_hp_gain":0.0,"max_hp_loss":0.0,"gold_gain":0.0,"event_name":"Purifier","player_choice":"Purged","floor":12.0,"gold_loss":0.0,"damage_taken":0.0},{"damage_healed":0.0,"max_hp_gain":0.0,"max_hp_loss":0.0,"gold_gain":0.0,"cards_transformed":["Sweeping Beam"],"event_name":"Transmorgrifier","player_choice":"Transformed","floor":21.0,"gold_loss":0.0,"damage_taken":0.0,"cards_obtained":["Reboot"]},{"cards_removed":["Reboot"],"damage_healed":0.0,"max_hp_gain":0.0,"max_hp_loss":0.0,"gold_gain":0.0,"event_name":"betterNote:BetterNote","player_choice":"Give","floor":22.0,"gold_loss":0.0,"damage_taken":0.0,"cards_obtained":["Defend_G"]},{"cards_removed":["Zap"],"damage_healed":0.0,"max_hp_gain":0.0,"max_hp_loss":0.0,"gold_gain":0.0,"event_name":"Purifier","player_choice":"Purged","floor":36.0,"gold_loss":0.0,"damage_taken":0.0},{"damage_healed":0.0,"max_hp_gain":0.0,"max_hp_loss":0.0,"gold_gain":106.0,"event_name":"betterSkull:BetterSkull","player_choice":"GO UP UP ","floor":45.0,"gold_loss":0.0,"damage_taken":39.0,"cards_upgraded":["Flash of Steel","Cold Snap"],"relics_obtained":[]}],"is_beta":false,"boss_relics":[{"not_picked":["Empty Cage","Calling Bell"],"picked":"Pandora\u0027s Box"},{"not_picked":["Fusion Hammer","SacredBark"],"picked":"Black Star"}],"items_purged_floors":[3,20],"is_endless":false,"potions_floor_spawned":[7,10,11,14,16,18,19,23,27,33,38,39,47,48,54],"ascension_level":0}}