{"host":"g8ufh7m4frdlkxwv","time":1610064460,"event":{"mods":["AchievementEnabler","BaseMod","Filter the Spire","Minty Spire (QoL Compilation)","Relic Stats"],"gold_per_floor":[115,115,115,125,135,135,135,162,162,162,162],"floor_reached":10,"playtime":369,"items_purged":[],"score":132,"play_id":"ace49b6e-2376-4686-8efb-268beadbe45b","local_time":"20210108010740","is_ascension_mode":true,"campfire_choices":[{"data":"Neutralize","floor":6.0,"key":"SMITH"}],"circlet_count":0,"master_deck":["AscendersBane","Strike_G+1","Strike_G","Strike_G","Strike_G","Defend_G","Defend_G","Defend_G","Defend_G","Defend_G","Survivor","Neutralize+1","Poisoned Stab+1","Cloak And Dagger","Quick Slash","Poisoned Stab"],"relics":["Sozu","FossilizedHelix","Potion Belt","Whetstone"],"acts_visited":["Exordium"],"potions_floor_usage":[],"damage_taken":[{"damage":2.0,"enemies":"Jaw Worm","floor":1.0,"turns":4.0},{"damage":0.0,"enemies":"Cultist","floor":4.0,"turns":3.0},{"damage":0.0,"enemies":"Small Slimes","floor":5.0,"turns":3.0},{"damage":24.0,"enemies":"3 Sentries","floor":8.0,"turns":12.0},{"damage":40,"enemies":"Gremlin Nob","floor":10,"turns":4}],"seed_played":"3301198591456978380","potions_obtained":[],"is_trial":false,"path_per_floor":["M","?","T","M","M","R","?","E","T","E"],"character_chosen":"THE_SILENT","items_purchased":[],"campfire_rested":0,"item_purchase_floors":[],"current_hp_per_floor":[57,57,57,57,57,57,50,26,26,0,0],"gold":162,"neow_bonus":"BOSS_RELIC","is_daily":false,"chose_seed":false,"campfire_upgraded":1,"win_rate":0.0,"timestamp":1610064460,"path_taken":["M","?","?","M","?","R","?","E","T","E"],"items_purchased_type":[],"build_version":"2020-12-22","purchased_purges":0,"victory":false,"max_hp_per_floor":[66,66,66,66,66,66,66,66,66,66,66],"relic_stats":{"Sozu":1,"counters":[5,26],"Whetstone":["Strike_G","Poisoned Stab"],"obtain_stats":[{"Sozu":0,"Potion Belt":8,"Whetstone":9,"FossilizedHelix":3,"Ring of the Snake":0},{"Sozu":0,"Potion Belt":4,"Whetstone":4,"FossilizedHelix":1,"Ring of the Snake":0},{"Sozu":0,"Potion Belt":22,"Whetstone":22,"FossilizedHelix":4,"Ring of the Snake":0}]},"card_choices":[{"not_picked":["Deadly Poison","Underhanded Strike"],"picked":"Poisoned Stab","floor":1.0},{"not_picked":["Quick Slash","All Out Attack"],"picked":"Cloak And Dagger","floor":4.0},{"not_picked":["Accuracy","Deadly Poison"],"picked":"Quick Slash","floor":5.0},{"not_picked":["PiercingWail","Venomology"],"picked":"Poisoned Stab","floor":8.0}],"player_experience":1014643,"relics_obtained":[{"floor":3.0,"key":"FossilizedHelix"},{"floor":8.0,"key":"Potion Belt"},{"floor":9.0,"key":"Whetstone"}],"event_choices":[{"damage_healed":0.0,"max_hp_gain":0.0,"max_hp_loss":0.0,"gold_gain":0.0,"event_name":"Liars Game","player_choice":"Ignored","floor":2.0,"gold_loss":0.0,"damage_taken":0.0},{"cards_removed":["Strike_G"],"damage_healed":0.0,"max_hp_gain":0.0,"max_hp_loss":0.0,"gold_gain":0.0,"event_name":"Golden Wing","player_choice":"Card Removal","floor":7.0,"gold_loss":0.0,"damage_taken":7.0}],"is_beta":false,"boss_relics":[],"items_purged_floors":[],"is_endless":false,"potions_floor_spawned":[8],"killed_by":"Gremlin Nob","ascension_level":20}}