{"host":"jyrk6jyquqqx2k2a","time":1610133450,"event":{"mods":["2.2 Compatiblity","AchievementEnabler","BaseMod","BetterRewards","ChefMod","Colored Map","Colored Powertips","Decade(???)","Infinite Spire","Minty Spire (QoL Compilation)","Replay The Spire","Shop Mod","Spicy Shops","StSLib","The Marked","Thieving Mod"],"gold_per_floor":[110,126,26,26,45,45,76,281,305,318,318,39,54,68,68,164,164,183,108,128,141,141,176,176,191,215,232,232,251,30,56,56,153,153,164,216,216,1215,1229,1259,1259,1259,1284,1294,1331,1331,1346,788,788,802,802,802,264,310,314],"floor_reached":56,"playtime":2928,"items_purged":["Strike_G","Strike_G","Defend_G","Defend_G","Strike_G","Normality","Defend_G","Strike_G","infinitespire:UltimateForm","Prepared+1","Normality","Neutralize","Survivor"],"score":1672,"play_id":"7b8d6dee-0d0d-4f0e-a2dc-e9ff5c8fee41","local_time":"20210108141730","is_ascension_mode":false,"campfire_choices":[{"floor":6,"key":"REST"},{"floor":11,"key":"REST"},{"data":"infinitespire:Neurotoxin","floor":15,"key":"SMITH"},{"floor":24,"key":"REST"},{"data":"Noxious Fumes","floor":32,"key":"SMITH"},{"floor":41,"key":"RECALL"},{"floor":46,"key":"REST"},{"data":"Bouncing Flask","floor":46,"key":"SMITH"},{"floor":49,"key":"REST"},{"data":"Mayhem","floor":49,"key":"SMITH"},{"data":"Deadly Poison","floor":52,"key":"SMITH"}],"circlet_count":0,"master_deck":["PiercingWail+1","PiercingWail+1","Mayhem+1","infinitespire:Neurotoxin+1","Fluid Movement","Noxious Fumes+1","Bouncing Flask+1","Cloak And Dagger","Deadly Poison+1","Caltrops","PiercingWail","Backstab+1","Backstab+1","Calculated Gamble+1","Burst+1","Dagger Spray+1","Dagger Spray+1","Bane+1","Poisoned Stab+1","Toxin Wave+1","ReplayTheSpireMod:Necrosis+1","All Out Attack+1","Toxin Wave+1","Adrenaline+1","infinitespire:Neurotoxin+1","Toxin Wave+1","ReplayTheSpireMod:From All Sides+1","infinitespire:FutureSight+1","Bouncing Flask+1","Crippling Poison+1","Die Die Die+1","Hallucinations","Bullet Time+1","PanicButton+1","infinitespire:FinalStrike+1","Catalyst+1","Normality","Transmutation+1","ReplayTheSpireMod:Speed Training+1","Apotheosis+1"],"relics":["Ring of the Snake","TwistedFunnel","MerchantsRug","Replay:Wax Seal","infinitespire:FocusingShard","Molten Egg 2","TheAbacus","Membership Card","Bird Faced Urn","Toxic Egg 2","ReplayTheSpireMod:CursedCoin","The Specimen","Bronze Scales","Divine Protection","infinitespire:WardingShard","BranchBurnRelic","ReplayTheSpireMod:TigerMarble","Smiling Mask","Strawberry","Blood Vial","Juzu Bracelet","Unceasing Top","infinitespire:Magic Flask","Golden Egg","War Paint","Replay:Bottled Snecko","ReplayTheSpireMod:SealedPack","StoneCalendar","Onion Ring","Regal Pillow","CeramicFish","Prayer Wheel","Replay:Bandana","Nunchaku","Gremlin Food","BargainBundle","Lee\u0027s Waffle","infinitespire:ShieldingShard","ReplayFunnel","Lantern","infinitespire:Satchel"],"acts_visited":["Exordium","TheCity","TheBeyond","TheEnding"],"potions_floor_usage":[16,23,31,31,33,45,47,48,50,54],"damage_taken":[{"damage":0,"enemies":"2 Louse","floor":1,"turns":1},{"damage":0,"enemies":"Jaw Worm","floor":2,"turns":1},{"damage":0,"enemies":"Cultist","floor":5,"turns":3},{"damage":22,"enemies":"Lagavulin","floor":7,"turns":5},{"damage":0,"enemies":"Blue Slaver","floor":10,"turns":1},{"damage":0,"enemies":"Looter","floor":13,"turns":2},{"damage":0,"enemies":"Exordium Thugs","floor":14,"turns":2},{"damage":28,"enemies":"The Guardian","floor":16,"turns":4},{"damage":0,"enemies":"3 Byrds","floor":18,"turns":3},{"damage":14,"enemies":"Shell Parasite","floor":20,"turns":4},{"damage":0,"enemies":"Snecko","floor":21,"turns":3},{"damage":7,"enemies":"Replay:Snechameleon","floor":23,"turns":3},{"damage":0,"enemies":"3 Cultists","floor":25,"turns":3},{"damage":0,"enemies":"Shelled Parasite and Fungi","floor":27,"turns":1},{"damage":5,"enemies":"Snake Plant","floor":29,"turns":2},{"damage":0,"enemies":"Slavers","floor":31,"turns":2},{"damage":8,"enemies":"Automaton","floor":33,"turns":5},{"damage":9,"enemies":"3 Darklings","floor":35,"turns":3},{"damage":10,"enemies":"2 Orb Walkers","floor":36,"turns":2},{"damage":7,"enemies":"Orb Walker","floor":39,"turns":2},{"damage":23,"enemies":"Reptomancer","floor":40,"turns":4},{"damage":16,"enemies":"Jaw Worm Horde","floor":44,"turns":3},{"damage":2,"enemies":"Giant Head","floor":45,"turns":5},{"damage":11,"enemies":"3 Darklings","floor":47,"turns":2},{"damage":149,"enemies":"Time Eater","floor":50,"turns":10},{"damage":0,"enemies":"Shield and Spear","floor":54,"turns":3},{"damage":73,"enemies":"The Heart","floor":55,"turns":4}],"seed_played":"6496128259168739045","potions_obtained":[{"floor":2,"key":"LiquidBronze"},{"floor":14,"key":"Death Potion"},{"floor":16,"key":"FairyPotion"},{"floor":18,"key":"Ancient Potion"},{"floor":29,"key":"SpeedPotion"},{"floor":31,"key":"DistilledChaos"},{"floor":35,"key":"BlessingOfTheForge"},{"floor":39,"key":"EssenceOfSteel"}],"is_trial":false,"path_per_floor":["M","M","$","?","M","R","E","?","T","M","R","$","M","M","R","B",null,"M","?","M","M","?","E","R","M","T","M","AVR","M","$","E","R","B",null,"M","?","T","?","M","E","R","?","T","M","E","R","M","$","R","B",null,"R","$","E","B",null],"character_chosen":"THE_SILENT","items_purchased":["TwistedFunnel","MerchantsRug","Replay:Wax Seal","PiercingWail","DollysMirror","Mayhem","infinitespire:Neurotoxin","Fluid Movement","WingedGreaves","Pear","infinitespire:FocusingShard","Molten Egg 2","TheAbacus","Membership Card","Noxious Fumes","Orrery","Bird Faced Urn","Toxic Egg 2","ReplayTheSpireMod:CursedCoin","The Specimen","Bronze Scales","Divine Protection","Dead Branch","Backstab+1","infinitespire:WardingShard","Backstab+1","Strawberry","Poisoned Stab+1","Blood Vial","Golden Egg","War Paint","Doom Potion","Bouncing Flask+1","Crippling Poison+1","Prayer Wheel","Replay:Bandana","Nunchaku","Fruit Juice","Elixir","Apotheosis+1","Gremlin Food","BargainBundle","Lee\u0027s Waffle","infinitespire:ShieldingShard","ReplayFunnel","Lantern","Poison Potion"],"campfire_rested":5,"item_purchase_floors":[0,0,0,0,0,0,0,0,0,0,0,0,0,0,0,0,0,0,0,0,0,0,0,0,0,0,12,12,12,30,30,30,30,30,48,48,48,48,48,48,53,53,53,53,53,53,53],"current_hp_per_floor":[80,80,80,61,67,80,69,37,37,39,63,70,79,81,81,70,87,87,87,73,79,79,76,87,87,87,87,87,82,82,84,84,85,87,78,70,70,70,67,46,46,46,46,45,47,87,80,85,92,18,92,92,99,99,26],"gold":314,"neow_bonus":"","is_daily":false,"chose_seed":false,"campfire_upgraded":5,"win_rate":0.0,"timestamp":1610133450,"path_taken":["M","M","$","?","M","R","E","?","T","M","R","$","?","M","R","BOSS","M","?","M","M","?","E","R","M","T","M","AVR","M","$","E","R","BOSS","M","?","?","?","M","E","R","?","T","M","E","R","M","$","R","BOSS","R","$","E","BOSS"],"items_purchased_type":["Relic","Relic","Relic","Card","Relic","Card","Card","Card","Relic","Relic","Relic","Relic","Relic","Relic","Card","Relic","Relic","Relic","Relic","Relic","Relic","Relic","Relic","Card","Relic","Card","Relic","Card","Relic","Relic","Relic","Potion","Card","Card","Relic","Relic","Relic","Potion","Potion","Card","Relic","Relic","Relic","Relic","Relic","Relic","Potion"],"build_version":"2020-12-22","purchased_purges":13,"victory":true,"max_hp_per_floor":[80,80,80,80,80,80,80,80,80,80,80,87,87,87,87,87,87,87,87,87,87,87,87,87,87,87,87,87,87,87,87,87,87,87,87,87,87,87,87,87,87,87,87,87,87,87,87,92,92,92,92,92,99,99,99],"card_choices":[{"not_picked":["Leg Sweep","Accuracy"],"picked":"Bouncing Flask","floor":0},{"not_picked":["Accuracy","PiercingWail"],"picked":"Cloak And Dagger","floor":0},{"not_picked":["Underhanded Strike+1","Dagger Throw+1"],"picked":"Deadly Poison","floor":0},{"not_picked":["Calculated Gamble","Grand Finale+1"],"picked":"Caltrops","floor":0},{"not_picked":["Cloak And Dagger","Flying Knee+1"],"picked":"PiercingWail","floor":0},{"not_picked":["Dodge and Roll+1","Well Laid Plans","Riddle With Holes+1"],"picked":"SKIP","floor":1},{"not_picked":["Cloak And Dagger+1","PiercingWail+1","Flying Knee+1"],"picked":"SKIP","floor":2},{"not_picked":["ReplayTheSpireMod:??????????????????????","infinitespire:Menacing"],"picked":"infinitespire:UltimateForm","floor":4},{"not_picked":["Acrobatics+1","Hidden Blade+1"],"picked":"Burst+1","floor":5},{"not_picked":["Sneak Up+1","Sucker Punch+1"],"picked":"Dagger Spray+1","floor":7},{"not_picked":["Backflip+1","Accuracy"],"picked":"Dagger Spray+1","floor":8},{"not_picked":["Sucker Punch+1","Hidden Blade+1"],"picked":"Bane+1","floor":10},{"not_picked":["Acrobatics+1","Heel Hook+1","Finisher+1"],"picked":"SKIP","floor":13},{"not_picked":["Backflip+1","Dodge and Roll+1"],"picked":"Toxin Wave+1","floor":14},{"not_picked":["Glass Knife+1","Phantasmal Killer+1"],"picked":"ReplayTheSpireMod:Necrosis+1","floor":16},{"not_picked":["Sucker Punch+1","Backflip+1"],"picked":"All Out Attack+1","floor":18},{"not_picked":["Acrobatics+1","Deadly Poison+1"],"picked":"Toxin Wave+1","floor":20},{"not_picked":["Eviscerate+1","Sucker Punch+1"],"picked":"Adrenaline+1","floor":21},{"not_picked":["ReplayTheSpireMod:Scrap Shanks","Sucker Punch+1"],"picked":"Toxin Wave+1","floor":23},{"not_picked":["Deflect+1","Sucker Punch+1"],"picked":"Prepared+1","floor":25},{"not_picked":["Dagger Throw+1","Heel Hook+1"],"picked":"ReplayTheSpireMod:From All Sides+1","floor":27},{"not_picked":["Prepared+1","Deflect+1","Underhanded Strike+1"],"picked":"SKIP","floor":29},{"not_picked":["Dagger Throw+1","Storm of Steel+1","Distraction+1"],"picked":"SKIP","floor":31},{"not_picked":["Tools of the Trade","Unload+1"],"picked":"Die Die Die+1","floor":33},{"not_picked":["ReplayTheSpireMod:From All Sides","Replay:Bag of Tricks"],"picked":"Bullet Time","floor":34},{"not_picked":["Finesse","Good Instincts"],"picked":"PanicButton","floor":34},{"not_picked":["infinitespire:Menacing","ReplayTheSpireMod:Echoes of Time"],"picked":"infinitespire:FinalStrike","floor":34},{"not_picked":["Deflect+1","Flying Knee+1","Backflip+1"],"picked":"SKIP","floor":35},{"not_picked":["Dagger Spray+1","ReplayTheSpireMod:Tripwire+1"],"picked":"Catalyst+1","floor":36},{"not_picked":["Flying Knee+1","Quick Slash+1","Sucker Punch+1"],"picked":"SKIP","floor":39},{"not_picked":["Flying Knee+1","Well Laid Plans+1","Hidden Blade+1"],"picked":"SKIP","floor":40},{"not_picked":["Survey Options+1","Thinking Ahead+1"],"picked":"Transmutation+1","floor":42},{"not_picked":["PiercingWail+1","ReplayTheSpireMod:Exploit Weakness+1","Sucker Punch+1"],"picked":"SKIP","floor":44},{"not_picked":["Hidden Blade+1","Acrobatics+1"],"picked":"ReplayTheSpireMod:Speed Training+1","floor":45},{"not_picked":["Outmaneuver+1","Choke+1","Underhanded Strike+1"],"picked":"SKIP","floor":47},{"not_picked":["Quick Slash+1","Outmaneuver+1","Dagger Spray+1"],"picked":"SKIP","floor":54}],"player_experience":291381,"relics_obtained":[{"floor":7,"key":"ReplayTheSpireMod:TigerMarble"},{"floor":9,"key":"Smiling Mask"},{"floor":23,"key":"Unceasing Top"},{"floor":26,"key":"Potion Belt"},{"floor":31,"key":"Replay:Bottled Snecko"},{"floor":36,"key":"StoneCalendar"},{"floor":37,"key":"Onion Ring"},{"floor":40,"key":"Regal Pillow"},{"floor":45,"key":"CeramicFish"},{"floor":54,"key":"infinitespire:Satchel"}],"event_choices":[{"cards_removed":["Defend_G"],"damage_healed":0,"gold_gain":0,"player_choice":"Gave Gold","damage_taken":0,"max_hp_gain":0,"max_hp_loss":0,"event_name":"Beggar","floor":19,"gold_loss":75},{"damage_healed":0,"gold_gain":0,"player_choice":"Copied","damage_taken":0,"max_hp_gain":0,"max_hp_loss":0,"event_name":"Duplicator","floor":22,"gold_loss":0,"cards_obtained":["infinitespire:Neurotoxin"]},{"damage_healed":0,"gold_gain":0,"player_choice":"Fight","damage_taken":0,"max_hp_gain":0,"max_hp_loss":0,"event_name":"Mysterious Sphere","floor":36,"gold_loss":0},{"damage_healed":0,"gold_gain":999,"player_choice":"Gold","damage_taken":0,"max_hp_gain":0,"max_hp_loss":0,"event_name":"MindBloom","floor":38,"gold_loss":0,"cards_obtained":["Normality","Normality"]},{"damage_healed":0,"gold_gain":0,"player_choice":"Memory 1","damage_taken":0,"max_hp_gain":0,"max_hp_loss":0,"event_name":"SensoryStone","floor":42,"gold_loss":0}],"is_beta":false,"boss_relics":[{"not_picked":["Abe\u0027s Treasure","Busted Crown","Ring of Chaos"]},{"not_picked":["Replay:Wanted Poster","Honey Jar"],"picked":"ReplayTheSpireMod:SealedPack"}],"items_purged_floors":[0,0,0,0,0,3,12,12,28,30,48,53,53],"is_endless":false,"potions_floor_spawned":[2,14,16,18,21,29,31,35,39,44],"ascension_level":0}}