{"host":"6q94iy5iz6612v89","time":1610084598,"event":{"mods":["AchievementEnabler","BaseMod","Colored Map","DeckTracker","Keyboard Shortcuts","Minty Spire (QoL Compilation)","Permanent Neow","StSLib","SuperFastMode"],"gold_per_floor":[112,128,148,148,167,167,193,193,193,209,229,154,170,186,186,265,265,283,124,141,141,141,141,168,168,168,184,19,32,32,66,66,138,138,148,160,60,80,80,112,112,141,141,141,141,16,16,49,49,49,49,49,49,49,84,84,84],"floor_reached":56,"playtime":1897,"items_purged":["Pommel Strike","Cleave+1","Perfected Strike"],"score":2000,"play_id":"feb0b212-30ee-4664-b7a1-fd4b2da6c8df","local_time":"20210108144318","is_ascension_mode":true,"campfire_choices":[{"data":"Cleave","floor":6.0,"key":"SMITH"},{"data":"Fire Breathing","floor":8.0,"key":"SMITH"},{"data":"Feel No Pain","floor":15.0,"key":"SMITH"},{"data":"Feel No Pain","floor":23.0,"key":"SMITH"},{"data":"Barricade","floor":25.0,"key":"SMITH"},{"data":"Second Wind","floor":30.0,"key":"SMITH"},{"data":"Seeing Red","floor":32.0,"key":"SMITH"},{"floor":41.0,"key":"RECALL"},{"floor":45.0,"key":"DIG"},{"floor":47.0,"key":"DIG"},{"floor":49.0,"key":"REST"},{"floor":53,"key":"REST"}],"circlet_count":0,"master_deck":["AscendersBane","Defend_R","Defend_R","Fire Breathing+1","Shockwave","Havoc","Wild Strike","Feel No Pain+1","Barricade+1","Feed+1","Uppercut+1","Warcry+1","Seeing Red+1","Feel No Pain+1","Warcry","Second Wind+1","Feel No Pain+1","Battle Trance","Sentinel","Fiend Fire","Body Slam","Shrug It Off+1"],"relics":["Burning Blood","Dead Branch","Pear","Astrolabe","Sundial","DollysMirror","White Beast Statue","Cursed Key","Shovel","Blue Candle","Bag of Preparation","Red Skull","Ice Cream","Gremlin Horn"],"acts_visited":["Exordium","TheCity","TheBeyond","TheEnding"],"potions_floor_usage":[51,51,56],"damage_taken":[{"damage":7.0,"enemies":"2 Louse","floor":1.0,"turns":4.0},{"damage":0.0,"enemies":"Cultist","floor":2.0,"turns":2.0},{"damage":4.0,"enemies":"Jaw Worm","floor":3.0,"turns":4.0},{"damage":12.0,"enemies":"Looter","floor":5.0,"turns":3.0},{"damage":20.0,"enemies":"3 Sentries","floor":7.0,"turns":3.0},{"damage":0.0,"enemies":"2 Fungi Beasts","floor":10.0,"turns":3.0},{"damage":9.0,"enemies":"3 Louse","floor":11.0,"turns":3.0},{"damage":27.0,"enemies":"Large Slime","floor":13.0,"turns":7.0},{"damage":3.0,"enemies":"Gremlin Gang","floor":14.0,"turns":3.0},{"damage":21.0,"enemies":"Slime Boss","floor":16.0,"turns":7.0},{"damage":11.0,"enemies":"Chosen","floor":18.0,"turns":5.0},{"damage":22.0,"enemies":"Shell Parasite","floor":20.0,"turns":13.0},{"damage":12.0,"enemies":"Slavers","floor":24.0,"turns":5.0},{"damage":28.0,"enemies":"Centurion and Healer","floor":27.0,"turns":10.0},{"damage":0.0,"enemies":"Cultist and Chosen","floor":29.0,"turns":4.0},{"damage":6.0,"enemies":"Book of Stabbing","floor":31.0,"turns":8.0},{"damage":33.0,"enemies":"Collector","floor":33.0,"turns":17.0},{"damage":0.0,"enemies":"3 Darklings","floor":35.0,"turns":5.0},{"damage":16.0,"enemies":"Orb Walker","floor":36.0,"turns":4.0},{"damage":0.0,"enemies":"4 Shapes","floor":38.0,"turns":6.0},{"damage":12.0,"enemies":"Nemesis","floor":40.0,"turns":5.0},{"damage":7.0,"enemies":"Reptomancer","floor":42.0,"turns":4.0},{"damage":31.0,"enemies":"Nemesis","floor":48.0,"turns":5.0},{"damage":1.0,"enemies":"Donu and Deca","floor":50.0,"turns":7.0},{"damage":94,"enemies":"Awakened One","floor":51,"turns":12},{"damage":46,"enemies":"Shield and Spear","floor":55,"turns":9},{"damage":46,"enemies":"The Heart","floor":56,"turns":8}],"seed_played":"2328376738823895512","potions_obtained":[{"floor":3.0,"key":"AttackPotion"},{"floor":7.0,"key":"LiquidBronze"},{"floor":11.0,"key":"Energy Potion"},{"floor":14.0,"key":"BloodPotion"},{"floor":16.0,"key":"Fire Potion"},{"floor":18.0,"key":"Regen Potion"},{"floor":24.0,"key":"Swift Potion"},{"floor":29.0,"key":"Fire Potion"},{"floor":33.0,"key":"Energy Potion"},{"floor":36.0,"key":"BloodPotion"},{"floor":38.0,"key":"Regen Potion"},{"floor":55,"key":"SpeedPotion"}],"is_trial":false,"path_per_floor":["M","M","M","?","M","R","E","R","T","M","M","?","M","M","R","B",null,"M","$","M","?","?","R","E","R","T","M","$","M","R","E","R","B",null,"M","M","$","M","?","E","R","E","T","?","R","$","R","E","R","B","B",null,"R","$","E","B"],"character_chosen":"IRONCLAD","items_purchased":["Seeing Red","DollysMirror"],"campfire_rested":2,"item_purchase_floors":[19,28],"current_hp_per_floor":[49,55,57,57,51,51,37,37,47,53,50,50,29,32,32,34,72,67,67,51,51,51,51,59,59,59,37,37,43,43,43,43,16,68,74,64,64,89,89,83,83,82,82,82,82,82,82,57,82,85,12,67,85,85,45,0,0],"gold":84,"neow_bonus":"REMOVE_TWO","is_daily":false,"chose_seed":false,"campfire_upgraded":7,"win_rate":0.0,"timestamp":1610084598,"path_taken":["M","M","M","?","M","R","E","R","T","M","?","?","M","M","R","BOSS","M","$","M","?","?","R","E","R","T","M","$","M","R","E","R","BOSS","M","M","$","M","?","E","R","E","T","?","R","$","R","E","R","BOSS","BOSS","R","$","E","BOSS"],"items_purchased_type":["Card","Relic"],"build_version":"2020-12-22","purchased_purges":3,"victory":false,"max_hp_per_floor":[75,75,75,75,75,75,75,75,85,85,85,85,85,85,85,85,85,85,85,85,85,85,85,85,85,85,85,85,85,85,85,85,85,85,85,85,85,89,89,89,89,89,89,85,85,85,85,85,85,85,85,85,85,85,85,85,85],"card_choices":[{"not_picked":["Reckless Charge","Ghostly Armor"],"picked":"Pommel Strike","floor":1.0},{"not_picked":["Sword Boomerang","Thunderclap"],"picked":"Fire Breathing","floor":2.0},{"not_picked":["Seeing Red","Flex"],"picked":"Cleave","floor":3.0},{"not_picked":["Anger","Heavy Blade","Warcry"],"picked":"SKIP","floor":5.0},{"not_picked":["Reckless Charge","Limit Break"],"picked":"Flame Barrier","floor":7.0},{"not_picked":["Searing Blow","Dropkick"],"picked":"Shockwave","floor":10.0},{"not_picked":["Shrug It Off","Anger"],"picked":"Havoc","floor":11.0},{"not_picked":["Heavy Blade","Rampage"],"picked":"Wild Strike","floor":13.0},{"not_picked":["Heavy Blade","Shockwave"],"picked":"Feel No Pain","floor":14.0},{"not_picked":["Limit Break","Feed"],"picked":"Barricade","floor":16.0},{"not_picked":["Shockwave","Twin Strike"],"picked":"Warcry+1","floor":18.0},{"not_picked":["Warcry","Flame Barrier","Sword Boomerang"],"picked":"SKIP","floor":20.0},{"not_picked":["Demon Form","Metallicize","Cleave"],"picked":"SKIP","floor":24.0},{"not_picked":["Combust","Bloodletting"],"picked":"Second Wind","floor":27.0},{"not_picked":["Flex","Searing Blow"],"picked":"Battle Trance","floor":29.0},{"not_picked":["Twin Strike+1","Flex"],"picked":"Sentinel","floor":31.0},{"not_picked":["Feed","Berserk"],"picked":"Fiend Fire","floor":33.0},{"not_picked":["Wild Strike+1","True Grit"],"picked":"Body Slam","floor":35.0},{"not_picked":["Sentinel","Heavy Blade+1","Flame Barrier+1"],"picked":"SKIP","floor":36.0},{"not_picked":["Combust","Inflame","Seeing Red"],"picked":"SKIP","floor":38.0},{"not_picked":["Spot Weakness+1","Flex+1"],"picked":"Shrug It Off+1","floor":40.0},{"not_picked":["Twin Strike","Havoc","Rage"],"picked":"SKIP","floor":42.0},{"not_picked":["Shrug It Off+1","Whirlwind","Uppercut"],"picked":"SKIP","floor":48.0},{"not_picked":["Inflame","Fiend Fire","Berserk"],"picked":"SKIP","floor":55}],"player_experience":1434633,"relics_obtained":[{"floor":7.0,"key":"Dead Branch"},{"floor":9.0,"key":"Pear"},{"floor":24.0,"key":"Sundial"},{"floor":31.0,"key":"White Beast Statue"},{"floor":40.0,"key":"Shovel"},{"floor":42.0,"key":"Blue Candle"},{"floor":45.0,"key":"Bag of Preparation"},{"floor":47.0,"key":"Red Skull"},{"floor":48.0,"key":"Ice Cream"},{"floor":55,"key":"Gremlin Horn"}],"event_choices":[{"cards_removed":["Strike_R"],"damage_healed":0.0,"max_hp_gain":0.0,"max_hp_loss":0.0,"gold_gain":0.0,"event_name":"Purifier","player_choice":"Purged","floor":4.0,"gold_loss":0.0,"damage_taken":0.0},{"cards_removed":["Strike_R"],"damage_healed":0.0,"max_hp_gain":0.0,"max_hp_loss":0.0,"gold_gain":0.0,"event_name":"The Cleric","player_choice":"Card Removal","floor":12.0,"gold_loss":75.0,"damage_taken":0.0},{"damage_healed":0.0,"max_hp_gain":0.0,"max_hp_loss":0.0,"gold_gain":0.0,"event_name":"The Library","player_choice":"Read","floor":21.0,"gold_loss":0.0,"damage_taken":0.0,"cards_obtained":["Feel No Pain"]},{"damage_healed":0.0,"max_hp_gain":0.0,"max_hp_loss":0.0,"gold_gain":0.0,"cards_transformed":["Bash","Clash"],"event_name":"Drug Dealer","player_choice":"Became Test Subject","floor":22.0,"gold_loss":0.0,"damage_taken":0.0,"cards_obtained":["Warcry","Perfected Strike"]},{"cards_removed":["Flame Barrier"],"damage_healed":0.0,"max_hp_gain":0.0,"max_hp_loss":0.0,"gold_gain":0.0,"event_name":"Falling","player_choice":"Removed Skill","floor":39.0,"gold_loss":0.0,"damage_taken":0.0},{"damage_healed":0.0,"max_hp_gain":0.0,"max_hp_loss":4.0,"gold_gain":0.0,"event_name":"Winding Halls","player_choice":"Max HP","floor":44.0,"gold_loss":0.0,"damage_taken":0.0}],"is_beta":false,"boss_relics":[{"not_picked":["SacredBark","Busted Crown"],"picked":"Astrolabe"},{"not_picked":["SlaversCollar","Runic Pyramid"],"picked":"Cursed Key"}],"items_purged_floors":[19,37,46],"is_endless":false,"potions_floor_spawned":[3,7,11,14,16,18,24,29,31,33,35,36,38,40,42,48,55],"killed_by":"The Heart","ascension_level":20}}