{"host":"dhv3u8yhd2rnugsp","time":1610139633,"event":{"mods":["BaseMod","Block Reminder","Colored Map","Googly Eyes","Highlight Path","Minty Spire (QoL Compilation)","Permanent Neow","Quick Restart","Random Character Button","StSLib"],"gold_per_floor":[118,43,63,63,63,99,61,61,61,61,88,88,122,150,150,264,264,294,294,314,100,15,15,77,77,129,191,191,232,290,299,299,412,412,465,313,327,327,327,327,342,405,405,466,466,530,47,83,83,83],"floor_reached":51,"playtime":2778,"items_purged":["Strike_P","Writhe","Strike_P+1"],"score":1334,"play_id":"ab27752b-b65a-4f6e-8a55-1b3cd47a4780","local_time":"20210108150033","is_ascension_mode":true,"campfire_choices":[{"data":"BowlingBash","floor":8,"key":"SMITH"},{"data":"CutThroughFate","floor":10,"key":"SMITH"},{"data":"Wish","floor":15,"key":"SMITH"},{"data":"TalkToTheHand","floor":23,"key":"SMITH"},{"floor":25,"key":"REST"},{"floor":28,"key":"REST"},{"floor":32,"key":"REST"},{"data":"Scrawl","floor":40,"key":"SMITH"},{"floor":49,"key":"REST"}],"circlet_count":0,"master_deck":["AscendersBane","Defend_P+1","Defend_P+1","Defend_P+1","Defend_P+1","Eruption+1","Vigilance+1","BowlingBash+1","WheelKick+1","EmptyMind+1","CutThroughFate+1","Consecrate+1","ClearTheMind+1","Wish+1","LessonLearned+1","TalkToTheHand+1","Meditate+1","Scrawl+1","FlurryOfBlows+1","SandsOfTime+1","SandsOfTime+1","Dark Shackles+1","Halt+1"],"relics":["PureWater","CeramicFish","CaptainsWheel","Orichalcum","Bag of Marbles","SlaversCollar","Membership Card","Pear","Bronze Scales","War Paint","Akabeko","Blood Vial","Philosopher\u0027s Stone","Frozen Eye","Lantern","Yang","Kunai","The Courier","Letter Opener","DollysMirror","Omamori","Mummified Hand","Bag of Preparation","Dream Catcher"],"acts_visited":["Exordium","TheCity","TheBeyond"],"potions_floor_usage":[18,18,27,30,33,41,42,50],"damage_taken":[{"damage":0,"enemies":"Cultist","floor":1,"turns":3},{"damage":4,"enemies":"Jaw Worm","floor":3,"turns":6},{"damage":9,"enemies":"3 Sentries","floor":6,"turns":8},{"damage":12,"enemies":"Gremlin Nob","floor":13,"turns":3},{"damage":0,"enemies":"Small Slimes","floor":14,"turns":2},{"damage":34,"enemies":"The Guardian","floor":16,"turns":10},{"damage":20,"enemies":"Chosen","floor":18,"turns":6},{"damage":0,"enemies":"Shell Parasite","floor":20,"turns":6},{"damage":23,"enemies":"Gremlin Leader","floor":24,"turns":6},{"damage":14,"enemies":"Book of Stabbing","floor":27,"turns":5},{"damage":0,"enemies":"Snake Plant","floor":29,"turns":5},{"damage":12,"enemies":"Cultist and Chosen","floor":30,"turns":6},{"damage":38,"enemies":"Collector","floor":33,"turns":11},{"damage":2,"enemies":"3 Shapes","floor":35,"turns":5},{"damage":0,"enemies":"Orb Walker","floor":37,"turns":1},{"damage":0,"enemies":"3 Darklings","floor":41,"turns":2},{"damage":7,"enemies":"Reptomancer","floor":42,"turns":4},{"damage":11,"enemies":"Nemesis","floor":44,"turns":4},{"damage":4,"enemies":"Reptomancer","floor":46,"turns":3},{"damage":5,"enemies":"Giant Head","floor":48,"turns":5},{"damage":7,"enemies":"Awakened One","floor":50,"turns":6}],"seed_played":"-5474784379063860029","potions_obtained":[{"floor":3,"key":"SmokeBomb"},{"floor":16,"key":"ColorlessPotion"},{"floor":24,"key":"AttackPotion"},{"floor":29,"key":"ColorlessPotion"},{"floor":30,"key":"Strength Potion"},{"floor":33,"key":"Weak Potion"},{"floor":37,"key":"Strength Potion"},{"floor":46,"key":"BlessingOfTheForge"}],"is_trial":false,"path_per_floor":["M","$","M","?","$","E","$","R","T","R","T","?","E","M","R","B",null,"M","?","M","$","?","R","E","R","T","E","R","M","M","?","R","B",null,"M","$","M","?","?","R","M","E","T","E","?","E","$","E","R","B",null],"character_chosen":"WATCHER","items_purchased":["Consecrate","TalkToTheHand","Membership Card","Meditate","Frozen Eye","Fire Potion","Letter Opener","DollysMirror","SkillPotion","Dark Shackles","Omamori","Mummified Hand","Bag of Preparation"],"campfire_rested":4,"item_purchase_floors":[7,21,21,21,36,36,47,47,47,47,47,47,47],"current_hp_per_floor":[61,61,57,57,57,48,48,48,48,48,48,48,36,36,36,2,52,32,32,32,32,42,42,19,42,42,28,51,51,39,39,62,26,65,65,65,67,67,67,67,69,64,64,55,55,53,53,50,72,67],"gold":83,"neow_bonus":"UPGRADE_CARD","is_daily":false,"chose_seed":false,"campfire_upgraded":5,"win_rate":0.0,"timestamp":1610139633,"path_taken":["M","$","M","?","?","E","$","R","T","R","?","?","E","M","R","BOSS","M","?","M","$","?","R","E","R","T","E","R","?","M","?","R","BOSS","M","$","M","?","?","R","M","E","T","E","?","E","$","E","R","BOSS"],"items_purchased_type":["Card","Card","Relic","Card","Relic","Potion","Relic","Relic","Potion","Card","Relic","Relic","Relic"],"build_version":"2020-12-22","purchased_purges":3,"victory":true,"max_hp_per_floor":[68,68,68,68,68,68,68,68,68,68,68,68,68,68,68,68,68,68,68,68,68,78,78,78,78,78,78,78,78,78,78,78,78,78,78,78,78,78,78,78,78,78,78,78,74,74,74,74,74,74],"card_choices":[{"not_picked":["PathToVictory","FlurryOfBlows"],"picked":"BowlingBash","floor":1},{"not_picked":["EmptyBody","WreathOfFlame"],"picked":"WheelKick","floor":3},{"not_picked":["PathToVictory","FollowUp"],"picked":"CutThroughFate","floor":6},{"not_picked":["SashWhip","Nirvana"],"picked":"ClearTheMind","floor":13},{"not_picked":["MentalFortress","Crescendo"],"picked":"Wish","floor":14},{"not_picked":["Alpha","DevaForm"],"picked":"LessonLearned","floor":16},{"not_picked":["WheelKick","Crescendo","EmptyBody"],"picked":"SKIP","floor":20},{"not_picked":["Pray+1","WheelKick","EmptyMind"],"picked":"SKIP","floor":24},{"not_picked":["Consecrate+1","PathToVictory","Protect"],"picked":"SKIP","floor":27},{"not_picked":["CarveReality","SignatureMove+1","FollowUp"],"picked":"SKIP","floor":29},{"not_picked":["Consecrate+1","EmptyFist"],"picked":"LikeWater","floor":30},{"not_picked":["Devotion","Judgement"],"picked":"Scrawl","floor":33},{"not_picked":["InnerPeace","EmptyFist"],"picked":"FlurryOfBlows","floor":35},{"not_picked":["Consecrate","FlyingSleeves","Prostrate"],"picked":"SKIP","floor":37},{"not_picked":["Wireheading","PathToVictory+1","FlyingSleeves"],"picked":"SKIP","floor":41},{"not_picked":["Protect","EmptyBody","Swivel"],"picked":"SKIP","floor":42},{"not_picked":["ClearTheMind","Weave","DeceiveReality"],"picked":"SKIP","floor":44},{"not_picked":["Consecrate+1","WreathOfFlame"],"picked":"SandsOfTime+1","floor":46},{"not_picked":["Blasphemy","Swivel"],"picked":"Halt+1","floor":48}],"player_experience":1622111,"relics_obtained":[{"floor":6,"key":"CeramicFish"},{"floor":9,"key":"CaptainsWheel"},{"floor":11,"key":"Orichalcum"},{"floor":13,"key":"Bag of Marbles"},{"floor":24,"key":"Bronze Scales"},{"floor":26,"key":"War Paint"},{"floor":27,"key":"Akabeko"},{"floor":42,"key":"Lantern"},{"floor":43,"key":"Yang"},{"floor":44,"key":"Kunai"},{"floor":46,"key":"The Courier"},{"floor":48,"key":"Dream Catcher"}],"event_choices":[{"damage_healed":0,"gold_gain":0,"cards_transformed":["Strike_P"],"player_choice":"Transformed","damage_taken":0,"max_hp_gain":0,"max_hp_loss":0,"event_name":"Transmorgrifier","floor":4,"gold_loss":0,"cards_obtained":["EmptyMind"]},{"cards_removed":["Strike_P"],"damage_healed":0,"gold_gain":0,"player_choice":"Offered Basic","damage_taken":0,"max_hp_gain":0,"max_hp_loss":0,"event_name":"Bonfire Elementals","floor":12,"gold_loss":0},{"damage_healed":0,"gold_gain":0,"player_choice":"Simplicity","damage_taken":0,"max_hp_gain":0,"max_hp_loss":0,"event_name":"Back to Basics","floor":19,"gold_loss":0,"cards_upgraded":["Strike_P","Defend_P","Defend_P","Defend_P","Defend_P"]},{"damage_healed":0,"gold_gain":0,"player_choice":"Obtained Relic","damage_taken":0,"relics_obtained":["Pear"],"max_hp_gain":0,"max_hp_loss":0,"event_name":"Addict","floor":22,"gold_loss":85},{"damage_healed":0,"gold_gain":0,"player_choice":"Opened","damage_taken":0,"relics_obtained":["Blood Vial"],"max_hp_gain":0,"max_hp_loss":0,"event_name":"The Mausoleum","floor":31,"gold_loss":0,"cards_obtained":["Writhe"]},{"cards_removed":["LikeWater"],"damage_healed":0,"gold_gain":0,"player_choice":"Removed Power","damage_taken":0,"max_hp_gain":0,"max_hp_loss":0,"event_name":"Falling","floor":38,"gold_loss":0},{"damage_healed":0,"gold_gain":0,"player_choice":"Ignored","damage_taken":0,"max_hp_gain":0,"max_hp_loss":0,"event_name":"Tomb of Lord Red Mask","floor":39,"gold_loss":0},{"damage_healed":0,"gold_gain":0,"player_choice":"Max HP","damage_taken":0,"max_hp_gain":0,"max_hp_loss":4,"event_name":"Winding Halls","floor":45,"gold_loss":0}],"is_beta":false,"boss_relics":[{"not_picked":["Busted Crown","Empty Cage"],"picked":"SlaversCollar"},{"not_picked":["Pandora\u0027s Box","SacredBark"],"picked":"Philosopher\u0027s Stone"}],"items_purged_floors":[2,36,47],"is_endless":false,"potions_floor_spawned":[3,16,24,29,30,33,37,46],"ascension_level":14}}