{"host":"z9grmtg2w0nmz8n1","time":1610079254,"event":{"mods":["Aspiration","Bard","BaseMod","Beaked The Cultist","Better Altar","Better Match","Better Note","Better Sensory Stone","Better Skull","Better Third Choice","BetterRewards","CCEM","Colored Map","Conspire","Downfall","GifTheSpireLib","Googly Eyes","Halation","Hermit","Highlight Path","Hubris","Hunter ??","Jedi Mod","Jorbs\u0027s Wanderer Trilogy","Mad Scientist","Marisa????????","Minty Spire (QoL Compilation)","Permanent Neow","Replay The Spire","Shade Mod","Shop Mod","Spicy Shops","StSLib","Stuff the Spire","The Bug Knight","The Construct","The Necromancer","The Runesmith","The Witch"],"gold_per_floor":[110,110,134,159,183,221,234,278,305,305,374,374,387,238,238,364,464,488,488,95,95,116,116,116,116],"floor_reached":24,"playtime":1110,"items_purged":["Strike_G","Strike_G"],"score":216,"play_id":"87b7693e-45d7-431e-b0e0-27dfa8429653","local_time":"20210108021414","is_ascension_mode":true,"campfire_choices":[{"floor":10,"key":"REST"},{"floor":12,"key":"REST"},{"floor":15,"key":"REST"},{"floor":23,"key":"REST"}],"circlet_count":0,"master_deck":["Strike_G+1","Strike_G","Strike_G+1","Defend_G","Defend_G","Defend_G","Defend_G","Defend_G","Survivor","Neutralize","hubris:SlightOfHand","A Thousand Cuts","jedi:collectorvenom","Deadly Poison","Noxious Fumes"],"relics":["Ring of the Snake","Golden Idol","ReplayTheSpireMod:TigerMarble","WingedGreaves","Whetstone","Replay:Grab Bag","Replay:Wanted Poster","aspiration:FutureDiary","aspiration:BeakedSkillbook","Tiny Chest","jedi:shrinkray"],"acts_visited":["Exordium","TheCity"],"potions_floor_usage":[3,6,8],"damage_taken":[{"damage":0,"enemies":"conspire:RoseBush","floor":1,"turns":4},{"damage":0,"enemies":"2 Louse","floor":3,"turns":3},{"damage":0,"enemies":"Cultist","floor":4,"turns":4},{"damage":2,"enemies":"conspire:2 RoseBushes","floor":5,"turns":8},{"damage":32,"enemies":"Lagavulin","floor":6,"turns":6},{"damage":9,"enemies":"2 Fungi Beasts","floor":7,"turns":4},{"damage":19,"enemies":"Gremlin Nob","floor":8,"turns":5},{"damage":16,"enemies":"Gremlin Nob","floor":11,"turns":4},{"damage":0,"enemies":"3 Louse","floor":13,"turns":1},{"damage":16,"enemies":"The Guardian","floor":16,"turns":9},{"damage":9,"enemies":"Shell Parasite","floor":18,"turns":5},{"damage":10,"enemies":"Chosen","floor":22,"turns":5},{"damage":65,"enemies":"Slavers","floor":24,"turns":6}],"seed_played":"-6976950034626344772","potions_obtained":[{"floor":1,"key":"LiquidBronze"},{"floor":5,"key":"Energy Potion"},{"floor":6,"key":"GhostInAJar"},{"floor":16,"key":"Elixir"}],"is_trial":false,"path_per_floor":["M","?","M","M","M","E","M","E","T","R","?","R","M","$","R","B",null,"M","?","$","?","M","R","E"],"character_chosen":"THE_SILENT","items_purchased":["Noxious Fumes","Tiny Chest","jedi:shrinkray"],"campfire_rested":4,"item_purchase_floors":[14,20,20],"current_hp_per_floor":[70,65,65,65,63,31,22,3,3,22,6,25,25,25,44,28,65,56,56,56,56,47,65,0,0],"gold":116,"neow_bonus":"RANDOM_COLORLESS","is_daily":false,"chose_seed":false,"campfire_upgraded":0,"win_rate":0.0,"timestamp":1610079254,"path_taken":["M","?","M","M","M","E","M","E","T","R","?","R","M","$","R","BOSS","M","?","$","?","M","R","E"],"items_purchased_type":["Card","Relic","Relic"],"build_version":"2020-12-22","purchased_purges":2,"victory":false,"max_hp_per_floor":[70,65,65,65,65,65,65,65,65,65,65,65,65,65,65,65,65,65,65,65,65,65,65,65,65],"card_choices":[{"not_picked":["Hidden Blade","Dodge and Roll"],"picked":"hubris:SlightOfHand","floor":1},{"not_picked":["Acrobatics","Slice"],"picked":"A Thousand Cuts","floor":3},{"not_picked":["Deadly Poison","Outmaneuver"],"picked":"jedi:collectorvenom","floor":4},{"not_picked":["hubris:SlightOfHand","Backflip"],"picked":"Deadly Poison","floor":5},{"not_picked":["hubris:SlightOfHand","jedi:studypoison"],"picked":"jedi:collectorvenom","floor":6},{"not_picked":["Sucker Punch","Underhanded Strike"],"picked":"jedi:collectorvenom","floor":7},{"not_picked":["All Out Attack","jedi:poisonivy","Choke"],"picked":"SKIP","floor":8},{"not_picked":["Leg Sweep","Dagger Spray"],"picked":"jedi:collectorvenom","floor":13},{"not_picked":["Tools of the Trade","Poison Darts"],"picked":"jedi:collectorvenom","floor":16},{"not_picked":["beaked:Overpower","Hidden Blade","beaked:DigDeep+1"],"picked":"jedi:collectorvenom","floor":18},{"not_picked":["Deflect","Outmaneuver","beaked:MaddeningMurmurs","beaked:Negation"],"picked":"SKIP","floor":22}],"player_experience":808207,"relics_obtained":[{"floor":6,"key":"ReplayTheSpireMod:TigerMarble"},{"floor":8,"key":"WingedGreaves"},{"floor":11,"key":"Whetstone"}],"event_choices":[{"damage_healed":0,"gold_gain":0,"player_choice":"Lose Max HP","damage_taken":0,"relics_obtained":["Golden Idol"],"max_hp_gain":0,"max_hp_loss":5,"event_name":"Golden Idol","floor":2,"gold_loss":0},{"damage_healed":0,"gold_gain":0,"player_choice":"Searched \u00271\u0027 times","damage_taken":0,"max_hp_gain":0,"max_hp_loss":0,"event_name":"Dead Adventurer","floor":11,"gold_loss":0},{"cards_removed":["Strike_G"],"damage_healed":0,"gold_gain":0,"player_choice":"Give","damage_taken":0,"max_hp_gain":0,"max_hp_loss":0,"event_name":"betterNote:BetterNote","floor":19,"gold_loss":0,"cards_obtained":["Strike_G"]},{"damage_healed":0,"gold_gain":2,"player_choice":"1","damage_taken":0,"max_hp_gain":0,"max_hp_loss":0,"event_name":"betterStone:BetterStone","floor":21,"gold_loss":0}],"is_beta":false,"boss_relics":[{"not_picked":["ReplayTheSpireMod:DimensionalGlitch","halation:LoveArrow"],"picked":"Replay:Grab Bag"},{"not_picked":["hubris:RunicObelisk","Painkiller Herb"],"picked":"Replay:Wanted Poster"},{"not_picked":["Coffee Dripper","hubris:CrackedHourglass"],"picked":"aspiration:FutureDiary"},{"not_picked":["Snecko Eye","halation:MonkeysPaw"],"picked":"aspiration:BeakedSkillbook"}],"items_purged_floors":[14,20],"is_endless":false,"potions_floor_spawned":[1,5,6,16],"killed_by":"Slavers","ascension_level":1}}