{"host":"q2j4ef1ti78v4imq","time":1610127815,"event":{"mods":["AchievementEnabler","BaseMod","Better Altar","Better Match","Better Note","Better Sensory Stone","Better Skull","Better Third Choice","Block Reminder","Hermit","Minty Spire (QoL Compilation)","Relic Stats","Replay The Spire","Shade Mod","StSLib"],"gold_per_floor":[112,153,153,164,175,201,201,533,533,14,14,44,60,93,93,172,172,191,202,202,202],"floor_reached":20,"playtime":1077,"items_purged":["Regret"],"score":384,"play_id":"a947ff02-e5a4-42cf-8d66-7aa62dbede8a","local_time":"20210108174335","is_ascension_mode":true,"campfire_choices":[{"floor":7,"key":"REST"},{"floor":11,"key":"REST"}],"circlet_count":0,"master_deck":["AscendersBane","Strike_R","Strike_R","Strike_R","Strike_R","Strike_R","Defend_R","Defend_R","Defend_R","Defend_R","Bash","Double Tap","Life Link","Pommel Strike","Perfected Strike","Reckless Charge","Armaments","Dropkick","Sword Boomerang+1","Double Tap"],"relics":["Burning Blood","Letter Opener","Blue Candle","Old Coin","Gambling Chip","Torii","Self Forming Clay","Divine Protection","Black Star"],"acts_visited":["Exordium","TheCity"],"potions_floor_usage":[6,6,8,12,14,16,20],"damage_taken":[{"damage":6,"enemies":"Small Slimes","floor":1,"turns":4},{"damage":8,"enemies":"Jaw Worm","floor":4,"turns":6},{"damage":3,"enemies":"2 Louse","floor":5,"turns":2},{"damage":22,"enemies":"Lagavulin","floor":6,"turns":5},{"damage":22,"enemies":"Replay:BlueRogue","floor":8,"turns":7},{"damage":4,"enemies":"3 Sentries","floor":12,"turns":8},{"damage":10,"enemies":"Red Slaver","floor":13,"turns":4},{"damage":19,"enemies":"Gremlin Nob","floor":14,"turns":3},{"damage":28,"enemies":"Hexaghost","floor":16,"turns":8},{"damage":32,"enemies":"Shell Parasite","floor":18,"turns":6},{"damage":20,"enemies":"Spheric Guardian","floor":19,"turns":4},{"damage":40,"enemies":"Cultist and Chosen","floor":20,"turns":6}],"seed_played":"-7374994930511003191","potions_obtained":[{"floor":1,"key":"ColorlessPotion"},{"floor":2,"key":"Strength Potion"},{"floor":4,"key":"Weak Potion"},{"floor":6,"key":"Fire Potion"},{"floor":12,"key":"Weak Potion"},{"floor":14,"key":"Energy Potion"},{"floor":19,"key":"Fire Potion"}],"is_trial":false,"path_per_floor":["M","?","?","M","M","E","R","E","T","$","R","E","M","E","R","B",null,"M","M","M"],"character_chosen":"IRONCLAD","items_purchased":["Torii","Armaments","Block Potion"],"campfire_rested":2,"item_purchase_floors":[10,10,10],"current_hp_per_floor":[68,38,38,36,39,23,45,29,29,29,51,53,49,36,58,36,65,39,25,0,0],"gold":202,"neow_bonus":"THREE_RARE_CARDS","is_daily":false,"chose_seed":false,"campfire_upgraded":0,"win_rate":0.0,"timestamp":1610127815,"path_taken":["M","?","?","M","M","E","R","E","T","$","R","E","M","E","R","BOSS","M","M","M"],"items_purchased_type":["Relic","Card","Potion"],"build_version":"2020-12-22","purchased_purges":1,"victory":false,"max_hp_per_floor":[75,75,75,75,75,75,75,75,75,75,75,75,75,75,75,75,75,75,75,75,75],"relic_stats":{"Torii":41,"counters":[12,63],"Self Forming Clay":[72],"Blue Candle":[1],"Gambling Chip":[10],"Black Star":0,"Letter Opener":[10],"obtain_stats":[{"Divine Protection":14,"Torii":10,"Self Forming Clay":12,"Blue Candle":6,"Gambling Chip":9,"Black Star":17,"Letter Opener":2,"Burning Blood":0,"Old Coin":8},{"Divine Protection":8,"Torii":5,"Self Forming Clay":6,"Blue Candle":4,"Gambling Chip":5,"Black Star":9,"Letter Opener":1,"Burning Blood":0,"Old Coin":5},{"Divine Protection":39,"Torii":24,"Self Forming Clay":32,"Blue Candle":17,"Gambling Chip":24,"Black Star":47,"Letter Opener":4,"Burning Blood":0,"Old Coin":24}],"Burning Blood":66},"card_choices":[{"not_picked":["Fiend Fire","Hemogenesis"],"picked":"Double Tap","floor":0},{"not_picked":["True Grit","Wild Strike","ReplayTheSpireMod:Strike From Hell"],"picked":"SKIP","floor":1},{"not_picked":["Reckless Charge","Dark Embrace"],"picked":"Life Link","floor":2},{"not_picked":["Shrug It Off","Massacre"],"picked":"Pommel Strike","floor":4},{"not_picked":["Power Through","Rampage","Searing Blow"],"picked":"SKIP","floor":5},{"not_picked":["Clash","Demonic Infusion"],"picked":"Perfected Strike","floor":6},{"not_picked":["Shrug It Off","Dark Embrace"],"picked":"Reckless Charge","floor":8},{"not_picked":["Havoc","Hemokinesis"],"picked":"Dropkick","floor":12},{"not_picked":["Anger","Heavy Blade","Clash"],"picked":"SKIP","floor":13},{"not_picked":["Cleave","Body Slam"],"picked":"Sword Boomerang","floor":14},{"not_picked":["Demonic Infusion","Fiend Fire"],"picked":"Double Tap","floor":16},{"not_picked":["Warcry","ReplayTheSpireMod:Strike From Hell","Searing Blow"],"picked":"SKIP","floor":18},{"not_picked":["Abandon","Headbutt","Flame Barrier"],"picked":"SKIP","floor":19}],"player_experience":841933,"relics_obtained":[{"floor":2,"key":"Letter Opener"},{"floor":6,"key":"Blue Candle"},{"floor":8,"key":"Old Coin"},{"floor":9,"key":"Gambling Chip"},{"floor":12,"key":"Self Forming Clay"},{"floor":14,"key":"Divine Protection"}],"event_choices":[{"damage_healed":0,"gold_gain":0,"player_choice":"Ignored","damage_taken":153,"max_hp_gain":0,"max_hp_loss":0,"event_name":"betterThird:BetterSerpent","floor":3,"gold_loss":0}],"is_beta":false,"boss_relics":[{"not_picked":["Tiny House","Replay:Drink Me"],"picked":"Black Star"}],"items_purged_floors":[10],"is_endless":false,"potions_floor_spawned":[1,4,6,12,14,19],"killed_by":"Cultist and Chosen","ascension_level":18}}