{"host":"ppgxiu8l5yxvf2gn","time":1610070035,"event":{"mods":["BaseMod","Koishi","Marisa£¨Ùöéë¡¡Øª×âÞÞ£©","Minty Spire (QoL Compilation)","StSLib","Td1madao Mod","The Gatherer","WarShipGirlsR/??á´Ò³R mod"],"gold_per_floor":[11800,10674,10687,10687,10704,10737,10737,10747,10747,10781,10791,9312,9312,9322,9322,9423,9423,9443,9443,9542,9642,9659,9659,9659],"floor_reached":23,"playtime":1248,"items_purged":["rmod:strick","rmod:strick"],"score":211,"play_id":"094e3695-da19-43c7-9d8f-dc692c90280f","local_time":"20210108104035","is_ascension_mode":true,"campfire_choices":[{"floor":7,"key":"RECALL"},{"floor":15,"key":"REST"}],"circlet_count":0,"master_deck":["rmod:defend","rmod:defend","rmod:defend","rmod:basicallowance","rmod:maingunfire","rmod:secretscript","rmod:intelligenceanalysis","rmod:secretscript","Forethought","rmod:expedition","rmod:aluminumsupply","rmod:goodfighter","rmod:overbreakdown","Magnetism+1","rmod:steelsupply","rmod:bulid","rmod:diamondstrike","rmod:fuelsupply","rmod:aviationdawn","rmod:unsinkable","rmod:acesubmarine","rmod:ring","rmod:windflower","rmod:tearstotiara","Forethought","Metamorphosis","rmod:mineteam","Iron Wave","rmod:chargemoney","rmod:ridicule","rmod:firesupport+1","rmod:circuitoustactics"],"relics":["rmod:firstchargereward","DollysMirror","Ornamental Fan","Lantern","Sundial","Peace Pipe","Strange Spoon","Matryoshka","Torii","Empty Cage"],"acts_visited":["Exordium","TheCity"],"potions_floor_usage":[10,22,23],"damage_taken":[{"damage":0,"enemies":"2 Louse","floor":1,"turns":2},{"damage":5,"enemies":"Small Slimes","floor":3,"turns":2},{"damage":9,"enemies":"Cultist","floor":5,"turns":4},{"damage":19,"enemies":"Lagavulin","floor":6,"turns":7},{"damage":5,"enemies":"Blue Slaver","floor":8,"turns":3},{"damage":23,"enemies":"3 Sentries","floor":10,"turns":8},{"damage":0,"enemies":"Looter","floor":11,"turns":1},{"damage":9,"enemies":"Lots of Slimes","floor":14,"turns":5},{"damage":24,"enemies":"Hexaghost","floor":16,"turns":9},{"damage":9,"enemies":"Spheric Guardian","floor":18,"turns":5},{"damage":45,"enemies":"2 Thieves","floor":22,"turns":4},{"damage":8,"enemies":"Slavers","floor":23,"turns":1}],"seed_played":"8894101754887459175","potions_obtained":[{"floor":3,"key":"SneckoOil"},{"floor":5,"key":"GamblersBrew"},{"floor":11,"key":"EssenceOfSteel"},{"floor":16,"key":"Weak Potion"}],"is_trial":false,"path_per_floor":["M","$","M","?","M","E","R","M","T","E","M","$","?","M","R","B",null,"M","?","?","?","M","E"],"character_chosen":"PRAEFECT","items_purchased":["DollysMirror","Forethought","rmod:expedition","rmod:aluminumsupply","rmod:goodfighter","rmod:overbreakdown","Magnetism","Ornamental Fan","Lantern","rmod:acesubmarine","rmod:ring","rmod:windflower","Strange Spoon","Matryoshka","Torii","rmod:tearstotiara","Forethought","Metamorphosis","rmod:mineteam"],"campfire_rested":1,"item_purchase_floors":[2,2,2,2,2,2,2,2,2,12,12,12,12,12,12,12,12,12,12],"current_hp_per_floor":[75,75,70,70,61,42,42,37,37,14,14,14,14,5,27,3,75,66,52,52,52,7,0,0],"gold":9659,"neow_bonus":"ONE_RANDOM_RARE_CARD","is_daily":false,"chose_seed":false,"campfire_upgraded":0,"win_rate":0.0,"timestamp":1610070035,"path_taken":["M","$","M","?","M","E","R","M","T","E","M","$","?","M","R","BOSS","M","?","?","?","M","E"],"items_purchased_type":["Relic","Card","Card","Card","Card","Card","Card","Relic","Relic","Card","Card","Card","Relic","Relic","Relic","Card","Card","Card","Card"],"build_version":"2020-12-22","purchased_purges":2,"victory":false,"max_hp_per_floor":[75,75,75,75,75,75,75,75,75,75,75,75,75,75,75,75,75,75,80,80,80,80,80,80],"card_choices":[{"not_picked":["rmod:firesupport","rmod:unsinkable"],"picked":"rmod:intelligenceanalysis","floor":1},{"not_picked":["rmod:unsinkable","rmod:victimresponsibility"],"picked":"rmod:steelsupply","floor":3},{"not_picked":["rmod:generalist","rmod:highspeedshooting"],"picked":"rmod:bulid","floor":5},{"not_picked":["rmod:tearstotiara","rmod:capitalist"],"picked":"rmod:diamondstrike","floor":6},{"not_picked":["rmod:circuitoustactics","rmod:highspeedshooting"],"picked":"rmod:fuelsupply","floor":8},{"not_picked":["rmod:u235","rmod:wolves"],"picked":"rmod:aviationdawn","floor":10},{"not_picked":["rmod:royalracing","rmod:aviationdawn"],"picked":"rmod:unsinkable","floor":11},{"not_picked":["rmod:combined","rmod:fuelsupply"],"picked":"rmod:chargemoney","floor":14},{"not_picked":["rmod:secretscript","rmod:expeditionaryescort"],"picked":"rmod:ridicule","floor":16},{"not_picked":["rmod:circuitoustactics+1","rmod:goodsister"],"picked":"rmod:firesupport+1","floor":18},{"not_picked":["rmod:combined+1","rmod:garrisonisland"],"picked":"rmod:circuitoustactics","floor":22}],"player_experience":80671,"relics_obtained":[{"floor":6,"key":"Sundial"},{"floor":10,"key":"Peace Pipe"}],"event_choices":[{"damage_healed":0,"gold_gain":0,"player_choice":"Grow","damage_taken":0,"max_hp_gain":0,"max_hp_loss":0,"event_name":"Living Wall","floor":4,"gold_loss":0,"cards_upgraded":["Magnetism"]},{"cards_removed":["rmod:strick"],"damage_healed":0,"gold_gain":0,"player_choice":"Took Card","damage_taken":0,"max_hp_gain":0,"max_hp_loss":0,"event_name":"NoteForYourself","floor":13,"gold_loss":0,"cards_obtained":["Iron Wave"]},{"damage_healed":0,"gold_gain":0,"player_choice":"Shed Blood","damage_taken":19,"max_hp_gain":5,"max_hp_loss":0,"event_name":"Forgotten Altar","floor":19,"gold_loss":0},{"damage_healed":0,"gold_gain":99,"player_choice":"Stole From Cult","damage_taken":0,"max_hp_gain":0,"max_hp_loss":0,"event_name":"Nest","floor":20,"gold_loss":0},{"damage_healed":0,"gold_gain":100,"player_choice":"Pray","damage_taken":0,"max_hp_gain":0,"max_hp_loss":0,"event_name":"Golden Shrine","floor":21,"gold_loss":0}],"is_beta":false,"boss_relics":[{"not_picked":["Busted Crown","Runic Dome"],"picked":"Empty Cage"}],"items_purged_floors":[2,12],"is_endless":false,"potions_floor_spawned":[3,5,11,16],"killed_by":"Slavers","ascension_level":1}}