{"host":"19t2eyow02s954g8","time":1610115077,"event":{"mods":["BaseMod","Colored Map","DeckTracker","Minty Spire (QoL Compilation)","StSLib","SuperFastMode"],"gold_per_floor":[113,113,15,35,35,68,86,86,135,150,185,196,255,405,405,482,482,500,500,287,299,314,314,345,345,345],"floor_reached":25,"playtime":1157,"items_purged":["Doubt"],"score":512,"play_id":"d96c23e6-a127-422a-9763-9b26df9db264","local_time":"20210108231117","is_ascension_mode":true,"campfire_choices":[{"data":"Eviscerate","floor":8.0,"key":"SMITH"},{"data":"Neutralize","floor":15,"key":"SMITH"},{"data":"Calculated Gamble","floor":23,"key":"SMITH"}],"circlet_count":0,"master_deck":["AscendersBane","Strike_G","Strike_G","Strike_G","Strike_G","Strike_G","Defend_G","Defend_G","Defend_G","Defend_G","Defend_G","Survivor","Neutralize+1","Eviscerate+1","Trip","Acrobatics","PiercingWail","Noxious Fumes","Eviscerate","Crippling Poison","Calculated Gamble+1","Reflex","Acrobatics","Backflip"],"relics":["Ring of the Snake","NeowsBlessing","FaceOfCleric","Oddly Smooth Stone","Potion Belt","Paper Crane","Blue Candle","HoveringKite","The Courier"],"acts_visited":["Exordium","TheCity"],"potions_floor_usage":[13,18,22,24],"damage_taken":[{"damage":0.0,"enemies":"2 Louse","floor":1.0,"turns":1.0},{"damage":0.0,"enemies":"Small Slimes","floor":4.0,"turns":1.0},{"damage":0.0,"enemies":"Gremlin Nob","floor":6.0,"turns":1.0},{"damage":0.0,"enemies":"Cultist","floor":7.0,"turns":4.0},{"damage":0.0,"enemies":"Blue Slaver","floor":10.0,"turns":2.0},{"damage":17.0,"enemies":"3 Sentries","floor":11.0,"turns":12.0},{"damage":2.0,"enemies":"Looter","floor":12.0,"turns":2.0},{"damage":2,"enemies":"3 Sentries","floor":13,"turns":7},{"damage":25,"enemies":"The Guardian","floor":16,"turns":12},{"damage":2,"enemies":"Chosen","floor":18,"turns":5},{"damage":6,"enemies":"Shell Parasite","floor":21,"turns":3},{"damage":2,"enemies":"Centurion and Healer","floor":22,"turns":5},{"damage":52,"enemies":"Slavers","floor":24,"turns":9},{"damage":11,"enemies":"Shelled Parasite and Fungi","floor":25,"turns":2}],"seed_played":"4159154584671329674","potions_obtained":[{"floor":1.0,"key":"Fire Potion"},{"floor":6.0,"key":"Weak Potion"},{"floor":10.0,"key":"Swift Potion"},{"floor":11.0,"key":"Fire Potion"},{"floor":16,"key":"Block Potion"},{"floor":18,"key":"FearPotion"}],"is_trial":false,"path_per_floor":["M","?","$","M","?","E","M","R","T","M","E","M","?","?","R","B",null,"M","?","$","M","M","R","E","M"],"character_chosen":"THE_SILENT","items_purchased":["Trip","Acrobatics","CultistPotion"],"campfire_rested":0,"item_purchase_floors":[3,20,20],"current_hp_per_floor":[59,64,64,64,64,65,66,66,66,67,51,50,49,49,49,25,65,64,64,64,59,58,58,7,0,0],"gold":345,"neow_bonus":"THREE_ENEMY_KILL","is_daily":false,"chose_seed":false,"campfire_upgraded":3,"win_rate":0.0,"timestamp":1610115077,"path_taken":["M","?","$","M","?","E","M","R","T","?","E","M","?","?","R","BOSS","M","?","$","M","M","R","E","M"],"items_purchased_type":["Card","Card","Potion"],"build_version":"2020-12-22","purchased_purges":1,"victory":false,"max_hp_per_floor":[66,71,71,71,71,72,73,73,73,74,75,76,77,77,77,78,78,79,79,79,80,81,81,82,82,82],"card_choices":[{"not_picked":["Distraction","Acrobatics"],"picked":"Eviscerate","floor":1.0},{"not_picked":["Underhanded Strike","Eviscerate","Sucker Punch"],"picked":"SKIP","floor":4.0},{"not_picked":["Caltrops","Flechettes"],"picked":"Acrobatics","floor":6.0},{"not_picked":["Backflip","Quick Slash"],"picked":"PiercingWail","floor":7.0},{"not_picked":["Underhanded Strike","Sucker Punch"],"picked":"Noxious Fumes","floor":10.0},{"not_picked":["Setup","Dash","Backflip"],"picked":"SKIP","floor":11.0},{"not_picked":["Choke","Acrobatics"],"picked":"Eviscerate","floor":12.0},{"not_picked":["Slice","Grand Finale"],"picked":"Crippling Poison","floor":13},{"not_picked":["Underhanded Strike","Deflect"],"picked":"Calculated Gamble","floor":18},{"not_picked":["Flechettes","Quick Slash"],"picked":"Backflip","floor":21},{"not_picked":["Backflip","Dagger Throw","Blade Dance"],"picked":"SKIP","floor":22},{"not_picked":["Poisoned Stab+1","Deadly Poison","Skewer"],"picked":"SKIP","floor":24}],"player_experience":4201715,"relics_obtained":[{"floor":6.0,"key":"Oddly Smooth Stone"},{"floor":9.0,"key":"Potion Belt"},{"floor":11.0,"key":"Paper Crane"},{"floor":13,"key":"Blue Candle"},{"floor":24,"key":"The Courier"}],"event_choices":[{"damage_healed":0.0,"max_hp_gain":5.0,"max_hp_loss":0.0,"gold_gain":0.0,"event_name":"Big Fish","player_choice":"Donut","floor":2.0,"gold_loss":0.0,"damage_taken":0.0},{"damage_healed":0.0,"max_hp_gain":0.0,"max_hp_loss":0.0,"gold_gain":0.0,"event_name":"FaceTrader","player_choice":"Trade","floor":5.0,"gold_loss":0.0,"damage_taken":0.0,"relics_obtained":["FaceOfCleric"]},{"damage_healed":0,"gold_gain":30,"player_choice":"Searched \u00273\u0027 times","damage_taken":0,"max_hp_gain":0,"max_hp_loss":0,"event_name":"Dead Adventurer","floor":13,"gold_loss":0},{"damage_healed":0,"gold_gain":150,"player_choice":"AGREE","damage_taken":0,"max_hp_gain":0,"max_hp_loss":0,"event_name":"Liars Game","floor":14,"gold_loss":0,"cards_obtained":["Doubt"]},{"damage_healed":0,"gold_gain":0,"player_choice":"Read","damage_taken":0,"max_hp_gain":0,"max_hp_loss":0,"event_name":"The Library","floor":19,"gold_loss":0,"cards_obtained":["Reflex"]}],"is_beta":false,"boss_relics":[{"not_picked":["Snecko Eye","Coffee Dripper"],"picked":"HoveringKite"}],"items_purged_floors":[20],"is_endless":false,"potions_floor_spawned":[1,6,10,11,16,18],"killed_by":"Shelled Parasite and Fungi","ascension_level":20}}