{"host":"7krnriczr1b2ou5r","time":1610089163,"event":{"mods":["BaseMod","Keyboard Shortcuts","Marisa£¨Ùöéë¡¡Øª×âÞÞ£©","Minty Spire (QoL Compilation)","Relic Stats","StSLib"],"gold_per_floor":[119,136,155,230,230,230,244,124,147,147,160,200,200,214,214,338,338,353,255,279,293,314,349,349,369,369,369,319,337,358,358,358,488,488,502,148,163,177,177,220,245,283,283,301,301,366,62,77,77,77],"floor_reached":51,"playtime":2849,"items_purged":["Strike_MRS","Strike_MRS","Defend_MRS","Defend_MRS","NonDirectionalLaser"],"score":808,"play_id":"0e4e2eb9-35fd-486c-8437-fba083935cfb","local_time":"20210108155923","is_ascension_mode":false,"campfire_choices":[{"data":"UnstableBomb","floor":6,"key":"SMITH"},{"data":"UpSweep","floor":13,"key":"SMITH"},{"data":"MilkyWay","floor":15,"key":"SMITH"},{"data":"CasketOfStar","floor":24,"key":"SMITH"},{"data":"RefractionSpark","floor":32,"key":"SMITH"},{"floor":45,"key":"REST"},{"floor":49,"key":"REST"}],"circlet_count":0,"master_deck":["Defend_MRS","Defend_MRS","MasterSpark","UpSweep+1","SuperPerseids","UnstableBomb+1","LuminesStrike+1","MilkyWay+1","Parasite","Parasite","GrandCross","MilkyWay","CasketOfStar+1","RefractionSpark+1","DoubleSpark","StarlightTyphoon+1","FinalSpark","MilkyWay+1"],"relics":["MiniHakkero","Golden Idol","ShroomBag","Smiling Mask","Runic Pyramid","Singing Bowl","Nloth\u0027s Gift","Fusion Hammer","ClockworkSouvenir","Blue Candle","Strawberry","Bottled Flame","Unceasing Top","AmplifyWand"],"acts_visited":["Exordium","TheCity","TheBeyond"],"potions_floor_usage":[12,12,16,29,33,42,50],"damage_taken":[{"damage":4,"enemies":"Cultist","floor":1,"turns":4},{"damage":1,"enemies":"Jaw Worm","floor":2,"turns":3},{"damage":0,"enemies":"Small Slimes","floor":3,"turns":3},{"damage":8,"enemies":"Gremlin Gang","floor":7,"turns":3},{"damage":0,"enemies":"Looter","floor":11,"turns":3},{"damage":5,"enemies":"Lagavulin","floor":12,"turns":4},{"damage":5,"enemies":"Exordium Thugs","floor":14,"turns":2},{"damage":17,"enemies":"Hexaghost","floor":16,"turns":7},{"damage":0,"enemies":"Chosen","floor":18,"turns":3},{"damage":20,"enemies":"2 Thieves","floor":20,"turns":3},{"damage":24,"enemies":"Shelled Parasite and Fungi","floor":21,"turns":4},{"damage":0,"enemies":"Sentry and Sphere","floor":22,"turns":3},{"damage":0,"enemies":"Gremlin Leader","floor":23,"turns":6},{"damage":0,"enemies":"Snecko","floor":25,"turns":3},{"damage":15,"enemies":"Snake Plant","floor":29,"turns":3},{"damage":11,"enemies":"3 Cultists","floor":30,"turns":3},{"damage":20,"enemies":"Automaton","floor":33,"turns":6},{"damage":36,"enemies":"3 Darklings","floor":35,"turns":3},{"damage":0,"enemies":"3 Shapes","floor":37,"turns":1},{"damage":2,"enemies":"Maw","floor":38,"turns":4},{"damage":34,"enemies":"Nemesis","floor":40,"turns":3},{"damage":2,"enemies":"Sphere and 2 Shapes","floor":41,"turns":3},{"damage":3,"enemies":"Giant Head","floor":42,"turns":3},{"damage":23,"enemies":"Jaw Worm Horde","floor":44,"turns":4},{"damage":21,"enemies":"2 Orb Walkers","floor":46,"turns":3},{"damage":2,"enemies":"Spire Growth","floor":48,"turns":4},{"damage":76,"enemies":"Donu and Deca","floor":50,"turns":6}],"seed_played":"-1416250607954765476","potions_obtained":[{"floor":3,"key":"Dexterity Potion"},{"floor":7,"key":"Fruit Juice"},{"floor":11,"key":"PowerPotion"},{"floor":18,"key":"FairyPotion"},{"floor":20,"key":"PowerPotion"},{"floor":22,"key":"SpeedPotion"},{"floor":29,"key":"Dexterity Potion"},{"floor":35,"key":"SteroidPotion"}],"is_trial":false,"path_per_floor":["M","M","M","?","?","R","M","$","T","?","M","E","R","M","R","B",null,"M","$","M","M","M","E","R","M","T","?","$","M","M","?","R","B",null,"M","$","M","M","?","E","M","E","T","M","R","?","$","M","R","B",null],"character_chosen":"MARISA","items_purchased":["MilkyWay","DoubleSpark","FinalSpark","ClockworkSouvenir","AmplifyWand"],"campfire_rested":2,"item_purchase_floors":[8,19,36,36,47],"current_hp_per_floor":[71,70,70,59,41,41,33,33,33,33,37,41,41,40,40,27,80,80,80,62,42,46,50,50,52,52,52,52,41,36,36,36,22,84,50,50,52,54,54,26,30,40,40,23,53,38,38,42,74,2],"gold":77,"neow_bonus":"REMOVE_CARD","is_daily":false,"chose_seed":false,"campfire_upgraded":5,"win_rate":0.0,"timestamp":1610089163,"path_taken":["M","M","M","?","?","R","M","$","T","?","M","E","R","?","R","BOSS","M","$","M","M","M","E","R","M","T","?","?","M","?","?","R","BOSS","M","$","M","M","?","E","?","E","T","M","R","?","$","M","R","BOSS"],"items_purchased_type":["Card","Card","Card","Relic","Relic"],"build_version":"2020-12-22","purchased_purges":5,"victory":true,"max_hp_per_floor":[75,75,75,75,75,75,75,75,75,75,75,80,80,80,80,80,80,80,80,80,80,80,80,80,80,80,80,80,80,82,82,82,84,84,86,86,88,88,88,90,92,101,101,103,103,105,105,107,107,107],"relic_stats":{"Singing Bowl":20,"counters":[27,97],"Golden Idol":178,"Blue Candle":[12],"Nloth\u0027s Gift":1,"Smiling Mask":350,"obtain_stats":[{"AmplifyWand":47,"Singing Bowl":26,"Golden Idol":5,"Blue Candle":40,"Frozen Egg 2":23,"Smiling Mask":12,"ClockworkSouvenir":36,"ShroomBag":9,"Bottled Flame":43,"Strawberry":42,"Fusion Hammer":34,"Nloth\u0027s Gift":31,"MiniHakkero":0,"Unceasing Top":46,"Runic Pyramid":17},{"AmplifyWand":25,"Singing Bowl":14,"Golden Idol":3,"Blue Candle":21,"Frozen Egg 2":13,"Smiling Mask":6,"ClockworkSouvenir":18,"ShroomBag":4,"Bottled Flame":23,"Strawberry":23,"Fusion Hammer":17,"Nloth\u0027s Gift":16,"MiniHakkero":0,"Unceasing Top":25,"Runic Pyramid":8},{"AmplifyWand":87,"Singing Bowl":51,"Golden Idol":10,"Blue Candle":74,"Frozen Egg 2":48,"Smiling Mask":20,"ClockworkSouvenir":66,"ShroomBag":13,"Bottled Flame":80,"Strawberry":80,"Fusion Hammer":63,"Nloth\u0027s Gift":57,"MiniHakkero":0,"Unceasing Top":87,"Runic Pyramid":29}],"Unceasing Top":[0]},"card_choices":[{"not_picked":["GrandCross","OpenUniverse"],"picked":"SuperPerseids","floor":1},{"not_picked":["SporeBomb","IllusionStar"],"picked":"NonDirectionalLaser","floor":2},{"not_picked":["ShootingEcho","Occultation"],"picked":"UnstableBomb","floor":3},{"not_picked":["UnstableBomb","EarthLightRay"],"picked":"LuminesStrike","floor":7},{"not_picked":["MilkyWay","BinaryStars"],"picked":"GrandCross","floor":11},{"not_picked":["ChargeUpSpray","DC"],"picked":"MilkyWay","floor":12},{"not_picked":["StarBarrage","UnstableBomb","PowerUp"],"picked":"SKIP","floor":14},{"not_picked":["BlazingStar","StarDustReverie"],"picked":"CasketOfStar","floor":16},{"not_picked":["ShootTheMoon","Acceleration"],"picked":"RefractionSpark","floor":18},{"not_picked":["WitchOfGreed","Occultation","MeteoricShower"],"picked":"SKIP","floor":20},{"not_picked":["LuminesStrike","6A+1","AsteroidBelt"],"picked":"SKIP","floor":21},{"not_picked":["Acceleration+1","OpenUniverse","FairyDestructionRay"],"picked":"SKIP","floor":22},{"not_picked":["LuminesStrike","EscapeVelocity+1","Acceleration+1"],"picked":"SKIP","floor":23},{"not_picked":["LuminesStrike","EscapeVelocity+1","Acceleration+1"],"picked":"SKIP","floor":23},{"not_picked":["GrandCross","EarthLightRay","EnergyRecoil+1"],"picked":"SKIP","floor":25},{"not_picked":["MysteriousBeam+1","IllusionStar"],"picked":"StarlightTyphoon+1","floor":29},{"not_picked":["DeepEcoloBomb+1","FairyDestructionRay","MysteriousBeam"],"picked":"Singing Bowl","floor":30},{"not_picked":["BinaryStars","StarDustReverie","AbsoluteMagnitude"],"picked":"Singing Bowl","floor":33},{"not_picked":["EnergyFlow","Acceleration","GravityBeat"],"picked":"Singing Bowl","floor":35},{"not_picked":["6A","SuperNova","MagicAbsorber"],"picked":"Singing Bowl","floor":37},{"not_picked":["ShootingEcho","UnstableBomb"],"picked":"MilkyWay+1","floor":38},{"not_picked":["PowerUp+1","MagicChant+1","ShootingEcho"],"picked":"Singing Bowl","floor":40},{"not_picked":["PowerUp+1","MysteriousBeam+1","Orbital+1"],"picked":"Singing Bowl","floor":41},{"not_picked":["MagicAbsorber","DarkMatter","DragonMeteor"],"picked":"Singing Bowl","floor":42},{"not_picked":["MagicAbsorber+1","ShootingEcho","DC"],"picked":"Singing Bowl","floor":44},{"not_picked":["IllusionStar","GalacticHalo","MeteoricShower+1"],"picked":"Singing Bowl","floor":46},{"not_picked":["OpenUniverse+1","SuperPerseids","NonDirectionalLaser"],"picked":"Singing Bowl","floor":48}],"player_experience":1073882,"relics_obtained":[{"floor":9,"key":"ShroomBag"},{"floor":12,"key":"Smiling Mask"},{"floor":23,"key":"Frozen Egg 2"},{"floor":26,"key":"Singing Bowl"},{"floor":40,"key":"Blue Candle"},{"floor":42,"key":"Strawberry"},{"floor":43,"key":"Bottled Flame"},{"floor":46,"key":"Unceasing Top"}],"event_choices":[{"damage_healed":0,"gold_gain":75,"player_choice":"Gather Gold","damage_taken":11,"max_hp_gain":0,"max_hp_loss":0,"event_name":"World of Goop","floor":4,"gold_loss":0},{"damage_healed":0,"gold_gain":0,"player_choice":"Take Damage","damage_taken":18,"relics_obtained":["Golden Idol"],"max_hp_gain":0,"max_hp_loss":0,"event_name":"Golden Idol","floor":5,"gold_loss":0},{"damage_healed":0,"gold_gain":0,"player_choice":"Upgraded","damage_taken":0,"max_hp_gain":0,"max_hp_loss":0,"event_name":"Upgrade Shrine","floor":10,"gold_loss":0,"cards_upgraded":["LuminesStrike"]},{"cards_removed":["Strike_MRS"],"damage_healed":0,"gold_gain":0,"player_choice":"Card Removal","damage_taken":0,"max_hp_gain":0,"max_hp_loss":0,"event_name":"Wheel of Change","floor":27,"gold_loss":0},{"damage_healed":0,"gold_gain":0,"player_choice":"Traded Relic","damage_taken":0,"relics_obtained":["Nloth\u0027s Gift"],"max_hp_gain":0,"max_hp_loss":0,"event_name":"N\u0027loth","floor":31,"relics_lost":["Frozen Egg 2"],"gold_loss":0},{"damage_healed":0,"gold_gain":0,"player_choice":"Ignored","damage_taken":0,"max_hp_gain":0,"max_hp_loss":0,"event_name":"SecretPortal","floor":39,"gold_loss":0},{"damage_healed":0,"gold_gain":0,"player_choice":"Fight","damage_taken":0,"max_hp_gain":0,"max_hp_loss":0,"event_name":"Mysterious Sphere","floor":46,"gold_loss":0}],"is_beta":false,"boss_relics":[{"not_picked":["Cursed Key","RampagingMagicTools"],"picked":"Runic Pyramid"},{"not_picked":["Pandora\u0027s Box","SacredBark"],"picked":"Fusion Hammer"}],"items_purged_floors":[8,19,28,36,47],"is_endless":false,"potions_floor_spawned":[3,7,11,18,20,22,29,35,37,40],"ascension_level":0}}