{"host":"wonp23fsqqcu31ie","time":1610065881,"event":{"mods":["2.2 Compatiblity","AchievementEnabler","Aspiration","BaseMod","Bestiary","Better Altar","Better Match","Better Sensory Stone","Better Skull","Better Third Choice","BetterRewards","Block Reminder","Colored Map","Colored Powertips","Conspire","Curses Come First","DeckTracker","Displayed Cursed Tome","Downfall","Evolution","Hermit","Highlight Path","Hubris","Marisa????????","Minty Spire (QoL Compilation)","Permanent Neow","Prisma Mod","Quick Restart","Rare Cards Sparkle","Relic Stats","Replay The Spire","Robot Space Explorer","Shade Mod","Shop Mod","StSLib","SuperFastMode","The Animator","The Bug Knight","The Construct","The Cursed","The Dragon Tamer","The Gatherer","The Marked","The Necromancer","The Runesmith","The Servant 0.9.4"],"gold_per_floor":[112,112,125,173,173,207,217,242,242,242,268,295,308,321,321,423,423,438,438,454,454,470,470,470],"floor_reached":23,"playtime":545,"items_purged":["Replay:Undeath\u0027s Touch"],"score":420,"play_id":"bf84ab84-0dc7-4d5d-9420-b2bac7c811d0","local_time":"20210108113121","is_ascension_mode":true,"campfire_choices":[{"floor":15,"key":"REST"}],"circlet_count":0,"master_deck":["Replay:Undeath\u0027s Touch","Sword Boomerang","Sword Boomerang","Sword Boomerang","Strike_R","Strike_R","Defend_R+1","Defend_R","Defend_R","Defend_R+1","Inflame","Cleave","Rage","Feel No Pain","Bludgeon+1","Double Tap","ReplayTheSpireMod:Strike From Hell","Intimidate","Blood for Blood","Flex","Feel No Pain","Replay:Undeath\u0027s Touch","Replay:Many Hands+1","Metallicize","Twin Strike","Rupture+1"],"relics":["Burning Blood","EVO:Axolotl","MerchantsRug","Shuriken","ReplayTheSpireMod:TigerMarble","Simple Rune","Blood Vial","hubris:Icosahedron","hubris:ChampionShield","Odd Mushroom","construct:ClawGrip"],"acts_visited":["Exordium","TheCity"],"potions_floor_usage":[16,16],"damage_taken":[{"damage":13.0,"enemies":"Jaw Worm","floor":1.0,"turns":4.0},{"damage":0,"enemies":"Cultist","floor":3,"turns":2},{"damage":36,"enemies":"3 Sentries","floor":6,"turns":6},{"damage":6,"enemies":"Small Slimes","floor":7,"turns":2},{"damage":31,"enemies":"Lagavulin","floor":8,"turns":4},{"damage":6,"enemies":"Gremlin Nob","floor":11,"turns":2},{"damage":7,"enemies":"The Mushroom Lair","floor":12,"turns":3},{"damage":14,"enemies":"3 Louse","floor":13,"turns":2},{"damage":11,"enemies":"Looter","floor":14,"turns":3},{"damage":17,"enemies":"Hexaghost","floor":16,"turns":6},{"damage":12,"enemies":"3 Byrds","floor":18,"turns":5},{"damage":12,"enemies":"Shell Parasite","floor":20,"turns":3},{"damage":24,"enemies":"Shelled Parasite and Fungi","floor":22,"turns":4},{"damage":50,"enemies":"Book of Stabbing","floor":23,"turns":4}],"seed_played":"-4523140146123615453","potions_obtained":[{"floor":3,"key":"SteroidPotion"},{"floor":11,"key":"ColorlessPotion"},{"floor":12,"key":"Toxic Potion"},{"floor":16,"key":"Guardian:BlockOnCardUsePotion"},{"floor":18,"key":"CultistPotion"}],"is_trial":false,"path_per_floor":["M","?","M","?","?","E","M","E","T","?","E","?","M","M","R","B",null,"M","?","M","?","M","E"],"character_chosen":"IRONCLAD","items_purchased":["MerchantsRug","Perfected Strike"],"campfire_rested":1,"item_purchase_floors":[0,0],"current_hp_per_floor":[64,69,75,75,75,45,45,20,20,20,22,23,17,14,38,29,67,63,63,59,59,43,0,0],"gold":470,"neow_bonus":"","is_daily":false,"chose_seed":false,"campfire_upgraded":0,"win_rate":0.0,"timestamp":1610065881,"path_taken":["M","?","?","?","?","E","M","E","T","?","E","?","M","?","R","BOSS","M","?","?","?","M","E"],"items_purchased_type":["Relic","Card"],"build_version":"2020-12-22","purchased_purges":1,"victory":false,"max_hp_per_floor":[80,80,80,80,80,80,80,80,80,80,80,80,80,80,80,80,80,80,80,80,80,80,80,80],"relic_stats":{"Blood Vial":18,"counters":[26,91],"Shuriken":[11],"obtain_stats":[{"MerchantsRug":0,"construct:ClawGrip":17,"Happy Flower":19,"aspiration:Nostalgia":0,"Guardian:ModeShifter":0,"EVO:Axolotl":0,"aspiration:SeaSaltIceCream":6,"Odd Mushroom":12,"Boot":6,"Burning Blood":0,"aspiration:RitualStick":23,"aspiration:StickyExplosives_weak":25,"Calling Bell":19,"Blood Vial":9,"hubris:Icosahedron":10,"Shuriken":4,"Simple Rune":8,"Iron Hammer":12,"ReplayTheSpireMod:TigerMarble":6,"hubris:ChampionShield":11,"hubris:TinFlute":19,"TungstenRod":19,"Paper Frog":8,"ReplayTheSpireMod:ShopPack":22},{"MerchantsRug":12,"construct:ClawGrip":22,"Happy Flower":8,"aspiration:Nostalgia":0,"Guardian:ModeShifter":0,"EVO:Axolotl":0,"aspiration:SeaSaltIceCream":4,"Odd Mushroom":19,"Boot":4,"Burning Blood":0,"aspiration:RitualStick":9,"aspiration:StickyExplosives_weak":11,"Calling Bell":8,"Blood Vial":17,"hubris:Icosahedron":17,"Shuriken":14,"Simple Rune":17,"Iron Hammer":7,"ReplayTheSpireMod:TigerMarble":15,"hubris:ChampionShield":18,"hubris:TinFlute":8,"TungstenRod":8,"Paper Frog":6,"ReplayTheSpireMod:ShopPack":9},{"MerchantsRug":41,"construct:ClawGrip":75,"Happy Flower":27,"aspiration:Nostalgia":0,"Guardian:ModeShifter":0,"EVO:Axolotl":0,"aspiration:SeaSaltIceCream":13,"Odd Mushroom":64,"Boot":13,"Burning Blood":0,"aspiration:RitualStick":30,"aspiration:StickyExplosives_weak":38,"Calling Bell":27,"Blood Vial":59,"hubris:Icosahedron":59,"Shuriken":47,"Simple Rune":59,"Iron Hammer":21,"ReplayTheSpireMod:TigerMarble":53,"hubris:ChampionShield":61,"hubris:TinFlute":27,"TungstenRod":27,"Paper Frog":19,"ReplayTheSpireMod:ShopPack":30}],"Burning Blood":143},"card_choices":[{"not_picked":["Metallicize","Perfected Strike"],"picked":"Inflame","floor":1.0},{"not_picked":["Armaments","Flex"],"picked":"Cleave","floor":3},{"not_picked":["Sentinel","Pommel Strike"],"picked":"Rage","floor":4},{"not_picked":["Perfected Strike","Battle Trance"],"picked":"Feel No Pain","floor":4},{"not_picked":["Run Through","Clothesline"],"picked":"Double Tap","floor":6},{"not_picked":["Perfected Strike","Flex"],"picked":"ReplayTheSpireMod:Strike From Hell","floor":7},{"not_picked":["Burning Pact","Uppercut"],"picked":"Intimidate","floor":8},{"not_picked":["ReplayTheSpireMod:Strike From Hell","Battle Trance"],"picked":"Blood for Blood","floor":11},{"not_picked":["Havoc","Pommel Strike"],"picked":"Flex","floor":12},{"not_picked":["Entrench","Headbutt"],"picked":"Feel No Pain","floor":13},{"not_picked":["Cleave","hubris:ReadiedAction"],"picked":"Replay:Undeath\u0027s Touch","floor":14},{"not_picked":["Immolate","Bludgeon"],"picked":"Replay:Many Hands","floor":16},{"not_picked":["Clothesline","ReplayTheSpireMod:Strike From Hell+1"],"picked":"Metallicize","floor":18},{"not_picked":["Flex","Run Through"],"picked":"Twin Strike","floor":20},{"not_picked":["Headbutt","Warcry"],"picked":"Rupture+1","floor":22}],"player_experience":485535,"relics_obtained":[{"floor":4,"key":"Shuriken"},{"floor":6,"key":"ReplayTheSpireMod:TigerMarble"},{"floor":8,"key":"Simple Rune"},{"floor":9,"key":"Blood Vial"},{"floor":11,"key":"hubris:ChampionShield"},{"floor":12,"key":"Odd Mushroom"}],"event_choices":[{"cards_removed":["Perfected Strike"],"damage_healed":5.0,"max_hp_gain":0.0,"max_hp_loss":0.0,"gold_gain":0.0,"event_name":"Bonfire Elementals","player_choice":"Offered Common","floor":2.0,"gold_loss":0.0,"damage_taken":0.0},{"cards_removed":["Perfected Strike"],"damage_healed":5.0,"max_hp_gain":0.0,"max_hp_loss":0.0,"gold_gain":0.0,"event_name":"Bonfire Elementals","player_choice":"Offered Special","floor":2.0,"gold_loss":0.0,"damage_taken":0.0},{"damage_healed":0,"gold_gain":0,"player_choice":"Fought Mushrooms","damage_taken":0,"max_hp_gain":0,"max_hp_loss":0,"event_name":"Mushrooms","floor":12,"gold_loss":0},{"damage_healed":0,"gold_gain":0,"player_choice":"Forge","damage_taken":0,"max_hp_gain":0,"max_hp_loss":0,"event_name":"Accursed Blacksmith","floor":19,"gold_loss":0,"cards_upgraded":["Replay:Many Hands"]},{"damage_healed":0,"gold_gain":0,"player_choice":"Leave","damage_taken":0,"max_hp_gain":0,"max_hp_loss":0,"event_name":"conspire:Investor","floor":21,"gold_loss":0}],"is_beta":false,"boss_relics":[{"not_picked":["conspire:SeveredTorchhead","Replay:Wanted Poster"],"picked":"construct:ClawGrip"}],"items_purged_floors":[0],"is_endless":false,"potions_floor_spawned":[3,11,12,13,16,18],"killed_by":"Book of Stabbing","ascension_level":5}}