{"host":"g5fmetnswx4f9rhi","time":1610081924,"event":{"mods":["Act Like it!","BaseMod","Conspire","Downfall","Gensokyo","GifTheSpireLib","Halation","Hallownest","Hubris","Koishi","LagranYue(???·?)","Mari Mod (Legacy)","Mari\u0027s V1 Patch","Marisa????????","Mimic Mod","Minty Spire (QoL Compilation)","Railgun Mod","Remilia??????","Replay The Spire","StSLib","The Administrix","The Alterego","The Animator","The Bladedancer","The Bug Knight","The Cursed","The Jungle","The Senshi","The Servant 0.9.4","TheFirefly"],"gold_per_floor":[115,65,115,3,3,3,36,0,55,93,93,105,126,160,160,265,265,284,294,194,214,214,217,217],"floor_reached":23,"playtime":3811,"items_purged":["Doubt","Regret"],"score":307,"play_id":"7ea322bd-023a-42e3-bedb-3b107392e2d4","local_time":"20210107225844","is_ascension_mode":false,"campfire_choices":[{"data":"Koishi:UnconsciousUrges","floor":6,"key":"SMITH"},{"data":"Koishi:HeartAttack","floor":11,"key":"SMITH"},{"data":"Koishi:ReleaseOfTheId","floor":15,"key":"SMITH"}],"circlet_count":0,"master_deck":["Koishi:BasicStrike","Koishi:BasicStrike","Koishi:BasicStrike","Koishi:BasicStrike","Koishi:BasicDefend","Koishi:BasicDefend","Koishi:BasicDefend","Koishi:Provoke","Koishi:HauntingSlash","Koishi:UnconsciousUrges+1","Koishi:HeartAttack+1","Koishi:FleetingPhantom","conspire:NecroticWound","Koishi:PhantomStrike","Koishi:HeartAttack","Koishi:ReleaseOfTheId+1","Koishi:HeartAttack","Koishi:RollingInRichesHeart","Koishi:LastRemote","Koishi:PhilosophyOfTheDespised+1","Koishi:UnconsciousUprising+1"],"relics":["Koishi:ImaginaryFriend","LagranYue:RandomDrawCardRelic","Ring of Greed","Replay:Wax Seal","Ring of Peace","halation:IllGainedPizza","hubris:Towel","halation:LettersToHer","Blood Vial","Bird Faced Urn","hubris:TenFootPole","Replay:Fungal Core"],"acts_visited":["Exordium","theJungle:Jungle"],"potions_floor_usage":[7,14,16,19,19,23],"damage_taken":[{"damage":7,"enemies":"2 Louse","floor":1,"turns":4},{"damage":0,"enemies":"Lagavulin","floor":7,"turns":7},{"damage":16,"enemies":"Gremlin Nob","floor":10,"turns":5},{"damage":0,"enemies":"Small Slimes","floor":12,"turns":4},{"damage":2,"enemies":"conspire:RoseBush","floor":13,"turns":2},{"damage":0,"enemies":"HollowMod:MossKnight","floor":14,"turns":4},{"damage":0,"enemies":"Slime Boss","floor":16,"turns":6},{"damage":16,"enemies":"theJungle:MUSHROOMGANG","floor":18,"turns":4},{"damage":1,"enemies":"Shell Parasite","floor":19,"turns":3},{"damage":3,"enemies":"theJungle:Lyon","floor":21,"turns":4},{"damage":17,"enemies":"theJungle:MamaSnecko","floor":23,"turns":5}],"seed_played":"3060301785834292649","potions_obtained":[{"floor":1,"key":"LiquidMemories"},{"floor":10,"key":"Flashbang"},{"floor":13,"key":"Milkshake"},{"floor":14,"key":"PowerPotion"},{"floor":16,"key":"SkillPotion"},{"floor":18,"key":"Elixir"}],"is_trial":false,"path_per_floor":["M","?","?","$","?","R","E","?","T","E","R","M","M","E","R","B",null,"M","M","$","M","?","E"],"character_chosen":"KOISHI","items_purchased":["Koishi:HeartAttack"],"campfire_rested":0,"item_purchase_floors":[4],"current_hp_per_floor":[59,59,59,59,59,59,60,60,60,48,48,53,55,60,60,64,66,50,54,54,56,56,43,43],"gold":217,"neow_bonus":"TEN_PERCENT_HP_BONUS","is_daily":false,"chose_seed":false,"campfire_upgraded":3,"win_rate":0.0,"timestamp":1610081924,"path_taken":["M","?","?","$","?","R","E","?","T","E","R","M","M","E","R","BOSS","M","M","$","M","?","E"],"items_purchased_type":["Card"],"build_version":"2020-12-22","purchased_purges":2,"victory":false,"max_hp_per_floor":[66,66,66,66,66,66,66,66,66,66,66,66,66,66,66,66,66,66,66,66,66,66,66,66],"card_choices":[{"not_picked":["Koishi:HeartfeltFancy","Koishi:SpiritedAway"],"picked":"Koishi:UnconsciousUrges","floor":1},{"not_picked":["Koishi:SuperEgo","Koishi:HeartAttack"],"picked":"Koishi:FleetingPhantom","floor":7},{"not_picked":["Koishi:CatchAndRose","Koishi:StingingMind"],"picked":"Koishi:PhantomStrike","floor":10},{"not_picked":["Koishi:StingingMind","Koishi:ReflexRadar"],"picked":"Koishi:HeartAttack","floor":12},{"not_picked":["Koishi:HeartfeltFancy","Koishi:RuptureMind"],"picked":"Koishi:ReleaseOfTheId","floor":13},{"not_picked":["Koishi:GhostParty","Koishi:TremblingHands"],"picked":"Koishi:HeartAttack","floor":14},{"not_picked":["Koishi:MentalBreakdown","Koishi:RoseHell"],"picked":"Koishi:RollingInRichesHeart","floor":16},{"not_picked":["Koishi:FreudianInstinct","Koishi:ReflexRadar"],"picked":"Koishi:LastRemote","floor":18},{"not_picked":["Koishi:FourthEye+1","Koishi:RacingHeart"],"picked":"Koishi:PhilosophyOfTheDespised+1","floor":19},{"not_picked":["Koishi:TraumaticStroke","Koishi:Catatonia"],"picked":"Koishi:UnconsciousUprising","floor":21}],"player_experience":10848,"relics_obtained":[{"floor":3,"key":"Ring of Greed"},{"floor":3,"key":"Replay:Wax Seal"},{"floor":3,"key":"Ring of Peace"},{"floor":3,"key":"halation:IllGainedPizza"},{"floor":7,"key":"halation:LettersToHer"},{"floor":9,"key":"halation:LettersToHer"},{"floor":9,"key":"Blood Vial"},{"floor":10,"key":"Bird Faced Urn"},{"floor":14,"key":"hubris:TenFootPole"}],"event_choices":[{"cards_removed":["Koishi:BasicDefend"],"damage_healed":0,"gold_gain":0,"player_choice":"Card Removal","damage_taken":0,"max_hp_gain":0,"max_hp_loss":0,"event_name":"The Cleric","floor":2,"gold_loss":50},{"damage_healed":0,"gold_gain":0,"player_choice":"Left Gold","damage_taken":0,"max_hp_gain":0,"max_hp_loss":0,"event_name":"World of Goop","floor":8,"gold_loss":36}],"is_beta":false,"boss_relics":[{"not_picked":["Replay:Drink Me","Cursed Key"],"picked":"Replay:Fungal Core"}],"items_purged_floors":[4,20],"is_endless":false,"potions_floor_spawned":[1,10,13,14,16,18,19],"killed_by":"theJungle:MamaSnecko","ascension_level":0}}