{"host":"ch74xfb1n85e86fc","time":1610069426,"event":{"mods":["AchievementEnabler","BaseMod","Colored Map","DeckTracker","Minty Spire (QoL Compilation)","Relic Stats","StSLib","SuperFastMode","everything is the same but u backflip on backflip"],"gold_per_floor":[155,194,246,299,337,363,363,375,399,399,417,447,447,447,447,542,542,577,502,520,535,554,554,12,44,97,136,148,75,114,146,158,269,281,307,319,371,424,456,468,498,510,522,563,575,614,224,235,235,235,235,235,4,33,33],"floor_reached":56,"playtime":2303,"items_purged":["Strike_B","Strike_B","Static Discharge"],"score":1297,"play_id":"510ade89-b59d-423b-bfef-286b682f88a4","local_time":"20210108103026","is_ascension_mode":true,"campfire_choices":[{"data":"HandOfGreed","floor":7.0,"key":"SMITH"},{"floor":10.0,"key":"REST"},{"data":"Defragment","floor":13.0,"key":"SMITH"},{"data":"Zap","floor":15.0,"key":"SMITH"},{"data":"Loop","floor":23.0,"key":"SMITH"},{"data":"Coolheaded","floor":32,"key":"SMITH"},{"data":"Creative AI","floor":40,"key":"SMITH"},{"floor":42,"key":"RECALL"},{"data":"Force Field","floor":49,"key":"SMITH"},{"data":"Steam Power","floor":52,"key":"SMITH"}],"circlet_count":0,"master_deck":["Zap+1","Dualcast","HandOfGreed+1","Compile Driver","Gash","Conserve Battery","Go for the Eyes","Sweeping Beam","Cold Snap","Defragment+1","Electrodynamics","BootSequence","Conserve Battery+1","Loop+1","Undo","Hologram+1","White Noise","Coolheaded+1","Creative AI+1","Capacitor","Steam Power+1","Electrodynamics","Lockon","Capacitor","Consume+1","Turbo+1","Force Field+1","Barrage","Biased Cognition"],"relics":["Cracked Core","Blood Vial","Nunchaku","Letter Opener","Coffee Dripper","Bag of Preparation","Lee\u0027s Waffle","Centennial Puzzle","Vajra","MawBank","Strawberry","Orichalcum","Red Mask","Pandora\u0027s Box","Unceasing Top","Mercury Hourglass","Anchor","Bag of Marbles"],"acts_visited":["Exordium","TheCity","TheBeyond","TheEnding"],"potions_floor_usage":[55,55],"damage_taken":[{"damage":0.0,"enemies":"2 Louse","floor":1.0,"turns":3.0},{"damage":1.0,"enemies":"Jaw Worm","floor":2.0,"turns":3.0},{"damage":5.0,"enemies":"Small Slimes","floor":3.0,"turns":3.0},{"damage":4.0,"enemies":"2 Fungi Beasts","floor":4.0,"turns":5.0},{"damage":5.0,"enemies":"Large Slime","floor":5.0,"turns":6.0},{"damage":19.0,"enemies":"Lagavulin","floor":6.0,"turns":6.0},{"damage":11.0,"enemies":"Exordium Thugs","floor":8.0,"turns":4.0},{"damage":4.0,"enemies":"Blue Slaver","floor":11.0,"turns":4.0},{"damage":9.0,"enemies":"Hexaghost","floor":16.0,"turns":9.0},{"damage":22.0,"enemies":"2 Thieves","floor":18.0,"turns":3.0},{"damage":0.0,"enemies":"Spheric Guardian","floor":20.0,"turns":3.0},{"damage":11.0,"enemies":"Snecko","floor":21.0,"turns":6.0},{"damage":16.0,"enemies":"Snake Plant","floor":22.0,"turns":3.0},{"damage":7.0,"enemies":"Book of Stabbing","floor":25.0,"turns":5.0},{"damage":1.0,"enemies":"Gremlin Leader","floor":27.0,"turns":5.0},{"damage":0,"enemies":"Masked Bandits","floor":30,"turns":2},{"damage":0,"enemies":"Centurion and Healer","floor":31,"turns":5},{"damage":17,"enemies":"Collector","floor":33,"turns":7},{"damage":7,"enemies":"3 Darklings","floor":35,"turns":3},{"damage":0,"enemies":"Orb Walker","floor":37,"turns":3},{"damage":0,"enemies":"4 Shapes","floor":38,"turns":4},{"damage":4,"enemies":"Sphere and 2 Shapes","floor":39,"turns":3},{"damage":0,"enemies":"Maw","floor":41,"turns":6},{"damage":6,"enemies":"Nemesis","floor":44,"turns":5},{"damage":23,"enemies":"Reptomancer","floor":46,"turns":5},{"damage":0,"enemies":"Spire Growth","floor":48,"turns":4},{"damage":47,"enemies":"Time Eater","floor":50,"turns":9},{"damage":12,"enemies":"Shield and Spear","floor":54,"turns":6},{"damage":58,"enemies":"The Heart","floor":55,"turns":9}],"seed_played":"-7810810257079110715","potions_obtained":[{"floor":2.0,"key":"Block Potion"},{"floor":4.0,"key":"ColorlessPotion"},{"floor":11.0,"key":"FairyPotion"},{"floor":16.0,"key":"LiquidBronze"},{"floor":21.0,"key":"PotionOfCapacity"}],"is_trial":false,"path_per_floor":["M","M","M","M","M","E","R","M","T","R","M","?","R","T","R","B",null,"M","$","M","M","M","R","$","E","T","E","?","?","?","M","R","B",null,"M","?","M","M","M","R","M","R","T","E","?","E","$","M","R","B",null,"R","$","E","B",null],"character_chosen":"DEFECT","items_purchased":["Bag of Preparation","Lee\u0027s Waffle","Centennial Puzzle","Anchor","LiquidMemories","Barrage","Biased Cognition","DuplicationPotion"],"campfire_rested":1,"item_purchase_floors":[24,24,24,47,47,47,53,53],"current_hp_per_floor":[54,53,48,44,39,20,20,11,11,33,31,31,31,31,31,24,75,53,53,55,46,32,32,82,75,75,83,83,83,85,87,87,72,89,82,72,74,76,74,74,76,76,76,72,72,51,51,53,53,8,85,85,85,73,17],"gold":33,"neow_bonus":"RANDOM_COLORLESS_2","is_daily":false,"chose_seed":false,"campfire_upgraded":8,"win_rate":0.0,"timestamp":1610069426,"path_taken":["M","M","M","M","M","E","R","M","T","R","M","?","R","?","R","BOSS","M","$","M","M","M","R","$","E","T","E","?","?","?","M","R","BOSS","M","?","M","M","M","R","M","R","T","E","?","E","$","?","R","BOSS","R","$","E","BOSS"],"items_purchased_type":["Relic","Relic","Relic","Relic","Potion","Card","Card","Potion"],"build_version":"2020-12-22","purchased_purges":3,"victory":true,"max_hp_per_floor":[75,75,75,75,75,75,75,75,75,75,75,75,75,75,75,75,75,75,75,75,75,75,75,82,82,82,89,89,89,89,89,89,89,89,89,89,89,89,89,89,89,89,89,89,85,85,85,85,85,85,85,85,85,85,85],"relic_stats":{"Lee\u0027s Waffle":50,"counters":[29,137],"Bag of Preparation":[32],"Letter Opener":[214],"Orichalcum":[90],"MawBank":252,"Mercury Hourglass":[79],"Blood Vial":38,"Nunchaku":[17],"Centennial Puzzle":[30],"Pandora\u0027s Box":["Capacitor","Steam Power","Electrodynamics","Static Discharge","Lockon","Capacitor"],"obtain_stats":[{"Lee\u0027s Waffle":24,"Vajra":25,"Bag of Preparation":24,"Letter Opener":14,"Orichalcum":29,"MawBank":26,"Mercury Hourglass":46,"Blood Vial":6,"Nunchaku":9,"Centennial Puzzle":24,"Anchor":47,"Strawberry":27,"Pandora\u0027s Box":34,"Coffee Dripper":17,"Red Mask":30,"Bag of Marbles":54,"Cracked Core":0,"Unceasing Top":44},{"Lee\u0027s Waffle":13,"Vajra":14,"Bag of Preparation":13,"Letter Opener":8,"Orichalcum":15,"MawBank":14,"Mercury Hourglass":25,"Blood Vial":6,"Nunchaku":7,"Centennial Puzzle":13,"Anchor":25,"Strawberry":15,"Pandora\u0027s Box":18,"Coffee Dripper":9,"Red Mask":16,"Bag of Marbles":28,"Cracked Core":0,"Unceasing Top":24},{"Lee\u0027s Waffle":58,"Vajra":63,"Bag of Preparation":58,"Letter Opener":34,"Orichalcum":67,"MawBank":63,"Mercury Hourglass":109,"Blood Vial":26,"Nunchaku":30,"Centennial Puzzle":58,"Anchor":109,"Strawberry":67,"Pandora\u0027s Box":81,"Coffee Dripper":43,"Red Mask":69,"Bag of Marbles":128,"Cracked Core":0,"Unceasing Top":104}],"Unceasing Top":[3]},"card_choices":[{"not_picked":["Metamorphosis","Violence"],"picked":"HandOfGreed","floor":0.0},{"not_picked":["Barrage","Heatsinks"],"picked":"Compile Driver","floor":1.0},{"not_picked":["Turbo","Steam"],"picked":"Gash","floor":2.0},{"not_picked":["Streamline","Skim","Capacitor"],"picked":"SKIP","floor":3.0},{"not_picked":["Compile Driver","Aggregate"],"picked":"Conserve Battery","floor":4.0},{"not_picked":["Barrage","Doom and Gloom"],"picked":"Go for the Eyes","floor":5.0},{"not_picked":["Multi-Cast","Streamline"],"picked":"Sweeping Beam","floor":6.0},{"not_picked":["Streamline","Sweeping Beam"],"picked":"Cold Snap","floor":8.0},{"not_picked":["Streamline","Undo"],"picked":"Defragment","floor":11.0},{"not_picked":["Amplify","Seek"],"picked":"Electrodynamics","floor":16.0},{"not_picked":["Sweeping Beam","Gash"],"picked":"BootSequence","floor":18.0},{"not_picked":["Redo","Cold Snap+1"],"picked":"Conserve Battery+1","floor":20.0},{"not_picked":["Streamline+1","Beam Cell"],"picked":"Loop","floor":21.0},{"not_picked":["Streamline","Chaos"],"picked":"Undo","floor":22.0},{"not_picked":["All For One","Steam Power","Genetic Algorithm+1"],"picked":"SKIP","floor":25.0},{"not_picked":["Compile Driver","Undo"],"picked":"Hologram+1","floor":27.0},{"not_picked":["Beam Cell","BootSequence"],"picked":"White Noise","floor":30},{"not_picked":["Cold Snap","Static Discharge"],"picked":"Coolheaded","floor":31},{"not_picked":["Thunder Strike","Electrodynamics"],"picked":"Creative AI","floor":33},{"not_picked":["Redo","Hologram+1"],"picked":"Consume+1","floor":35},{"not_picked":["Ball Lightning","Tempest","Rebound+1"],"picked":"SKIP","floor":37},{"not_picked":["Skim","Static Discharge+1"],"picked":"Turbo+1","floor":38},{"not_picked":["Stack","Streamline","Double Energy"],"picked":"SKIP","floor":39},{"not_picked":["Beam Cell","Leap+1"],"picked":"Force Field","floor":41},{"not_picked":["Undo","Lockon","Compile Driver"],"picked":"SKIP","floor":44},{"not_picked":["Conserve Battery","Sweeping Beam+1","Go for the Eyes"],"picked":"SKIP","floor":46},{"not_picked":["Streamline+1","Ball Lightning+1","Rebound+1"],"picked":"SKIP","floor":48},{"not_picked":["Go for the Eyes+1","Capacitor+1","Steam"],"picked":"SKIP","floor":54}],"player_experience":39939,"relics_obtained":[{"floor":6.0,"key":"Blood Vial"},{"floor":9.0,"key":"Nunchaku"},{"floor":14.0,"key":"Letter Opener"},{"floor":25.0,"key":"Vajra"},{"floor":26.0,"key":"MawBank"},{"floor":27.0,"key":"Strawberry"},{"floor":30,"key":"Red Mask"},{"floor":44,"key":"Unceasing Top"},{"floor":46,"key":"Mercury Hourglass"},{"floor":54,"key":"Bag of Marbles"}],"event_choices":[{"damage_healed":0.0,"max_hp_gain":0.0,"max_hp_loss":0.0,"gold_gain":30.0,"event_name":"Dead Adventurer","player_choice":"Searched \u00271\u0027 times","floor":12.0,"gold_loss":0.0,"damage_taken":0.0},{"damage_healed":0,"gold_gain":0,"player_choice":"Ignored","damage_taken":0,"max_hp_gain":0,"max_hp_loss":0,"event_name":"The Mausoleum","floor":28,"gold_loss":0},{"damage_healed":0,"gold_gain":0,"player_choice":"Obtained Relic","damage_taken":0,"relics_obtained":["Orichalcum"],"max_hp_gain":0,"max_hp_loss":0,"event_name":"Addict","floor":29,"gold_loss":85},{"damage_healed":0,"gold_gain":0,"player_choice":"Fought Bandits","damage_taken":0,"max_hp_gain":0,"max_hp_loss":0,"event_name":"Masked Bandits","floor":30,"gold_loss":0},{"damage_healed":0,"gold_gain":0,"player_choice":"Memory 3","damage_taken":10,"max_hp_gain":0,"max_hp_loss":0,"event_name":"SensoryStone","floor":36,"gold_loss":0},{"damage_healed":0,"gold_gain":0,"player_choice":"Max HP","damage_taken":0,"max_hp_gain":0,"max_hp_loss":4,"event_name":"Winding Halls","floor":45,"gold_loss":0}],"is_beta":false,"boss_relics":[{"not_picked":["SlaversCollar","Snecko Eye"],"picked":"Coffee Dripper"},{"not_picked":["Philosopher\u0027s Stone","Tiny House"],"picked":"Pandora\u0027s Box"}],"items_purged_floors":[19,24,47],"is_endless":false,"potions_floor_spawned":[2,4,11,16,21,22,27,30,38,41,54],"ascension_level":1}}