{"host":"nc9kxycvldgbp2kx","time":1610096615,"event":{"mods":["2.2 Compatiblity","AchievementEnabler","AlwaysNeverKeys","BaseMod","Better Altar","Better Match","Better Note","Better Sensory Stone","Better Skull","Better Third Choice","Better Vampires","Block Reminder","Colored Powertips","Curses Come First","GifTheSpireLib","Highlight Path","Minty Spire (QoL Compilation)","Permanent Neow","Quick Restart","Random Character Button","Rare Cards Sparkle","Relic Sorter","Relic Stats","Spicy Shops","StSLib","Transform Curses"],"gold_per_floor":[119,135,148,163,143,43,58,77,147,167,167,167,167,190,190,309,309,334,357,160,160,176,212,237,237,264,280,280,51,76,97,97,220,220,244,244,259,592,442,442,474,474,527,3,17,48,67,120,120,120,120,120,93,126,126,126],"floor_reached":55,"playtime":8962,"items_purged":["Strike_P","Defend_P","Defend_P","Strike_P","Strike_P","Defend_P"],"score":818,"play_id":"7bc12afe-64bd-4848-8025-71231af2a6c9","local_time":"20210108100335","is_ascension_mode":false,"campfire_choices":[{"data":"Judgement","floor":11.0,"key":"SMITH"},{"data":"JustLucky","floor":13.0,"key":"SMITH"},{"data":"JustLucky","floor":15.0,"key":"SMITH"},{"data":"Eruption","floor":25.0,"key":"SMITH"},{"data":"ThirdEye","floor":28.0,"key":"SMITH"},{"data":"Crescendo","floor":32.0,"key":"SMITH"},{"data":"Scrawl","floor":40.0,"key":"SMITH"},{"data":"CutThroughFate","floor":42.0,"key":"SMITH"},{"data":"CutThroughFate","floor":49.0,"key":"SMITH"},{"data":"CutThroughFate","floor":52.0,"key":"SMITH"}],"circlet_count":0,"master_deck":["Strike_P","Defend_P","Eruption+1","Vigilance","JustLucky+1","Consecrate","CutThroughFate+1","Evaluate","Crescendo+1","Judgement+1","CutThroughFate+1","FearNoEvil","JustLucky+1","DeusExMachina+1","Tantrum","CutThroughFate+1","DevaForm","ThirdEye+1","EmptyFist+1","Scrawl+1","EmptyMind+1","Nirvana+1","FlurryOfBlows","Pray+1"],"relics":["HolyWater","Art of War","Question Card","PreservedInsect","Blood Vial","Regal Pillow","Sozu","Du-Vu Doll","Lantern","Ancient Tea Set","Vajra","FossilizedHelix","Damaru"],"acts_visited":["Exordium","TheCity","TheBeyond","TheEnding"],"potions_floor_usage":[55,55],"damage_taken":[{"damage":7.0,"enemies":"Cultist","floor":1.0,"turns":3.0},{"damage":0.0,"enemies":"2 Louse","floor":2.0,"turns":3.0},{"damage":0.0,"enemies":"Jaw Worm","floor":3.0,"turns":2.0},{"damage":0.0,"enemies":"Blue Slaver","floor":4.0,"turns":4.0},{"damage":3.0,"enemies":"Gremlin Gang","floor":7.0,"turns":3.0},{"damage":0.0,"enemies":"Red Slaver","floor":8.0,"turns":3.0},{"damage":0.0,"enemies":"2 Fungi Beasts","floor":10.0,"turns":2.0},{"damage":0.0,"enemies":"Looter","floor":14.0,"turns":1.0},{"damage":27.0,"enemies":"Hexaghost","floor":16.0,"turns":8.0},{"damage":4.0,"enemies":"2 Thieves","floor":18.0,"turns":2.0},{"damage":0.0,"enemies":"Chosen","floor":19.0,"turns":3.0},{"damage":0.0,"enemies":"Snake Plant","floor":22.0,"turns":1.0},{"damage":0.0,"enemies":"Gremlin Leader","floor":23.0,"turns":3.0},{"damage":8.0,"enemies":"Snecko","floor":24.0,"turns":4.0},{"damage":24.0,"enemies":"Centurion and Healer","floor":27.0,"turns":4.0},{"damage":14.0,"enemies":"Snake Plant","floor":30.0,"turns":4.0},{"damage":0.0,"enemies":"3 Cultists","floor":31.0,"turns":2.0},{"damage":36.0,"enemies":"Champ","floor":33.0,"turns":8.0},{"damage":4.0,"enemies":"3 Shapes","floor":35.0,"turns":2.0},{"damage":7.0,"enemies":"Orb Walker","floor":37.0,"turns":2.0},{"damage":13.0,"enemies":"Giant Head","floor":41.0,"turns":4.0},{"damage":0.0,"enemies":"Spire Growth","floor":45.0,"turns":2.0},{"damage":0.0,"enemies":"Reptomancer","floor":46.0,"turns":1.0},{"damage":0.0,"enemies":"Sphere and 2 Shapes","floor":47.0,"turns":3.0},{"damage":0.0,"enemies":"2 Orb Walkers","floor":48.0,"turns":2.0},{"damage":53.0,"enemies":"Time Eater","floor":50.0,"turns":8.0},{"damage":0.0,"enemies":"Shield and Spear","floor":54.0,"turns":5.0},{"damage":95,"enemies":"The Heart","floor":55,"turns":3}],"seed_played":"2019123515676579300","potions_obtained":[{"floor":3.0,"key":"EntropicBrew"},{"floor":4.0,"key":"Regen Potion"},{"floor":5.0,"key":"Explosive Potion"},{"floor":7.0,"key":"Block Potion"},{"floor":14.0,"key":"DistilledChaos"},{"floor":22.0,"key":"CultistPotion"},{"floor":30.0,"key":"Block Potion"},{"floor":31.0,"key":"Swift Potion"},{"floor":33.0,"key":"PowerPotion"}],"is_trial":false,"path_per_floor":["M","M","M","M","?","$","M","M","T","M","R","?","R","M","R","B",null,"M","M","$","?","M","E","M","R","T","M","R","$","M","M","R","B",null,"M","$","M","?","$","R","E","R","T","$","M","E","M","?","R","B",null,"R","$","E","B"],"character_chosen":"WATCHER","items_purchased":["Crescendo","CutThroughFate","PreservedInsect","Fruit Juice","Ancient Tea Set","FlurryOfBlows"],"campfire_rested":0,"item_purchase_floors":[6,20,20,29,44,53],"current_hp_per_floor":[65,65,65,65,65,65,71,71,71,71,71,53,53,53,53,26,72,68,68,68,68,68,68,62,62,62,40,40,40,33,35,35,1,77,73,73,68,68,68,68,57,57,57,57,59,61,63,65,65,14,77,77,77,77,0,0],"gold":126,"neow_bonus":"RANDOM_COMMON_RELIC","is_daily":false,"chose_seed":false,"campfire_upgraded":10,"win_rate":0.0,"timestamp":1610096615,"path_taken":["M","M","?","M","?","$","M","M","T","?","R","?","R","M","R","BOSS","M","M","$","?","M","E","M","R","T","?","R","$","M","M","R","BOSS","M","?","?","?","$","R","E","R","T","$","M","E","M","?","R","BOSS","R","$","E","BOSS"],"items_purchased_type":["Card","Card","Relic","Potion","Relic","Card"],"build_version":"2020-12-22","purchased_purges":6,"victory":false,"max_hp_per_floor":[72,72,72,72,72,72,72,72,72,72,72,72,72,72,72,72,72,72,72,72,72,72,72,72,72,72,72,72,72,77,77,77,77,77,77,77,77,77,77,77,77,77,77,77,77,77,77,77,77,77,77,77,77,77,77,77],"relic_stats":{"Blood Vial":24,"Sozu":3,"Regal Pillow":0,"counters":[28,92],"PreservedInsect":298,"Art of War":[1],"Question Card":20,"obtain_stats":[{"Regal Pillow":26,"Lantern":43,"Golden Idol":12,"Vajra":46,"Damaru":54,"PreservedInsect":20,"Question Card":9,"Ancient Tea Set":44,"Blood Vial":23,"Sozu":34,"Du-Vu Doll":41,"HolyWater":17,"Art of War":0,"PureWater":0,"FossilizedHelix":48},{"Regal Pillow":14,"Lantern":21,"Golden Idol":7,"Vajra":23,"Damaru":27,"PreservedInsect":11,"Question Card":6,"Ancient Tea Set":21,"Blood Vial":13,"Sozu":18,"Du-Vu Doll":21,"HolyWater":9,"Art of War":0,"PureWater":0,"FossilizedHelix":25},{"Regal Pillow":42,"Lantern":68,"Golden Idol":20,"Vajra":71,"Damaru":89,"PreservedInsect":34,"Question Card":18,"Ancient Tea Set":68,"Blood Vial":38,"Sozu":60,"Du-Vu Doll":68,"HolyWater":29,"Art of War":0,"PureWater":0,"FossilizedHelix":76}]},"card_choices":[{"not_picked":["Swivel","Pray"],"picked":"JustLucky","floor":1.0},{"not_picked":["ClearTheMind","Halt"],"picked":"Consecrate","floor":2.0},{"not_picked":["FlyingSleeves","Consecrate"],"picked":"CutThroughFate","floor":3.0},{"not_picked":["Worship","Wallop"],"picked":"Evaluate","floor":4.0},{"not_picked":["ClearTheMind","Sanctity"],"picked":"Judgement","floor":7.0},{"not_picked":["Protect","Weave"],"picked":"CutThroughFate","floor":8.0},{"not_picked":["BowlingBash","FlyingSleeves","LikeWater"],"picked":"FearNoEvil","floor":10.0},{"not_picked":["CrushJoints","Weave","Study"],"picked":"JustLucky","floor":14.0},{"not_picked":["MasterReality","Scrawl","ConjureBlade"],"picked":"DeusExMachina","floor":16.0},{"not_picked":["SashWhip","Worship+1","BattleHymn","Meditate"],"picked":"SKIP","floor":18.0},{"not_picked":["Sanctity","FlyingSleeves","EmptyBody"],"picked":"Tantrum","floor":19.0},{"not_picked":["FollowUp+1","JustLucky","Crescendo"],"picked":"DevaForm","floor":22.0},{"not_picked":["CarveReality","Protect","DevaForm","Fasting2"],"picked":"SKIP","floor":23.0},{"not_picked":["BowlingBash+1","Protect","Conclude","ClearTheMind"],"picked":"SKIP","floor":24.0},{"not_picked":["Crescendo+1","Consecrate","SashWhip+1"],"picked":"ThirdEye","floor":27.0},{"not_picked":["ThirdEye","Prostrate","Conclude"],"picked":"EmptyFist+1","floor":30.0},{"not_picked":["Adaptation","FlyingSleeves","Consecrate","FlurryOfBlows"],"picked":"SKIP","floor":31.0},{"not_picked":["Brilliance","LessonLearned","Blasphemy"],"picked":"Scrawl","floor":33.0},{"not_picked":["FlyingSleeves+1","SashWhip+1","Crescendo","Prostrate"],"picked":"SKIP","floor":35.0},{"not_picked":["CrushJoints","SashWhip","Swivel"],"picked":"EmptyMind+1","floor":37.0},{"not_picked":["EmptyFist+1","BowlingBash+1","Evaluate","EmptyMind"],"picked":"SKIP","floor":41.0},{"not_picked":["CrushJoints","DeceiveReality","Sanctity"],"picked":"Nirvana+1","floor":45.0},{"not_picked":["Conclude+1","EmptyBody","Protect","FlyingSleeves+1"],"picked":"SKIP","floor":46.0},{"not_picked":["Conclude+1","EmptyBody","Protect","FlyingSleeves+1"],"picked":"SKIP","floor":46.0},{"not_picked":["Conclude+1","EmptyBody","Protect","FlyingSleeves+1"],"picked":"SKIP","floor":46.0},{"not_picked":["CarveReality","Halt+1","PathToVictory+1","TalkToTheHand"],"picked":"SKIP","floor":47.0},{"not_picked":["DeceiveReality","WaveOfTheHand+1","SignatureMove+1"],"picked":"Pray+1","floor":54.0}],"player_experience":256903,"relics_obtained":[{"floor":9.0,"key":"Question Card"},{"floor":23.0,"key":"Blood Vial"},{"floor":26.0,"key":"Regal Pillow"},{"floor":41.0,"key":"Du-Vu Doll"},{"floor":43.0,"key":"Lantern"},{"floor":46.0,"key":"Vajra"},{"floor":48.0,"key":"FossilizedHelix"},{"floor":54.0,"key":"Damaru"}],"event_choices":[{"damage_healed":0.0,"max_hp_gain":0.0,"max_hp_loss":0.0,"gold_gain":0.0,"event_name":"The Woman in Blue","player_choice":"Bought 1 Potion","floor":5.0,"gold_loss":0.0,"damage_taken":0.0},{"damage_healed":0.0,"max_hp_gain":0.0,"max_hp_loss":0.0,"gold_gain":0.0,"event_name":"Golden Idol","player_choice":"Take Damage","floor":12.0,"gold_loss":0.0,"damage_taken":18.0,"relics_obtained":["Golden Idol"]},{"damage_healed":0.0,"max_hp_gain":0.0,"max_hp_loss":0.0,"gold_gain":0.0,"event_name":"Accursed Blacksmith","player_choice":"Forge","floor":21.0,"gold_loss":0.0,"damage_taken":0.0,"cards_upgraded":["DeusExMachina"]},{"damage_healed":0.0,"max_hp_gain":0.0,"max_hp_loss":0.0,"gold_gain":333.0,"event_name":"The Moai Head","player_choice":"Gave Idol","floor":38.0,"relics_lost":["Golden Idol"],"gold_loss":0.0,"damage_taken":0.0},{"damage_healed":0.0,"max_hp_gain":0.0,"max_hp_loss":0.0,"gold_gain":0.0,"event_name":"Mysterious Sphere","player_choice":"Fight","floor":48.0,"gold_loss":0.0,"damage_taken":0.0}],"is_beta":false,"boss_relics":[{"not_picked":["VioletLotus","Runic Pyramid"],"picked":"HolyWater"},{"not_picked":["SacredBark","Fusion Hammer"],"picked":"Sozu"}],"items_purged_floors":[6,20,29,39,44,44],"is_endless":false,"potions_floor_spawned":[3,4,7,14,22,30,31,33,35,45,46],"killed_by":"The Heart","ascension_level":0}}