{"host":"lvo3mx5xoqblab8l","time":1610123597,"event":{"mods":["AchievementEnabler","Aspiration","Bard","BaseMod","Beaked The Cultist","Better Altar","Better Match","Better Note","Better Sensory Stone","Better Skull","Better Third Choice","BetterRewards","CCEM","Clawfect","Colored Map","Conspire","Downfall","GifTheSpireLib","Googly Eyes","Halation","Hermit","Highlight Path","Hubris","Hunter ??","Infinite Spire","Jedi Mod","Jorbs\u0027s Wanderer Trilogy","Mad Scientist","Marisa????????","Mimic Mod","Minty Spire (QoL Compilation)","Permanent Neow","Replay The Spire","Shade Mod","Shop Mod","Spicy Shops","StSLib","Stuff the Spire","The Administrix","The Blackbeard","The Bug Knight","The Construct","The Cursed","The Disciple","The Gatherer","The Hierophant","The IronCluck","The Jungle","The Mystic","The Necromancer","The Problem Sleuth","The Runesmith","The Servant 0.9.4","The Spell Scribe","The Witch","Unceasing Turn Reminder","[IsaacMod]????","everything is the same but u backflip on backflip","slay the spire mod where everything is the same but ironclad has a cowboy hat"],"gold_per_floor":[118,135,135,135,152,186,175,208,208,224,250,250,4,4,4,106,106,118,132,132,142,153,178,178,110,110,110,134,134,161,178,178,190,190,287,287,302,320,99,113,113,144,162,190,190,43,62,62,62,97,97,97,97,97,8,36,36,36],"floor_reached":57,"playtime":7221,"items_purged":["Strike_Br"],"score":902,"play_id":"2a5a6b88-766a-42a5-9f92-c95c32809933","local_time":"20210108133314","is_ascension_mode":false,"campfire_choices":[{"floor":15.0,"key":"REST"},{"floor":24.0,"key":"RECALL"},{"floor":29.0,"key":"REST"},{"floor":34.0,"key":"REST"},{"data":"LockedCalendar","floor":49,"key":"SMITH"},{"floor":51,"key":"REST"},{"data":"infinitespire:TheBestDefense","floor":54,"key":"SMITH"}],"circlet_count":0,"master_deck":["Strike_Br+1","Strike_Br","Strike_Br","Defend_Br","Defend_Br","Defend_Br","SecondHand","PatternShift","ExoVibe","LockedWarPaint","Keepsakes","Backlash","CrunchTime","ReapSow","HandsUpC","LockedScales","LockedBlood","PrimeTime","Apotheosis+1","LockedCalendar+1","Flay","LockedAstrolabe","Engulf","infinitespire:TheBestDefense+1","Accelerando+1","LockedBlood","LockedTurtyl","Facsimile","ExoVibe","LockedFlame","LockedThread+1","Rallentando","LockedBlood+1","StuffTheSpire:Ambrosia","EscortCommand+1","Echoward"],"relics":["Chronometer","HushsDoor","DoctorsRemote","GnawedLeaf","Lantern","StuffTheSpire:Gunfinga","conspire:SlowCooker","Bird Faced Urn","Iron Hammer","jedi:angrymask","hubris:Backtick","Mummified Hand","halation:PromiseList","jedi:cryingmask","Dream Catcher","infinitespire:Joker Card","CCEMRelics:SpiritsEdge","hubris:ToyBattleship","Runesmith:AutoHammer"],"acts_visited":["Exordium","TheCity","TheBeyond","TheEnding"],"potions_floor_usage":[42,50,57],"damage_taken":[{"damage":2.0,"enemies":"2 Louse","floor":1.0,"turns":4.0},{"damage":0.0,"enemies":"Jaw Worm","floor":2.0,"turns":7.0},{"damage":0.0,"enemies":"Small Slimes","floor":5.0,"turns":2.0},{"damage":0.0,"enemies":"HollowMod:MossKnight","floor":6.0,"turns":12.0},{"damage":10.0,"enemies":"Exordium Thugs","floor":7.0,"turns":4.0},{"damage":8.0,"enemies":"Lagavulin","floor":8.0,"turns":7.0},{"damage":0.0,"enemies":"3 Louse","floor":10.0,"turns":4.0},{"damage":6.0,"enemies":"Gremlin Nob","floor":11.0,"turns":4.0},{"damage":0.0,"enemies":"Slime Boss","floor":16.0,"turns":6.0},{"damage":20.0,"enemies":"2 Thieves","floor":18.0,"turns":4.0},{"damage":2.0,"enemies":"Spheric Guardian","floor":19.0,"turns":4.0},{"damage":26.0,"enemies":"Snake Plant","floor":21.0,"turns":4.0},{"damage":0.0,"enemies":"Centurion and Healer","floor":22.0,"turns":4.0},{"damage":28.0,"enemies":"Book of Stabbing","floor":23.0,"turns":7.0},{"damage":29.0,"enemies":"conspire:SneckoGhost","floor":30.0,"turns":3.0},{"damage":1.0,"enemies":"Shelled Parasite and Fungi","floor":31.0,"turns":4.0},{"damage":16.0,"enemies":"Sentry and Sphere","floor":33.0,"turns":5.0},{"damage":20.0,"enemies":"conspire:MysteriousRune","floor":35.0,"turns":9.0},{"damage":1.0,"enemies":"3 Darklings","floor":37.0,"turns":7.0},{"damage":2.0,"enemies":"3 Shapes","floor":38.0,"turns":7.0},{"damage":25.0,"enemies":"3 Darklings","floor":40.0,"turns":5.0},{"damage":17,"enemies":"Nemesis","floor":42,"turns":9},{"damage":35,"enemies":"4 Shapes","floor":43,"turns":6},{"damage":1,"enemies":"HollowMod:StalkingDevout","floor":44,"turns":8},{"damage":9,"enemies":"Spire Growth","floor":47,"turns":4},{"damage":37,"enemies":"Giant Head","floor":50,"turns":9},{"damage":94,"enemies":"hubris:GrandSnecko","floor":52,"turns":11},{"damage":61,"enemies":"Shield and Spear","floor":56,"turns":7},{"damage":62,"enemies":"Delirium","floor":57,"turns":2}],"seed_played":"-6725755065137917827","potions_obtained":[{"floor":1.0,"key":"Explosive Potion"},{"floor":2.0,"key":"jedi:hoardpotion"},{"floor":10.0,"key":"champ:CounterPotion"},{"floor":11.0,"key":"Weak Potion"},{"floor":16.0,"key":"Adrenaline Potion"},{"floor":23.0,"key":"Venom Potion"},{"floor":30.0,"key":"Elixir"},{"floor":31.0,"key":"Swift Potion"},{"floor":35.0,"key":"jedi:StrikingPotion"},{"floor":37.0,"key":"Energy Potion"},{"floor":38.0,"key":"WardPotion"},{"floor":43,"key":"HastePotion"},{"floor":47,"key":"jedi:hoardpotion"},{"floor":56,"key":"hexamod:EctoCoolerPotion"}],"is_trial":false,"path_per_floor":["M","M","?","?","M","E","M","E","T","M","E","?","$","?","R","B",null,"M","M","AVR","M","M","E","R","$","PTL","PTL","T","R","E","M","?","M","R","B",null,"M","M","$","M","?","E","M","E","T","$","M","$","R","E","R","B",null,"R","$","E","B"],"character_chosen":"CHRONO_CLASS","items_purchased":["Echonomics","LockedBlood","PrimeTime","Tempo","halation:PromiseList","CCEMRelics:SpiritsEdge","Death Potion"],"campfire_rested":4,"item_purchase_floors":[13,13,13,25,39,46,55],"current_hp_per_floor":[63,63,63,56,56,56,46,38,38,38,32,32,32,32,51,57,65,45,46,46,30,32,18,18,18,18,18,18,37,16,21,21,21,40,58,65,65,65,65,52,52,66,38,68,68,68,69,69,69,54,70,24,71,71,71,55,0,0],"gold":36,"neow_bonus":"RANDOM_EVENT","is_daily":false,"chose_seed":false,"campfire_upgraded":2,"win_rate":0.0,"timestamp":1610123594,"path_taken":["M","M","?","?","M","E","?","E","T","M","E","?","$","?","R","BOSS","M","M","AVR","M","M","E","R","$","PTL","PTL","T","R","E","M","?","M","R","BOSS","M","M","$","?","?","E","M","E","T","$","M","?","R","E","R","BOSS","R","$","E","BOSS"],"items_purchased_type":["Card","Card","Card","Card","Relic","Relic","Potion"],"build_version":"2020-12-22","purchased_purges":1,"victory":false,"max_hp_per_floor":[65,65,65,65,65,65,65,65,65,65,65,65,65,65,65,65,65,65,65,65,65,65,65,65,65,65,65,65,65,65,65,65,65,65,65,65,65,65,65,65,65,66,67,68,68,68,69,69,69,70,70,71,71,71,71,72,73,73],"card_choices":[{"not_picked":["BlueShift","LockedMedicine"],"picked":"ExoVibe","floor":1.0},{"not_picked":["Bomb","LockedBell"],"picked":"LockedWarPaint","floor":2.0},{"not_picked":["LockedScales","Echoward"],"picked":"Keepsakes","floor":5.0},{"not_picked":["LockedCalendar","LockedOrichalcum"],"picked":"Backlash","floor":6.0},{"not_picked":["Break","TiringSlam"],"picked":"CrunchTime","floor":7.0},{"not_picked":["BeatsPerMinute","SlimeSpray"],"picked":"ReapSow","floor":8.0},{"not_picked":["EscortCommand","WindUp"],"picked":"HandsUpC","floor":10.0},{"not_picked":["ReapSow","BlueShift"],"picked":"LockedScales","floor":11.0},{"not_picked":["LockedMedicine","BiteCommand","CrunchTime"],"picked":"SKIP","floor":18.0},{"not_picked":["LockedWarPaint","HandsUpC"],"picked":"Engulf","floor":19.0},{"not_picked":["LockedMercury+1","Cuckoo+1"],"picked":"Tempo","floor":21.0},{"not_picked":["AlternateTimeline","ReapSow","Engulf+1"],"picked":"SKIP","floor":22.0},{"not_picked":["ShortSighted+1","HandsUpC","BlueShift"],"picked":"SKIP","floor":23.0},{"not_picked":["Parity","Keepsakes+1"],"picked":"LockedBlood","floor":30.0},{"not_picked":["Chronoelasticity","Stagnate"],"picked":"LockedTurtyl","floor":31.0},{"not_picked":["BeatsPerMinute","BlueShift"],"picked":"ExoVibe","floor":33.0},{"not_picked":["OverTime","BackFourSeconds"],"picked":"LockedFlame","floor":35.0},{"not_picked":["CrunchTime+1","LockedOrichalcum+1"],"picked":"LockedThread+1","floor":37.0},{"not_picked":["TiringSlam+1","Backlash"],"picked":"LockedBlood+1","floor":38.0},{"not_picked":["WindUp+1","Engulf","TickedOff+1"],"picked":"SKIP","floor":40.0},{"not_picked":["StuffTheSpire:Perfection","StuffTheSpire:Harmony"],"picked":"StuffTheSpire:Ambrosia","floor":41},{"not_picked":["HandsUpC","ReapSow"],"picked":"EscortCommand+1","floor":42},{"not_picked":["WatchCommand","BackFourSeconds"],"picked":"Echoward","floor":43},{"not_picked":["AlternateTimeline+1","Engulf","RageCommand"],"picked":"SKIP","floor":44},{"not_picked":["Engulf","ReapSow+1","AlternateTimeline+1"],"picked":"SKIP","floor":47},{"not_picked":["BeatsPerMinute","BlueShift+1","Echoward+1"],"picked":"SKIP","floor":50},{"not_picked":["Recurrance+1","WindUp","Parity"],"picked":"SKIP","floor":56}],"player_experience":161963,"relics_obtained":[{"floor":6.0,"key":"GnawedLeaf"},{"floor":8.0,"key":"Lantern"},{"floor":11.0,"key":"StuffTheSpire:Gunfinga"},{"floor":23.0,"key":"Iron Hammer"},{"floor":28.0,"key":"Omamori"},{"floor":30.0,"key":"jedi:angrymask"},{"floor":42,"key":"jedi:cryingmask"},{"floor":44,"key":"Dream Catcher"},{"floor":45,"key":"infinitespire:Joker Card"},{"floor":50,"key":"hubris:ToyBattleship"},{"floor":56,"key":"Runesmith:AutoHammer"}],"event_choices":[{"cards_removed":["Defend_Br"],"damage_healed":0.0,"max_hp_gain":0.0,"max_hp_loss":0.0,"gold_gain":0.0,"event_name":"Golden Wing","player_choice":"Card Removal","floor":4.0,"gold_loss":0.0,"damage_taken":7.0},{"damage_healed":32.0,"max_hp_gain":0.0,"max_hp_loss":65.0,"gold_gain":0.0,"event_name":"betterThird:BetterShining","player_choice":"Embrace","floor":14.0,"gold_loss":0.0,"damage_taken":0.0},{"damage_healed":0.0,"max_hp_gain":0.0,"max_hp_loss":0.0,"gold_gain":0.0,"cards_transformed":["Echonomics"],"event_name":"Transmorgrifier","player_choice":"Transformed","floor":32.0,"gold_loss":0.0,"damage_taken":0.0,"cards_obtained":["Facsimile"]}],"is_beta":false,"boss_relics":[{"not_picked":["Replay:Wanted Poster","hubris:ScarierMask"],"picked":"conspire:SlowCooker"},{"not_picked":[]},{"not_picked":["StuffTheSpire:RunicHypercube","hubris:CrackedHourglass"],"picked":"hubris:Backtick"},{"not_picked":[]}],"items_purged_floors":[39],"is_endless":false,"potions_floor_spawned":[1,2,10,11,16,23,30,31,35,37,38,43,47,56],"killed_by":"Delirium","ascension_level":0}}