{"host":"kabf61oc9jgfwufg","time":1610106482,"event":{"mods":["AchievementEnabler","Act Like it!","Aspiration","BaseMod","Conspire","GifTheSpireLib","Halation","HexUI Lib","Hubris","Infinite Spire","Melee Mod","Minty Spire (QoL Compilation)","Quick Restart","Rare Cards Sparkle","Replay The Spire","Shop Mod","StSLib","Waifu the Spire"],"gold_per_floor":[117,117,42,42,42,83,83,101,126,26,26,112,112,125,125,254,254,269,219,232,246,261,261,295,295,322,338,338,352,179,194,194,317,317,332,332,391,15,15,15,39,54,54,78,99,99,123,143,143,143],"floor_reached":51,"playtime":1728,"items_purged":["Defend_B","Dualcast","conspire:GhostlyStrike","conspire:GhostlyStrike","conspire:GhostlyDefend"],"score":694,"play_id":"ccaed9e0-437e-40f5-9626-7b86fe1db908","local_time":"20210108114802","is_ascension_mode":false,"campfire_choices":[{"data":"Gash","floor":7,"key":"SMITH"},{"data":"JustLucky","floor":11,"key":"SMITH"},{"floor":13,"key":"RECALL"},{"floor":15,"key":"REST"},{"floor":23,"key":"REST"},{"data":"infinitespire:Punishment","floor":32,"key":"SMITH"},{"data":"Go for the Eyes","floor":40,"key":"SMITH"},{"floor":46,"key":"REST"},{"data":"FTL","floor":49,"key":"SMITH"}],"circlet_count":0,"master_deck":["conspire:GhostlyStrike","conspire:GhostlyStrike","conspire:GhostlyDefend","conspire:GhostlyDefend","Zap","Gash+1","JustLucky+1","FTL+1","Beam Cell","infinitespire:Punishment+1","Turbo+1","Hologram","Go for the Eyes+1","Gash+1","All For One","ReplayGash+1","Parasite","Go for the Eyes+1","ReplayGash+1","Beam Cell+1","Parasite"],"relics":["Replay:M_StaffOfTheSnake","NeowsBlessing","infinitespire:Cubic Diamond","Golden Idol","Mercury Hourglass","Bag of Preparation","Orichalcum","aspiration:RitualDagger","MealTicket","ReplayFunnel","Replay:Baseball","halation:Risk","Molten Egg 2","Frozen Eye","conspire:BottledYoYo"],"acts_visited":["Exordium","TheCity","TheBeyond"],"potions_floor_usage":[21,24,24,24,31,31,33,37,47,50],"damage_taken":[{"damage":0,"enemies":"Jaw Worm","floor":1,"turns":1},{"damage":0,"enemies":"Lagavulin","floor":6,"turns":1},{"damage":0,"enemies":"2 Louse","floor":8,"turns":1},{"damage":0,"enemies":"Small Slimes","floor":14,"turns":2},{"damage":16,"enemies":"Slime Boss","floor":16,"turns":8},{"damage":36,"enemies":"conspire:FuzzyDice","floor":18,"turns":4},{"damage":28,"enemies":"Shell Parasite","floor":20,"turns":6},{"damage":49,"enemies":"Snake Plant","floor":21,"turns":5},{"damage":33,"enemies":"conspire:HollyBat","floor":22,"turns":6},{"damage":20,"enemies":"conspire:SneckoGhost","floor":24,"turns":5},{"damage":13,"enemies":"Cultist and Chosen","floor":27,"turns":4},{"damage":26,"enemies":"Shelled Parasite and Fungi","floor":29,"turns":3},{"damage":9,"enemies":"Sentry and Sphere","floor":31,"turns":3},{"damage":28,"enemies":"conspire:MysteriousRune","floor":33,"turns":7},{"damage":44,"enemies":"3 Shapes","floor":35,"turns":4},{"damage":14,"enemies":"2 Orb Walkers","floor":37,"turns":2},{"damage":3,"enemies":"Orb Walker","floor":41,"turns":1},{"damage":25,"enemies":"Writhing Mass","floor":42,"turns":4},{"damage":29,"enemies":"Sphere and 2 Shapes","floor":44,"turns":3},{"damage":37,"enemies":"4 Shapes","floor":45,"turns":3},{"damage":12,"enemies":"Jaw Worm Horde","floor":47,"turns":3},{"damage":17,"enemies":"Writhing Mass","floor":48,"turns":3},{"damage":61,"enemies":"Time Eater","floor":50,"turns":5}],"seed_played":"5692845152012944886","potions_obtained":[{"floor":12,"key":"infinitespire:BlackPotion"},{"floor":12,"key":"EntropicBrew"},{"floor":14,"key":"EssenceOfSteel"},{"floor":21,"key":"PotionOfCapacity"},{"floor":22,"key":"infinitespire:BlackPotion"},{"floor":31,"key":"Fire Potion"},{"floor":41,"key":"Fire Potion"},{"floor":45,"key":"Swift Potion"},{"floor":47,"key":"Fire Potion"},{"floor":48,"key":"conspire:TimeTravelPotion"}],"is_trial":false,"path_per_floor":["M","?","$","?","?","E","R","M","T","$","R","?","R","M","R","B",null,"M","?","M","M","M","R","E","AVR","T","M","?","M","$","M","R","B",null,"M","AVR","?","$","?","R","M","M","T","M","M","R","M","M","R","B",null],"character_chosen":"DEFECT","items_purchased":["Go for the Eyes","ReplayGash+1","Frozen Eye"],"campfire_rested":3,"item_purchase_floors":[30,38,38],"current_hp_per_floor":[75,75,75,69,69,69,69,69,69,69,69,69,69,69,69,53,69,33,33,5,31,6,26,24,24,24,25,25,13,28,27,27,27,69,36,36,42,57,57,57,66,58,58,43,20,40,48,46,46,59],"gold":143,"neow_bonus":"THREE_ENEMY_KILL","is_daily":false,"chose_seed":false,"campfire_upgraded":5,"win_rate":0.0,"timestamp":1610106482,"path_taken":["M","?","$","?","?","E","R","M","T","$","R","?","R","M","R","BOSS","M","?","?","?","M","R","E","AVR","T","?","?","?","$","M","R","BOSS","M","AVR","?","$","?","R","M","M","T","?","M","R","M","M","R","BOSS"],"items_purchased_type":["Card","Card","Relic"],"build_version":"2020-12-22","purchased_purges":5,"victory":true,"max_hp_per_floor":[75,75,75,69,69,69,69,69,69,69,69,69,69,69,69,69,69,69,69,69,69,69,69,69,69,69,69,69,69,69,69,69,69,69,69,69,69,69,69,69,69,69,69,69,69,69,69,69,69,69],"card_choices":[{"not_picked":["Redo","Sweeping Beam"],"picked":"Gash","floor":1},{"not_picked":["hubris:SpecializedCircuitry","Weave","Streamline"],"picked":"SKIP","floor":6},{"not_picked":["Coolheaded","ReplaySolidLightProjector"],"picked":"JustLucky","floor":8},{"not_picked":["CutThroughFate","Streamline","White Noise"],"picked":"SKIP","floor":14},{"not_picked":["Crystallizer","Tempest+1","BasicCrystalCard"],"picked":"SKIP","floor":18},{"not_picked":["Streamline","Ball Lightning"],"picked":"FTL","floor":20},{"not_picked":["Panic Button","Coolheaded","Sweeping Beam"],"picked":"SKIP","floor":21},{"not_picked":["Panic Button","Coolheaded","Sweeping Beam"],"picked":"SKIP","floor":21},{"not_picked":["Sweeping Beam+1","Cold Snap","Rebound"],"picked":"SKIP","floor":22},{"not_picked":["Double Energy+1","Blizzard"],"picked":"Beam Cell","floor":24},{"not_picked":["Cold Snap+1","hubris:Prefetch"],"picked":"Turbo+1","floor":27},{"not_picked":["Reinforced Body","Redo","Leap"],"picked":"SKIP","floor":29},{"not_picked":["Barrage","Reinforced Body"],"picked":"Gash+1","floor":31},{"not_picked":["hubris:Prefetch","Biased Cognition"],"picked":"All For One","floor":33},{"not_picked":["Hologram+1","Sunder+1","Stack+1"],"picked":"SKIP","floor":35},{"not_picked":["BasicCrystalCard+1","Fusion","Leap"],"picked":"SKIP","floor":41},{"not_picked":["Cold Snap+1","Auto Shields+1"],"picked":"Go for the Eyes+1","floor":42},{"not_picked":["Cold Snap+1","hubris:PowerSurge"],"picked":"ReplayGash+1","floor":44},{"not_picked":["Compile Driver+1","ReplaySort+1","Heatsinks+1"],"picked":"SKIP","floor":45},{"not_picked":["BasicCrystalCard","Echo Form"],"picked":"Beam Cell+1","floor":47},{"not_picked":["Hologram","Go for the Eyes+1","Ball Lightning+1"],"picked":"SKIP","floor":48}],"player_experience":82660,"relics_obtained":[{"floor":6,"key":"Mercury Hourglass"},{"floor":9,"key":"Bag of Preparation"},{"floor":12,"key":"Orichalcum"},{"floor":24,"key":"MealTicket"},{"floor":26,"key":"Replay:Baseball"},{"floor":43,"key":"conspire:BottledYoYo"}],"event_choices":[{"damage_healed":0,"gold_gain":0,"player_choice":"Lose Max HP","damage_taken":0,"relics_obtained":["Golden Idol"],"max_hp_gain":0,"max_hp_loss":6,"event_name":"Golden Idol","floor":4,"gold_loss":0},{"damage_healed":0,"gold_gain":0,"player_choice":"Agree","damage_taken":0,"max_hp_gain":0,"max_hp_loss":0,"event_name":"conspire:LoneGhost","floor":5,"gold_loss":0},{"damage_healed":0,"gold_gain":0,"player_choice":"Bet on Murderer","damage_taken":0,"max_hp_gain":0,"max_hp_loss":0,"event_name":"The Joust","floor":19,"gold_loss":50},{"damage_healed":0,"gold_gain":0,"player_choice":"1 cards matched","damage_taken":0,"max_hp_gain":0,"max_hp_loss":0,"event_name":"Match and Keep!","floor":28,"gold_loss":0,"cards_obtained":["Hologram"]},{"damage_healed":0,"gold_gain":0,"player_choice":"Fight","damage_taken":0,"max_hp_gain":0,"max_hp_loss":0,"event_name":"Mysterious Sphere","floor":37,"gold_loss":0},{"damage_healed":0,"gold_gain":0,"player_choice":"Ignored","damage_taken":0,"max_hp_gain":0,"max_hp_loss":0,"event_name":"NoteForYourself","floor":39,"gold_loss":0}],"is_beta":false,"boss_relics":[{"not_picked":["halation:PlatinumPhoenix","halation:ForbiddenBikini"],"picked":"aspiration:RitualDagger"},{"not_picked":["halation:SmartPhone","aspiration:RunicSpoon"],"picked":"halation:Risk"}],"items_purged_floors":[3,10,25,30,38],"is_endless":false,"potions_floor_spawned":[8,14,21,22,27,31,41,42,45,47,48],"ascension_level":0}}