{"host":"bbld1ic1uj90ldt9","time":1610104841,"event":{"mods":["2.2 Compatiblity","AchievementEnabler","Act Like it!","BaseMod","Better Third Choice","Conspire","Downfall","Emptier Cage","Gensokyo","Hallownest","Hermit","Highlight Path","Hubris","Marisa????????","Minty Spire (QoL Compilation)","Random Character Button","Replay The Spire","StSLib","The Animator","The Bug Knight","The Cursed","The Disciple","The Hierophant","The Jungle","The Runesmith","The Servant 0.9.4"],"gold_per_floor":[99,112,122,13,113,143,143,68,100,118,132,145,157,192,214,226,226],"floor_reached":16,"playtime":3847,"items_purged":[],"score":130,"play_id":"551cc498-810c-4537-a3cc-c48abe7952e3","local_time":"20210108122041","is_ascension_mode":true,"campfire_choices":[{"floor":1,"key":"RECALL"},{"floor":8,"key":"REST"}],"circlet_count":0,"master_deck":["sneckomod:Strike","sneckomod:Strike","sneckomod:Strike","sneckomod:Defend","sneckomod:Defend","sneckomod:Defend","sneckomod:TailWhip","sneckomod:SnekBite","sneckomod:Unknown","sneckomod:Unknown","sneckomod:WideSting","sneckomod:UnknownClassMARISA_DERIVATIONS","sneckomod:Unknown1Cost","sneckomod:UnknownCommonSkill+1","sneckomod:DiceCrush","sneckomod:Unknown1Cost","sneckomod:UnknownClassMARISA_COLOR","sneckomod:UnknownClassRUNESMITH_BEIGE","sneckomod:QuickMove","sneckomod:MasterEye","sneckomod:Nope","sneckomod:UnknownClassMARISA_COLOR","sneckomod:Unknown3Cost"],"relics":["sneckomod:SneckoSoul","Calipers","HollowMod:PaleOreRelic","Oddly Smooth Stone","downfall:HeartBlessingRed","Lantern","MawBank"],"acts_visited":["Exordium"],"potions_floor_usage":[11,15,16,16],"damage_taken":[{"damage":0,"enemies":"2 Louse","floor":2,"turns":2},{"damage":1,"enemies":"Cultist","floor":3,"turns":3},{"damage":6,"enemies":"downfall:FleeingMerchant","floor":4,"turns":4},{"damage":24,"enemies":"Gremlin Nob","floor":6,"turns":4},{"damage":12,"enemies":"HollowMod:MossKnight","floor":9,"turns":8},{"damage":4,"enemies":"Small Slimes","floor":10,"turns":2},{"damage":0,"enemies":"2 Fungi Beasts","floor":11,"turns":3},{"damage":3,"enemies":"Blue Slaver","floor":12,"turns":3},{"damage":0,"enemies":"Exordium Wildlife","floor":13,"turns":3},{"damage":21,"enemies":"3 Sentries","floor":14,"turns":7},{"damage":25,"enemies":"Gremlin Gang","floor":15,"turns":3},{"damage":32,"enemies":"downfall:Silent","floor":16,"turns":10}],"seed_played":"5176913082345835802","potions_obtained":[{"floor":2,"key":"DistilledChaos"},{"floor":6,"key":"Weak Potion"},{"floor":10,"key":"Cursed Concoction"},{"floor":14,"key":"Venom Potion"},{"floor":15,"key":"ColorlessPotion"}],"is_trial":false,"path_per_floor":["R","M","M","$","?","E","T","R","E","M","M","M","M","E","M","B"],"character_chosen":"THE_SNECKO","items_purchased":["sneckomod:UnknownCommonSkill+1","sneckomod:DiceCrush"],"campfire_rested":1,"item_purchase_floors":[4,4],"current_hp_per_floor":[81,81,81,77,77,54,54,79,68,69,69,66,66,46,29,0,0],"gold":226,"neow_bonus":"ONE_RARE_RELIC","is_daily":false,"chose_seed":false,"campfire_upgraded":0,"win_rate":0.0,"timestamp":1610104841,"path_taken":["R","M","M","$","?","E","T","R","E","M","M","M","M","E","M","BOSS"],"items_purchased_type":["Card","Card"],"build_version":"2020-12-22","purchased_purges":0,"victory":false,"max_hp_per_floor":[81,81,82,84,84,85,85,85,86,87,87,87,87,88,89,89,89],"card_choices":[{"not_picked":["sneckomod:UnknownWeak","sneckomod:Unknown1Cost"],"picked":"sneckomod:WideSting","floor":2},{"not_picked":["sneckomod:UnknownClassBUGKNIGHT_GRAY_COLOR","sneckomod:UnknownBlock"],"picked":"sneckomod:UnknownClassMARISA_DERIVATIONS","floor":3},{"not_picked":["sneckomod:PureSnecko","sneckomod:SoulExchange"],"picked":"sneckomod:Unknown1Cost","floor":4},{"not_picked":["sneckomod:TrashToTreasure","sneckomod:Rotation"],"picked":"sneckomod:Unknown1Cost","floor":6},{"not_picked":["sneckomod:QuickBite","sneckomod:UnknownWeak"],"picked":"sneckomod:UnknownClassMARISA_COLOR","floor":9},{"not_picked":["sneckomod:SoulRoll","sneckomod:Unknown1Cost"],"picked":"sneckomod:UnknownClassRUNESMITH_BEIGE","floor":10},{"not_picked":["sneckomod:DiceCrush","sneckomod:QuickBite"],"picked":"sneckomod:QuickMove","floor":11},{"not_picked":["sneckomod:UnknownClassRED","sneckomod:UnknownClassGREEN"],"picked":"sneckomod:MasterEye","floor":12},{"not_picked":["sneckomod:QuickBite","sneckomod:UnknownExhaust"],"picked":"sneckomod:Nope","floor":13},{"not_picked":["sneckomod:DiceCrush","sneckomod:Nope"],"picked":"sneckomod:UnknownClassMARISA_COLOR","floor":14},{"not_picked":["sneckomod:DiceCrush","sneckomod:Nope"],"picked":"sneckomod:Unknown3Cost","floor":15}],"player_experience":2221471,"relics_obtained":[{"floor":6,"key":"HollowMod:PaleOreRelic"},{"floor":7,"key":"Oddly Smooth Stone"},{"floor":9,"key":"Lantern"},{"floor":14,"key":"MawBank"}],"event_choices":[{"damage_healed":0,"gold_gain":100,"player_choice":"Gold","damage_taken":0,"max_hp_gain":0,"max_hp_loss":0,"event_name":"Wheel of Change","floor":5,"gold_loss":0}],"is_beta":false,"boss_relics":[],"items_purged_floors":[],"is_endless":false,"potions_floor_spawned":[2,6,10,14,15],"killed_by":"downfall:Silent","ascension_level":1}}