{"host":"yimsjc3cz1ak4m0l","time":1610085325,"event":{"mods":["2.2 Compatiblity","A Magickal Journey","Act Like it!","AlwaysNeverKeys","Aspiration","Bartender","BaseMod","BetterRewards","CatGirl Mod","Chen","Colored Map","Colored Powertips","Colorless Booster Pack","Conjunction","Conspire","Defuse TimeMaze Blight","Downfall","Energized Spire","FutureSeer","GifTheSpireLib","Gremlin Skip","GungeonMod","Halation","HexUI Lib","Highlight Path","Hubris","Hyrulean Relics","Infinite Spire","Jedi Mod","Mimic Mod","Minty Spire (QoL Compilation)","Potionbrewer","Quick Restart","Relic Sorter","Replay The Spire","Reworked Bosses","RumiaBox-????????","Shop Mod","Small Relic Pack","Spikes Relics","StSLib","Strawberry Spire","Stuff the Spire","The Administrix","The Alterego","The Animator","The Bladedancer","The Bug Knight","The Marked","Trackpad","Treasure Hunter","Useless Jewels Mod","Wandering Minibosses","egg","??????REMEMod"],"gold_per_floor":[120,120,132,132,132,132,132,132],"floor_reached":7,"playtime":368,"items_purged":[],"score":39,"play_id":"86b51a51-76cd-41b8-95cd-eb62206791c6","local_time":"20210108005525","is_ascension_mode":false,"campfire_choices":[{"floor":6,"key":"REST"}],"circlet_count":0,"master_deck":["animator:Strike_Overlord","animator:Defend_Overlord","animator:Strike","animator:Strike","animator:Strike","animator:Defend","animator:Defend","animator:Defend","animator:Cocytus","animator:Demiurge","animator:HiiragiShinya","animator:Spearman","animator:KrulTepes"],"relics":["animator:LivingPicture","animator:TheMissingPiece","REME_ComplimentaryCards","animator:PurgingStone","hubris:EvacipatedBox","ReplayTheSpireMod:Ninjato","Smiling Mask"],"acts_visited":["Exordium"],"potions_floor_usage":[],"damage_taken":[{"damage":5,"enemies":"Cultist","floor":1,"turns":4},{"damage":8,"enemies":"Small Slimes","floor":3,"turns":5},{"damage":37,"enemies":"3 Sentries","floor":7,"turns":7}],"seed_played":"6867040020336675100","potions_obtained":[],"is_trial":false,"path_per_floor":["M","?","M","?","$","R","E"],"character_chosen":"THE_ANIMATOR","items_purchased":["hubris:EvacipatedBox","ReplayTheSpireMod:Ninjato","Smiling Mask"],"campfire_rested":1,"item_purchase_floors":[5,5,5],"current_hp_per_floor":[67,67,59,59,14,35,0,0],"gold":132,"neow_bonus":"TEN_PERCENT_HP_BONUS","is_daily":false,"chose_seed":false,"campfire_upgraded":0,"win_rate":0.0,"timestamp":1610085325,"path_taken":["M","?","M","?","?","R","E"],"items_purchased_type":["Relic","Relic","Relic"],"build_version":"2020-12-22","purchased_purges":0,"victory":false,"max_hp_per_floor":[72,72,72,72,72,72,72,72],"card_choices":[{"not_picked":["animator:Hakurou","animator:Witch"],"picked":"animator:HiiragiShinya","floor":1},{"not_picked":["animator:Yoichi","animator:Gluttony"],"picked":"animator:KrulTepes","floor":3}],"player_experience":250932,"relics_obtained":[],"event_choices":[],"is_beta":false,"boss_relics":[],"items_purged_floors":[],"is_endless":false,"potions_floor_spawned":[],"killed_by":"3 Sentries","ascension_level":0}}