{"host":"j3h0p3l2xgzxhnx7","time":1610092609,"event":{"mods":["BaseMod","Luminous","Marisa????????","Minty Spire (QoL Compilation)","Remilia??????","StSLib","The Bug Knight","The Cursed","The Servant 0.9.4"],"gold_per_floor":[19,39,39,53,73,122,122,153,176,190,43,43,73,85,85,186,186,152,162,179,198,198,198,229,229,308,320,336,251,23,48,48,152,152,171,184,202,216,69,69,83,117,117,134,134,34,34,51,51,51],"floor_reached":51,"playtime":2559,"items_purged":["Strike_S","Strike_S"],"score":1207,"play_id":"8223b1ec-84be-49ed-88c8-3ad98f928e02","local_time":"20210108155649","is_ascension_mode":true,"campfire_choices":[{"data":"SilverBlades","floor":7,"key":"SMITH"},{"data":"Barrier","floor":12,"key":"SMITH"},{"data":"Barrier","floor":15,"key":"SMITH"},{"floor":23,"key":"REST"},{"data":"TheWorld","floor":25,"key":"SMITH"},{"floor":32,"key":"REST"},{"data":"SilverMatrix","floor":40,"key":"SMITH"},{"data":"Starlight","floor":45,"key":"SMITH"},{"data":"Luminosity","floor":49,"key":"SMITH"}],"circlet_count":0,"master_deck":["Defend_S","Defend_S","Defend_S","Defend_S","KidneyShot","Exchange","Collapse+1","SilverMatrix+1","Moonlight+1","BottledTime","Rearm","SilverBlades+1","FastForward","Luminosity+1","FastForward","Barrier+1","ShatteredReality","MurderousAura","Barrier+1","Starlight+1","InstantArmor","Deny","DoubleEdge+1","TimeWarp+1","Revamp+1","Spin+1","TheWorld+1","Rewind","PendulumOfEternity","Rewind+1","FastForward+1","Defy+1","Spin+1","Desolation+1","Pain","Parasite","BottledTime"],"relics":["Uniform","Dream Catcher","Whetstone","Bronze Scales","Orrery","Bag of Preparation","SlaversCollar","Ancient Tea Set","Ornamental Fan","Nunchaku","HollowMod:JonisBlessing","Meat on the Bone","Cursed Key","Happy Flower","Mercury Hourglass","Toy Ornithopter"],"acts_visited":["Exordium","TheCity","TheBeyond"],"potions_floor_usage":[6,8,8,18,18,24,33,38,50,50,50],"damage_taken":[{"damage":0,"enemies":"Cultist","floor":1,"turns":4},{"damage":0,"enemies":"Small Slimes","floor":2,"turns":3},{"damage":2,"enemies":"Jaw Worm","floor":4,"turns":3},{"damage":9,"enemies":"3 Louse","floor":5,"turns":5},{"damage":6,"enemies":"Gremlin Nob","floor":6,"turns":3},{"damage":6,"enemies":"3 Sentries","floor":8,"turns":7},{"damage":0,"enemies":"2 Fungi Beasts","floor":10,"turns":3},{"damage":4,"enemies":"Lagavulin","floor":13,"turns":5},{"damage":0,"enemies":"Red Slaver","floor":14,"turns":3},{"damage":0,"enemies":"Hexaghost","floor":16,"turns":8},{"damage":20,"enemies":"2 Thieves","floor":18,"turns":5},{"damage":0,"enemies":"Shell Parasite","floor":19,"turns":6},{"damage":11,"enemies":"Shelled Parasite and Fungi","floor":20,"turns":6},{"damage":0,"enemies":"Snake Plant","floor":21,"turns":5},{"damage":1,"enemies":"Slavers","floor":24,"turns":5},{"damage":16,"enemies":"Sentry and Sphere","floor":27,"turns":4},{"damage":3,"enemies":"Centurion and Healer","floor":28,"turns":6},{"damage":0,"enemies":"Book of Stabbing","floor":31,"turns":5},{"damage":0,"enemies":"Collector","floor":33,"turns":7},{"damage":0,"enemies":"Orb Walker","floor":35,"turns":1},{"damage":0,"enemies":"3 Darklings","floor":36,"turns":4},{"damage":4,"enemies":"Jaw Worm Horde","floor":37,"turns":4},{"damage":0,"enemies":"4 Shapes","floor":38,"turns":3},{"damage":0,"enemies":"Spire Growth","floor":41,"turns":6},{"damage":0,"enemies":"Reptomancer","floor":42,"turns":5},{"damage":0,"enemies":"Transient","floor":44,"turns":5},{"damage":0,"enemies":"Writhing Mass","floor":48,"turns":4},{"damage":0,"enemies":"Time Eater","floor":50,"turns":7}],"seed_played":"-4050824240502134643","potions_obtained":[{"floor":1,"key":"ColorlessPotion"},{"floor":2,"key":"Energy Potion"},{"floor":5,"key":"Explosive Potion"},{"floor":6,"key":"Weak Potion"},{"floor":16,"key":"GamblersBrew"},{"floor":20,"key":"Strength Potion"},{"floor":21,"key":"EssenceOfSteel"},{"floor":24,"key":"Ancient Potion"},{"floor":31,"key":"Swift Potion"},{"floor":33,"key":"SmokeBomb"},{"floor":36,"key":"Swift Potion"},{"floor":37,"key":"BlessingOfTheForge"},{"floor":41,"key":"SkillPotion"},{"floor":48,"key":"DuplicationPotion"}],"is_trial":false,"path_per_floor":["M","M","$","M","M","E","R","E","T","M","$","R","E","M","R","B",null,"M","M","M","M","?","R","E","R","T","M","M","?","$","E","R","B",null,"M","M","M","M","$","R","M","E","T","M","R","$","?","M","R","B",null],"character_chosen":"THE_SERVANT","items_purchased":["Orrery","HollowMod:JonisBlessing","Happy Flower"],"campfire_rested":2,"item_purchase_floors":[11,30,39],"current_hp_per_floor":[65,65,65,63,54,48,48,42,42,42,42,42,38,38,38,38,65,45,45,34,34,28,47,46,46,46,30,27,27,27,27,46,46,65,65,65,61,61,61,61,61,61,61,61,61,61,61,61,61,61],"gold":51,"neow_bonus":"TRANSFORM_TWO_CARDS","is_daily":false,"chose_seed":false,"campfire_upgraded":7,"win_rate":0.0,"timestamp":1610092609,"path_taken":["M","M","?","M","M","E","R","E","T","M","$","R","E","M","R","BOSS","M","?","M","M","?","R","E","R","T","?","M","?","$","E","R","BOSS","M","M","M","M","$","R","M","E","T","M","R","$","?","M","R","BOSS"],"items_purchased_type":["Relic","Relic","Relic"],"build_version":"2020-12-22","purchased_purges":2,"victory":true,"max_hp_per_floor":[65,65,65,65,65,65,65,65,65,65,65,65,65,65,65,65,65,65,65,65,65,65,65,65,65,65,65,65,65,65,65,65,65,65,65,65,65,65,65,65,65,65,65,65,65,65,65,65,65,65],"card_choices":[{"not_picked":["Potential","Alleviate"],"picked":"Moonlight","floor":1},{"not_picked":["Potential","ShatteredReality"],"picked":"BottledTime","floor":2},{"not_picked":["TimeWarp","Hightail"],"picked":"Rearm","floor":4},{"not_picked":["Defy","BottledTime"],"picked":"SilverBlades","floor":5},{"not_picked":["Embodiment","BottledTime"],"picked":"FastForward","floor":6},{"not_picked":["Collapse","Alleviate"],"picked":"Luminosity","floor":8},{"not_picked":["Replace","TimeWarp"],"picked":"FastForward","floor":10},{"not_picked":["DoubleEdge","RealityMarble"],"picked":"Barrier","floor":11},{"not_picked":["Replace","Ricochet"],"picked":"ShatteredReality","floor":11},{"not_picked":["ShatteredReality","BottledTime"],"picked":"MurderousAura","floor":11},{"not_picked":["Revamp","Orbit"],"picked":"Barrier","floor":11},{"not_picked":["Dilation","Revamp"],"picked":"Starlight","floor":11},{"not_picked":["Replace","TrueSight"],"picked":"Rearm","floor":13},{"not_picked":["Ricochet","Spin"],"picked":"InstantArmor","floor":14},{"not_picked":["Solidify","PendulumOfEternity"],"picked":"Deny","floor":16},{"not_picked":["Advance+1","Replace"],"picked":"DoubleEdge+1","floor":18},{"not_picked":["FanOfKnives","DoubleEdge","Defy"],"picked":"SKIP","floor":19},{"not_picked":["ReturningBlade","Defy"],"picked":"TimeWarp+1","floor":20},{"not_picked":["BottledTime+1","Orbit"],"picked":"Revamp+1","floor":21},{"not_picked":["Sabotage","FastForward"],"picked":"Spin+1","floor":23},{"not_picked":["DualDimension","Unruled"],"picked":"TheWorld","floor":24},{"not_picked":["ShatteredReality+1","DoubleEdge"],"picked":"Rewind","floor":27},{"not_picked":["Alleviate","Advance+1","ShatteredReality"],"picked":"SKIP","floor":28},{"not_picked":["FanOfKnives","Alleviate","Revamp"],"picked":"SKIP","floor":31},{"not_picked":["Duplication","LightFlow"],"picked":"PendulumOfEternity","floor":33},{"not_picked":["Ricochet+1","Gouge","Defy"],"picked":"SKIP","floor":35},{"not_picked":["BottledTime","Unruled+1"],"picked":"Rewind+1","floor":36},{"not_picked":["Orbit","Spin"],"picked":"FastForward+1","floor":37},{"not_picked":["WasteNot","Revamp+1"],"picked":"Defy+1","floor":38},{"not_picked":["Revamp","Ricochet"],"picked":"Spin+1","floor":41},{"not_picked":["Collapse+1","Ricochet"],"picked":"Desolation+1","floor":42},{"not_picked":["Revamp+1","Initiator","Barrier"],"picked":"SKIP","floor":44},{"not_picked":["Potential","Defy"],"picked":"BottledTime","floor":48}],"player_experience":102672,"relics_obtained":[{"floor":6,"key":"Dream Catcher"},{"floor":8,"key":"Whetstone"},{"floor":9,"key":"Bronze Scales"},{"floor":13,"key":"Bag of Preparation"},{"floor":24,"key":"Ancient Tea Set"},{"floor":26,"key":"Ornamental Fan"},{"floor":31,"key":"Meat on the Bone"},{"floor":42,"key":"Mercury Hourglass"},{"floor":43,"key":"Toy Ornithopter"}],"event_choices":[{"damage_healed":0,"gold_gain":0,"player_choice":"","damage_taken":6,"max_hp_gain":0,"max_hp_loss":0,"event_name":"Knowing Skull","floor":22,"potions_obtained":[],"gold_loss":0,"cards_obtained":[]},{"damage_healed":0,"gold_gain":0,"player_choice":"Obtained Relic","damage_taken":0,"relics_obtained":["Nunchaku"],"max_hp_gain":0,"max_hp_loss":0,"event_name":"Addict","floor":29,"gold_loss":85},{"cards_removed":["Rearm"],"damage_healed":0,"gold_gain":0,"player_choice":"Removed Skill","damage_taken":0,"max_hp_gain":0,"max_hp_loss":0,"event_name":"Falling","floor":47,"gold_loss":0}],"is_beta":false,"boss_relics":[{"not_picked":["Black Star","Runic Dome"],"picked":"SlaversCollar"},{"not_picked":["MysterySword","Velvet Choker"],"picked":"Cursed Key"}],"items_purged_floors":[30,46],"is_endless":false,"potions_floor_spawned":[1,2,5,6,16,20,21,24,31,33,36,37,41,48],"ascension_level":4}}