{"host":"873t0y8ybyo38pfq","time":1610104092,"event":{"mods":["BaseMod","Bestiary","Colored Map","Colored Powertips","Highlight Path","Minty Spire (QoL Compilation)","Quick Restart","RNG Fix","Rare Cards Sparkle","Relic Stats","StSLib"],"gold_per_floor":[112,112,387,401,78,107,107,107,107,126,161,161,161,36,36,110,110,123,73,19,19,69,69,86,115,141,141,175,175,204,223,223,299,299,316,110,110,120,120,120,190,65,65,65,65],"floor_reached":44,"playtime":1297,"items_purged":["Regret","Strike_B","Regret"],"score":1007,"play_id":"a291920a-6130-450e-92bd-0c554ca78ef1","local_time":"20210108060812","is_ascension_mode":true,"campfire_choices":[{"data":"Rainbow","floor":7,"key":"SMITH"},{"floor":13,"key":"REST"},{"floor":15,"key":"REST"},{"floor":23,"key":"REST"},{"floor":27,"key":"REST"},{"data":"Steam Power","floor":29,"key":"SMITH"},{"floor":32,"key":"REST"},{"floor":40,"key":"REST"}],"circlet_count":0,"master_deck":["AscendersBane","Strike_B","Strike_B","Strike_B","Defend_B","Defend_B","Defend_B","Zap+1","Dualcast+1","Genetic Algorithm","Rainbow+1","Compile Driver+1","Redo+1","Seek","Electrodynamics","Conserve Battery","All For One","Hologram+1","Leap","Turbo","Steam+1","Steam Power+1","Capacitor","Defragment","Core Surge","Coolheaded","Undo","Undo","Dark Shackles","Secret Weapon"],"relics":["Cracked Core","NeowsBlessing","Ornamental Fan","Mummified Hand","War Paint","Inserter","Tiny Chest","Pen Nib","Gremlin Horn","Art of War","Cursed Key","Centennial Puzzle"],"acts_visited":["Exordium","TheCity","TheBeyond"],"potions_floor_usage":[24,25,30,30],"damage_taken":[{"damage":0,"enemies":"Cultist","floor":1,"turns":1},{"damage":0,"enemies":"Small Slimes","floor":4,"turns":1},{"damage":0,"enemies":"Gremlin Nob","floor":6,"turns":1},{"damage":5,"enemies":"Jaw Worm","floor":10,"turns":3},{"damage":23,"enemies":"Lagavulin","floor":11,"turns":6},{"damage":49,"enemies":"Hexaghost","floor":16,"turns":11},{"damage":6,"enemies":"3 Byrds","floor":18,"turns":2},{"damage":0,"enemies":"Chosen","floor":24,"turns":5},{"damage":29,"enemies":"Slavers","floor":25,"turns":4},{"damage":8,"enemies":"Gremlin Leader","floor":28,"turns":7},{"damage":12,"enemies":"Book of Stabbing","floor":30,"turns":4},{"damage":20,"enemies":"Centurion and Healer","floor":31,"turns":3},{"damage":27,"enemies":"Automaton","floor":33,"turns":8},{"damage":0,"enemies":"3 Shapes","floor":35,"turns":4},{"damage":14,"enemies":"Orb Walker","floor":38,"turns":2},{"damage":79,"enemies":"Nemesis","floor":44,"turns":9}],"seed_played":"-7318040986873145058","potions_obtained":[{"floor":11,"key":"Fire Potion"},{"floor":16,"key":"Weak Potion"},{"floor":25,"key":"EssenceOfDarkness"},{"floor":28,"key":"FocusPotion"},{"floor":33,"key":"Dexterity Potion"},{"floor":35,"key":"Ancient Potion"}],"is_trial":false,"path_per_floor":["M","?","?","M","$","E","R","?","T","M","E","?","R","$","R","B",null,"M","?","$","?","?","R","M","E","T","R","E","R","E","M","R","B",null,"M","$","?","M","?","R","T","$","T","E"],"character_chosen":"DEFECT","items_purchased":["Rainbow","Compile Driver","Redo","Conserve Battery","Leap","Undo","Centennial Puzzle"],"campfire_rested":6,"item_purchase_floors":[5,5,5,14,20,36,36],"current_hp_per_floor":[64,57,57,57,57,57,57,36,36,31,8,8,29,29,50,1,54,48,48,48,48,48,69,69,40,40,61,53,53,41,21,42,15,57,57,57,57,43,33,54,54,54,54,0,0],"gold":65,"neow_bonus":"THREE_ENEMY_KILL","is_daily":false,"chose_seed":false,"campfire_upgraded":2,"win_rate":0.0,"timestamp":1610104092,"path_taken":["M","?","?","M","$","E","R","?","T","?","E","?","R","?","R","BOSS","M","?","?","?","?","R","?","E","T","R","E","R","E","M","R","BOSS","M","?","?","M","?","R","?","$","T","E"],"items_purchased_type":["Card","Card","Card","Card","Card","Card","Relic"],"build_version":"2020-12-22","purchased_purges":3,"victory":false,"max_hp_per_floor":[71,71,71,71,71,71,71,71,71,71,71,71,71,71,71,71,71,71,71,71,71,71,71,71,71,71,71,71,71,71,71,71,71,71,71,71,71,71,71,71,71,71,71,71,71],"relic_stats":{"Centennial Puzzle":[6],"Inserter":[24],"Gremlin Horn":[5,5],"counters":[16,71],"Ornamental Fan":[8],"Mummified Hand":[19],"Tiny Chest":1,"Pen Nib":[4],"Art of War":[7],"War Paint":["Dualcast","Redo"],"Cursed Key":1,"obtain_stats":[{"Centennial Puzzle":36,"Inserter":17,"NeowsBlessing":0,"Gremlin Horn":28,"Ornamental Fan":6,"Mummified Hand":9,"Tiny Chest":25,"Pen Nib":26,"Art of War":30,"War Paint":11,"Cracked Core":0,"Cursed Key":34},{"Centennial Puzzle":14,"Inserter":6,"NeowsBlessing":0,"Gremlin Horn":10,"Ornamental Fan":3,"Mummified Hand":3,"Tiny Chest":9,"Pen Nib":9,"Art of War":11,"War Paint":5,"Cracked Core":0,"Cursed Key":13},{"Centennial Puzzle":60,"Inserter":23,"NeowsBlessing":0,"Gremlin Horn":41,"Ornamental Fan":3,"Mummified Hand":3,"Tiny Chest":34,"Pen Nib":34,"Art of War":45,"War Paint":12,"Cracked Core":0,"Cursed Key":56}]},"card_choices":[{"not_picked":["Stack","Redo"],"picked":"Conserve Battery","floor":1},{"not_picked":["Beam Cell","Streamline"],"picked":"Genetic Algorithm","floor":4},{"not_picked":["Redo","Hologram"],"picked":"Seek","floor":6},{"not_picked":["Redo","Rebound","Beam Cell"],"picked":"SKIP","floor":10},{"not_picked":["Sweeping Beam","Hello World"],"picked":"Electrodynamics","floor":11},{"not_picked":["Electrodynamics","Meteor Strike"],"picked":"All For One","floor":16},{"not_picked":["Blizzard+1","Barrage"],"picked":"Hologram+1","floor":18},{"not_picked":["Steam Power","Chill"],"picked":"Steam+1","floor":24},{"not_picked":["Leap","Double Energy"],"picked":"Steam Power","floor":25},{"not_picked":["Gash","Force Field+1","Steam"],"picked":"SKIP","floor":28},{"not_picked":["Steam Power","Hologram"],"picked":"Capacitor","floor":30},{"not_picked":["Barrage","Stack"],"picked":"Defragment","floor":31},{"not_picked":["Meteor Strike","Hyperbeam"],"picked":"Core Surge","floor":33},{"not_picked":["Cold Snap","Redo"],"picked":"Coolheaded","floor":35},{"not_picked":["Coolheaded","Turbo"],"picked":"Undo","floor":38},{"not_picked":["Dramatic Entrance","Metamorphosis"],"picked":"Dark Shackles","floor":39},{"not_picked":["Madness","The Bomb"],"picked":"Secret Weapon","floor":39}],"player_experience":1544881,"relics_obtained":[{"floor":6,"key":"Ornamental Fan"},{"floor":9,"key":"Mummified Hand"},{"floor":11,"key":"War Paint"},{"floor":25,"key":"Tiny Chest"},{"floor":26,"key":"Pen Nib"},{"floor":28,"key":"Gremlin Horn"},{"floor":30,"key":"Art of War"}],"event_choices":[{"cards_removed":["Defend_B"],"damage_healed":0,"gold_gain":0,"player_choice":"Card Removal","damage_taken":7,"max_hp_gain":0,"max_hp_loss":0,"event_name":"Golden Wing","floor":2,"gold_loss":0},{"damage_healed":0,"gold_gain":275,"player_choice":"Desecrate","damage_taken":0,"max_hp_gain":0,"max_hp_loss":0,"event_name":"Golden Shrine","floor":3,"gold_loss":0,"cards_obtained":["Regret"]},{"damage_healed":0,"gold_gain":0,"player_choice":"Entered Light","damage_taken":21,"max_hp_gain":0,"max_hp_loss":0,"event_name":"Shining Light","floor":8,"gold_loss":0,"cards_upgraded":["Zap","Compile Driver"]},{"damage_healed":0,"gold_gain":0,"player_choice":"Fled","damage_taken":0,"max_hp_gain":0,"max_hp_loss":0,"event_name":"Scrap Ooze","floor":12,"gold_loss":0},{"damage_healed":0,"gold_gain":0,"player_choice":"Bet on Murderer","damage_taken":0,"max_hp_gain":0,"max_hp_loss":0,"event_name":"The Joust","floor":19,"gold_loss":50},{"damage_healed":0,"gold_gain":0,"player_choice":"Read","damage_taken":0,"max_hp_gain":0,"max_hp_loss":0,"event_name":"The Library","floor":21,"gold_loss":0,"cards_obtained":["Turbo"]},{"damage_healed":0,"gold_gain":50,"player_choice":"Stole From Cult","damage_taken":0,"max_hp_gain":0,"max_hp_loss":0,"event_name":"Nest","floor":22,"gold_loss":0},{"cards_removed":["Conserve Battery"],"damage_healed":0,"gold_gain":0,"player_choice":"Removed Skill","damage_taken":0,"max_hp_gain":0,"max_hp_loss":0,"event_name":"Falling","floor":37,"gold_loss":0},{"damage_healed":0,"gold_gain":0,"player_choice":"Memory 3","damage_taken":10,"max_hp_gain":0,"max_hp_loss":0,"event_name":"SensoryStone","floor":39,"gold_loss":0}],"is_beta":false,"boss_relics":[{"not_picked":["Runic Pyramid","Velvet Choker"],"picked":"Inserter"},{"not_picked":["FrozenCore","SlaversCollar"],"picked":"Cursed Key"}],"items_purged_floors":[5,14,42],"is_endless":false,"potions_floor_spawned":[11,16,25,28,33,35],"killed_by":"Nemesis","ascension_level":20}}