{"host":"mydft8i2zzydgggw","time":1610135443,"event":{"mods":["AchievementEnabler","BaseMod","Colored Map","Colored Powertips","DeckTracker","Keyboard Shortcuts","Minty Spire (QoL Compilation)","Rare Cards Sparkle","StSLib","SuperFastMode","The Poker Player","everything is the same but u backflip on backflip"],"gold_per_floor":[13,13,13,13,88,88,113,130,130,150,100,126,126,146,146,250,250,262,187,205,205,223,254,254,254,254,254,254,31,31,41,41,41,41],"floor_reached":33,"playtime":687,"items_purged":["Defend_R"],"score":298,"play_id":"5fbba0fd-ae5b-46be-a64e-72aefad72a0a","local_time":"20210109045043","is_ascension_mode":true,"campfire_choices":[{"data":"Bash","floor":6,"key":"SMITH"},{"data":"Offering","floor":13,"key":"SMITH"},{"floor":15,"key":"REST"},{"data":"Searing Blow","floor":25,"key":"SMITH"},{"floor":28,"key":"REST"},{"data":"Searing Blow+1","floor":30,"key":"SMITH"},{"data":"Searing Blow+2","floor":32,"key":"SMITH"}],"circlet_count":0,"master_deck":["Strike_R+1","Strike_R+1","Defend_R","Defend_R","Defend_R","Bash+1","Pommel Strike+1","Offering+1","Intimidate+1","Ghostly Armor+1","Seeing Red+1","Reaper","CurseOfTheBell","Searing Blow+3","Infernal Blade+1","Writhe"],"relics":["Burning Blood","Incense Burner","Mercury Hourglass","Toxic Egg 2","Shuriken","Calling Bell","Potion Belt","HornCleat","Dead Branch","Letter Opener","MealTicket","The Courier","Akabeko"],"acts_visited":["Exordium","TheCity"],"potions_floor_usage":[12,12,12,22,23],"damage_taken":[{"damage":8,"enemies":"Small Slimes","floor":1,"turns":3},{"damage":7,"enemies":"Gremlin Nob","floor":7,"turns":4},{"damage":2,"enemies":"2 Louse","floor":8,"turns":2},{"damage":9,"enemies":"Jaw Worm","floor":10,"turns":3},{"damage":9,"enemies":"Lagavulin","floor":12,"turns":3},{"damage":9,"enemies":"Large Slime","floor":14,"turns":6},{"damage":32,"enemies":"Hexaghost","floor":16,"turns":8},{"damage":29,"enemies":"Spheric Guardian","floor":18,"turns":4},{"damage":14,"enemies":"2 Thieves","floor":20,"turns":2},{"damage":31,"enemies":"Snecko","floor":22,"turns":5},{"damage":49,"enemies":"Slavers","floor":23,"turns":8},{"damage":6,"enemies":"3 Cultists","floor":31,"turns":3},{"damage":94,"enemies":"Collector","floor":33,"turns":7}],"seed_played":"-1640753596238710251","potions_obtained":[{"floor":7,"key":"Fire Potion"},{"floor":10,"key":"SkillPotion"},{"floor":12,"key":"Fruit Juice"},{"floor":14,"key":"CultistPotion"},{"floor":22,"key":"Regen Potion"},{"floor":31,"key":"SpeedPotion"}],"is_trial":false,"path_per_floor":["M","?","?","$","?","R","E","M","T","M","?","E","R","M","R","B",null,"M","?","M","?","M","E","?","R","T","?","R","$","R","M","R","B"],"character_chosen":"IRONCLAD","items_purchased":["BloodPotion","Akabeko"],"campfire_rested":2,"item_purchase_floors":[29,29],"current_hp_per_floor":[78,78,62,62,51,51,50,54,54,51,51,53,53,50,75,49,85,62,62,62,62,41,31,31,31,31,31,56,71,71,85,85,0,0],"gold":41,"neow_bonus":"ONE_RARE_RELIC","is_daily":false,"chose_seed":false,"campfire_upgraded":5,"win_rate":0.0,"timestamp":1610135443,"path_taken":["M","?","?","$","?","R","E","M","T","M","?","E","R","M","R","BOSS","M","?","M","?","?","E","?","R","T","?","R","$","R","M","R","BOSS"],"items_purchased_type":["Potion","Relic"],"build_version":"2020-12-22","purchased_purges":1,"victory":false,"max_hp_per_floor":[80,80,80,80,80,80,80,80,80,80,80,85,85,85,85,85,85,85,85,85,85,85,85,85,85,85,85,85,85,85,85,85,85,85],"card_choices":[{"not_picked":["Thunderclap","Twin Strike"],"picked":"Pommel Strike","floor":1},{"not_picked":["Havoc","Pommel Strike","Battle Trance"],"picked":"SKIP","floor":7},{"not_picked":["Heavy Blade","Shrug It Off"],"picked":"Offering","floor":8},{"not_picked":["Clash","Feel No Pain"],"picked":"Intimidate+1","floor":10},{"not_picked":["Thunderclap","Headbutt"],"picked":"Ghostly Armor+1","floor":12},{"not_picked":["Sword Boomerang","Second Wind+1"],"picked":"Seeing Red+1","floor":14},{"not_picked":["Brutality","Corruption"],"picked":"Reaper","floor":16},{"not_picked":["Thunderclap+1","Warcry+1"],"picked":"Searing Blow","floor":18},{"not_picked":["Perfected Strike","Headbutt+1"],"picked":"Infernal Blade+1","floor":20},{"not_picked":["Dark Embrace","Wild Strike","Blood for Blood+1"],"picked":"SKIP","floor":22},{"not_picked":["Pommel Strike+1","Perfected Strike","Blood for Blood"],"picked":"SKIP","floor":23},{"not_picked":["Sword Boomerang","Combust","Sentinel+1"],"picked":"SKIP","floor":31}],"player_experience":147246,"relics_obtained":[{"floor":7,"key":"Mercury Hourglass"},{"floor":9,"key":"Toxic Egg 2"},{"floor":12,"key":"Shuriken"},{"floor":17,"key":"Potion Belt"},{"floor":17,"key":"HornCleat"},{"floor":17,"key":"Dead Branch"},{"floor":23,"key":"Letter Opener"},{"floor":26,"key":"The Courier"}],"event_choices":[{"damage_healed":0,"gold_gain":0,"player_choice":"Grow","damage_taken":0,"max_hp_gain":0,"max_hp_loss":0,"event_name":"Living Wall","floor":2,"gold_loss":0,"cards_upgraded":["Pommel Strike"]},{"damage_healed":0,"gold_gain":0,"player_choice":"Entered Light","damage_taken":16,"max_hp_gain":0,"max_hp_loss":0,"event_name":"Shining Light","floor":3,"gold_loss":0,"cards_upgraded":["Strike_R","Strike_R"]},{"damage_healed":0,"gold_gain":75,"player_choice":"Gather Gold","damage_taken":11,"max_hp_gain":0,"max_hp_loss":0,"event_name":"World of Goop","floor":5,"gold_loss":0},{"cards_removed":["Strike_R"],"damage_healed":0,"gold_gain":0,"player_choice":"Card Removal","damage_taken":0,"max_hp_gain":0,"max_hp_loss":0,"event_name":"The Cleric","floor":11,"gold_loss":50},{"cards_removed":["Strike_R"],"damage_healed":0,"gold_gain":0,"player_choice":"Gave Gold","damage_taken":0,"max_hp_gain":0,"max_hp_loss":0,"event_name":"Beggar","floor":19,"gold_loss":75},{"damage_healed":0,"gold_gain":0,"player_choice":"Ignored","damage_taken":0,"max_hp_gain":0,"max_hp_loss":0,"event_name":"Vampires","floor":21,"gold_loss":0},{"damage_healed":0,"gold_gain":0,"player_choice":"Opened","damage_taken":0,"relics_obtained":["MealTicket"],"max_hp_gain":0,"max_hp_loss":0,"event_name":"The Mausoleum","floor":24,"gold_loss":0,"cards_obtained":["Writhe"]},{"cards_removed":["Strike_R"],"damage_healed":0,"gold_gain":0,"player_choice":"Elegance","damage_taken":0,"max_hp_gain":0,"max_hp_loss":0,"event_name":"Back to Basics","floor":27,"gold_loss":0}],"is_beta":false,"boss_relics":[{"not_picked":["Fusion Hammer","Mark of Pain"],"picked":"Calling Bell"}],"items_purged_floors":[29],"is_endless":false,"potions_floor_spawned":[7,10,12,14,22,31],"killed_by":"Collector","ascension_level":2}}