{"host":"f4n39520dv0p5qms","time":1610137028,"event":{"mods":["AchievementEnabler","BaseMod","Colored Powertips","DeckTracker","Downfall","Infinite Spire","Lobotomy","Minty Spire (QoL Compilation)","Replay The Spire","Shop Mod","StSLib","The Bug Knight","The Servant 0.9.4"],"gold_per_floor":[0,11,11,11,24,24,24,39,39,52,64,64,64,17,30,132,132,132,132,132,132,132,132,132],"floor_reached":22,"playtime":1067,"items_purged":[],"score":176,"play_id":"08695e39-5879-4056-8ebd-35b7058cc71c","local_time":"20210108231708","is_ascension_mode":false,"campfire_choices":[{"data":"1","floor":1,"key":"LIFT"},{"data":"2","floor":6,"key":"LIFT"},{"data":"3","floor":9,"key":"LIFT"},{"data":"champ:TornadoPunch","floor":13,"key":"SMITH"},{"floor":18,"key":"RECALL"}],"circlet_count":0,"master_deck":["champ:Strike","champ:Strike","champ:Strike","champ:Defend","champ:Defend","champ:Defend","champ:Execute","champ:Taunt","champ:GladiatorStyle","champ:BringItOn","champ:Circumvent","champ:TornadoPunch+1","champ:Haymaker","champ:EnGarde","champ:GladiatorsShout","champ:ShieldThrow","champ:DefensiveShout","champ:PerfectedStrike+1"],"relics":["champ:ChampionCrown","Girya","The Courier","Matryoshka","downfall:Hecktoplasm"],"acts_visited":["Exordium","TheCity"],"potions_floor_usage":[16,20],"damage_taken":[{"damage":13,"enemies":"2 Louse","floor":2,"turns":3},{"damage":6,"enemies":"Small Slimes","floor":5,"turns":3},{"damage":5,"enemies":"Cultist","floor":8,"turns":4},{"damage":10,"enemies":"Exordium Thugs","floor":10,"turns":4},{"damage":5,"enemies":"2 Fungi Beasts","floor":11,"turns":3},{"damage":5,"enemies":"downfall:FleeingMerchant","floor":14,"turns":4},{"damage":3,"enemies":"3 Louse","floor":15,"turns":2},{"damage":53,"enemies":"downfall:Watcher","floor":16,"turns":10},{"damage":18,"enemies":"Chosen","floor":19,"turns":6},{"damage":24,"enemies":"Spheric Guardian","floor":20,"turns":5},{"damage":56,"enemies":"Spheric Guardian","floor":21,"turns":6},{"damage":20,"enemies":"downfall:FleeingMerchant","floor":22,"turns":2}],"seed_played":"-4520638961199889087","potions_obtained":[{"floor":2,"key":"Fire Potion"},{"floor":10,"key":"Flashbang"},{"floor":16,"key":"Regen Potion"},{"floor":19,"key":"CultistPotion"}],"is_trial":false,"path_per_floor":["R","M","?","?","M","R","T","M","R","M","M","T","R","$","M","B",null,"R","M","M","?","$"],"character_chosen":"THE_CHAMP","items_purchased":["champ:EnGarde"],"campfire_rested":0,"item_purchase_floors":[14],"current_hp_per_floor":[90,82,82,82,81,81,81,81,81,76,76,76,76,71,68,20,90,90,77,71,20,0,0,0],"gold":132,"neow_bonus":"ONE_RARE_RELIC","is_daily":false,"chose_seed":false,"campfire_upgraded":1,"win_rate":0.0,"timestamp":1610137028,"path_taken":["R","M","?","?","M","R","T","M","R","M","?","?","R","?","M","BOSS","R","M","M","?","?"],"items_purchased_type":["Card"],"build_version":"2020-12-22","purchased_purges":0,"victory":false,"max_hp_per_floor":[90,90,90,90,90,90,90,90,90,90,90,90,90,90,90,90,90,90,90,90,90,90,90,90],"card_choices":[{"not_picked":["champ:IronFortress","champ:CrookedStrike"],"picked":"champ:GladiatorStyle","floor":2},{"not_picked":["champ:CrookedStrike","champ:BladeFlurry"],"picked":"champ:BringItOn","floor":5},{"not_picked":["champ:CalledShot","champ:EnGarde"],"picked":"champ:Circumvent","floor":8},{"not_picked":["champ:GutPunch","champ:Encircle","champ:CrookedStrike"],"picked":"SKIP","floor":10},{"not_picked":["champ:PreciseThrust","champ:ViciousMockery"],"picked":"champ:TornadoPunch","floor":11},{"not_picked":["champ:FocusedDefense","champ:DefensiveShout"],"picked":"champ:Haymaker","floor":14},{"not_picked":["champ:FightOn","champ:DefensiveShout"],"picked":"champ:GladiatorsShout","floor":15},{"not_picked":["champ:Devastate","champ:VampiricStrike"],"picked":"champ:ShieldThrow","floor":16},{"not_picked":["champ:Haymaker+1","champ:BerserkersShout"],"picked":"champ:DefensiveShout","floor":19},{"not_picked":["champ:BringItOn","champ:HeartStrike"],"picked":"champ:PerfectedStrike+1","floor":20}],"player_experience":154635,"relics_obtained":[{"floor":7,"key":"The Courier"},{"floor":12,"key":"Matryoshka"}],"event_choices":[{"cards_removed":["champ:Strike"],"damage_healed":0,"gold_gain":0,"player_choice":"Card Removal","damage_taken":0,"max_hp_gain":0,"max_hp_loss":0,"event_name":"The Cleric","floor":3,"gold_loss":0},{"cards_removed":["champ:Defend"],"damage_healed":0,"gold_gain":0,"player_choice":"Purged","damage_taken":0,"max_hp_gain":0,"max_hp_loss":0,"event_name":"Purifier","floor":4,"gold_loss":0}],"is_beta":false,"boss_relics":[{"not_picked":["SlaversCollar","Pandora\u0027s Box"],"picked":"downfall:Hecktoplasm"}],"items_purged_floors":[],"is_endless":false,"potions_floor_spawned":[2,10,16,19,21],"killed_by":"downfall:FleeingMerchant","ascension_level":0}}