{"host":"f5gffvlv6a66yqkd","time":1610103503,"event":{"mods":["2.2 Compatiblity","BaseMod","Colored Map","DeckTracker","Keyboard Shortcuts","Minty Spire (QoL Compilation)","Permanent Neow","Quick Restart","Relic Stats","StSLib","SuperFastMode"],"gold_per_floor":[137,190,223,255,19,94,94,36,36,36,36,36,79,4,4,4,4],"floor_reached":16,"playtime":382,"items_purged":["Strike_G"],"score":200,"play_id":"f538d6fe-2fdf-4b9f-8002-7041cd980842","local_time":"20210108195823","is_ascension_mode":true,"campfire_choices":[{"data":"HandOfGreed","floor":12,"key":"SMITH"},{"data":"Acrobatics","floor":15,"key":"SMITH"}],"circlet_count":0,"master_deck":["AscendersBane","Strike_G","Strike_G","Strike_G","Defend_G","Defend_G","Defend_G","Defend_G","Defend_G","Survivor","Neutralize","HandOfGreed+1","Dagger Spray","Well Laid Plans","Dagger Throw","Caltrops","Acrobatics+1","Dodge and Roll"],"relics":["Ring of the Snake","ClockworkSouvenir","Calipers","Golden Idol","Matryoshka"],"acts_visited":["Exordium"],"potions_floor_usage":[6,7],"damage_taken":[{"damage":1,"enemies":"Cultist","floor":1,"turns":3},{"damage":8,"enemies":"Small Slimes","floor":2,"turns":5},{"damage":0,"enemies":"Jaw Worm","floor":3,"turns":3},{"damage":6,"enemies":"Blue Slaver","floor":4,"turns":6},{"damage":27,"enemies":"3 Sentries","floor":6,"turns":8},{"damage":8,"enemies":"Exordium Wildlife","floor":13,"turns":6},{"damage":17,"enemies":"Hexaghost","floor":16,"turns":9}],"seed_played":"6791909697939082251","potions_obtained":[{"floor":2,"key":"SkillPotion"},{"floor":3,"key":"Fruit Juice"}],"is_trial":false,"path_per_floor":["M","M","M","M","$","E","?","$","T","?","?","R","M","?","R","B"],"character_chosen":"THE_SILENT","items_purchased":["ClockworkSouvenir","Acrobatics"],"campfire_rested":0,"item_purchase_floors":[5,8],"current_hp_per_floor":[43,35,35,29,29,2,7,7,7,7,28,28,20,20,20,3,3],"gold":4,"neow_bonus":"RANDOM_COLORLESS_2","is_daily":false,"chose_seed":false,"campfire_upgraded":2,"win_rate":0.0,"timestamp":1610103503,"path_taken":["M","M","M","M","$","E","?","$","T","?","?","R","?","?","R","BOSS"],"items_purchased_type":["Relic","Card"],"build_version":"2020-12-22","purchased_purges":1,"victory":false,"max_hp_per_floor":[66,66,66,66,66,66,65,65,65,65,65,65,65,65,65,65,65],"relic_stats":{"counters":[7,40],"Golden Idol":4,"obtain_stats":[{"Calipers":6,"Matryoshka":9,"Golden Idol":7,"Ring of the Snake":0,"ClockworkSouvenir":5},{"Calipers":5,"Matryoshka":5,"Golden Idol":5,"Ring of the Snake":0,"ClockworkSouvenir":4},{"Calipers":25,"Matryoshka":25,"Golden Idol":25,"Ring of the Snake":0,"ClockworkSouvenir":17}],"Ring of the Snake":[14]},"card_choices":[{"not_picked":["Panache","Secret Technique"],"picked":"HandOfGreed","floor":0},{"not_picked":["Blade Dance","Setup"],"picked":"Dagger Spray","floor":1},{"not_picked":["Dodge and Roll","Deadly Poison"],"picked":"Well Laid Plans","floor":2},{"not_picked":["Dagger Spray","Slice","Cloak And Dagger"],"picked":"SKIP","floor":3},{"not_picked":["Underhanded Strike","Poisoned Stab"],"picked":"Dagger Throw","floor":4},{"not_picked":["Blade Dance","Infinite Blades"],"picked":"Caltrops","floor":6},{"not_picked":["Dagger Throw","Envenom"],"picked":"Dodge and Roll","floor":13}],"player_experience":1532425,"relics_obtained":[{"floor":6,"key":"Calipers"},{"floor":9,"key":"Matryoshka"}],"event_choices":[{"damage_healed":0,"gold_gain":0,"player_choice":"Lose Max HP","damage_taken":0,"relics_obtained":["Golden Idol"],"max_hp_gain":0,"max_hp_loss":6,"event_name":"Golden Idol","floor":7,"gold_loss":0},{"damage_healed":0,"gold_gain":0,"player_choice":"Ignored","damage_taken":0,"max_hp_gain":0,"max_hp_loss":0,"event_name":"Liars Game","floor":10,"gold_loss":0},{"damage_healed":21,"gold_gain":0,"player_choice":"Banana","damage_taken":0,"max_hp_gain":0,"max_hp_loss":0,"event_name":"Big Fish","floor":11,"gold_loss":0},{"cards_removed":["Strike_G"],"damage_healed":0,"gold_gain":0,"player_choice":"Card Removal","damage_taken":0,"max_hp_gain":0,"max_hp_loss":0,"event_name":"The Cleric","floor":14,"gold_loss":75}],"is_beta":false,"boss_relics":[],"items_purged_floors":[5],"is_endless":false,"potions_floor_spawned":[2,3],"killed_by":"Hexaghost","ascension_level":20}}