{"host":"9tzam4717zt8ei1o","time":1610122901,"event":{"mods":["BaseMod","Colored Map","Keyboard Shortcuts","Minty Spire (QoL Compilation)","Quick Restart","StSLib","SuperFastMode"],"gold_per_floor":[117,62,62,62,137,170,95,131,182,182,27,63,63,82,82,177,177,191,191,53,0,13,47,47,82,82,96,96,117,135,168,168,262,262,286,299,199,222,243,243,274,574,574,574,98,431,431,450,450,450,450,450],"floor_reached":51,"playtime":1222,"items_purged":["Strike_R","Strike_R","Strike_R"],"score":1563,"play_id":"eaa66369-21d4-42b5-9e12-c50d708b218f","local_time":"20210109012141","is_ascension_mode":true,"campfire_choices":[{"data":"Demon Form","floor":10.0,"key":"SMITH"},{"data":"Uppercut","floor":15.0,"key":"SMITH"},{"data":"Second Wind","floor":24.0,"key":"SMITH"},{"floor":28.0,"key":"REST"},{"data":"Heavy Blade","floor":32.0,"key":"SMITH"},{"floor":40.0,"key":"DIG"},{"floor":42.0,"key":"DIG"},{"floor":47.0,"key":"DIG"},{"floor":49.0,"key":"RECALL"}],"circlet_count":0,"master_deck":["AscendersBane","Defend_R","Defend_R","Defend_R","Bash","Uppercut+1","Shrug It Off","Carnage","Demon Form+1","Reckless Charge","Immolate","Burning Pact","Fire Breathing+1","Second Wind+1","Shrug It Off","Heavy Blade+1","Reaper","CurseOfTheBell","Intimidate+1","Battle Trance","Evolve"],"relics":["Burning Blood","NeowsBlessing","Boot","TungstenRod","Vajra","Art of War","Velvet Choker","Question Card","Shuriken","Orichalcum","FossilizedHelix","Gambling Chip","Calling Bell","Anchor","Meat on the Bone","Shovel","HornCleat","Torii","Old Coin","Pantograph","Happy Flower"],"acts_visited":["Exordium","TheCity","TheBeyond"],"potions_floor_usage":[51],"damage_taken":[{"damage":0.0,"enemies":"2 Louse","floor":1.0,"turns":1.0},{"damage":0.0,"enemies":"3 Sentries","floor":6.0,"turns":2.0},{"damage":0.0,"enemies":"Lagavulin","floor":8.0,"turns":1.0},{"damage":42.0,"enemies":"3 Sentries","floor":12.0,"turns":11.0},{"damage":11.0,"enemies":"Small Slimes","floor":14.0,"turns":3.0},{"damage":6.0,"enemies":"Hexaghost","floor":16.0,"turns":6.0},{"damage":8.0,"enemies":"Spheric Guardian","floor":18.0,"turns":4.0},{"damage":10.0,"enemies":"Chosen","floor":22.0,"turns":4.0},{"damage":4.0,"enemies":"Gremlin Leader","floor":23.0,"turns":6.0},{"damage":61.0,"enemies":"Slavers","floor":25.0,"turns":4.0},{"damage":11.0,"enemies":"Centurion and Healer","floor":27.0,"turns":6.0},{"damage":4.0,"enemies":"Snecko","floor":29.0,"turns":6.0},{"damage":19.0,"enemies":"Snake Plant","floor":30.0,"turns":6.0},{"damage":0.0,"enemies":"Gremlin Leader","floor":31.0,"turns":6.0},{"damage":13.0,"enemies":"Champ","floor":33.0,"turns":9.0},{"damage":48.0,"enemies":"3 Darklings","floor":35.0,"turns":5.0},{"damage":5.0,"enemies":"Orb Walker","floor":36.0,"turns":5.0},{"damage":45.0,"enemies":"Spire Growth","floor":38.0,"turns":6.0},{"damage":27.0,"enemies":"Jaw Worm Horde","floor":39.0,"turns":5.0},{"damage":0.0,"enemies":"Mind Bloom Boss Battle","floor":41.0,"turns":5.0},{"damage":21.0,"enemies":"Writhing Mass","floor":48.0,"turns":7.0},{"damage":54.0,"enemies":"Donu and Deca","floor":50.0,"turns":9.0},{"damage":124,"enemies":"Awakened One","floor":51,"turns":10}],"seed_played":"-197184821732414142","potions_obtained":[{"floor":6.0,"key":"BloodPotion"},{"floor":8.0,"key":"EssenceOfSteel"},{"floor":14.0,"key":"Explosive Potion"},{"floor":22.0,"key":"BlessingOfTheForge"},{"floor":27.0,"key":"Dexterity Potion"},{"floor":33.0,"key":"SteroidPotion"},{"floor":35.0,"key":"Block Potion"},{"floor":41.0,"key":"ElixirPotion"},{"floor":48.0,"key":"Explosive Potion"}],"is_trial":false,"path_per_floor":["M","$","?","?","?","E","?","E","T","R","$","E","$","M","R","B",null,"M","?","$","?","M","E","R","E","T","M","R","M","M","E","R","B",null,"M","M","$","M","M","R","?","R","T","?","$","?","R","M","R","B","B"],"character_chosen":"IRONCLAD","items_purchased":["Shrug It Off","Reckless Charge","BloodPotion","Burning Pact","Evolve","Pantograph"],"campfire_rested":1,"item_purchase_floors":[2,11,20,20,45,45],"current_hp_per_floor":[74,74,74,48,37,43,43,49,49,49,49,13,13,23,23,23,62,60,60,60,60,56,58,58,18,18,13,35,37,24,30,30,23,62,45,46,46,35,26,26,44,44,44,44,44,44,44,51,51,62,0,0],"gold":450,"neow_bonus":"THREE_ENEMY_KILL","is_daily":false,"chose_seed":false,"campfire_upgraded":4,"win_rate":0.0,"timestamp":1610122901,"path_taken":["M","$","?","?","?","E","?","E","T","R","?","E","?","M","R","BOSS","M","?","$","?","M","E","R","E","T","M","R","M","M","E","R","BOSS","M","M","$","M","?","R","?","R","T","?","$","?","R","M","R","BOSS","BOSS"],"items_purchased_type":["Card","Card","Potion","Card","Card","Relic"],"build_version":"2020-12-22","purchased_purges":3,"victory":false,"max_hp_per_floor":[75,75,75,75,75,75,75,75,75,75,75,75,75,75,75,75,75,75,75,75,75,75,75,75,75,75,75,75,75,75,75,75,75,75,75,75,75,75,75,75,75,75,75,75,75,75,75,75,75,75,75,75],"card_choices":[{"not_picked":["Armaments","Bloodletting"],"picked":"Uppercut","floor":1.0},{"not_picked":["Headbutt","Pommel Strike"],"picked":"Carnage","floor":6.0},{"not_picked":["Clash","Juggernaut"],"picked":"Demon Form","floor":8.0},{"not_picked":["Carnage","Perfected Strike","Sentinel"],"picked":"SKIP","floor":12.0},{"not_picked":["Thunderclap","Perfected Strike","Havoc"],"picked":"SKIP","floor":14.0},{"not_picked":["Juggernaut","Exhume"],"picked":"Immolate","floor":16.0},{"not_picked":["Infernal Blade","Rupture","Clash"],"picked":"SKIP","floor":18.0},{"not_picked":["Shrug It Off","Dark Embrace","Battle Trance"],"picked":"Fire Breathing+1","floor":22.0},{"not_picked":["Metallicize+1","Hemokinesis","Clothesline"],"picked":"Second Wind","floor":23.0},{"not_picked":["Cleave+1","Armaments","Metallicize"],"picked":"Shrug It Off","floor":25.0},{"not_picked":["Anger+1","Infernal Blade","Clothesline","Warcry"],"picked":"SKIP","floor":27.0},{"not_picked":["Havoc","Spot Weakness","Cleave","Entrench"],"picked":"SKIP","floor":29.0},{"not_picked":["Combust","Perfected Strike","Uppercut","Cleave"],"picked":"SKIP","floor":30.0},{"not_picked":["Uppercut","Iron Wave","Anger"],"picked":"Heavy Blade","floor":31.0},{"not_picked":["Exhume","Immolate","Barricade"],"picked":"Reaper","floor":33.0},{"not_picked":["Sword Boomerang","Warcry","Spot Weakness"],"picked":"Intimidate+1","floor":35.0},{"not_picked":["Shockwave","Clothesline+1","Clash","Thunderclap+1"],"picked":"SKIP","floor":36.0},{"not_picked":["Heavy Blade","Metallicize","Anger"],"picked":"Battle Trance","floor":38.0},{"not_picked":["Battle Trance","Bludgeon","Searing Blow","Perfected Strike+1"],"picked":"SKIP","floor":39.0},{"not_picked":["Immolate","Sword Boomerang","Reckless Charge","Anger"],"picked":"SKIP","floor":48.0}],"player_experience":157412,"relics_obtained":[{"floor":6.0,"key":"Boot"},{"floor":8.0,"key":"TungstenRod"},{"floor":9.0,"key":"Vajra"},{"floor":12.0,"key":"Art of War"},{"floor":23.0,"key":"Shuriken"},{"floor":25.0,"key":"Orichalcum"},{"floor":26.0,"key":"FossilizedHelix"},{"floor":31.0,"key":"Gambling Chip"},{"floor":34.0,"key":"Anchor"},{"floor":34.0,"key":"Meat on the Bone"},{"floor":34.0,"key":"Shovel"},{"floor":40.0,"key":"HornCleat"},{"floor":41.0,"key":"Torii"},{"floor":42.0,"key":"Old Coin"},{"floor":47.0,"key":"Happy Flower"}],"event_choices":[{"cards_removed":["Strike_R"],"damage_healed":0.0,"max_hp_gain":0.0,"max_hp_loss":0.0,"gold_gain":0.0,"event_name":"Living Wall","player_choice":"Forget","floor":3.0,"gold_loss":0.0,"damage_taken":0.0},{"damage_healed":0.0,"max_hp_gain":0.0,"max_hp_loss":0.0,"gold_gain":0.0,"event_name":"Golden Idol","player_choice":"Take Damage","floor":4.0,"gold_loss":0.0,"damage_taken":26.0,"relics_obtained":["Golden Idol"]},{"damage_healed":0.0,"max_hp_gain":0.0,"max_hp_loss":0.0,"gold_gain":75.0,"event_name":"World of Goop","player_choice":"Gather Gold","floor":5.0,"gold_loss":0.0,"damage_taken":11.0},{"cards_removed":["Strike_R"],"damage_healed":0.0,"max_hp_gain":0.0,"max_hp_loss":0.0,"gold_gain":0.0,"event_name":"The Cleric","player_choice":"Card Removal","floor":7.0,"gold_loss":75.0,"damage_taken":0.0},{"damage_healed":0.0,"max_hp_gain":0.0,"max_hp_loss":0.0,"gold_gain":0.0,"event_name":"Vampires","player_choice":"Ignored","floor":19.0,"gold_loss":0.0,"damage_taken":0.0},{"damage_healed":0.0,"max_hp_gain":0.0,"max_hp_loss":0.0,"gold_gain":0.0,"event_name":"WeMeetAgain","player_choice":"Paid Gold","floor":21.0,"gold_loss":53.0,"damage_taken":0.0,"relics_obtained":["Question Card"]},{"damage_healed":0.0,"max_hp_gain":0.0,"max_hp_loss":0.0,"gold_gain":0.0,"event_name":"MindBloom","player_choice":"Fight","floor":41.0,"gold_loss":0.0,"damage_taken":0.0},{"cards_removed":["Defend_R"],"damage_healed":0.0,"max_hp_gain":0.0,"max_hp_loss":0.0,"gold_gain":0.0,"event_name":"Falling","player_choice":"Removed Skill","floor":44.0,"gold_loss":0.0,"damage_taken":0.0},{"damage_healed":0.0,"max_hp_gain":0.0,"max_hp_loss":0.0,"gold_gain":333.0,"event_name":"The Moai Head","player_choice":"Gave Idol","floor":46.0,"relics_lost":["Golden Idol"],"gold_loss":0.0,"damage_taken":0.0}],"is_beta":false,"boss_relics":[{"not_picked":["Coffee Dripper","Mark of Pain"],"picked":"Velvet Choker"},{"not_picked":["Runic Pyramid","Sozu"],"picked":"Calling Bell"}],"items_purged_floors":[11,37,45],"is_endless":false,"potions_floor_spawned":[6,8,14,22,27,29,33,35,41,48],"killed_by":"Awakened One","ascension_level":20}}