{"host":"1rf9pknejqhzkc4o","time":1610097980,"event":{"mods":["Aspiration","BaseMod","Better Altar","Better Match","Better Note","Better Sensory Stone","Better Skull","Better Third Choice","Colored Map","Colored Powertips","Communication Mod","Conspire","Energized Spire","Hubris","Infinite Spire","Ironclad Rager","Minty Spire (QoL Compilation)","Quick Restart","RNG Fix","Rare Cards Sparkle","Relic Stats","Replay The Spire","Retaliation","Spicy Shops","StSLib","The Blue Laboratory","Trackpad"],"gold_per_floor":[111,211,111,186,29,29,49,49,103,103,103,103,103,117,117,117,117,216,216,228,228,153,153,168,168,185,203,203,203,228,74,74,74,74,175,175,185,197,197,197],"floor_reached":39,"playtime":1255,"items_purged":[],"score":383,"play_id":"a4238504-a8da-4bbe-97d2-7c42de239863","local_time":"20210108122620","is_ascension_mode":false,"campfire_choices":[{"data":"Ghostly","floor":6.0,"key":"SMITH"},{"data":"CutThroughFate","floor":8.0,"key":"SMITH"},{"data":"FlurryOfBlows","floor":12.0,"key":"SMITH"},{"data":"Vigilance","floor":17.0,"key":"SMITH"},{"data":"Apotheosis","floor":25,"key":"SMITH"},{"floor":29,"key":"REST"},{"floor":32,"key":"REST"},{"data":"SpiritShield","floor":34,"key":"SMITH"}],"circlet_count":0,"master_deck":["Eruption","Vigilance+1","ICR:DragonStrike","ICR:DragonStrike","ICR:DragonStrike","ICR:DragonStrike","ICR:CraneWing","ICR:CraneWing","ICR:CraneWing","ICR:CraneWing","CutThroughFate+1","Ghostly+1","FlurryOfBlows+1","Swivel+1","Brilliance+1","ReachHeaven","Collect","Apotheosis+1","FollowUp","SashWhip+1","SpiritShield+1","Alpha","Study+1","Replay:ManipulateFuture+1"],"relics":["PureWater","Damaru","Centennial Puzzle","Velvet Choker","Bottled Flame","conspire:RoyalGoblet","trackpad:CultistFigurine","Calipers","MealTicket","hubris:Backtick","StoneCalendar"],"acts_visited":["Exordium","TheCity","TheBeyond"],"potions_floor_usage":[26,26,35],"damage_taken":[{"damage":1.0,"enemies":"Cultist","floor":1.0,"turns":4.0},{"damage":0.0,"enemies":"2 Louse","floor":7.0,"turns":2.0},{"damage":0.0,"enemies":"Small Slimes","floor":14.0,"turns":2.0},{"damage":39,"enemies":"Slime Boss","floor":18,"turns":10},{"damage":0,"enemies":"conspire:FuzzyDice","floor":20,"turns":4},{"damage":25,"enemies":"3 Byrds","floor":24,"turns":7},{"damage":15,"enemies":"conspire:HollyBat","floor":26,"turns":6},{"damage":46,"enemies":"Snecko","floor":27,"turns":4},{"damage":31,"enemies":"conspire:Head Lice","floor":30,"turns":5},{"damage":76,"enemies":"Automaton","floor":35,"turns":10},{"damage":13,"enemies":"Orb Walker","floor":37,"turns":4},{"damage":40,"enemies":"3 Darklings","floor":38,"turns":6},{"damage":33,"enemies":"4 Shapes","floor":39,"turns":3}],"seed_played":"-5490070067482028848","potions_obtained":[{"floor":1.0,"key":"FairyPotion"},{"floor":18,"key":"SkillPotion"},{"floor":24,"key":"DistilledChaos"},{"floor":27,"key":"LiquidMemories"},{"floor":38,"key":"CultistPotion"}],"is_trial":false,"path_per_floor":["M","?","?","?","$","R","M","R","T","PTL","PTL","R","?","M","?","?","R","B",null,"M","?","?","AVR","M","R","M","M","T","R","E","$","R","?","R","B",null,"M","M","M"],"character_chosen":"WATCHER","items_purchased":["Damaru","MealTicket"],"campfire_rested":2,"item_purchase_floors":[5,31],"current_hp_per_floor":[71,71,71,64,64,64,64,64,64,64,64,64,69,69,69,69,69,30,77,77,77,77,77,52,52,37,23,23,46,15,15,38,77,77,1,77,64,24,0,0],"gold":197,"neow_bonus":"WATCHER_MONK","is_daily":false,"chose_seed":false,"campfire_upgraded":6,"win_rate":0.0,"timestamp":1610097980,"path_taken":["M","?","?","?","$","R","?","R","T","PTL","PTL","R","?","M","?","?","R","BOSS","M","?","?","AVR","M","R","M","M","T","R","E","?","R","?","R","BOSS","M","M","?"],"items_purchased_type":["Relic","Relic"],"build_version":"2020-12-22","purchased_purges":0,"victory":false,"max_hp_per_floor":[72,72,72,72,72,72,72,72,72,72,72,72,77,77,77,77,77,77,77,77,77,77,77,77,77,77,77,77,77,77,77,77,77,77,77,77,77,77,77,77],"relic_stats":{"Centennial Puzzle":[27],"counters":[13,67],"MealTicket":0,"StoneCalendar":[0],"obtain_stats":[{"Centennial Puzzle":9,"Bottled Flame":23,"Calipers":30,"hubris:Backtick":36,"conspire:RoyalGoblet":23,"Damaru":5,"Velvet Choker":19,"MealTicket":31,"StoneCalendar":36,"PureWater":0,"trackpad:CultistFigurine":28},{"Centennial Puzzle":2,"Bottled Flame":5,"Calipers":9,"hubris:Backtick":10,"conspire:RoyalGoblet":5,"Damaru":1,"Velvet Choker":4,"MealTicket":9,"StoneCalendar":10,"PureWater":0,"trackpad:CultistFigurine":8},{"Centennial Puzzle":6,"Bottled Flame":22,"Calipers":44,"hubris:Backtick":54,"conspire:RoyalGoblet":22,"Damaru":4,"Velvet Choker":18,"MealTicket":44,"StoneCalendar":54,"PureWater":0,"trackpad:CultistFigurine":39}]},"card_choices":[{"not_picked":["Protect","LikeWater"],"picked":"CutThroughFate","floor":1.0},{"not_picked":["EmptyFist","Replay:Anticipation"],"picked":"FlurryOfBlows","floor":7.0},{"not_picked":["BowlingBash","ThirdEye"],"picked":"Swivel","floor":14.0},{"not_picked":["Blasphemy","Wish"],"picked":"Brilliance","floor":18},{"not_picked":["ThirdEye","ForeignInfluence"],"picked":"ReachHeaven","floor":20},{"not_picked":["Adaptation","SignatureMove"],"picked":"Collect","floor":22},{"not_picked":["Sadistic Nature","HandOfGreed"],"picked":"Apotheosis","floor":22},{"not_picked":["ClearTheMind","JustLucky"],"picked":"FollowUp","floor":22},{"not_picked":["Sanctity+1","Protect"],"picked":"SashWhip+1","floor":24},{"not_picked":["PathToVictory","Replay:AtTheReady","CutThroughFate"],"picked":"SKIP","floor":26},{"not_picked":["WaveOfTheHand+1","CutThroughFate"],"picked":"SpiritShield","floor":27},{"not_picked":["Wireheading+1","ICR:Serenity","Crescendo"],"picked":"SKIP","floor":30},{"not_picked":["Ragnarok","Replay:LoomingThreat"],"picked":"Alpha","floor":35},{"not_picked":["ICR:Serenity","DeceiveReality"],"picked":"Study+1","floor":37},{"not_picked":["PathToVictory","Crescendo"],"picked":"Replay:ManipulateFuture+1","floor":38}],"player_experience":167220,"relics_obtained":[{"floor":9.0,"key":"Centennial Puzzle"},{"floor":28,"key":"trackpad:CultistFigurine"},{"floor":30,"key":"Calipers"}],"event_choices":[{"damage_healed":0.0,"max_hp_gain":0.0,"max_hp_loss":0.0,"gold_gain":100.0,"event_name":"Golden Shrine","player_choice":"Pray","floor":2.0,"gold_loss":0.0,"damage_taken":0.0},{"damage_healed":0.0,"max_hp_gain":0.0,"max_hp_loss":0.0,"gold_gain":0.0,"event_name":"conspire:LoneGhost","player_choice":"Argue","floor":3.0,"gold_loss":0.0,"damage_taken":0.0},{"damage_healed":0.0,"max_hp_gain":0.0,"max_hp_loss":0.0,"gold_gain":75.0,"event_name":"FaceTrader","player_choice":"Touch","floor":4.0,"gold_loss":0.0,"damage_taken":7.0},{"damage_healed":0.0,"max_hp_gain":5.0,"max_hp_loss":0.0,"gold_gain":0.0,"event_name":"Big Fish","player_choice":"Donut","floor":13.0,"gold_loss":0.0,"damage_taken":0.0},{"damage_healed":0.0,"max_hp_gain":0.0,"max_hp_loss":0.0,"gold_gain":0.0,"event_name":"Accursed Blacksmith","player_choice":"Forge","floor":15.0,"gold_loss":0.0,"damage_taken":0.0,"cards_upgraded":["Swivel"]},{"damage_healed":0.0,"max_hp_gain":0.0,"max_hp_loss":0.0,"gold_gain":0.0,"event_name":"conspire:Investor","player_choice":"Leave","floor":16.0,"gold_loss":0.0,"damage_taken":0.0},{"damage_healed":0,"gold_gain":0,"player_choice":"Upgraded","damage_taken":0,"max_hp_gain":0,"max_hp_loss":0,"event_name":"Upgrade Shrine","floor":21,"gold_loss":0,"cards_upgraded":["Brilliance"]},{"damage_healed":0,"gold_gain":0,"player_choice":"1","damage_taken":0,"max_hp_gain":0,"max_hp_loss":0,"event_name":"betterMatch:BetterMatch","floor":22,"gold_loss":0,"cards_obtained":["betterMatch:UncommonCard","betterMatch:ColorlessRareCard","betterMatch:CommonCard"]},{"damage_healed":39,"gold_gain":0,"player_choice":"Full Heal","damage_taken":0,"max_hp_gain":0,"max_hp_loss":0,"event_name":"Wheel of Change","floor":33,"gold_loss":0}],"is_beta":false,"boss_relics":[{"not_picked":["energizedSpire:CrystalSphere","trackpad:StolenKidneys"],"picked":"Velvet Choker"},{"not_picked":["aspiration:RandomNobGenerator","Pandora\u0027s Box"],"picked":"hubris:Backtick"}],"items_purged_floors":[],"is_endless":false,"potions_floor_spawned":[1,18,24,27,38],"killed_by":"4 Shapes","ascension_level":0}}