{"host":"Brown Brick","time":1610143700,"event":{"mods":["BaseMod","Melee Mod","Minty Spire (QoL Compilation)","Rare Cards Sparkle","Relic Stats","Robot Space Explorer","StSLib","The Marked","Unceasing Turn Reminder","everything is the same but u backflip on backflip"],"gold_per_floor":[113,113,113,124,47,47,81,93,144,144,144,120,155,155,155,253,253,263,263,74,87,101,126,126,158,233,233,333,348,348,348,348,450,450,466,391,391,402,402,402,435,218,218,228,228,248,29,42,42,42,42,42,16,45,45,45],"floor_reached":55,"playtime":6147,"items_purged":["Writhe"],"score":764,"play_id":"c06855c8-7e18-4e18-a615-16b44475a5aa","local_time":"20210108230820","is_ascension_mode":false,"campfire_choices":[{"data":"Noxious Fumes","floor":6,"key":"SMITH"},{"data":"Well Laid Plans","floor":15,"key":"SMITH"},{"floor":24,"key":"REST"},{"floor":27,"key":"RECALL"},{"data":"Tools of the Trade","floor":32,"key":"SMITH"},{"data":"Finesse","floor":40,"key":"SMITH"},{"data":"Footwork","floor":45,"key":"SMITH"},{"data":"Deadly Poison","floor":49,"key":"SMITH"},{"data":"Caltrops","floor":52,"key":"SMITH"}],"circlet_count":0,"master_deck":["Strike_G+1","Strike_G+1","Strike_G+1","Defend_G+1","Defend_G+1","Defend_G+1","Defend_G+1","Survivor+1","Neutralize+1","Prepared+1","Noxious Fumes+1","Well Laid Plans+1","Deadly Poison+1","Finesse+1","Dagger Throw+1","Reflex+1","Tools of the Trade+1","Deflect+1","Caltrops+1","Calculated Gamble","Noxious Fumes+1","Grand Finale+1","Neutralize+1","Underhanded Strike+1","Footwork+1","Quick Slash+1"],"relics":["Ring of the Snake","Incense Burner","Bag of Preparation","Bottled Tornado","Molten Egg 2","Empty Cage","Membership Card","Smiling Mask","Whetstone","Mercury Hourglass","Eternal Feather","Pocketwatch","Busted Crown","Blood Vial","MealTicket","OrangePellets","Anchor","War Paint","Snake Skull","Thread and Needle","Strawberry"],"acts_visited":["Exordium","TheCity","TheBeyond","TheEnding"],"potions_floor_usage":[28,28,41],"damage_taken":[{"damage":0,"enemies":"Cultist","floor":1,"turns":4},{"damage":0,"enemies":"Jaw Worm","floor":4,"turns":5},{"damage":5,"enemies":"Lagavulin","floor":7,"turns":8},{"damage":0,"enemies":"2 Louse","floor":8,"turns":2},{"damage":14,"enemies":"3 Sentries","floor":13,"turns":7},{"damage":13,"enemies":"Hexaghost","floor":16,"turns":10},{"damage":0,"enemies":"Shell Parasite","floor":18,"turns":6},{"damage":0,"enemies":"Chosen","floor":21,"turns":6},{"damage":5,"enemies":"Shelled Parasite and Fungi","floor":22,"turns":8},{"damage":41,"enemies":"Slavers","floor":23,"turns":7},{"damage":16,"enemies":"Gremlin Leader","floor":25,"turns":7},{"damage":10,"enemies":"Colosseum Slavers","floor":28,"turns":5},{"damage":10,"enemies":"Colosseum Nobs","floor":28,"turns":4},{"damage":0,"enemies":"3 Cultists","floor":29,"turns":4},{"damage":1,"enemies":"Champ","floor":33,"turns":11},{"damage":20,"enemies":"3 Darklings","floor":35,"turns":3},{"damage":0,"enemies":"Orb Walker","floor":38,"turns":3},{"damage":45,"enemies":"Nemesis","floor":41,"turns":9},{"damage":10,"enemies":"Jaw Worm Horde","floor":44,"turns":4},{"damage":10,"enemies":"Sphere and 2 Shapes","floor":46,"turns":4},{"damage":0,"enemies":"Transient","floor":48,"turns":5},{"damage":0,"enemies":"Awakened One","floor":50,"turns":10},{"damage":56,"enemies":"Shield and Spear","floor":54,"turns":6},{"damage":45,"enemies":"The Heart","floor":55,"turns":2}],"seed_played":"9170452156189047801","potions_obtained":[{"floor":1,"key":"AttackPotion"},{"floor":8,"key":"SteroidPotion"},{"floor":16,"key":"AttackPotion"},{"floor":28,"key":"LiquidBronze"},{"floor":29,"key":"Strength Potion"},{"floor":44,"key":"EssenceOfSteel"},{"floor":54,"key":"LiquidMemories"}],"is_trial":false,"path_per_floor":["M","T","?","M","$","R","E","M","T","?","?","$","E","T","R","B",null,"M","?","$","M","M","E","R","E","T","R","?","M","?","?","R","B",null,"M","$","?","M","?","R","E","$","T","M","R","M","$","M","R","B",null,"R","$","E","B"],"character_chosen":"THE_SILENT","items_purchased":["Noxious Fumes","Deadly Poison","Membership Card","Finesse","Blood Vial","Footwork","OrangePellets","Anchor","Snake Skull","Thread and Needle","Block Potion"],"campfire_rested":1,"item_purchase_floors":[5,12,20,20,36,42,42,42,47,47,53],"current_hp_per_floor":[77,77,77,77,77,77,72,72,72,72,57,57,43,43,43,30,77,77,77,77,77,72,31,54,38,38,38,18,18,18,18,30,29,77,57,57,57,59,77,77,32,47,47,39,54,46,61,63,77,77,77,77,77,28,0,0],"gold":45,"neow_bonus":"TEN_PERCENT_HP_BONUS","is_daily":false,"chose_seed":false,"campfire_upgraded":7,"win_rate":0.0,"timestamp":1610143700,"path_taken":["M","?","?","M","?","R","E","M","T","?","?","$","E","?","R","BOSS","M","?","$","?","M","E","R","E","T","R","?","M","?","?","R","BOSS","M","?","?","?","?","R","E","$","T","M","R","M","$","M","R","BOSS","R","$","E","BOSS"],"items_purchased_type":["Card","Card","Relic","Card","Relic","Card","Relic","Relic","Relic","Relic","Potion"],"build_version":"2020-12-18","purchased_purges":1,"victory":false,"max_hp_per_floor":[77,77,77,77,77,77,77,77,77,77,77,77,77,77,77,77,77,77,77,77,77,77,77,77,77,77,77,77,77,77,77,77,77,77,77,77,77,77,77,77,77,77,77,77,77,77,77,77,77,77,77,77,77,84,84,84],"relic_stats":{"counters":[24,140],"Eternal Feather":41,"Snake Skull":[38],"Bag of Preparation":[42],"Whetstone":["Neutralize","Strike_G"],"War Paint":["Reflex","Prepared"],"Smiling Mask":-12,"Mercury Hourglass":[286],"Blood Vial":10,"OrangePellets":[2],"Busted Crown":14,"MealTicket":30,"obtain_stats":[{"Eternal Feather":28,"Thread and Needle":47,"Snake Skull":47,"Incense Burner":2,"Bag of Preparation":7,"Whetstone":25,"Bottled Tornado":13,"War Paint":43,"Empty Cage":17,"Smiling Mask":23,"Mercury Hourglass":26,"Blood Vial":36,"OrangePellets":42,"Anchor":42,"Busted Crown":34,"Strawberry":54,"Molten Egg 2":14,"MealTicket":41,"Membership Card":20,"Ring of the Snake":0,"Pocketwatch":28},{"Eternal Feather":13,"Thread and Needle":20,"Snake Skull":20,"Incense Burner":1,"Bag of Preparation":3,"Whetstone":11,"Bottled Tornado":5,"War Paint":18,"Empty Cage":6,"Smiling Mask":10,"Mercury Hourglass":11,"Blood Vial":16,"OrangePellets":18,"Anchor":18,"Busted Crown":15,"Strawberry":23,"Molten Egg 2":5,"MealTicket":18,"Membership Card":7,"Ring of the Snake":0,"Pocketwatch":13},{"Eternal Feather":79,"Thread and Needle":117,"Snake Skull":117,"Incense Burner":4,"Bag of Preparation":17,"Whetstone":70,"Bottled Tornado":26,"War Paint":109,"Empty Cage":36,"Smiling Mask":63,"Mercury Hourglass":70,"Blood Vial":97,"OrangePellets":109,"Anchor":109,"Busted Crown":94,"Strawberry":138,"Molten Egg 2":26,"MealTicket":109,"Membership Card":42,"Ring of the Snake":0,"Pocketwatch":79}],"Ring of the Snake":[48],"Pocketwatch":[12]},"card_choices":[{"not_picked":["Choke","Quick Slash","PiercingWail"],"picked":"SKIP","floor":1},{"not_picked":["Dagger Spray","Underhanded Strike","Prepared"],"picked":"SKIP","floor":4},{"not_picked":["Dagger Spray","Underhanded Strike"],"picked":"Prepared","floor":4},{"not_picked":["Crippling Poison","Flechettes"],"picked":"Well Laid Plans","floor":7},{"not_picked":["Dagger Spray","Outmaneuver","Flechettes"],"picked":"SKIP","floor":8},{"not_picked":["Grand Finale","Sucker Punch","Eviscerate"],"picked":"SKIP","floor":13},{"not_picked":["Acrobatics+1","Dagger Spray+1","Blade Dance"],"picked":"SKIP","floor":18},{"not_picked":["Accuracy","Expertise"],"picked":"Dagger Throw+1","floor":21},{"not_picked":["All Out Attack+1","Setup"],"picked":"Reflex","floor":22},{"not_picked":["Blade Dance","A Thousand Cuts"],"picked":"Tools of the Trade","floor":23},{"not_picked":["Deadly Poison","Dagger Spray+1"],"picked":"Deflect+1","floor":25},{"not_picked":["Backflip","Distraction"],"picked":"Caltrops","floor":28},{"not_picked":["Acrobatics","Leg Sweep"],"picked":"Calculated Gamble","floor":29},{"not_picked":["Storm of Steel","Venomology"],"picked":"Grand Finale+1","floor":33},{"not_picked":["All Out Attack+1"],"picked":"SKIP","floor":35},{"not_picked":["Concentrate+1"],"picked":"SKIP","floor":38},{"not_picked":[],"picked":"Underhanded Strike+1","floor":41},{"not_picked":["Flying Knee+1"],"picked":"SKIP","floor":44},{"not_picked":[],"picked":"Quick Slash+1","floor":46},{"not_picked":["Flying Knee+1"],"picked":"SKIP","floor":48},{"not_picked":["Choke+1"],"picked":"SKIP","floor":54}],"player_experience":677372,"relics_obtained":[{"floor":2,"key":"Incense Burner"},{"floor":7,"key":"Bag of Preparation"},{"floor":13,"key":"Bottled Tornado"},{"floor":14,"key":"Molten Egg 2"},{"floor":23,"key":"Smiling Mask"},{"floor":25,"key":"Whetstone"},{"floor":26,"key":"Mercury Hourglass"},{"floor":28,"key":"Eternal Feather"},{"floor":28,"key":"Pocketwatch"},{"floor":41,"key":"MealTicket"},{"floor":43,"key":"War Paint"},{"floor":54,"key":"Strawberry"}],"event_choices":[{"damage_healed":0,"gold_gain":0,"player_choice":"Ignored","damage_taken":0,"max_hp_gain":0,"max_hp_loss":0,"event_name":"Golden Wing","floor":3,"gold_loss":0},{"damage_healed":0,"gold_gain":0,"player_choice":"Leave","damage_taken":0,"max_hp_gain":0,"max_hp_loss":0,"event_name":"The Cleric","floor":10,"gold_loss":0},{"damage_healed":0,"gold_gain":0,"player_choice":"Entered Light","damage_taken":15,"max_hp_gain":0,"max_hp_loss":0,"event_name":"Shining Light","floor":11,"gold_loss":0,"cards_upgraded":["Defend_G","Survivor"]},{"cards_removed":["Strike_G"],"damage_healed":0,"gold_gain":0,"player_choice":"Purged","damage_taken":0,"max_hp_gain":0,"max_hp_loss":0,"event_name":"Purifier","floor":19,"gold_loss":0},{"damage_healed":0,"gold_gain":0,"player_choice":"Fight","damage_taken":0,"max_hp_gain":0,"max_hp_loss":0,"event_name":"Colosseum","floor":28,"gold_loss":0},{"damage_healed":0,"gold_gain":0,"player_choice":"Fought Nobs","damage_taken":0,"max_hp_gain":0,"max_hp_loss":0,"event_name":"Colosseum","floor":28,"gold_loss":0},{"damage_healed":0,"gold_gain":0,"player_choice":"Simplicity","damage_taken":0,"max_hp_gain":0,"max_hp_loss":0,"event_name":"Back to Basics","floor":30,"gold_loss":0,"cards_upgraded":["Strike_G","Strike_G","Defend_G","Defend_G","Defend_G"]},{"damage_healed":0,"gold_gain":0,"player_choice":"Copied","damage_taken":0,"max_hp_gain":0,"max_hp_loss":0,"event_name":"Duplicator","floor":31,"gold_loss":0,"cards_obtained":["Noxious Fumes"]},{"damage_healed":0,"gold_gain":0,"player_choice":"1 cards matched","damage_taken":0,"max_hp_gain":0,"max_hp_loss":0,"event_name":"Match and Keep!","floor":37,"gold_loss":0,"cards_obtained":["Neutralize"]},{"damage_healed":19,"gold_gain":0,"player_choice":"Writhe","damage_taken":0,"max_hp_gain":0,"max_hp_loss":0,"event_name":"Winding Halls","floor":39,"gold_loss":0,"cards_obtained":["Writhe"]}],"is_beta":true,"boss_relics":[{"not_picked":["Velvet Choker","Coffee Dripper"],"picked":"Empty Cage"},{"not_picked":["Philosopher\u0027s Stone","Snecko Eye"],"picked":"Busted Crown"}],"items_purged_floors":[42],"is_endless":false,"potions_floor_spawned":[1,8,16,21,28,28,29,44,48,54],"killed_by":"The Heart","ascension_level":0}}