{"host":"zxkjcgzis4pm3za5","time":1610073138,"event":{"mods":["AchievementEnabler","BaseMod","Colored Map","Colored Powertips","Minty Spire (QoL Compilation)","Quick Restart","RNG Fix","Random Character Button","StSLib"],"gold_per_floor":[118,137,212,212,230,230,260,260,287,320,335,346,361,380,380,457,457,473,485,501,426,426,452,452,468,468,468,77,177,177,177],"floor_reached":30,"playtime":988,"items_purged":["Strike_B"],"score":474,"play_id":"5224e55a-9009-45e4-9692-880091a5afe3","local_time":"20210108080217","is_ascension_mode":true,"campfire_choices":[{"data":"Zap","floor":6.0,"key":"SMITH"},{"data":"Buffer","floor":8.0,"key":"SMITH"},{"data":"Static Discharge","floor":15.0,"key":"SMITH"},{"floor":24,"key":"REST"},{"floor":27,"key":"REST"}],"circlet_count":0,"master_deck":["AscendersBane","Strike_B+1","Strike_B+1","Strike_B","Defend_B","Defend_B","Defend_B+1","Defend_B","Zap+1","Dualcast","Rip and Tear","Ball Lightning+1","Buffer+1","FTL","Static Discharge+1","Sweeping Beam","Biased Cognition","Defragment","Reinforced Body","Biased Cognition","Self Repair+1","Consume","Apotheosis"],"relics":["Cracked Core","NeowsBlessing","Incense Burner","Whetstone","Bottled Tornado","Inserter","Bag of Preparation","Lee\u0027s Waffle","Dead Branch","Question Card"],"acts_visited":["Exordium","TheCity"],"potions_floor_usage":[23],"damage_taken":[{"damage":0.0,"enemies":"Jaw Worm","floor":1.0,"turns":1.0},{"damage":0.0,"enemies":"Cultist","floor":2.0,"turns":1.0},{"damage":0.0,"enemies":"2 Louse","floor":5.0,"turns":1.0},{"damage":27.0,"enemies":"3 Sentries","floor":7.0,"turns":6.0},{"damage":0.0,"enemies":"Gremlin Nob","floor":10.0,"turns":4.0},{"damage":0.0,"enemies":"Blue Slaver","floor":11.0,"turns":3.0},{"damage":0.0,"enemies":"Looter","floor":12.0,"turns":2.0},{"damage":0.0,"enemies":"Exordium Wildlife","floor":13.0,"turns":3.0},{"damage":0.0,"enemies":"Red Slaver","floor":14.0,"turns":3.0},{"damage":14.0,"enemies":"Hexaghost","floor":16.0,"turns":7.0},{"damage":5.0,"enemies":"3 Byrds","floor":18.0,"turns":2.0},{"damage":0.0,"enemies":"Chosen","floor":19.0,"turns":4.0},{"damage":22,"enemies":"Snecko","floor":20,"turns":6},{"damage":9,"enemies":"Gremlin Leader","floor":23,"turns":4},{"damage":18,"enemies":"3 Cultists","floor":25,"turns":3},{"damage":19,"enemies":"Colosseum Slavers","floor":29,"turns":6},{"damage":55,"enemies":"Colosseum Nobs","floor":29,"turns":4},{"damage":27,"enemies":"Snake Plant","floor":30,"turns":2}],"seed_played":"7177324805712573401","potions_obtained":[{"floor":2.0,"key":"PowerPotion"},{"floor":5.0,"key":"GamblersBrew"},{"floor":12.0,"key":"SpeedPotion"},{"floor":13.0,"key":"DuplicationPotion"},{"floor":16.0,"key":"Dexterity Potion"},{"floor":29,"key":"FearPotion"}],"is_trial":false,"path_per_floor":["M","M","?","?","M","R","E","R","T","E","M","M","M","M","R","B",null,"M","M","M","$","?","E","R","M","T","R","$","?","M"],"character_chosen":"DEFECT","items_purchased":["Consume","Lee\u0027s Waffle","Apotheosis"],"campfire_rested":2,"item_purchase_floors":[28,28,28],"current_hp_per_floor":[68,68,57,42,42,42,15,15,15,15,15,15,15,15,15,1,57,52,52,30,30,16,7,31,13,13,37,87,23,0,0],"gold":177,"neow_bonus":"THREE_ENEMY_KILL","is_daily":false,"chose_seed":false,"campfire_upgraded":3,"win_rate":0.0,"timestamp":1610073137,"path_taken":["M","M","?","?","?","R","E","R","T","E","M","M","M","M","R","BOSS","M","M","M","$","?","E","R","M","T","R","$","?","?"],"items_purchased_type":["Card","Relic","Card"],"build_version":"2020-12-22","purchased_purges":1,"victory":false,"max_hp_per_floor":[75,75,75,75,75,75,75,75,75,75,75,75,75,75,75,75,75,75,75,75,75,80,80,80,80,80,80,87,87,87,87],"card_choices":[{"not_picked":["Rebound","Recycle"],"picked":"Rip and Tear","floor":1.0},{"not_picked":["Streamline","Stack"],"picked":"Ball Lightning","floor":2.0},{"not_picked":["Rip and Tear","Coolheaded","Barrage"],"picked":"SKIP","floor":5.0},{"not_picked":["Reprogram","Leap"],"picked":"Buffer","floor":7.0},{"not_picked":["Sweeping Beam","Amplify"],"picked":"FTL","floor":10.0},{"not_picked":["Steam","Loop"],"picked":"Static Discharge","floor":11.0},{"not_picked":["Sunder","Gash"],"picked":"Sweeping Beam","floor":12.0},{"not_picked":["Streamline","Coolheaded","Cold Snap"],"picked":"SKIP","floor":13.0},{"not_picked":["Streamline","Rebound","Capacitor"],"picked":"SKIP","floor":14.0},{"not_picked":["Reboot","Fission"],"picked":"Biased Cognition","floor":16.0},{"not_picked":["Static Discharge","Gash+1","Go for the Eyes"],"picked":"SKIP","floor":18.0},{"not_picked":["Capacitor","FTL"],"picked":"Defragment","floor":19.0},{"not_picked":["Steam Power","Beam Cell"],"picked":"Reinforced Body","floor":20},{"not_picked":["Streamline","Sunder"],"picked":"Biased Cognition","floor":23},{"not_picked":["Coolheaded","Go for the Eyes"],"picked":"Self Repair+1","floor":25}],"player_experience":192790,"relics_obtained":[{"floor":7.0,"key":"Incense Burner"},{"floor":9.0,"key":"Whetstone"},{"floor":10.0,"key":"Bottled Tornado"},{"floor":23,"key":"Bag of Preparation"},{"floor":29,"key":"Dead Branch"},{"floor":29,"key":"Question Card"}],"event_choices":[{"damage_healed":0.0,"max_hp_gain":0.0,"max_hp_loss":0.0,"gold_gain":75.0,"event_name":"World of Goop","player_choice":"Gather Gold","floor":3.0,"gold_loss":0.0,"damage_taken":11.0},{"damage_healed":0.0,"max_hp_gain":0.0,"max_hp_loss":0.0,"gold_gain":0.0,"event_name":"Shining Light","player_choice":"Entered Light","floor":4.0,"gold_loss":0.0,"damage_taken":15.0,"cards_upgraded":["Defend_B","Strike_B"]},{"damage_healed":0,"gold_gain":0,"player_choice":"Shed Blood","damage_taken":19,"max_hp_gain":5,"max_hp_loss":0,"event_name":"Forgotten Altar","floor":22,"gold_loss":0},{"damage_healed":0,"gold_gain":0,"player_choice":"Fight","damage_taken":0,"max_hp_gain":0,"max_hp_loss":0,"event_name":"Colosseum","floor":29,"gold_loss":0},{"damage_healed":0,"gold_gain":0,"player_choice":"Fought Nobs","damage_taken":0,"max_hp_gain":0,"max_hp_loss":0,"event_name":"Colosseum","floor":29,"gold_loss":0}],"is_beta":false,"boss_relics":[{"not_picked":["Empty Cage","Sozu"],"picked":"Inserter"}],"items_purged_floors":[21],"is_endless":false,"potions_floor_spawned":[2,5,12,13,14,16,20,29],"killed_by":"Snake Plant","ascension_level":13}}