{"host":"mvz90ilxx8epviq1","time":1610079859,"event":{"mods":["2.2 Compatiblity","AchievementEnabler","Act Like it!","Bartender","BaseMod","Better Note","Better Third Choice","Better Vampires","Clockwork Mod","Colored Map","Colored Powertips","Downfall","Gensokyo","Hallownest","Hermit","Hubris","Koishi","Marisa????????","Minty Spire (QoL Compilation)","Replay The Spire","SIMod","Shop Mod","Spicy Shops","StSLib","The Alterego","The Blackbeard","The Bug Knight","The Construct","The Cursed","The Mystic","The Senshi","The Servant 0.9.4","The Wild Card","slay the spire mod where everything is the same but ironclad has a cowboy hat"],"gold_per_floor":[109,109,31,31,50,75,75,75,125,137,162,88,88,103,164,261,261,280,280,280,293,93,93,103,28,28,45,45,45,79,100,100,413,413,442,455,455,455,253,253,293,293,320,355,355,383,383,412,421,421,421,421,2,39,39,39],"floor_reached":55,"playtime":4449,"items_purged":["Writhe","Defend_B","Strike_B"],"score":901,"play_id":"3d0da05b-4594-49e9-bbff-f6eaa65aaa4b","local_time":"20210107232419","is_ascension_mode":false,"campfire_choices":[{"data":"Tempest","floor":7.0,"key":"SMITH"},{"data":"Lockon","floor":13.0,"key":"SMITH"},{"floor":23.0,"key":"REST"},{"data":"Leap","floor":29,"key":"SMITH"},{"floor":32,"key":"REST"},{"floor":40,"key":"REST"},{"data":"Conserve Battery","floor":42,"key":"SMITH"},{"floor":45,"key":"RECALL"},{"floor":49,"key":"REST"},{"data":"Static Discharge","floor":52,"key":"SMITH"}],"circlet_count":0,"master_deck":["Defend_B","Zap","Dualcast","Lockon+1","Crystallizer","Tempest+1","hubris:Ukulele","Tempest+1","Meteor Strike+1","White Noise","BootSequence+1","Leap+1","Delirium","Conserve Battery+1","Beam Cell","Chaos","Coolheaded+1","Genetic Algorithm+1","Auto Shields","Cold Snap+1","Static Discharge+1","Melter","Apotheosis","Streamline+1"],"relics":["Cracked Core","NeowsBlessing","hubris:BallOfYels","Bronze Scales","ReplayTheSpireMod:Lightbulb","theSenshi:SailorFukuRelic","DataDisk","Busted Crown","ReplayTheSpireMod:Ring of Exchange","Anchor","CeramicFish","Durian","Replay:Ringing Soul","Emotion Chip","MerchantsRug","TheAbacus","hubris:MysteriousPyramids","hubris:ToyBattleship"],"acts_visited":["Exordium","Gensokyo:Gensokyoer","Gensokyo:Gensokyoest","TheEnding"],"potions_floor_usage":[33,33,33,41,50,54,54,54],"damage_taken":[{"damage":0.0,"enemies":"Jaw Worm","floor":1.0,"turns":1.0},{"damage":0.0,"enemies":"Cultist","floor":5.0,"turns":1.0},{"damage":0.0,"enemies":"3 Sentries","floor":6.0,"turns":1.0},{"damage":0.0,"enemies":"Small Slimes","floor":10.0,"turns":2.0},{"damage":0.0,"enemies":"Gremlin Nob","floor":11.0,"turns":2.0},{"damage":0.0,"enemies":"3 Louse","floor":14.0,"turns":1.0},{"damage":0.0,"enemies":"Slime Boss","floor":16.0,"turns":6.0},{"damage":10.0,"enemies":"Gensokyo:CosmicMonolith","floor":18.0,"turns":2.0},{"damage":18.0,"enemies":"Gensokyo:3_Dogs","floor":21.0,"turns":3.0},{"damage":2.0,"enemies":"Gensokyo:Wraith","floor":24.0,"turns":2.0},{"damage":0.0,"enemies":"Gensokyo:Swordslinger","floor":27.0,"turns":2.0},{"damage":0,"enemies":"Gensokyo:Reisen","floor":30,"turns":3},{"damage":10,"enemies":"Gensokyo:Monolith_and_Dog","floor":31,"turns":4},{"damage":39,"enemies":"Gensokyo:Eternal_Rivals","floor":33,"turns":6},{"damage":20,"enemies":"Gensokyo:AncientGuardian","floor":35,"turns":3},{"damage":8,"enemies":"Gensokyo:3_Bats","floor":36,"turns":3},{"damage":0,"enemies":"Gensokyo:Marisa","floor":41,"turns":3},{"damage":3,"enemies":"Gensokyo:Doremy","floor":44,"turns":4},{"damage":0,"enemies":"Gensokyo:SeedOfUnknown","floor":46,"turns":3},{"damage":0,"enemies":"Gensokyo:AtlasGolem","floor":48,"turns":4},{"damage":6,"enemies":"Gensokyo:Yuyuko","floor":50,"turns":9},{"damage":38,"enemies":"Shield and Spear","floor":54,"turns":6},{"damage":67,"enemies":"The Heart","floor":55,"turns":3}],"seed_played":"-4061930289826329116","potions_obtained":[{"floor":6.0,"key":"Reflective Coating"},{"floor":14.0,"key":"sneckomod:MuddlingPotion"},{"floor":24.0,"key":"Elixir"},{"floor":31,"key":"Swift Potion"},{"floor":33,"key":"Guardian:BlockOnCardUsePotion"},{"floor":35,"key":"BlessingOfTheForge"},{"floor":36,"key":"Dexterity Potion"},{"floor":41,"key":"SneckoOil"},{"floor":54,"key":"Fire Potion"}],"is_trial":false,"path_per_floor":["M","?","$","?","M","E","R","?","T","M","E","$","R","M","R_BF","B",null,"M","?","?","M","COS","R","M","$","T","M","?","R","E","M","R","B",null,"M","M","T","?","$","R","E","R","T","E","R","M","?","M","R_BF","B",null,"R","$","E","B"],"character_chosen":"DEFECT","items_purchased":["hubris:BallOfYels","DollysMirror","MerchantsRug","TheAbacus","Coolheaded+1","Melter","Apotheosis","ColorlessPotion"],"campfire_rested":4,"item_purchase_floors":[3,12,39,39,39,53,53,53],"current_hp_per_floor":[75,75,75,75,75,75,75,68,68,68,68,68,68,68,68,68,75,65,65,65,47,47,69,67,67,67,67,67,67,67,57,75,36,75,60,52,52,36,39,63,66,66,66,63,63,66,66,69,95,95,95,95,98,63,0,0],"gold":39,"neow_bonus":"THREE_ENEMY_KILL","is_daily":false,"chose_seed":false,"campfire_upgraded":5,"win_rate":0.0,"timestamp":1610079859,"path_taken":["M","?","?","?","M","E","R","?","T","M","E","?","R","M","R_BF","BOSS","M","?","?","M","COS","R","M","$","T","M","?","R","E","M","R","BOSS","M","M","?","?","$","R","E","R","T","E","R","M","?","M","R_BF","BOSS","R","$","E","BOSS"],"items_purchased_type":["Relic","Relic","Relic","Relic","Card","Card","Card","Potion"],"build_version":"2020-12-22","purchased_purges":3,"victory":false,"max_hp_per_floor":[75,75,75,75,75,75,75,75,75,75,75,75,75,75,75,75,75,75,75,75,75,75,75,75,75,75,75,75,75,75,75,75,75,75,80,80,80,80,83,83,86,86,86,86,86,89,89,92,95,95,95,95,98,101,101,101],"card_choices":[{"not_picked":["Cold Snap","ReplaySolidLightProjector"],"picked":"Lockon","floor":1.0},{"not_picked":["Coolheaded","Rebound"],"picked":"Crystallizer","floor":5.0},{"not_picked":["Rainbow","Storm"],"picked":"Tempest","floor":6.0},{"not_picked":["Stack","Compile Driver","Hologram"],"picked":"SKIP","floor":10.0},{"not_picked":["Fusion","Rebound"],"picked":"hubris:Ukulele","floor":11.0},{"not_picked":["Steam","Panic Button","Go for the Eyes"],"picked":"SKIP","floor":14.0},{"not_picked":["hubris:SpecializedCircuitry","All For One"],"picked":"Meteor Strike","floor":16.0},{"not_picked":[],"picked":"White Noise","floor":18.0},{"not_picked":[],"picked":"BootSequence+1","floor":21.0},{"not_picked":["Gash"],"picked":"SKIP","floor":24.0},{"not_picked":[],"picked":"Leap","floor":27.0},{"not_picked":[],"picked":"Conserve Battery","floor":30},{"not_picked":[],"picked":"Beam Cell","floor":31},{"not_picked":[],"picked":"Echo Form","floor":33},{"not_picked":[],"picked":"Chaos","floor":35},{"not_picked":["Gash+1"],"picked":"SKIP","floor":36},{"not_picked":[],"picked":"Genetic Algorithm+1","floor":41},{"not_picked":["ReplayTheSpireMod:Reroute Power+1"],"picked":"SKIP","floor":44},{"not_picked":[],"picked":"Auto Shields","floor":46},{"not_picked":[],"picked":"Cold Snap+1","floor":48},{"not_picked":[],"picked":"Static Discharge","floor":49},{"not_picked":[],"picked":"Streamline+1","floor":54}],"player_experience":477890,"relics_obtained":[{"floor":6.0,"key":"Bronze Scales"},{"floor":9.0,"key":"theSenshi:SailorFukuRelic"},{"floor":11.0,"key":"DataDisk"},{"floor":28,"key":"ReplayTheSpireMod:Ring of Exchange"},{"floor":30,"key":"Anchor"},{"floor":37,"key":"Replay:Ringing Soul"},{"floor":41,"key":"hubris:MysteriousPyramids"},{"floor":43,"key":"Dream Catcher"},{"floor":44,"key":"Protect_Vest"},{"floor":54,"key":"hubris:ToyBattleship"}],"event_choices":[{"cards_removed":["Defend_B"],"damage_healed":0.0,"max_hp_gain":0.0,"max_hp_loss":0.0,"gold_gain":0.0,"event_name":"Bonfire Elementals","player_choice":"Offered Basic","floor":2.0,"gold_loss":0.0,"damage_taken":0.0},{"cards_removed":["Strike_B"],"damage_healed":0.0,"max_hp_gain":0.0,"max_hp_loss":0.0,"gold_gain":0.0,"event_name":"Living Wall","player_choice":"Forget","floor":4.0,"gold_loss":0.0,"damage_taken":0.0},{"damage_healed":0.0,"max_hp_gain":0.0,"max_hp_loss":0.0,"gold_gain":0.0,"event_name":"betterThird:BetterScrap","player_choice":"Relic ","floor":8.0,"gold_loss":0.0,"damage_taken":7.0,"cards_obtained":["Limit Break"]},{"damage_healed":0.0,"max_hp_gain":0.0,"max_hp_loss":0.0,"gold_gain":61.0,"event_name":"Golden Wing","player_choice":"Gained Gold","floor":15.0,"gold_loss":0.0,"damage_taken":0.0}],"is_beta":false,"boss_relics":[{"not_picked":["hubris:HollowSoul","Sozu"],"picked":"Busted Crown"},{"not_picked":["Replay:Frozen Program","Toolbox"],"picked":"Guide Book"}],"items_purged_floors":[25,53,53],"is_endless":false,"potions_floor_spawned":[6,14,24,31,33,35,36,41,48,54],"killed_by":"The Heart","ascension_level":0}}