{"host":"taazmjmli6ma7loo","time":1610148422,"event":{"mods":["AchievementEnabler","BaseMod","Hermit","Minty Spire (QoL Compilation)","StSLib","The Bug Knight","The Hierophant"],"gold_per_floor":[117,292,39,114,133,165,165,46,46,90,128,188,231,270,270,365,365,376,401,401],"floor_reached":19,"playtime":827,"items_purged":["Doubt"],"score":196,"play_id":"ac2c16e8-0b8a-4315-a24b-1c8f0920e7e1","local_time":"20210109082702","is_ascension_mode":false,"campfire_choices":[{"data":"HandOfGreed","floor":7.0,"key":"SMITH"},{"floor":15.0,"key":"REST"}],"circlet_count":0,"master_deck":["hermit:Strike_Hermit","hermit:Strike_Hermit","hermit:Strike_Hermit","hermit:Strike_Hermit","hermit:Defend_Hermit","hermit:Defend_Hermit","hermit:Defend_Hermit","hermit:Defend_Hermit","hermit:Snapshot","hermit:Covet","hermit:Snipe","HandOfGreed+1","hermit:Snipe","hermit:Combo","hermit:BigShot","hermit:Ricochet","hermit:GhostlyPresence","hermit:EyeOfTheStorm","hermit:Reprieve","hermit:TakeAim","hermit:FatalDesire","hermit:Deadeye"],"relics":["hermit:ClaspedLocket","NeowsBlessing","PreservedInsect"],"acts_visited":["Exordium","TheCity"],"potions_floor_usage":[],"damage_taken":[{"damage":0.0,"enemies":"Jaw Worm","floor":1.0,"turns":1.0},{"damage":0.0,"enemies":"2 Louse","floor":5.0,"turns":1.0},{"damage":0.0,"enemies":"HollowMod:MossKnight","floor":6.0,"turns":1.0},{"damage":0.0,"enemies":"Small Slimes","floor":10.0,"turns":2.0},{"damage":1.0,"enemies":"3 Louse","floor":11.0,"turns":2.0},{"damage":7.0,"enemies":"Large Slime","floor":12.0,"turns":7.0},{"damage":8.0,"enemies":"2 Fungi Beasts","floor":13.0,"turns":4.0},{"damage":9.0,"enemies":"Exordium Wildlife","floor":14.0,"turns":4.0},{"damage":41.0,"enemies":"Slime Boss","floor":16.0,"turns":8.0},{"damage":26.0,"enemies":"Spheric Guardian","floor":18.0,"turns":5.0},{"damage":49,"enemies":"Masked Bandits","floor":19,"turns":4}],"seed_played":"2089878138511241667","potions_obtained":[{"floor":5.0,"key":"Fire Potion"},{"floor":11.0,"key":"Weak Potion"},{"floor":13.0,"key":"ColorlessPotion"},{"floor":14.0,"key":"Ancient Potion"}],"is_trial":false,"path_per_floor":["M","?","$","?","M","E","R","$","T","M","M","M","M","M","R","B",null,"M","?"],"character_chosen":"HERMIT","items_purchased":["HandOfGreed","hermit:BigShot","hermit:Ricochet"],"campfire_rested":1,"item_purchase_floors":[3,8,8],"current_hp_per_floor":[75,75,75,64,64,64,64,64,64,64,63,56,48,39,61,20,75,49,0,0],"gold":401,"neow_bonus":"THREE_ENEMY_KILL","is_daily":false,"chose_seed":false,"campfire_upgraded":1,"win_rate":0.0,"timestamp":1610148422,"path_taken":["M","?","$","?","M","E","R","?","T","M","M","M","M","M","R","BOSS","M","?"],"items_purchased_type":["Card","Card","Card"],"build_version":"2020-12-22","purchased_purges":1,"victory":false,"max_hp_per_floor":[75,75,75,75,75,75,75,75,75,75,75,75,75,75,75,75,75,75,75,75],"card_choices":[{"not_picked":["hermit:Manifest","hermit:ItchyTrigger"],"picked":"hermit:Snipe","floor":1.0},{"not_picked":["hermit:Desperado","hermit:Roulette"],"picked":"hermit:Snipe","floor":5.0},{"not_picked":["hermit:WideOpen","hermit:Glare"],"picked":"hermit:Combo","floor":6.0},{"not_picked":["hermit:Misfire","hermit:TakeCover"],"picked":"hermit:GhostlyPresence","floor":10.0},{"not_picked":["hermit:Spite","hermit:Feint"],"picked":"hermit:EyeOfTheStorm","floor":11.0},{"not_picked":["hermit:HoleUp","hermit:TakeCover"],"picked":"hermit:Reprieve","floor":12.0},{"not_picked":["hermit:TrackingShot","hermit:Dive","hermit:Spite"],"picked":"SKIP","floor":13.0},{"not_picked":["hermit:Shortfuse","hermit:Coalescence"],"picked":"hermit:TakeAim","floor":14.0},{"not_picked":["hermit:HighNoon","hermit:BlackWind"],"picked":"hermit:FatalDesire","floor":16.0},{"not_picked":["hermit:SprayPray","hermit:TakeCover+1"],"picked":"hermit:Deadeye","floor":18.0}],"player_experience":431447,"relics_obtained":[{"floor":6.0,"key":"PreservedInsect"}],"event_choices":[{"damage_healed":0.0,"max_hp_gain":0.0,"max_hp_loss":0.0,"gold_gain":175.0,"event_name":"Liars Game","player_choice":"AGREE","floor":2.0,"gold_loss":0.0,"damage_taken":0.0,"cards_obtained":["Doubt"]},{"damage_healed":0.0,"max_hp_gain":0.0,"max_hp_loss":0.0,"gold_gain":75.0,"event_name":"World of Goop","player_choice":"Gather Gold","floor":4.0,"gold_loss":0.0,"damage_taken":11.0},{"damage_healed":0,"gold_gain":0,"player_choice":"Fought Bandits","damage_taken":0,"max_hp_gain":0,"max_hp_loss":0,"event_name":"Masked Bandits","floor":19,"gold_loss":0}],"is_beta":false,"boss_relics":[{"not_picked":["Sozu","SacredBark"],"picked":"hermit:ClaspedLocket"}],"items_purged_floors":[3],"is_endless":false,"potions_floor_spawned":[5,11,13,14],"killed_by":"Masked Bandits","ascension_level":0}}