{"host":"yfdtuf6ojcxn06xg","time":1610075617,"event":{"mods":["2.2 Compatiblity","AchievementEnabler","BaseMod","Colored Map","Colored Powertips","Downfall","Hermit","JesterMod","Jorbs\u0027s Wanderer Trilogy","Minty Spire (QoL Compilation)","Quick Restart","Rare Cards Sparkle","Relic Stats","Replay The Spire","StSLib","The Cursed","The Disciple","The Hierophant","The Jungle","The Necromancer","The Servant 0.9.4"],"gold_per_floor":[112,37,37,37,56,71,71,71],"floor_reached":7,"playtime":310,"items_purged":["TheCursedMod:Strike_TheCursed"],"score":41,"play_id":"2be09a68-d0a6-47b2-9c8a-a078d5b73b32","local_time":"20210107221337","is_ascension_mode":false,"campfire_choices":[],"circlet_count":0,"master_deck":["TheCursedMod:Strike_TheCursed","TheCursedMod:Strike_TheCursed","TheCursedMod:Strike_TheCursed","TheCursedMod:Defend_TheCursed","TheCursedMod:Defend_TheCursed","TheCursedMod:Defend_TheCursed","TheCursedMod:Defend_TheCursed","TheCursedMod:CursedWand","TheCursedMod:CleanUpWorkshop","TheCursedMod:Dregs","TheCursedMod:AshesToAshes","ReplayTheSpireMod:Private Reserves","stsjorbsmod:Pollute"],"relics":["TheCursedMod:BlackMagic101","NeowsBlessing","PrismaticShard"],"acts_visited":["Exordium"],"potions_floor_usage":[7,7],"damage_taken":[{"damage":0,"enemies":"2 Louse","floor":1,"turns":1},{"damage":0,"enemies":"Small Slimes","floor":5,"turns":3},{"damage":0,"enemies":"Jaw Worm","floor":6,"turns":1},{"damage":26,"enemies":"3 Sentries","floor":7,"turns":6}],"seed_played":"6883749361114354114","potions_obtained":[{"floor":5,"key":"EntropicBrew"},{"floor":6,"key":"Death Potion"}],"is_trial":false,"path_per_floor":["M","$","?","?","M","M","E"],"character_chosen":"THE_CURSED","items_purchased":[],"campfire_rested":0,"item_purchase_floors":[],"current_hp_per_floor":[75,75,75,75,75,75,49,49],"gold":71,"neow_bonus":"THREE_ENEMY_KILL","is_daily":false,"chose_seed":false,"campfire_upgraded":0,"win_rate":0.0,"timestamp":1610075617,"path_taken":["M","$","?","?","M","M","E"],"items_purchased_type":[],"build_version":"2020-12-22","purchased_purges":1,"victory":false,"max_hp_per_floor":[75,75,75,75,75,75,75,75],"relic_stats":{"counters":[4,11],"obtain_stats":[{"TheCursedMod:BlackMagic101":0,"NeowsBlessing":0,"PrismaticShard":3},{"TheCursedMod:BlackMagic101":0,"NeowsBlessing":0,"PrismaticShard":1},{"TheCursedMod:BlackMagic101":0,"NeowsBlessing":0,"PrismaticShard":1}]},"card_choices":[{"not_picked":["TheCursedMod:Stretching","TheCursedMod:Torture"],"picked":"TheCursedMod:AshesToAshes","floor":1},{"not_picked":["TheCursedMod:Stretching","stsjorbsmod:Miracle_Cull"],"picked":"ReplayTheSpireMod:Private Reserves","floor":5},{"not_picked":["hexamod:FastForward","hierophant:ThreeLashes"],"picked":"stsjorbsmod:Pollute","floor":6}],"player_experience":196741,"relics_obtained":[],"event_choices":[{"cards_removed":["sneckomod:Bewildered"],"damage_healed":0,"gold_gain":0,"player_choice":"Forget","damage_taken":0,"max_hp_gain":0,"max_hp_loss":0,"event_name":"Living Wall","floor":4,"gold_loss":0}],"is_beta":false,"boss_relics":[],"items_purged_floors":[2],"is_endless":false,"potions_floor_spawned":[5,6],"killed_by":"3 Sentries","ascension_level":0}}