{"host":"gb9pilk70hujf88i","time":1610078936,"event":{"mods":["AchievementEnabler","BaseMod","Better Altar","Better Match","Better Sensory Stone","Better Third Choice","Better Vampires","Colored Map","Colored Powertips","Downfall","Hubris","Infinite Spire","KinomotoSakuraMod(????)","Koishi","Minty Spire (QoL Compilation)","Replay The Spire","StSLib","The Jungle","The Marked"],"gold_per_floor":[112,123,22,42,56,83,83,100,123,136,136,136,36,55,55,153,153,166,166,166,166,177,189,221,236,236,19,33,33,46,62,62,170,170,180,180,197,213,213,213,250,269,296,296,296,313,21,68,68,220,220,230,272,222,224,260,260,276,355,355,355,378,398,414,458,458,556,556,580,630,627,627],"floor_reached":71,"playtime":5116,"items_purged":["champ:Strike","Pain","ClowCardTheArrow","ClowCardTheCloud","Trip"],"score":1544,"play_id":"7f570d14-1459-4a1f-a5b3-dd59496637d8","local_time":"20210108020856","is_ascension_mode":true,"campfire_choices":[{"floor":15.0,"key":"DIG"},{"data":"ClowCardTheFirey","floor":32.0,"key":"SMITH"},{"data":"ClowCardTheFight","floor":40,"key":"SMITH"},{"floor":49,"key":"RECALL"},{"data":"ClowCardTheFly","floor":57,"key":"SMITH"},{"data":"infinitespire:FutureSight","floor":61,"key":"SMITH"},{"floor":66,"key":"REST"}],"circlet_count":0,"master_deck":["SakuraCardTheShadow+","SakuraCardThePower+","SakuraCardTheTwin+","SakuraCardTheArrow+","SpellCardSeal","SpellCardRelease","Koishi:Provoke","ClowCardTheWindy+1","ClowCardTheBig","ClowCardTheDark","ClowCardTheDash","ClowCardTheIllusion","ClowCardTheLoop","ClowCardTheJump","ClowCardTheTwin","ClowCardTheArrow","ClowCardTheMove","ClowCardTheSleep","ClowCardTheFreeze","ClowCardTheFirey+1","Violence","infinitespire:Collect","ClowCardTheBubbles","ClowCardTheSand","ClowCardTheFight+1","ClowCardTheFly+1","ClowCardTheRain+1","SpellCardRelease","ClowCardTheSilent+1","ClowCardTheWave+1","infinitespire:FutureSight+1","ClowCardTheFlower","ClowCardTheSleep","ClowCardTheDash","ClowCardTheThunder","ClowCardTheTime","ClowCardTheCreate"],"relics":["KSMOD_SealedBook","KSMOD_SealedWand","KSMOD_TeddyBear","WarpedTongs","Bronze Scales","KSMOD_SwordJade","Pandora\u0027s Box","infinitespire:Midas Blood","KSMOD_DarknessWand","StrikeDummy","Replay:Baseball","Replay:Bronze Core","hubris:Towel","Snack Pack","Smiling Mask","Replay:Bandana","Philosopher\u0027s Stone","hubris:TenFootPole","infinitespire:Bottled Soul","Bottled Tornado","Akabeko","Black Star"],"acts_visited":["Exordium","TheCity","TheBeyond","Exordium","TheCity"],"potions_floor_usage":[50,50,50,52,62,62,63],"damage_taken":[{"damage":1.0,"enemies":"Cultist","floor":1.0,"turns":3.0},{"damage":4.0,"enemies":"Jaw Worm","floor":2.0,"turns":4.0},{"damage":2.0,"enemies":"2 Louse","floor":4.0,"turns":4.0},{"damage":9.0,"enemies":"Red Slaver","floor":5.0,"turns":5.0},{"damage":0.0,"enemies":"Gremlin Nob","floor":6.0,"turns":2.0},{"damage":26.0,"enemies":"Large Slime","floor":8.0,"turns":4.0},{"damage":2.0,"enemies":"Blue Slaver","floor":10.0,"turns":4.0},{"damage":1.0,"enemies":"Looter","floor":14.0,"turns":3.0},{"damage":0.0,"enemies":"Fading Forest","floor":16.0,"turns":11.0},{"damage":9.0,"enemies":"Shell Parasite","floor":18.0,"turns":2.0},{"damage":0.0,"enemies":"3 Byrds","floor":22.0,"turns":5.0},{"damage":0.0,"enemies":"Snake Plant","floor":23.0,"turns":1.0},{"damage":10.0,"enemies":"Book of Stabbing","floor":24.0,"turns":3.0},{"damage":7.0,"enemies":"Centurion and Healer","floor":25.0,"turns":2.0},{"damage":0.0,"enemies":"Snecko","floor":28.0,"turns":3.0},{"damage":0.0,"enemies":"3 Cultists","floor":30.0,"turns":3.0},{"damage":0.0,"enemies":"Chosen and Byrds","floor":31.0,"turns":2.0},{"damage":21.0,"enemies":"Champ","floor":33.0,"turns":5.0},{"damage":0.0,"enemies":"3 Darklings","floor":35.0,"turns":2.0},{"damage":0,"enemies":"3 Shapes","floor":37,"turns":1},{"damage":0,"enemies":"3 Darklings","floor":38,"turns":1},{"damage":8,"enemies":"Nightmare","floor":41,"turns":6},{"damage":13,"enemies":"Maw","floor":42,"turns":6},{"damage":1,"enemies":"4 Shapes","floor":46,"turns":2},{"damage":10,"enemies":"3 Darklings","floor":48,"turns":3},{"damage":0,"enemies":"Donu and Deca","floor":50,"turns":2},{"damage":0,"enemies":"Jaw Worm","floor":52,"turns":1},{"damage":0,"enemies":"Cultist","floor":53,"turns":3},{"damage":0,"enemies":"Small Slimes","floor":56,"turns":2},{"damage":0,"enemies":"Red Slaver","floor":58,"turns":1},{"damage":0,"enemies":"3 Sentries","floor":59,"turns":3},{"damage":67,"enemies":"Nightmare","floor":62,"turns":6},{"damage":0,"enemies":"Blue Slaver","floor":63,"turns":1},{"damage":19,"enemies":"Large Slime","floor":64,"turns":2},{"damage":0,"enemies":"Gremlin Nob","floor":65,"turns":2},{"damage":8,"enemies":"Hexaghost","floor":67,"turns":3},{"damage":0,"enemies":"Spheric Guardian","floor":69,"turns":1},{"damage":0,"enemies":"Chosen","floor":71,"turns":1}],"seed_played":"4129748796780658183","potions_obtained":[{"floor":1.0,"key":"SpeedPotion"},{"floor":5.0,"key":"LifebloodPotion"},{"floor":8.0,"key":"AttackPotion"},{"floor":14.0,"key":"KSMOD_MagickBottle"},{"floor":23.0,"key":"Adrenaline Potion"},{"floor":25.0,"key":"Strength Potion"},{"floor":31.0,"key":"champ:CounterPotion"},{"floor":35.0,"key":"SkillPotion"},{"floor":37,"key":"Dexterity Potion"},{"floor":46,"key":"Adrenaline Potion"},{"floor":48,"key":"Flashbang"},{"floor":50,"key":"GamblersBrew"},{"floor":58,"key":"Energy Potion"},{"floor":59,"key":"PowerPotion"},{"floor":62,"key":"AttackPotion"},{"floor":64,"key":"Elixir"},{"floor":65,"key":"FairyPotion"}],"is_trial":false,"path_per_floor":["M","M","$","M","M","E","?","M","T","M","?","?","$","M","R_BF","B",null,"M","?","?","AVR","M","M","E","M","T","$","M","$","M","M","R","B",null,"M","?","M","M","?","R","NM","M","T","?","?","M","$","M","R_BF","B",null,"M","M","$","?","M","R","M","E","T","R","NM","M","M","E","R","B",null,"M","?","M"],"character_chosen":"KINOMOTOSAKURA","items_purchased":["ClowCardTheArrow","Replay:Baseball","ClowCardTheFight","Replay:Bandana","Trip"],"campfire_rested":1,"item_purchase_floors":[3,27,27,47,47],"current_hp_per_floor":[83,79,79,77,68,68,68,42,42,40,40,40,40,39,39,39,84,75,75,84,84,84,84,74,67,67,67,67,67,67,67,67,46,84,84,84,84,84,84,84,76,71,71,71,71,72,72,66,66,74,84,84,84,84,77,81,81,83,84,84,84,25,27,8,8,33,31,84,84,84,84,84],"gold":627,"neow_bonus":"TWENTY_PERCENT_HP_BONUS","is_daily":false,"chose_seed":false,"campfire_upgraded":4,"win_rate":0.0,"timestamp":1610078936,"path_taken":["M","M","?","M","M","E","?","M","T","?","?","?","$","M","R_BF","BOSS","M","?","?","AVR","M","M","E","M","T","$","M","$","?","?","R","BOSS","M","?","?","M","?","R","NM","M","T","?","?","?","?","M","R_BF","BOSS","M","?","$","?","M","R","M","E","T","R","NM","M","M","E","R","BOSS","M","?","M"],"items_purchased_type":["Card","Relic","Card","Relic","Card"],"build_version":"2020-12-22","purchased_purges":5,"victory":false,"max_hp_per_floor":[84,84,84,84,84,84,84,84,84,84,84,84,84,84,84,84,84,84,84,84,84,84,84,84,84,84,84,84,84,84,84,84,84,84,84,84,84,84,84,84,84,84,84,84,84,84,84,84,84,84,84,84,84,84,84,84,84,84,84,84,84,84,84,84,84,84,84,84,84,84,84,84],"card_choices":[{"not_picked":["ClowCardTheMist","ClowCardTheMaze"],"picked":"ClowCardTheWindy","floor":1.0},{"not_picked":["ClowCardTheLock","ClowCardTheChange"],"picked":"ClowCardTheBig","floor":2.0},{"not_picked":["ClowCardTheArrow","ClowCardTheFlower"],"picked":"ClowCardTheDark","floor":4.0},{"not_picked":["ClowCardTheArrow","ClowCardTheLibra"],"picked":"ClowCardTheShadow","floor":5.0},{"not_picked":["ClowCardTheLittle","ClowCardTheEarthy"],"picked":"ClowCardTheDash","floor":6.0},{"not_picked":["ClowCardTheArrow","ClowCardTheCloud"],"picked":"ClowCardTheIllusion","floor":8.0},{"not_picked":["ClowCardTheSand","ClowCardTheMirror"],"picked":"ClowCardTheLoop","floor":10.0},{"not_picked":["ClowCardTheMaze","ClowCardThePower"],"picked":"ClowCardTheJump","floor":14.0},{"not_picked":["ClowCardTheCreate","ClowCardTheDark"],"picked":"ClowCardTheTwin","floor":16.0},{"not_picked":["ClowCardTheErase","ClowCardTheMist"],"picked":"ClowCardTheFirey","floor":18.0},{"not_picked":["Deep Breath","expansioncontent:AwakenDeath"],"picked":"Violence","floor":19.0},{"not_picked":["ClowCardTheSleep","ClowCardTheShot","ClowCardTheRain"],"picked":"SKIP","floor":22.0},{"not_picked":["ClowCardThePower","ClowCardTheSong","ClowCardTheCloud+1"],"picked":"SKIP","floor":23.0},{"not_picked":["ClowCardTheReturn","ClowCardTheSleep"],"picked":"ClowCardTheBubbles","floor":24.0},{"not_picked":["ClowCardTheChange","ClowCardTheMist"],"picked":"ClowCardTheSand","floor":25.0},{"not_picked":["ClowCardThePower","ClowCardTheFreeze"],"picked":"ClowCardTheFly","floor":28.0},{"not_picked":["ClowCardTheStorm","ClowCardTheSilent","ClowCardTheBig"],"picked":"SKIP","floor":30.0},{"not_picked":["ClowCardTheSilent","ClowCardTheChange","ClowCardTheRain"],"picked":"SKIP","floor":31.0},{"not_picked":["ClowCardTheSilent","ClowCardTheChange","ClowCardTheRain"],"picked":"SKIP","floor":31.0},{"not_picked":["ClowCardTheCreate","ClowCardTheDark"],"picked":"ClowCardTheTwin","floor":33.0},{"not_picked":["ClowCardTheMirror+1","ClowCardTheErase"],"picked":"ClowCardTheRain+1","floor":35.0},{"not_picked":["ClowCardTheMove+1","ClowCardTheLibra+1"],"picked":"ClowCardTheSilent+1","floor":37},{"not_picked":["ClowCardTheLock","ClowCardTheJump"],"picked":"ClowCardTheWave+1","floor":38},{"not_picked":["infinitespire:SealOfDarkness+","ReplayTheSpireMod:Black Plague"],"picked":"infinitespire:FutureSight","floor":41},{"not_picked":["ClowCardTheWindy","ClowCardTheShadow+1","ClowCardTheLoop+1"],"picked":"SKIP","floor":41},{"not_picked":["ClowCardTheWood+1","ClowCardTheBig","ClowCardTheLock"],"picked":"SKIP","floor":42},{"not_picked":["ClowCardTheChange","ClowCardTheLittle+1"],"picked":"ClowCardTheFlower","floor":46},{"not_picked":["ClowCardTheGlow","ClowCardTheLoop+1"],"picked":"ClowCardTheSleep","floor":48},{"not_picked":["ClowCardTheThunder","ClowCardTheTime"],"picked":"ClowCardTheDash","floor":50},{"not_picked":["ClowCardTheSweet","ClowCardTheSand","ClowCardTheLittle"],"picked":"SKIP","floor":52},{"not_picked":["ClowCardTheCreate","ClowCardTheShadow"],"picked":"ClowCardTheFirey","floor":53},{"not_picked":["ClowCardTheArrow","ClowCardTheCloud","ClowCardTheEarthy"],"picked":"SKIP","floor":56},{"not_picked":["ClowCardTheMist","ClowCardTheFloat"],"picked":"ClowCardTheThunder","floor":58},{"not_picked":["ClowCardTheSweet","ClowCardTheVoice","ClowCardTheMove"],"picked":"SKIP","floor":59},{"not_picked":["ClowCardTheShadow","ClowCardTheFreeze","ClowCardTheDark"],"picked":"SKIP","floor":62},{"not_picked":["ClowCardTheLock","ClowCardTheFlower","ClowCardTheEarthy"],"picked":"SKIP","floor":63},{"not_picked":["ClowCardTheEarthy","ClowCardTheBubbles"],"picked":"ClowCardTheTime","floor":64},{"not_picked":["ClowCardTheMist","ClowCardTheJump","ClowCardTheErase"],"picked":"SKIP","floor":65},{"not_picked":["ClowCardTheThunder","ClowCardTheFight"],"picked":"ClowCardTheCreate","floor":67},{"not_picked":["ClowCardTheWindy","ClowCardTheSilent","ClowCardTheMirror+1"],"picked":"SKIP","floor":69}],"player_experience":61772,"relics_obtained":[{"floor":6.0,"key":"KSMOD_TeddyBear"},{"floor":9.0,"key":"Bronze Scales"},{"floor":15.0,"key":"KSMOD_SwordJade"},{"floor":24.0,"key":"StrikeDummy"},{"floor":41,"key":"Snack Pack"},{"floor":43,"key":"Smiling Mask"},{"floor":59,"key":"hubris:TenFootPole"},{"floor":60,"key":"infinitespire:Bottled Soul"},{"floor":62,"key":"Bottled Tornado"},{"floor":65,"key":"Akabeko"}],"event_choices":[{"damage_healed":0.0,"max_hp_gain":0.0,"max_hp_loss":0.0,"gold_gain":0.0,"event_name":"Accursed Blacksmith","player_choice":"Rummage","floor":7.0,"gold_loss":0.0,"damage_taken":0.0,"relics_obtained":["WarpedTongs"],"cards_obtained":["Pain"]},{"damage_healed":0.0,"max_hp_gain":0.0,"max_hp_loss":0.0,"gold_gain":0.0,"event_name":"betterThird:BetterSerpent","player_choice":"Ignored","floor":11.0,"gold_loss":0.0,"damage_taken":136.0},{"damage_healed":0.0,"max_hp_gain":0.0,"max_hp_loss":0.0,"gold_gain":2.0,"event_name":"betterStone:BetterStone","player_choice":"1","floor":19.0,"gold_loss":0.0,"damage_taken":0.0},{"cards_removed":["ClowCardTheSnow"],"damage_healed":9.0,"max_hp_gain":0.0,"max_hp_loss":0.0,"gold_gain":0.0,"event_name":"Bonfire Elementals","player_choice":"Offered Uncommon","floor":20.0,"gold_loss":0.0,"damage_taken":0.0},{"damage_healed":0,"gold_gain":0,"player_choice":"Copied","damage_taken":0,"max_hp_gain":0,"max_hp_loss":0,"event_name":"Duplicator","floor":36,"gold_loss":0,"cards_obtained":["SpellCardRelease"]},{"damage_healed":0,"gold_gain":0,"player_choice":"Ignored","damage_taken":0,"max_hp_gain":0,"max_hp_loss":0,"event_name":"Tomb of Lord Red Mask","floor":44,"gold_loss":0},{"damage_healed":0,"gold_gain":0,"player_choice":"3","damage_taken":0,"max_hp_gain":0,"max_hp_loss":0,"event_name":"betterMatch:BetterMatch","floor":45,"gold_loss":0,"cards_obtained":[]},{"cards_removed":["ClowCardTheFirey"],"damage_healed":0,"gold_gain":0,"player_choice":"Card Removal","damage_taken":7,"max_hp_gain":0,"max_hp_loss":0,"event_name":"Golden Wing","floor":55,"gold_loss":0},{"damage_healed":0,"gold_gain":100,"player_choice":"Bet on Murderer","damage_taken":0,"max_hp_gain":0,"max_hp_loss":0,"event_name":"The Joust","floor":70,"gold_loss":50}],"is_beta":false,"boss_relics":[{"not_picked":["Snecko Eye","hubris:CrackedHourglass"],"picked":"Pandora\u0027s Box"},{"not_picked":["ChewingGum","Calling Bell"],"picked":"Replay:Bronze Core"},{"not_picked":["Astrolabe","Abe\u0027s Treasure"],"picked":"Philosopher\u0027s Stone"},{"not_picked":["ReplayTheSpireMod:DimensionalGlitch","Sozu"],"picked":"Black Star"}],"items_purged_floors":[3,13,21,47,54],"is_endless":true,"potions_floor_spawned":[1,5,8,14,23,25,28,31,35,37,46,48,50,58,59,62,64,65],"killed_by":"Chosen","ascension_level":4}}