{"host":"otf1z5955ddlv5pq","time":1610080834,"event":{"mods":["BaseMod","Beaked The Cultist","Better Altar","Better Match","Better Note","Better Sensory Stone","Better Skull","Better Third Choice","Colored Map","Colored Powertips","Downfall","Minty Spire (QoL Compilation)","Rare Cards Sparkle","Replay The Spire","StSLib","The Dragon Tamer"],"gold_per_floor":[110,110,133,133,151,3,15,15,41,81,81,103,137,176,176,299,299,337,337,384,72,122,176,176,226,238,250,313,363,87,87,87,229,229,268,143,143,182,102,166,166,218,218,218,262,302,302,262,262,294,294],"floor_reached":50,"playtime":3827,"items_purged":["Defend_G","Defend_G","Strike_G"],"score":758,"play_id":"80b64d2b-bf61-40a1-9390-ee592d1ea99b","local_time":"20210107204034","is_ascension_mode":false,"campfire_choices":[{"data":"ReplayTheSpireMod:Scrap Shanks","floor":8,"key":"SMITH"},{"data":"Survivor","floor":11,"key":"SMITH"},{"data":"Blade Dance","floor":15,"key":"SMITH"},{"data":"Infinite Blades","floor":24,"key":"SMITH"},{"floor":27,"key":"REST"},{"floor":32,"key":"REST"},{"data":"Footwork","floor":41,"key":"SMITH"},{"data":"Cloak And Dagger","floor":41,"key":"SMITH"},{"floor":44,"key":"RECALL"},{"floor":47,"key":"REST"},{"floor":49,"key":"REST"}],"circlet_count":0,"master_deck":["Strike_G+1","Strike_G+1","Defend_G","Defend_G","Defend_G","Survivor+1","Neutralize","All Out Attack","Deadly Poison","Blur","ReplayTheSpireMod:Scrap Shanks+1","Backstab","All Out Attack","Blade Dance+1","Sucker Punch+1","Infinite Blades+1","Cloak And Dagger+1","Dagger Throw","Dodge and Roll+1","Dash","Necronomicurse","Prepared+1","Survivor+1","Backstab","Footwork+1","Blur+1","Escape Plan","Deflect+1","Cloak And Dagger+1"],"relics":["Ring of the Snake","Whetstone","Lantern","Replay:Bandana","Potion Belt","HoveringKite","PreservedInsect","Happy Flower","MawBank","Replay:Arrowhead","Pear","Vajra","Necronomicon","SacredBark","Replay:Wax Seal","Bottled Lightning"],"acts_visited":["Exordium","TheCity","TheBeyond"],"potions_floor_usage":[16,23,28,33,33,33,45,50],"damage_taken":[{"damage":1,"enemies":"Jaw Worm","floor":1,"turns":4},{"damage":0,"enemies":"Small Slimes","floor":5,"turns":3},{"damage":0,"enemies":"Cultist","floor":7,"turns":3},{"damage":8,"enemies":"Replay:BlueRogue","floor":10,"turns":5},{"damage":0,"enemies":"Looter","floor":12,"turns":2},{"damage":9,"enemies":"Exordium Thugs","floor":13,"turns":4},{"damage":1,"enemies":"Large Slime","floor":14,"turns":4},{"damage":29,"enemies":"Fading Forest","floor":16,"turns":11},{"damage":9,"enemies":"2 Thieves","floor":18,"turns":4},{"damage":0,"enemies":"3 Byrds","floor":20,"turns":4},{"damage":0,"enemies":"Centurion and Healer","floor":22,"turns":5},{"damage":1,"enemies":"Gremlin Leader","floor":23,"turns":4},{"damage":24,"enemies":"Replay:Snechameleon","floor":25,"turns":7},{"damage":35,"enemies":"Book of Stabbing","floor":28,"turns":6},{"damage":10,"enemies":"Snake Plant","floor":29,"turns":5},{"damage":7,"enemies":"Pondfish","floor":33,"turns":9},{"damage":3,"enemies":"3 Shapes","floor":35,"turns":4},{"damage":2,"enemies":"Orb Walker","floor":38,"turns":4},{"damage":33,"enemies":"Nemesis","floor":40,"turns":5},{"damage":16,"enemies":"Giant Head","floor":42,"turns":7},{"damage":15,"enemies":"Transient","floor":45,"turns":5},{"damage":7,"enemies":"Jaw Worm Horde","floor":46,"turns":4},{"damage":81,"enemies":"Replay:Hell Engine","floor":50,"turns":12}],"seed_played":"-9116978256127217983","potions_obtained":[{"floor":1,"key":"Energy Potion"},{"floor":5,"key":"SpeedPotion"},{"floor":12,"key":"Dexterity Potion"},{"floor":16,"key":"Languid Potion"},{"floor":18,"key":"Venom Potion"},{"floor":20,"key":"Reflective Coating"},{"floor":33,"key":"Weak Potion"},{"floor":40,"key":"Swift Potion"},{"floor":42,"key":"Energy Potion"},{"floor":46,"key":"EssenceOfSteel"},{"floor":48,"key":"Fire Potion"},{"floor":48,"key":"Fruit Juice"}],"is_trial":false,"path_per_floor":["M","?","T","?","M","$","M","R","T","E","R","M","M","M","R","B",null,"M","?","M","$","M","E","R","E","T","R","E","M","$","?","R","B",null,"M","$","?","M","$","E","R","E","T","R","M","M","R","?","R","B"],"character_chosen":"THE_SILENT","items_purchased":["Lantern","PreservedInsect","Infinite Blades","Dash","Vajra","Footwork"],"campfire_rested":4,"item_purchase_floors":[6,21,21,30,30,39],"current_hp_per_floor":[69,74,74,74,74,74,74,74,74,66,66,66,57,56,56,37,75,66,66,66,66,66,65,65,41,41,63,38,28,28,12,37,30,85,82,82,82,80,80,47,47,31,31,31,16,9,34,34,59,0,0],"gold":294,"neow_bonus":"RANDOM_EVENT","is_daily":false,"chose_seed":false,"campfire_upgraded":6,"win_rate":0.0,"timestamp":1610080834,"path_taken":["M","?","?","?","M","$","?","R","T","E","R","M","M","M","R","BOSS","M","?","M","$","M","E","R","E","T","R","E","M","$","?","R","BOSS","M","$","?","M","$","E","R","E","T","R","M","M","R","?","R","BOSS"],"items_purchased_type":["Relic","Relic","Card","Card","Relic","Card"],"build_version":"2020-12-22","purchased_purges":3,"victory":false,"max_hp_per_floor":[70,75,75,75,75,75,75,75,75,75,75,75,75,75,75,75,75,75,75,75,75,75,75,75,75,75,75,85,85,85,85,85,85,85,85,85,85,85,85,85,85,85,85,85,85,85,85,85,85,95,95],"card_choices":[{"not_picked":["Flying Knee","Finisher"],"picked":"Deadly Poison","floor":1},{"not_picked":["Flying Knee","Quick Slash"],"picked":"ReplayTheSpireMod:Scrap Shanks","floor":5},{"not_picked":["ReplayTheSpireMod:Tripwire","Outmaneuver"],"picked":"Backstab","floor":7},{"not_picked":["Bane","Eviscerate"],"picked":"All Out Attack","floor":10},{"not_picked":["Backflip","Calculated Gamble"],"picked":"Blade Dance","floor":12},{"not_picked":["Draining Mist","Choke","Reflex"],"picked":"SKIP","floor":13},{"not_picked":["Draining Mist","Underhanded Strike","PiercingWail"],"picked":"SKIP","floor":14},{"not_picked":["Deflect","Prepared"],"picked":"Sucker Punch+1","floor":18},{"not_picked":["Distraction+1","Expertise","Underhanded Strike+1"],"picked":"SKIP","floor":20},{"not_picked":["Slice","Flying Knee+1"],"picked":"Cloak And Dagger","floor":22},{"not_picked":["ReplayTheSpireMod:Tripwire+1","Flying Knee"],"picked":"Dagger Throw","floor":23},{"not_picked":["PiercingWail","Deadly Poison+1","Blur"],"picked":"SKIP","floor":25},{"not_picked":["Reflex","PiercingWail"],"picked":"Dodge and Roll+1","floor":28},{"not_picked":["Reflex+1","PiercingWail","ReplayTheSpireMod:The Works"],"picked":"SKIP","floor":29},{"not_picked":["Escape Plan","Outmaneuver+1"],"picked":"Prepared+1","floor":35},{"not_picked":["Bane","Infinite Blades"],"picked":"Backstab","floor":38},{"not_picked":["Expertise+1","Flying Knee+1"],"picked":"Blur+1","floor":40},{"not_picked":["Leg Sweep","Dagger Spray+1"],"picked":"Escape Plan","floor":42},{"not_picked":["ReplayTheSpireMod:Speed Training+1","Slice"],"picked":"Deflect+1","floor":45},{"not_picked":["Poison Darts","ReplayTheSpireMod:Tripwire+1"],"picked":"Cloak And Dagger+1","floor":46}],"player_experience":1161675,"relics_obtained":[{"floor":3,"key":"Whetstone"},{"floor":9,"key":"Replay:Bandana"},{"floor":10,"key":"Potion Belt"},{"floor":23,"key":"Happy Flower"},{"floor":25,"key":"MawBank"},{"floor":26,"key":"Replay:Arrowhead"},{"floor":28,"key":"Pear"},{"floor":31,"key":"Necronomicon"},{"floor":40,"key":"Replay:Wax Seal"},{"floor":42,"key":"Bottled Lightning"}],"event_choices":[{"damage_healed":0,"gold_gain":0,"cards_transformed":["Strike_G"],"player_choice":"Change","damage_taken":0,"max_hp_gain":0,"max_hp_loss":0,"event_name":"Living Wall","floor":0,"gold_loss":0,"cards_obtained":["All Out Attack"]},{"damage_healed":0,"gold_gain":0,"player_choice":"Donut","damage_taken":0,"max_hp_gain":5,"max_hp_loss":0,"event_name":"Big Fish","floor":2,"gold_loss":0},{"damage_healed":0,"gold_gain":0,"cards_transformed":["Strike_G"],"player_choice":"Transformed","damage_taken":0,"max_hp_gain":0,"max_hp_loss":0,"event_name":"Transmorgrifier","floor":4,"gold_loss":0,"cards_obtained":["Blur"]},{"cards_removed":["Survivor"],"damage_healed":0,"gold_gain":0,"player_choice":"Give","damage_taken":0,"max_hp_gain":0,"max_hp_loss":0,"event_name":"betterNote:BetterNote","floor":19,"gold_loss":0,"cards_obtained":["DTMod:BalancedStrike"]},{"damage_healed":0,"gold_gain":0,"player_choice":"Obtained Book","damage_taken":16,"max_hp_gain":0,"max_hp_loss":0,"event_name":"Cursed Tome","floor":31,"gold_loss":0},{"damage_healed":0,"gold_gain":3,"player_choice":"4","damage_taken":0,"max_hp_gain":0,"max_hp_loss":0,"event_name":"betterStone:BetterStone","floor":37,"gold_loss":0,"cards_obtained":["Survivor"]},{"damage_healed":0,"gold_gain":0,"player_choice":"Bought 3 Potions","damage_taken":0,"max_hp_gain":0,"max_hp_loss":0,"event_name":"The Woman in Blue","floor":48,"gold_loss":0}],"is_beta":false,"boss_relics":[{"not_picked":["beaked:MawFillet","Replay:Drink Me"],"picked":"HoveringKite"},{"not_picked":["Runic Pyramid","Velvet Choker"],"picked":"SacredBark"}],"items_purged_floors":[21,30,36],"is_endless":false,"potions_floor_spawned":[1,5,12,16,18,20,22,33,40,42,46],"killed_by":"Replay:Hell Engine","ascension_level":0}}