{"host":"o0q01dgb4z8zpo6o","time":1610149452,"event":{"mods":["BaseMod","GifTheSpireLib","Minty Spire (QoL Compilation)","Relic Stats","StSLib"],"gold_per_floor":[111,111,6,6,16,46,46,64,143,154,154,171,191,217,217,217,217],"floor_reached":16,"playtime":484,"items_purged":[],"score":218,"play_id":"5af578d3-b8f5-4d92-8342-3fe2c249dc5a","local_time":"20210108154412","is_ascension_mode":true,"campfire_choices":[{"data":"Chaos","floor":7.0,"key":"SMITH"},{"data":"Streamline","floor":11.0,"key":"SMITH"},{"floor":15.0,"key":"REST"}],"circlet_count":0,"master_deck":["AscendersBane","Strike_B","Strike_B","Strike_B","Strike_B","Defend_B+1","Defend_B","Defend_B","Defend_B","Zap","Dualcast+1","Core Surge","Streamline+1","Leap","Melter","Chaos+1","Ball Lightning","Auto Shields","Coolheaded"],"relics":["Cracked Core","Omamori","Akabeko","Sundial","Shovel"],"acts_visited":["Exordium"],"potions_floor_usage":[],"damage_taken":[{"damage":8.0,"enemies":"2 Louse","floor":1.0,"turns":2.0},{"damage":1.0,"enemies":"Small Slimes","floor":5.0,"turns":3.0},{"damage":8.0,"enemies":"Gremlin Nob","floor":6.0,"turns":3.0},{"damage":7.0,"enemies":"Jaw Worm","floor":8.0,"turns":2.0},{"damage":0.0,"enemies":"Gremlin Gang","floor":10.0,"turns":3.0},{"damage":0.0,"enemies":"2 Fungi Beasts","floor":12.0,"turns":2.0},{"damage":0.0,"enemies":"Exordium Wildlife","floor":13.0,"turns":2.0},{"damage":12.0,"enemies":"Lagavulin","floor":14.0,"turns":5.0},{"damage":34,"enemies":"Slime Boss","floor":16,"turns":6}],"seed_played":"8698237743912258108","potions_obtained":[{"floor":1.0,"key":"SteroidPotion"},{"floor":6.0,"key":"BlessingOfTheForge"},{"floor":8.0,"key":"Energy Potion"},{"floor":10.0,"key":"FocusPotion"}],"is_trial":false,"path_per_floor":["M","?","$","?","M","E","R","M","T","M","R","M","M","E","R","B"],"character_chosen":"DEFECT","items_purchased":["Streamline","Leap"],"campfire_rested":1,"item_purchase_floors":[3,3],"current_hp_per_floor":[56,51,51,32,31,23,23,16,16,16,16,16,16,4,23,0,0],"gold":217,"neow_bonus":"THREE_RARE_CARDS","is_daily":false,"chose_seed":false,"campfire_upgraded":2,"win_rate":0.0,"timestamp":1610149452,"path_taken":["M","?","$","?","M","E","R","M","T","M","R","M","M","E","R","BOSS"],"items_purchased_type":["Card","Card"],"build_version":"2020-12-22","purchased_purges":0,"victory":false,"max_hp_per_floor":[64,64,64,64,64,64,64,64,64,64,64,64,64,64,64,64,64],"relic_stats":{"Shovel":0,"counters":[9,28],"Sundial":[0],"obtain_stats":[{"Shovel":14,"Sundial":9,"Omamori":2,"Cracked Core":0,"Akabeko":6},{"Shovel":8,"Sundial":4,"Omamori":1,"Cracked Core":0,"Akabeko":3},{"Shovel":22,"Sundial":10,"Omamori":2,"Cracked Core":0,"Akabeko":8}]},"card_choices":[{"not_picked":["Meteor Strike","Amplify"],"picked":"Core Surge","floor":0.0},{"not_picked":["Consume","Blizzard","Go for the Eyes"],"picked":"SKIP","floor":1.0},{"not_picked":["Heatsinks","Rip and Tear"],"picked":"Melter","floor":5.0},{"not_picked":["Force Field","Rebound"],"picked":"Chaos","floor":6.0},{"not_picked":["Storm","Conserve Battery"],"picked":"Ball Lightning","floor":8.0},{"not_picked":["Cold Snap","Leap"],"picked":"Auto Shields","floor":10.0},{"not_picked":["Beam Cell","Leap","Rebound"],"picked":"SKIP","floor":12.0},{"not_picked":["Stack","Genetic Algorithm"],"picked":"Coolheaded","floor":13.0},{"not_picked":["Auto Shields","Stack","Hologram"],"picked":"SKIP","floor":14.0}],"player_experience":1076832,"relics_obtained":[{"floor":6.0,"key":"Akabeko"},{"floor":9.0,"key":"Sundial"},{"floor":14.0,"key":"Shovel"}],"event_choices":[{"damage_healed":0.0,"max_hp_gain":0.0,"max_hp_loss":0.0,"gold_gain":0.0,"event_name":"Scrap Ooze","player_choice":"Success","floor":2.0,"gold_loss":0.0,"damage_taken":5.0,"relics_obtained":["Omamori"]},{"damage_healed":0.0,"max_hp_gain":0.0,"max_hp_loss":0.0,"gold_gain":0.0,"event_name":"Shining Light","player_choice":"Entered Light","floor":4.0,"gold_loss":0.0,"damage_taken":19.0,"cards_upgraded":["Dualcast","Defend_B"]}],"is_beta":false,"boss_relics":[],"items_purged_floors":[],"is_endless":false,"potions_floor_spawned":[1,6,8,10,13],"killed_by":"Slime Boss","ascension_level":19}}