{"host":"f0gpob8hq9vgebej","time":1610082847,"event":{"mods":["AchievementEnabler","BaseMod","Minty Spire (QoL Compilation)","Quick Restart","SuperFastMode"],"gold_per_floor":[114,134,134,152,172,172,191,191,191,208,239,250,264,66,66,163,163,175,195,195,215,20,53,53,53,77,108,207,225,19,32,32,32,32],"floor_reached":33,"playtime":684,"items_purged":["Strike_G","Strike_G","Strike_G"],"score":332,"play_id":"68d14a1a-b7a2-455c-b1b7-0eb5a93caf47","local_time":"20210108141407","is_ascension_mode":true,"campfire_choices":[{"data":"Blade Dance","floor":6.0,"key":"SMITH"},{"data":"Dagger Spray","floor":8.0,"key":"SMITH"},{"data":"Envenom","floor":15.0,"key":"SMITH"},{"floor":25,"key":"REST"},{"data":"Burst","floor":32,"key":"SMITH"}],"circlet_count":0,"master_deck":["Strike_G","Defend_G","Defend_G","Defend_G","Defend_G","Defend_G","Survivor","Neutralize","Dagger Spray+1","Blade Dance+1","Backflip","Dash","Escape Plan","Envenom+1","Prepared","Accuracy","Blade Dance","Burst+1","Reflex","Blade Dance+1"],"relics":["Ring of the Snake","NeowsBlessing","MealTicket","Smiling Mask","HandDrill","HoveringKite","Strange Spoon","Ninja Scroll","Regal Pillow","Ancient Tea Set","Snake Skull"],"acts_visited":["Exordium","TheCity"],"potions_floor_usage":[16,27,29,33],"damage_taken":[{"damage":0.0,"enemies":"Jaw Worm","floor":1.0,"turns":1.0},{"damage":0.0,"enemies":"2 Louse","floor":2.0,"turns":1.0},{"damage":0.0,"enemies":"Small Slimes","floor":4.0,"turns":1.0},{"damage":7.0,"enemies":"2 Fungi Beasts","floor":5.0,"turns":3.0},{"damage":0.0,"enemies":"3 Louse","floor":7.0,"turns":2.0},{"damage":7.0,"enemies":"Blue Slaver","floor":10.0,"turns":3.0},{"damage":4.0,"enemies":"3 Sentries","floor":11.0,"turns":5.0},{"damage":5.0,"enemies":"Lots of Slimes","floor":12.0,"turns":2.0},{"damage":8.0,"enemies":"Large Slime","floor":13.0,"turns":4.0},{"damage":11,"enemies":"The Guardian","floor":16,"turns":12},{"damage":25,"enemies":"2 Thieves","floor":18,"turns":4},{"damage":0,"enemies":"Chosen","floor":19,"turns":4},{"damage":5,"enemies":"3 Cultists","floor":21,"turns":4},{"damage":52,"enemies":"Book of Stabbing","floor":23,"turns":6},{"damage":13,"enemies":"Gremlin Leader","floor":27,"turns":4},{"damage":0,"enemies":"Shelled Parasite and Fungi","floor":29,"turns":4},{"damage":0,"enemies":"Centurion and Healer","floor":31,"turns":4},{"damage":27,"enemies":"Collector","floor":33,"turns":3}],"seed_played":"-3425404364361826557","potions_obtained":[{"floor":1.0,"key":"LiquidBronze"},{"floor":4.0,"key":"Weak Potion"},{"floor":10.0,"key":"Explosive Potion"},{"floor":13.0,"key":"Swift Potion"},{"floor":16,"key":"DuplicationPotion"}],"is_trial":false,"path_per_floor":["M","M","?","M","M","R","M","R","T","M","E","M","M","$","R","B",null,"M","M","?","M","$","E","?","R","T","E","?","M","$","M","R","B"],"character_chosen":"THE_SILENT","items_purchased":["HandDrill","Strange Spoon","Snake Skull"],"campfire_rested":1,"item_purchase_floors":[14,22,30],"current_hp_per_floor":[70,70,70,70,63,63,63,63,63,56,52,47,39,54,54,43,70,45,45,45,40,55,3,3,24,24,11,11,11,26,26,26,0,0],"gold":32,"neow_bonus":"THREE_ENEMY_KILL","is_daily":false,"chose_seed":false,"campfire_upgraded":4,"win_rate":0.0,"timestamp":1610082847,"path_taken":["M","M","?","M","M","R","M","R","T","M","E","M","M","$","R","BOSS","M","M","?","M","$","E","?","R","T","E","?","M","$","M","R","BOSS"],"items_purchased_type":["Relic","Relic","Relic"],"build_version":"2020-12-22","purchased_purges":3,"victory":false,"max_hp_per_floor":[70,70,70,70,70,70,70,70,70,70,70,70,70,70,70,70,70,70,70,70,70,70,70,70,70,70,70,70,70,70,70,70,70,70],"card_choices":[{"not_picked":["Underhanded Strike","Caltrops"],"picked":"Dagger Spray","floor":1.0},{"not_picked":["Bouncing Flask","Sucker Punch"],"picked":"Blade Dance","floor":2.0},{"not_picked":["Underhanded Strike","Flying Knee"],"picked":"Backflip","floor":4.0},{"not_picked":["Outmaneuver","Deadly Poison"],"picked":"Dash","floor":5.0},{"not_picked":["Outmaneuver","Poisoned Stab","Setup"],"picked":"SKIP","floor":7.0},{"not_picked":["Flying Knee","Predator"],"picked":"Escape Plan","floor":10.0},{"not_picked":["Terror","Blade Dance"],"picked":"Envenom","floor":11.0},{"not_picked":["Leg Sweep","Slice","Flying Knee"],"picked":"SKIP","floor":12.0},{"not_picked":["Dagger Throw","Footwork"],"picked":"Prepared","floor":13.0},{"not_picked":["Dagger Throw","Flying Knee","Poisoned Stab"],"picked":"SKIP","floor":18},{"not_picked":["Dagger Spray","Deflect+1"],"picked":"Accuracy","floor":19},{"not_picked":["Underhanded Strike+1","Crippling Poison"],"picked":"Blade Dance","floor":21},{"not_picked":["Bane","Dash"],"picked":"Burst","floor":23},{"not_picked":["Choke","Deflect"],"picked":"Reflex","floor":27},{"not_picked":["Sucker Punch+1","Terror+1","Quick Slash"],"picked":"SKIP","floor":29},{"not_picked":["PiercingWail","Choke+1"],"picked":"Blade Dance+1","floor":31}],"player_experience":125348,"relics_obtained":[{"floor":9.0,"key":"MealTicket"},{"floor":11.0,"key":"Smiling Mask"},{"floor":23,"key":"Ninja Scroll"},{"floor":26,"key":"Regal Pillow"},{"floor":27,"key":"Ancient Tea Set"}],"event_choices":[{"cards_removed":["Strike_G"],"damage_healed":0.0,"max_hp_gain":0.0,"max_hp_loss":0.0,"gold_gain":0.0,"event_name":"Living Wall","player_choice":"Forget","floor":3.0,"gold_loss":0.0,"damage_taken":0.0},{"damage_healed":0,"gold_gain":0,"player_choice":"Ignored","damage_taken":0,"max_hp_gain":0,"max_hp_loss":0,"event_name":"Cursed Tome","floor":20,"gold_loss":0},{"damage_healed":0,"gold_gain":99,"player_choice":"Stole From Cult","damage_taken":0,"max_hp_gain":0,"max_hp_loss":0,"event_name":"Nest","floor":28,"gold_loss":0}],"is_beta":false,"boss_relics":[{"not_picked":["Pandora\u0027s Box","Runic Dome"],"picked":"HoveringKite"}],"items_purged_floors":[14,22,30],"is_endless":false,"potions_floor_spawned":[1,4,10,13,16,19,21],"killed_by":"Collector","ascension_level":1}}