{"host":"8i4doyxqctgl5qb0","time":1610072448,"event":{"mods":["AchievementEnabler","BaseMod","Block Reminder","Colored Powertips","Downfall","Minty Spire (QoL Compilation)","Permanent Neow","Potion Indicator Mod","Rare Cards Sparkle","StSLib","SuperFastMode"],"gold_per_floor":[99,549,549,549,623,623,677,229,57,57,88,107,32,53,72,167,167,92,107,123,123,152,152,152,152,165,199,218,236,161,261,278,378,378,378,396,406,506,522,535,560,99,112,112,112,112],"floor_reached":44,"playtime":2038,"items_purged":["Slimebound:Icky","Slimebound:Icky"],"score":476,"play_id":"27ac0e60-405a-4603-9f2c-d9c195ae4a1e","local_time":"20210108102048","is_ascension_mode":false,"campfire_choices":[{"data":"Guardian:TwinSlam","floor":1,"key":"SMITH"},{"floor":10,"key":"RECALL"},{"data":"Guardian:SpikerProtocol","floor":13,"key":"SMITH"},{"data":"Guardian:BaubleBeam","floor":18,"key":"SMITH"},{"floor":23,"key":"REST"},{"floor":30,"key":"REST"},{"data":"Guardian:DecasProtection","floor":35,"key":"SMITH"}],"circlet_count":0,"master_deck":["Guardian:Strike_Guardian+1","Guardian:Strike_Guardian+1","Guardian:Strike_Guardian+1","Guardian:Defend_Guardian+1","Guardian:Defend_Guardian+1","Guardian:Defend_Guardian+1","Guardian:Defend_Guardian+1","Guardian:CurlUp","Guardian:TwinSlam+1","Guardian:Repulse","Guardian:BronzeArmor","Guardian:EvasiveProtocol","Guardian:SpikerProtocol+1","Guardian:Recover","Guardian:SentryBeam","Guardian:GatlingBeam","Guardian:Planning","Guardian:ChargeCore","Guardian:Preprogram","Guardian:TimeBomb","Guardian:VentSteam","Guardian:Clone","Guardian:BaubleBeam+1","Guardian:DecasProtection+1","Guardian:Reroute+1","Guardian:StasisField","Guardian:PiercingHide","Guardian:BronzeOrb","Guardian:GuardianWhirl+1","Guardian:GatlingBeam","Guardian:RollAttack+1","Guardian:Suspension+1","Guardian:Incinerate+1","Guardian:EvasiveProtocol","Guardian:BronzeOrb"],"relics":["Guardian:ModeShifterPlus","downfall:HeartsMalice","War Paint","Bronze Scales","Bottled Lightning","downfall:HeartBlessingBlue","Odd Mushroom","downfall:HeartBlessingRed","Red Mask","Sundial","Guardian:PickAxe","downfall:HeartBlessingGreen","White Beast Statue","Busted Crown","Ancient Tea Set","Ice Cream"],"acts_visited":["Exordium","TheCity","TheBeyond"],"potions_floor_usage":[32],"damage_taken":[{"damage":0,"enemies":"Jaw Worm","floor":4,"turns":1},{"damage":0,"enemies":"2 Louse","floor":6,"turns":1},{"damage":0,"enemies":"downfall:FleeingMerchant","floor":8,"turns":1},{"damage":0,"enemies":"downfall:FleeingMerchant","floor":9,"turns":4},{"damage":11,"enemies":"Gremlin Nob","floor":11,"turns":4},{"damage":0,"enemies":"Small Slimes","floor":12,"turns":4},{"damage":17,"enemies":"The Mushroom Lair","floor":14,"turns":4},{"damage":0,"enemies":"2 Fungi Beasts","floor":15,"turns":3},{"damage":39,"enemies":"downfall:Defect","floor":16,"turns":9},{"damage":7,"enemies":"3 Byrds","floor":19,"turns":2},{"damage":10,"enemies":"Snake Plant","floor":20,"turns":4},{"damage":33,"enemies":"Masked Bandits","floor":22,"turns":5},{"damage":5,"enemies":"Snecko","floor":26,"turns":5},{"damage":30,"enemies":"Slavers","floor":27,"turns":6},{"damage":22,"enemies":"Cultist and Chosen","floor":28,"turns":6},{"damage":0,"enemies":"Snake Plant","floor":29,"turns":3},{"damage":19,"enemies":"downfall:LadyInBlue","floor":31,"turns":9},{"damage":2,"enemies":"3 Cultists","floor":32,"turns":4},{"damage":10,"enemies":"downfall:Silent","floor":33,"turns":7},{"damage":14,"enemies":"3 Shapes","floor":36,"turns":5},{"damage":9,"enemies":"Orb Walker","floor":37,"turns":4},{"damage":32,"enemies":"Transient","floor":39,"turns":5},{"damage":0,"enemies":"Maw","floor":40,"turns":8},{"damage":2,"enemies":"downfall:FleeingMerchant","floor":42,"turns":4},{"damage":20,"enemies":"Jaw Worm Horde","floor":43,"turns":4},{"damage":17,"enemies":"Writhing Mass","floor":44,"turns":4}],"seed_played":"-2912356134227046971","potions_obtained":[{"floor":12,"key":"Dexterity Potion"},{"floor":14,"key":"LiquidBronze"},{"floor":15,"key":"Swift Potion"},{"floor":20,"key":"Slimebound:ThreeZeroPotion"},{"floor":31,"key":"CultistPotion"},{"floor":31,"key":"Slimebound:ThreeZeroPotion"},{"floor":32,"key":"Dexterity Potion"}],"is_trial":false,"path_per_floor":["R","?","?","M","T","M","T","$","$","R","E","M","R","?","M","B",null,"R","M","M","?","?","R","T","?","M","E","M","M","R","?","M","B",null,"R","M","M","?","M","M","T","$","M","M"],"character_chosen":"GUARDIAN","items_purchased":["Guardian:SpikerProtocol","Guardian:Recover","Guardian:SentryBeam","Guardian:GatlingBeam","Guardian:Planning","Bronze Scales","Ice Cream","Guardian:EvasiveProtocol"],"campfire_rested":2,"item_purchase_floors":[8,8,8,8,8,9,42,42],"current_hp_per_floor":[80,80,80,80,80,80,80,80,80,80,69,69,79,62,62,23,90,90,83,73,73,40,67,67,67,62,32,10,10,37,18,16,6,90,90,76,67,67,35,35,35,33,13,0,0,0],"gold":112,"neow_bonus":"THREE_ENEMY_KILL","is_daily":false,"chose_seed":false,"campfire_upgraded":4,"win_rate":0.0,"timestamp":1610072448,"path_taken":["R","?","?","M","?","M","T","?","$","R","E","M","R","?","M","BOSS","R","M","M","?","?","R","T","?","M","E","M","M","R","?","M","BOSS","R","M","M","?","?","M","T","$","M","?"],"items_purchased_type":["Card","Card","Card","Card","Card","Relic","Relic","Card"],"build_version":"2020-12-22","purchased_purges":2,"victory":false,"max_hp_per_floor":[80,80,80,80,80,80,80,80,80,80,80,80,90,90,90,90,90,90,90,90,90,90,90,90,90,90,90,90,90,90,90,90,90,90,90,90,90,90,90,90,90,90,90,90,90,90],"card_choices":[{"not_picked":["Guardian:Gem_Cyan","Guardian:BronzeArmor"],"picked":"Guardian:Repulse","floor":4},{"not_picked":["Guardian:WalkerClaw","Guardian:TemporalStrike"],"picked":"Guardian:BronzeArmor","floor":6},{"not_picked":["Guardian:WalkerClaw","Guardian:PolyBeam"],"picked":"Guardian:EvasiveProtocol","floor":8},{"not_picked":["Guardian:Gem_Red","Guardian:Suspension"],"picked":"Guardian:ChargeCore","floor":9},{"not_picked":["Guardian:Reroute","Guardian:TemporalStrike"],"picked":"Guardian:Preprogram","floor":11},{"not_picked":["Guardian:Preprogram","Guardian:PolyBeam"],"picked":"Guardian:TimeBomb","floor":12},{"not_picked":["Guardian:ChargeCore","Guardian:Gem_Lightblue"],"picked":"Guardian:VentSteam","floor":14},{"not_picked":["Guardian:BronzeOrb","Guardian:GuardianWhirl"],"picked":"Guardian:Clone","floor":15},{"not_picked":["Guardian:ExploitGems","Guardian:FierceBash"],"picked":"Guardian:BaubleBeam","floor":16},{"not_picked":["Guardian:Emergency","Guardian:Gem_Cyan"],"picked":"Guardian:Gem_Lightblue","floor":19},{"not_picked":["Guardian:BronzeOrb","Guardian:CrystalBeam"],"picked":"Guardian:DecasProtection","floor":20},{"not_picked":["Guardian:PrimingBeam","Guardian:VentSteam+1"],"picked":"Guardian:Reroute+1","floor":22},{"not_picked":["Guardian:Planning+1","Guardian:Repulse"],"picked":"Guardian:StasisField","floor":26},{"not_picked":["Guardian:ChargeCore+1","Guardian:MultiBeam+1"],"picked":"Guardian:PiercingHide","floor":27},{"not_picked":["Guardian:Emergency+1","Guardian:CrystalBeam"],"picked":"Guardian:BronzeOrb","floor":28},{"not_picked":["Guardian:Reroute","Guardian:VentSteam","Guardian:TemporalStrike"],"picked":"SKIP","floor":29},{"not_picked":["Guardian:Gem_Green","Guardian:Gem_Red"],"picked":"Guardian:Gem_Orange","floor":31},{"not_picked":["Guardian:ShieldCharger","Guardian:Gem_Red"],"picked":"Guardian:GuardianWhirl+1","floor":32},{"not_picked":["Guardian:ConstructionForm","Guardian:GemFire"],"picked":"Guardian:GatlingBeam","floor":33},{"not_picked":["Guardian:Planning"],"picked":"SKIP","floor":36},{"not_picked":["Guardian:TemporalStrike"],"picked":"SKIP","floor":37},{"not_picked":[],"picked":"Guardian:RollAttack+1","floor":39},{"not_picked":[],"picked":"Guardian:Suspension+1","floor":40},{"not_picked":[],"picked":"Guardian:Incinerate+1","floor":42},{"not_picked":[],"picked":"Guardian:BronzeOrb","floor":43}],"player_experience":123313,"relics_obtained":[{"floor":7,"key":"War Paint"},{"floor":11,"key":"Bottled Lightning"},{"floor":14,"key":"Odd Mushroom"},{"floor":22,"key":"Red Mask"},{"floor":24,"key":"Sundial"},{"floor":27,"key":"Guardian:PickAxe"},{"floor":31,"key":"White Beast Statue"},{"floor":41,"key":"Ancient Tea Set"}],"event_choices":[{"damage_healed":0,"gold_gain":0,"player_choice":"Fought Mushrooms","damage_taken":0,"max_hp_gain":0,"max_hp_loss":0,"event_name":"Mushrooms","floor":14,"gold_loss":0},{"damage_healed":0,"gold_gain":0,"player_choice":"Fought Bandits","damage_taken":0,"max_hp_gain":0,"max_hp_loss":0,"event_name":"Masked Bandits","floor":22,"gold_loss":0},{"damage_healed":0,"gold_gain":0,"player_choice":"Simplicity","damage_taken":0,"max_hp_gain":0,"max_hp_loss":0,"event_name":"Back to Basics","floor":25,"gold_loss":0,"cards_upgraded":["Guardian:Strike_Guardian","Guardian:Strike_Guardian","Guardian:Strike_Guardian","Guardian:Defend_Guardian","Guardian:Defend_Guardian"]}],"is_beta":false,"boss_relics":[{"not_picked":["Guardian:StasisSlotReductionRelic","downfall:Hecktoplasm"],"picked":"Guardian:ModeShifterPlus"},{"not_picked":["Empty Cage","Black Star"],"picked":"Busted Crown"}],"items_purged_floors":[8,42],"is_endless":false,"potions_floor_spawned":[12,14,15,16,20,22,26,32,33,36,37,39,40,42,43],"killed_by":"Writhing Mass","ascension_level":0}}