{"host":"qfskrnw3pl1q86j0","time":1610110183,"event":{"mods":["BaseMod","Block Reminder","Hermit","Marisa????????","Minty Spire (QoL Compilation)","Quick Restart","Random Character Button","Relic Stats","StSLib","The Poker Player","slay the spire mod where everything is the same but ironclad has a cowboy hat"],"gold_per_floor":[110,110,120,135,151,151,179,196,196,208,208,221,238,263,263,361,361,343,360,20,40,40,40,40,50,50,64,77,77,95,195,195,296,296,309,320,337,337,360,129,129,23,23,74,5,5,17,17,17,17],"floor_reached":51,"playtime":2338,"items_purged":["Strike_G","Strike_G","Strike_G"],"score":738,"play_id":"91cf463e-7e7c-4a32-af5f-5cb9da74fb20","local_time":"20210108134943","is_ascension_mode":false,"campfire_choices":[{"data":"Neutralize","floor":6.0,"key":"SMITH"},{"data":"Footwork","floor":11.0,"key":"SMITH"},{"data":"Footwork","floor":15.0,"key":"SMITH"},{"data":"Noxious Fumes","floor":23.0,"key":"SMITH"},{"data":"Noxious Fumes","floor":29.0,"key":"SMITH"},{"data":"Dagger Spray","floor":32,"key":"SMITH"},{"data":"Sucker Punch","floor":41,"key":"SMITH"},{"data":"Corpse Explosion","floor":46,"key":"SMITH"},{"data":"Blur","floor":49,"key":"SMITH"}],"circlet_count":0,"master_deck":["Defend_G","Defend_G","Defend_G","Defend_G","Defend_G","Survivor","Neutralize+1","Dagger Spray+1","Dagger Throw","Backflip","Blur+1","Flying Knee","Footwork+1","Quick Slash","Footwork+1","Adrenaline","Noxious Fumes+1","Dash","Sucker Punch+1","Catalyst+1","Noxious Fumes+1","Adrenaline","Flash of Steel","Corpse Explosion+1","Escape Plan+1"],"relics":["Ring of the Snake","Toy Ornithopter","Meat on the Bone","Pen Nib","Regal Pillow","Busted Crown","TwistedFunnel","Nilry\u0027s Codex","Ninja Scroll","Turnip","Mummified Hand","Coffee Dripper","Omamori","Membership Card","InkBottle","CatCart"],"acts_visited":["Exordium","TheCity","TheBeyond"],"potions_floor_usage":[31,33,50,50],"damage_taken":[{"damage":0.0,"enemies":"Small Slimes","floor":1.0,"turns":3.0},{"damage":0.0,"enemies":"Cultist","floor":3.0,"turns":3.0},{"damage":1.0,"enemies":"Jaw Worm","floor":4.0,"turns":4.0},{"damage":3.0,"enemies":"Exordium Wildlife","floor":5.0,"turns":5.0},{"damage":4.0,"enemies":"3 Sentries","floor":7.0,"turns":6.0},{"damage":2.0,"enemies":"Looter","floor":8.0,"turns":3.0},{"damage":0.0,"enemies":"Lots of Slimes","floor":10.0,"turns":2.0},{"damage":15.0,"enemies":"Exordium Thugs","floor":12.0,"turns":5.0},{"damage":0.0,"enemies":"2 Fungi Beasts","floor":13.0,"turns":5.0},{"damage":24.0,"enemies":"Gremlin Nob","floor":14.0,"turns":4.0},{"damage":11.0,"enemies":"Slime Boss","floor":16.0,"turns":15.0},{"damage":1.0,"enemies":"2 Thieves","floor":18.0,"turns":4.0},{"damage":2.0,"enemies":"Spheric Guardian","floor":19.0,"turns":4.0},{"damage":1.0,"enemies":"Centurion and Healer","floor":21.0,"turns":6.0},{"damage":0.0,"enemies":"Shelled Parasite and Fungi","floor":25.0,"turns":5.0},{"damage":1.0,"enemies":"3 Cultists","floor":27.0,"turns":4.0},{"damage":0.0,"enemies":"Centurion and Healer","floor":28.0,"turns":6.0},{"damage":0.0,"enemies":"Snake Plant","floor":30.0,"turns":4.0},{"damage":2,"enemies":"Colosseum Slavers","floor":31,"turns":4},{"damage":13,"enemies":"Colosseum Nobs","floor":31,"turns":4},{"damage":1,"enemies":"Champ","floor":33,"turns":5},{"damage":0,"enemies":"3 Darklings","floor":35,"turns":3},{"damage":0,"enemies":"3 Shapes","floor":36,"turns":3},{"damage":0,"enemies":"Transient","floor":37,"turns":5},{"damage":0,"enemies":"Orin","floor":44,"turns":7},{"damage":0,"enemies":"Spire Growth","floor":47,"turns":5},{"damage":0,"enemies":"Awakened One","floor":50,"turns":12}],"seed_played":"-6274424425566462304","potions_obtained":[{"floor":1.0,"key":"SteroidPotion"},{"floor":7.0,"key":"DuplicationPotion"},{"floor":8.0,"key":"ColorlessPotion"},{"floor":10.0,"key":"PowerPotion"},{"floor":14.0,"key":"PowerPotion"},{"floor":16.0,"key":"SkillPotion"},{"floor":31,"key":"Strength Potion"},{"floor":35,"key":"Dexterity Potion"}],"is_trial":false,"path_per_floor":["M","?","M","M","M","R","E","M","T","M","R","M","M","E","R","B",null,"M","M","$","M","$","R","?","M","T","M","M","R","M","?","R","B",null,"M","M","M","?","T","$","R","$","T","?","$","R","M","?","R","B",null],"character_chosen":"THE_SILENT","items_purchased":["TwistedFunnel","Noxious Fumes","Dash","Membership Card","Fire Potion","Flash of Steel","Corpse Explosion"],"campfire_rested":0,"item_purchase_floors":[20,20,20,40,40,42,45],"current_hp_per_floor":[70,70,70,69,66,66,66,64,64,69,69,54,54,42,42,36,70,69,67,67,66,66,66,50,50,50,49,49,49,49,39,39,43,70,70,70,70,70,70,70,70,70,70,70,70,70,70,70,70,70],"gold":17,"neow_bonus":"RANDOM_COMMON_RELIC","is_daily":false,"chose_seed":false,"campfire_upgraded":9,"win_rate":0.0,"timestamp":1610110183,"path_taken":["M","?","M","M","M","R","E","?","T","M","R","?","M","E","R","BOSS","M","M","$","?","$","R","?","M","T","M","M","R","M","?","R","BOSS","M","M","M","?","?","$","R","?","T","?","$","R","M","?","R","BOSS"],"items_purchased_type":["Relic","Card","Card","Relic","Potion","Card","Card"],"build_version":"2020-12-22","purchased_purges":3,"victory":true,"max_hp_per_floor":[70,70,70,70,70,70,70,70,70,70,70,70,70,70,70,70,70,70,70,70,70,70,70,70,70,70,70,70,70,70,70,70,70,70,70,70,70,70,70,70,70,70,70,70,70,70,70,70,70,70],"relic_stats":{"Regal Pillow":0,"Busted Crown":28,"counters":[27,136],"Mummified Hand":[31],"Pen Nib":[28],"Turnip":[2],"obtain_stats":[{"TwistedFunnel":20,"Regal Pillow":14,"Nilry\u0027s Codex":24,"Pen Nib":9,"Omamori":39,"Busted Crown":17,"Ninja Scroll":26,"Mummified Hand":31,"Turnip":31,"Coffee Dripper":34,"Membership Card":40,"CatCart":44,"Toy Ornithopter":0,"InkBottle":43,"Ring of the Snake":0,"Meat on the Bone":7},{"TwistedFunnel":13,"Regal Pillow":10,"Nilry\u0027s Codex":14,"Pen Nib":6,"Omamori":24,"Busted Crown":11,"Ninja Scroll":15,"Mummified Hand":20,"Turnip":20,"Coffee Dripper":21,"Membership Card":24,"CatCart":25,"Toy Ornithopter":0,"InkBottle":24,"Ring of the Snake":0,"Meat on the Bone":5},{"TwistedFunnel":63,"Regal Pillow":40,"Nilry\u0027s Codex":69,"Pen Nib":24,"Omamori":112,"Busted Crown":55,"Ninja Scroll":74,"Mummified Hand":96,"Turnip":96,"Coffee Dripper":101,"Membership Card":112,"CatCart":119,"Toy Ornithopter":0,"InkBottle":112,"Ring of the Snake":0,"Meat on the Bone":21}],"Toy Ornithopter":24,"InkBottle":[15],"Ring of the Snake":[54],"Meat on the Bone":12},"card_choices":[{"not_picked":["Prepared","Quick Slash"],"picked":"Dagger Spray","floor":1.0},{"not_picked":["Flying Knee","Calculated Gamble"],"picked":"Dagger Throw","floor":3.0},{"not_picked":["Eviscerate","Flying Knee"],"picked":"Backflip","floor":4.0},{"not_picked":["Dagger Spray","Predator"],"picked":"Blur","floor":5.0},{"not_picked":["Bouncing Flask","Cloak And Dagger"],"picked":"Flying Knee","floor":7.0},{"not_picked":["Caltrops","Crippling Poison"],"picked":"Footwork","floor":8.0},{"not_picked":["Slice","Grand Finale","Sucker Punch"],"picked":"SKIP","floor":10.0},{"not_picked":["Caltrops","Dagger Throw"],"picked":"Quick Slash","floor":12.0},{"not_picked":["Outmaneuver","Dash"],"picked":"Footwork","floor":13.0},{"not_picked":["Catalyst","Sucker Punch","Poisoned Stab"],"picked":"SKIP","floor":14.0},{"not_picked":["Storm of Steel","Glass Knife"],"picked":"Adrenaline","floor":16.0},{"not_picked":["Blur"],"picked":"SKIP","floor":18.0},{"not_picked":["Concentrate"],"picked":"SKIP","floor":19.0},{"not_picked":["Slice"],"picked":"SKIP","floor":21.0},{"not_picked":[],"picked":"Sucker Punch","floor":25.0},{"not_picked":[],"picked":"Catalyst+1","floor":27.0},{"not_picked":[],"picked":"Noxious Fumes","floor":28.0},{"not_picked":["Outmaneuver"],"picked":"SKIP","floor":30.0},{"not_picked":[],"picked":"Adrenaline","floor":33},{"not_picked":["Outmaneuver"],"picked":"SKIP","floor":35},{"not_picked":["All Out Attack"],"picked":"SKIP","floor":36},{"not_picked":["Backstab"],"picked":"SKIP","floor":37},{"not_picked":[],"picked":"Escape Plan+1","floor":47}],"player_experience":933675,"relics_obtained":[{"floor":7.0,"key":"Meat on the Bone"},{"floor":9.0,"key":"Pen Nib"},{"floor":14.0,"key":"Regal Pillow"},{"floor":24.0,"key":"Nilry\u0027s Codex"},{"floor":26.0,"key":"Ninja Scroll"},{"floor":31,"key":"Turnip"},{"floor":31,"key":"Mummified Hand"},{"floor":39,"key":"Omamori"},{"floor":43,"key":"InkBottle"},{"floor":44,"key":"CatCart"}],"event_choices":[{"cards_removed":["Strike_G"],"damage_healed":0.0,"max_hp_gain":0.0,"max_hp_loss":0.0,"gold_gain":0.0,"event_name":"Purifier","player_choice":"Purged","floor":2.0,"gold_loss":0.0,"damage_taken":0.0},{"damage_healed":0.0,"max_hp_gain":0.0,"max_hp_loss":0.0,"gold_gain":0.0,"event_name":"Cursed Tome","player_choice":"Obtained Book","floor":24.0,"gold_loss":0.0,"damage_taken":16.0},{"damage_healed":0,"gold_gain":0,"player_choice":"Fight","damage_taken":0,"max_hp_gain":0,"max_hp_loss":0,"event_name":"Colosseum","floor":31,"gold_loss":0},{"damage_healed":0,"gold_gain":0,"player_choice":"Fought Nobs","damage_taken":0,"max_hp_gain":0,"max_hp_loss":0,"event_name":"Colosseum","floor":31,"gold_loss":0},{"damage_healed":0,"gold_gain":0,"player_choice":"Ignored","damage_taken":0,"max_hp_gain":0,"max_hp_loss":0,"event_name":"Tomb of Lord Red Mask","floor":38,"gold_loss":0},{"damage_healed":0,"gold_gain":0,"player_choice":"Fight","damage_taken":0,"max_hp_gain":0,"max_hp_loss":0,"event_name":"OrinTheCat","floor":44,"gold_loss":0},{"cards_removed":["Strike_G"],"damage_healed":0,"gold_gain":0,"player_choice":"Card Removal","damage_taken":0,"max_hp_gain":0,"max_hp_loss":0,"event_name":"Wheel of Change","floor":48,"gold_loss":0}],"is_beta":false,"boss_relics":[{"not_picked":["Philosopher\u0027s Stone","Astrolabe"],"picked":"Busted Crown"},{"not_picked":["Snecko Eye","Runic Dome"],"picked":"Coffee Dripper"}],"items_purged_floors":[20,40,42],"is_endless":false,"potions_floor_spawned":[1,7,8,10,14,16,18,25,28,31,35,47],"ascension_level":0}}