{"host":"ygfasg9u7olr7skw","time":1610122584,"event":{"mods":["AchievementEnabler","BaseMod","Better Note","Better Vampires","Colored Powertips","Minty Spire (QoL Compilation)","Replay The Spire","Spicy Shops","StSLib","The IronCluck"],"gold_per_floor":[115,132,146,166,166,166,194,194,194,194,159,192,45,45,45,150,150,167,179,4,23,23,23,23,43,43,43,43,59,59,59,59],"floor_reached":31,"playtime":3590,"items_purged":["Strike_G","Strike_G"],"score":263,"play_id":"56296611-65e9-49f9-a8f0-1aa1344e87ae","local_time":"20210108111624","is_ascension_mode":false,"campfire_choices":[{"data":"Cloak And Dagger","floor":6.0,"key":"SMITH"},{"floor":8.0,"key":"REST"},{"floor":15.0,"key":"REST"},{"floor":24,"key":"REST"},{"data":"Blur","floor":27,"key":"SMITH"}],"circlet_count":0,"master_deck":["Defend_G","Defend_G","Defend_G","Defend_G","Defend_G","Survivor","Neutralize","Cloak And Dagger","Cloak And Dagger+1","Blade Dance","PiercingWail","Blur+1","Blade Dance+1","Cloak And Dagger"],"relics":["Ring of the Snake","Pantograph","FossilizedHelix","Golden Egg","Turnip","DollysMirror","Replay:Bottled Flurry"],"acts_visited":["Exordium","TheCity"],"potions_floor_usage":[23,23,31],"damage_taken":[{"damage":0.0,"enemies":"Cultist","floor":1.0,"turns":4.0},{"damage":0.0,"enemies":"2 Louse","floor":2.0,"turns":4.0},{"damage":0.0,"enemies":"Jaw Worm","floor":3.0,"turns":4.0},{"damage":0.0,"enemies":"3 Louse","floor":4.0,"turns":4.0},{"damage":51.0,"enemies":"Lagavulin","floor":7.0,"turns":14.0},{"damage":7.0,"enemies":"3 Sentries","floor":12.0,"turns":11.0},{"damage":31.0,"enemies":"The Guardian","floor":16.0,"turns":20.0},{"damage":0.0,"enemies":"Spheric Guardian","floor":18.0,"turns":7.0},{"damage":3.0,"enemies":"Chosen","floor":19.0,"turns":8.0},{"damage":11.0,"enemies":"Snecko","floor":21.0,"turns":7.0},{"damage":12,"enemies":"Book of Stabbing","floor":23,"turns":9},{"damage":1,"enemies":"Shelled Parasite and Fungi","floor":25,"turns":7},{"damage":0,"enemies":"Snake Plant","floor":29,"turns":13},{"damage":64,"enemies":"3 Cultists","floor":31,"turns":8}],"seed_played":"-5823905207352157182","potions_obtained":[{"floor":2.0,"key":"Swift Potion"},{"floor":3.0,"key":"SmokeBomb"},{"floor":12.0,"key":"SteroidPotion"},{"floor":16.0,"key":"Weak Potion"},{"floor":18.0,"key":"Explosive Potion"},{"floor":25,"key":"Strength Potion"},{"floor":29,"key":"Reflective Coating"}],"is_trial":false,"path_per_floor":["M","M","M","M","T","R","E","R","T","?","?","E","$","?","R","B",null,"M","M","$","M","$","E","R","M","T","R","$","M","?","M"],"character_chosen":"THE_SILENT","items_purchased":["DollysMirror"],"campfire_rested":3,"item_purchase_floors":[13],"current_hp_per_floor":[70,70,70,70,70,70,19,40,40,33,50,43,43,43,64,39,70,70,67,67,56,56,44,65,64,64,64,64,64,64,0,0],"gold":59,"neow_bonus":"TRANSFORM_CARD","is_daily":false,"chose_seed":false,"campfire_upgraded":2,"win_rate":0.0,"timestamp":1610122584,"path_taken":["M","?","?","M","?","R","E","R","T","?","?","E","?","?","R","BOSS","M","M","$","M","?","E","R","M","T","R","?","?","?","M"],"items_purchased_type":["Relic"],"build_version":"2020-12-22","purchased_purges":2,"victory":false,"max_hp_per_floor":[70,70,70,70,70,70,70,70,70,70,70,70,70,70,70,70,70,70,70,70,70,70,70,70,70,70,70,70,70,70,70,70],"card_choices":[{"not_picked":["Quick Slash","ReplayTheSpireMod:Exploit Weakness"],"picked":"Cloak And Dagger","floor":1.0},{"not_picked":["Deadly Poison","Eviscerate"],"picked":"Blade Dance","floor":2.0},{"not_picked":["Deadly Poison","Dagger Spray","Flechettes"],"picked":"SKIP","floor":3.0},{"not_picked":["Deadly Poison","Eviscerate"],"picked":"PiercingWail","floor":4.0},{"not_picked":["Predator","Terror","Prepared"],"picked":"SKIP","floor":7.0},{"not_picked":["Slice","Deadly Poison"],"picked":"Blur","floor":12.0},{"not_picked":["Flying Knee","Underhanded Strike","Predator"],"picked":"SKIP","floor":18.0},{"not_picked":["Leg Sweep","Poisoned Stab","Bane"],"picked":"SKIP","floor":19.0},{"not_picked":["ReplayTheSpireMod:The Works","ReplayTheSpireMod:From All Sides","Poisoned Stab"],"picked":"SKIP","floor":21.0},{"not_picked":["Bane+1","Toxin Wave","Prepared+1"],"picked":"SKIP","floor":25},{"not_picked":["Slice","Reflex"],"picked":"Cloak And Dagger","floor":29}],"player_experience":216907,"relics_obtained":[{"floor":5.0,"key":"Pantograph"},{"floor":7.0,"key":"FossilizedHelix"},{"floor":9.0,"key":"Golden Egg"},{"floor":12.0,"key":"Turnip"},{"floor":26,"key":"Replay:Bottled Flurry"}],"event_choices":[{"cards_removed":["Strike_G"],"damage_healed":0.0,"max_hp_gain":0.0,"max_hp_loss":0.0,"gold_gain":0.0,"event_name":"Golden Wing","player_choice":"Card Removal","floor":10.0,"gold_loss":0.0,"damage_taken":7.0},{"damage_healed":17.0,"max_hp_gain":0.0,"max_hp_loss":0.0,"gold_gain":0.0,"event_name":"The Cleric","player_choice":"Healed","floor":11.0,"gold_loss":35.0,"damage_taken":0.0},{"cards_removed":["Strike_G"],"damage_healed":0.0,"max_hp_gain":0.0,"max_hp_loss":0.0,"gold_gain":0.0,"event_name":"Bonfire Elementals","player_choice":"Offered Basic","floor":14.0,"gold_loss":0.0,"damage_taken":0.0},{"damage_healed":0,"gold_gain":0,"player_choice":"Ignored","damage_taken":0,"max_hp_gain":0,"max_hp_loss":0,"event_name":"betterNote:BetterNote","floor":30,"gold_loss":0,"cards_obtained":["Strike_G"]}],"is_beta":false,"boss_relics":[{"not_picked":["Replay:Ancient Bell","Busted Crown","Philosopher\u0027s Stone"]}],"items_purged_floors":[20,20],"is_endless":false,"potions_floor_spawned":[2,3,12,16,18,23,25,29],"killed_by":"3 Cultists","ascension_level":0}}