{"host":"g3bty4prdobmknyh","time":1610079007,"event":{"mods":["Act Like it!","Aspiration","BaseMod","Hermit","Minty Spire (QoL Compilation)","Pale of the Ancients","Replay The Spire","StSLib","The Blackbeard","The Hierophant","The Jungle"],"gold_per_floor":[113,124,140,152,152,152,186,186,268,298,324,324,342,305,305,405,405,424,424,58,73,73,73,85,85,108,258,291,291,322,341,341,446,446,456,646,646,334,345,345,374,404,479,508,508,525,183,209,209,209,220,232,242,242,242,257,257,3,3,3],"floor_reached":61,"playtime":3712,"items_purged":[],"score":1628,"play_id":"8ca9e693-1147-4e21-b61d-23755eea62e9","local_time":"20210107231006","daily_mods":["SealedDeck","Heirloom","DeadlyEvents","Lethality"],"is_ascension_mode":true,"campfire_choices":[{"data":"blackbeard:FieryDefense","floor":6.0,"key":"SMITH"},{"data":"blackbeard:BeatUp","floor":8.0,"key":"SMITH"},{"data":"blackbeard:PirateHook","floor":15.0,"key":"SMITH"},{"floor":23.0,"key":"REST"},{"floor":25.0,"key":"REST"},{"floor":29.0,"key":"DIG"},{"data":"blackbeard:PirateStrength","floor":32.0,"key":"SMITH"},{"floor":40.0,"key":"DIG"},{"floor":45.0,"key":"REST"},{"floor":49,"key":"DIG"},{"floor":55,"key":"DIG"},{"floor":57,"key":"REST"}],"circlet_count":0,"master_deck":["blackbeard:Shrapnel","blackbeard:BlindAttacks","blackbeard:PowderKeg","blackbeard:BrownPants","blackbeard:WiseDefense","blackbeard:BeatUp+1","blackbeard:Revenge","blackbeard:JollyRoger","blackbeard:FieryDefense+1","blackbeard:PirateHook+1","blackbeard:DoubleBottom","blackbeard:Toast","blackbeard:Spear","blackbeard:PiratesWill","blackbeard:VengefulSpirit+1","blackbeard:RearmingStrike","blackbeard:FinalBarrage","blackbeard:Fencing+1","blackbeard:CaptainsHat","blackbeard:CaptainsCabin+1","blackbeard:PiratesWill+1","blackbeard:GoldenDefense+1","blackbeard:PirateStrength+1","blackbeard:BoostMorale+1","blackbeard:TacticalRetreat+1","blackbeard:CannonBarrage+1","blackbeard:SmithingHammer+1","Master of Strategy+1","blackbeard:Rum","blackbeard:Spear+1","blackbeard:Dagger+1","blackbeard:BlindAttacks+1","blackbeard:SmithingHammer+1","blackbeard:GhostInTheRum+1","ReplayTheSpireMod:Private Reserves+1","blackbeard:Boarding+1","blackbeard:Sharpening+1","blackbeard:WiseDefense+1","blackbeard:GoldenCannonball","Pot Of Greed+1","Pot Of Greed+1","Pot Of Greed+1","Pot Of Greed+1","blackbeard:RemoveScurvy+1","Panache","blackbeard:GhostInTheRum+1"],"relics":["blackbeard:LoadTheCannons","Lizard Tail","Quantum Egg","HornCleat","blackbeard:HipFlask","aspiration:HiddenCompartment","Toxic Egg 2","aspiration:RunicSpoon","Shovel","Ice Cream","Replay:Mystery Machine","Replay:Towering Pillar of Hats","Replay:Wax Seal","Bag of Marbles","Replay:Bronze Core","Darkstone Periapt","ReplayFunnel","Replay:Baseball","Mercury Hourglass","MealTicket","ReplayTheSpireMod:Ninjato","blackbeard:WhitePearl","Pet Ghost","paleoftheancients:Timepiece","paleoftheancients:SoulOfTheIroncluck","paleoftheancients:BlurryLens","Incense Burner","Grinning Jar"],"acts_visited":["Exordium","theJungle:Jungle","TheBeyond","TheBeyond"],"potions_floor_usage":[52,56,56,60],"damage_taken":[{"damage":0.0,"enemies":"Cultist","floor":1.0,"turns":1.0},{"damage":0.0,"enemies":"2 Louse","floor":2.0,"turns":1.0},{"damage":3.0,"enemies":"Jaw Worm","floor":3.0,"turns":2.0},{"damage":0.0,"enemies":"Large Slime","floor":4.0,"turns":2.0},{"damage":5.0,"enemies":"Lagavulin","floor":7.0,"turns":4.0},{"damage":0.0,"enemies":"Gremlin Nob","floor":10.0,"turns":3.0},{"damage":11.0,"enemies":"3 Sentries","floor":11.0,"turns":3.0},{"damage":0.0,"enemies":"3 Louse","floor":13.0,"turns":1.0},{"damage":20.0,"enemies":"The Guardian","floor":16.0,"turns":5.0},{"damage":6.0,"enemies":"theJungle:MUSHROOMGANG","floor":18.0,"turns":2.0},{"damage":30.0,"enemies":"theJungle:Flameango_and_Byrd","floor":21.0,"turns":4.0},{"damage":1.0,"enemies":"theJungle:Lyon","floor":24.0,"turns":3.0},{"damage":11.0,"enemies":"theJungle:Cassacara","floor":28.0,"turns":5.0},{"damage":0.0,"enemies":"theJungle:MamaSnecko","floor":30.0,"turns":5.0},{"damage":0.0,"enemies":"theJungle:2_Flameangoes","floor":31.0,"turns":4.0},{"damage":19.0,"enemies":"theJungle:QueenSpyder","floor":33.0,"turns":8.0},{"damage":0.0,"enemies":"Orb Walker","floor":35.0,"turns":1.0},{"damage":0.0,"enemies":"3 Darklings","floor":39.0,"turns":1.0},{"damage":7.0,"enemies":"Reptomancer","floor":41.0,"turns":3.0},{"damage":14.0,"enemies":"Nemesis","floor":42.0,"turns":5.0},{"damage":8.0,"enemies":"R_Hoarder","floor":44.0,"turns":4.0},{"damage":0,"enemies":"Spire Growth","floor":46,"turns":2},{"damage":0,"enemies":"Giant Head","floor":48,"turns":4},{"damage":18,"enemies":"Time Eater","floor":50,"turns":7},{"damage":4,"enemies":"Time Eater","floor":51,"turns":6},{"damage":46,"enemies":"Time Eater","floor":52,"turns":7},{"damage":0,"enemies":"paleoftheancients:BASlime1","floor":53,"turns":1},{"damage":63,"enemies":"paleoftheancients:BASlime1","floor":56,"turns":10},{"damage":24,"enemies":"paleoftheancients:N","floor":60,"turns":9}],"seed_played":"-6693130386560500609","potions_obtained":[{"floor":3.0,"key":"FairyPotion"},{"floor":7.0,"key":"SneckoOil"},{"floor":10.0,"key":"EntropicBrew"},{"floor":11.0,"key":"AttackPotion"},{"floor":18.0,"key":"FearPotion"},{"floor":53,"key":"Weak Potion"}],"is_trial":true,"path_per_floor":["M","M","M","M","?","R","E","R","T","E","E","T","M","$","R","B",null,"M","?","$","M","$","R","M","R","T","?","E","R","E","M","R","B",null,"M","?","?","$","M","R","E","E","T","E","R","M","$","E","R","B","M","M","M","T","R","M","R","$","?","B",null],"character_chosen":"BLACKBEARD_CLASS","items_purchased":["blackbeard:RearmingStrike","Ice Cream","blackbeard:CaptainsHat","blackbeard:SmithingHammer+1","Master of Strategy+1","blackbeard:Rum","ReplayTheSpireMod:Ninjato","ReplayTheSpireMod:Private Reserves+1","Panache","blackbeard:GhostInTheRum+1"],"campfire_rested":4,"item_purchase_floors":[14,20,20,38,38,38,47,47,58,58],"current_hp_per_floor":[75,75,72,72,72,72,67,67,67,67,56,56,56,56,56,36,75,69,53,53,23,23,45,44,66,66,66,55,55,55,55,55,36,75,75,45,45,45,45,45,38,24,24,16,38,38,53,53,53,75,73,51,63,63,63,49,71,75,75,67],"gold":3,"neow_bonus":"","is_daily":false,"chose_seed":false,"campfire_upgraded":4,"win_rate":0.0,"timestamp":1610079006,"path_taken":["M","M","?","M","?","R","E","R","T","E","?","?","?","?","R","BOSS","M","?","$","M","$","R","M","R","T","?","E","R","E","M","R","BOSS","M","?","?","$","M","R","?","E","T","E","R","M","?","?","R","BOSS","M","M","?","T","R","M","R","$","?","BOSS"],"items_purchased_type":["Card","Relic","Card","Card","Card","Card","Relic","Card","Card","Card"],"build_version":"2020-12-22","purchased_purges":0,"victory":true,"max_hp_per_floor":[75,75,75,75,75,75,75,75,75,75,75,75,75,75,75,75,75,75,75,75,75,75,75,75,75,75,75,75,75,75,75,75,75,75,75,75,75,75,75,75,75,75,75,75,75,75,75,75,75,75,75,75,75,75,75,75,75,75,75,75],"card_choices":[{"not_picked":["blackbeard:WeaponProficiency","blackbeard:DeadlyArsenal"],"picked":"blackbeard:DoubleBottom","floor":1.0},{"not_picked":["blackbeard:Fencing","blackbeard:BrownPants","blackbeard:FieryDefense"],"picked":"SKIP","floor":2.0},{"not_picked":["blackbeard:ArmorUp","blackbeard:DoubleBottom","blackbeard:BlindAttacks"],"picked":"SKIP","floor":3.0},{"not_picked":["blackbeard:GoldenDefense","blackbeard:BeatUp"],"picked":"blackbeard:Toast","floor":4.0},{"not_picked":["blackbeard:Fencing","blackbeard:Anchor"],"picked":"blackbeard:Spear","floor":7.0},{"not_picked":["blackbeard:BrownPants","blackbeard:BeatUp","blackbeard:SwordDance"],"picked":"SKIP","floor":10.0},{"not_picked":["blackbeard:Salvager","blackbeard:GoldenDefense"],"picked":"blackbeard:PiratesWill","floor":11.0},{"not_picked":["blackbeard:Bandana","blackbeard:PirateHook"],"picked":"blackbeard:VengefulSpirit+1","floor":13.0},{"not_picked":["blackbeard:TheDrunkenSailor","blackbeard:UndeadForm"],"picked":"blackbeard:FinalBarrage","floor":16.0},{"not_picked":["blackbeard:Revenge","blackbeard:Upgrade+1"],"picked":"blackbeard:Fencing+1","floor":18.0},{"not_picked":["blackbeard:SwordDance+1","blackbeard:BeatUp"],"picked":"blackbeard:CaptainsCabin+1","floor":21.0},{"not_picked":["blackbeard:BeatUp","blackbeard:RearmingStrike","blackbeard:SwordDance+1"],"picked":"SKIP","floor":24.0},{"not_picked":["blackbeard:Fencing+1","blackbeard:Sword+1"],"picked":"blackbeard:PiratesWill+1","floor":28.0},{"not_picked":["blackbeard:BeatUp","blackbeard:Provisioning+1"],"picked":"blackbeard:GoldenDefense+1","floor":30.0},{"not_picked":["blackbeard:PiratesWill+1","blackbeard:BeatUp"],"picked":"blackbeard:PirateStrength","floor":31.0},{"not_picked":["blackbeard:GoldenRain","blackbeard:ReapersScythe+1"],"picked":"blackbeard:BoostMorale+1","floor":33.0},{"not_picked":["blackbeard:BeatUp","blackbeard:Shrapnel"],"picked":"blackbeard:TacticalRetreat+1","floor":35.0},{"not_picked":["blackbeard:SwordDance+1","blackbeard:Scrap+1"],"picked":"blackbeard:CannonBarrage+1","floor":36.0},{"not_picked":["blackbeard:WiseDefense+1","blackbeard:DangerousBlow"],"picked":"blackbeard:Spear+1","floor":39.0},{"not_picked":["blackbeard:Murder","blackbeard:Eyepatch"],"picked":"blackbeard:Dagger+1","floor":41.0},{"not_picked":["blackbeard:Upgrade+1","blackbeard:DeadlyArsenal+1"],"picked":"blackbeard:BlindAttacks+1","floor":42.0},{"not_picked":["blackbeard:BlindAttacks","blackbeard:TacticalRetreat+1"],"picked":"blackbeard:SmithingHammer+1","floor":44.0},{"not_picked":["blackbeard:DeadlyArsenal+1","blackbeard:Recklessness+1"],"picked":"blackbeard:GhostInTheRum+1","floor":46},{"not_picked":["blackbeard:Toast+1","blackbeard:VengefulSpirit+1"],"picked":"blackbeard:Boarding+1","floor":48},{"not_picked":["blackbeard:GoldenDefense+1","blackbeard:Spear+1"],"picked":"blackbeard:Sharpening+1","floor":51},{"not_picked":["blackbeard:BeatUp+1","blackbeard:RearmingStrike+1"],"picked":"blackbeard:WiseDefense+1","floor":52},{"not_picked":["blackbeard:Lifeboat+1","blackbeard:Fencing+1"],"picked":"blackbeard:GoldenCannonball","floor":53},{"not_picked":["blackbeard:CannonballSupply+1","blackbeard:WoodenLeg"],"picked":"blackbeard:RemoveScurvy+1","floor":56}],"player_experience":939421,"relics_obtained":[{"floor":7.0,"key":"Quantum Egg"},{"floor":9.0,"key":"HornCleat"},{"floor":10.0,"key":"blackbeard:HipFlask"},{"floor":11.0,"key":"aspiration:HiddenCompartment"},{"floor":12.0,"key":"Toxic Egg 2"},{"floor":26.0,"key":"Replay:Mystery Machine"},{"floor":28.0,"key":"Replay:Towering Pillar of Hats"},{"floor":29.0,"key":"Replay:Wax Seal"},{"floor":30.0,"key":"Bag of Marbles"},{"floor":40.0,"key":"Darkstone Periapt"},{"floor":41.0,"key":"ReplayFunnel"},{"floor":42.0,"key":"Replay:Baseball"},{"floor":43.0,"key":"Mercury Hourglass"},{"floor":44.0,"key":"MealTicket"},{"floor":48,"key":"blackbeard:WhitePearl"},{"floor":49,"key":"Pet Ghost"},{"floor":51,"key":"paleoftheancients:SoulOfTheIroncluck"},{"floor":53,"key":"paleoftheancients:BlurryLens"},{"floor":54,"key":"Incense Burner"},{"floor":55,"key":"Grinning Jar"}],"event_choices":[{"damage_healed":0.0,"max_hp_gain":0.0,"max_hp_loss":0.0,"gold_gain":0.0,"event_name":"blackbeard:GoldsmithEvent","player_choice":"Ignored","floor":5.0,"gold_loss":0.0,"damage_taken":0.0},{"cards_removed":["blackbeard:RearmingStrike"],"damage_healed":0.0,"max_hp_gain":0.0,"max_hp_loss":0.0,"gold_gain":0.0,"event_name":"Purifier","player_choice":"Purged","floor":37.0,"gold_loss":0.0,"damage_taken":0.0}],"is_beta":false,"boss_relics":[{"not_picked":["Replay:Fungal Core","Coffee Dripper"],"picked":"aspiration:RunicSpoon"},{"not_picked":["SacredBark","Replay:Wanted Poster"],"picked":"Replay:Bronze Core"}],"items_purged_floors":[],"is_endless":false,"potions_floor_spawned":[3,7,10,11,18,21,30,39,42,53],"ascension_level":1}}