{"host":"91blwi3hgehj6ch9","time":1610080657,"event":{"mods":["2.2 Compatiblity","AchievementEnabler","BaseMod","Colored Map","DeckTracker","Keyboard Shortcuts","Minty Spire (QoL Compilation)","Permanent Neow","Quick Restart","StSLib","SuperFastMode"],"gold_per_floor":[118,43,60,60,80,80,115,135,135,169,169,169,188,202,202,305,305,323,341,5,24,44,76,89,122,145,161,176,176,203,203,203],"floor_reached":31,"playtime":1182,"items_purged":["Bash"],"score":383,"play_id":"cdc7b320-8c49-4138-867a-a1737e4c8f92","local_time":"20210108133737","is_ascension_mode":true,"campfire_choices":[{"data":"Perfected Strike","floor":6.0,"key":"SMITH"},{"data":"Body Slam","floor":12.0,"key":"SMITH"},{"floor":15.0,"key":"REST"},{"data":"Corruption","floor":29.0,"key":"SMITH"}],"circlet_count":0,"master_deck":["Strike_R","Strike_R","Strike_R","Strike_R","Strike_R","Defend_R","Defend_R","Defend_R","Perfected Strike+1","Flame Barrier","Ghostly Armor","Body Slam+1","Pommel Strike","Disarm","Pommel Strike","Perfected Strike","Corruption+1","Twin Strike","Shrug It Off","Pommel Strike+1","Twin Strike+1","Pommel Strike","Twin Strike"],"relics":["Burning Blood","Ice Cream","Calipers","WingedGreaves","Incense Burner","SlaversCollar","TungstenRod","Nunchaku","Happy Flower","Regal Pillow","Shuriken"],"acts_visited":["Exordium","TheCity"],"potions_floor_usage":[],"damage_taken":[{"damage":19.0,"enemies":"Jaw Worm","floor":1.0,"turns":5.0},{"damage":6.0,"enemies":"Cultist","floor":3.0,"turns":3.0},{"damage":4.0,"enemies":"Small Slimes","floor":5.0,"turns":3.0},{"damage":20.0,"enemies":"3 Sentries","floor":7.0,"turns":8.0},{"damage":10.0,"enemies":"2 Fungi Beasts","floor":8.0,"turns":6.0},{"damage":29.0,"enemies":"Gremlin Nob","floor":10.0,"turns":5.0},{"damage":8.0,"enemies":"Blue Slaver","floor":13.0,"turns":3.0},{"damage":12.0,"enemies":"Exordium Thugs","floor":14.0,"turns":4.0},{"damage":31.0,"enemies":"Slime Boss","floor":16.0,"turns":13.0},{"damage":19.0,"enemies":"3 Byrds","floor":18.0,"turns":6.0},{"damage":23.0,"enemies":"Shell Parasite","floor":19.0,"turns":6.0},{"damage":1.0,"enemies":"Snake Plant","floor":21.0,"turns":2.0},{"damage":6.0,"enemies":"Snecko","floor":22.0,"turns":4.0},{"damage":20.0,"enemies":"Slavers","floor":23.0,"turns":5.0},{"damage":20.0,"enemies":"Chosen and Byrds","floor":24.0,"turns":5.0},{"damage":10.0,"enemies":"Book of Stabbing","floor":25.0,"turns":5.0},{"damage":0.0,"enemies":"Centurion and Healer","floor":27.0,"turns":5.0},{"damage":15.0,"enemies":"Shelled Parasite and Fungi","floor":28.0,"turns":5.0},{"damage":10.0,"enemies":"Slavers","floor":30.0,"turns":3.0},{"damage":36,"enemies":"Chosen and Byrds","floor":31,"turns":4}],"seed_played":"-1029344636521737256","potions_obtained":[{"floor":3.0,"key":"Dexterity Potion"},{"floor":10.0,"key":"AttackPotion"},{"floor":14.0,"key":"HeartOfIron"},{"floor":21.0,"key":"HeartOfIron"},{"floor":22.0,"key":"Dexterity Potion"},{"floor":24.0,"key":"Dexterity Potion"},{"floor":25.0,"key":"Regen Potion"},{"floor":27.0,"key":"EntropicBrew"}],"is_trial":false,"path_per_floor":["M","$","M","?","M","R","E","M","T","E","?","R","M","M","R","B",null,"M","M","$","M","M","E","M","E","T","M","M","R","E","M"],"character_chosen":"IRONCLAD","items_purchased":["Twin Strike","TungstenRod"],"campfire_rested":1,"item_purchase_floors":[20,20],"current_hp_per_floor":[59,59,59,59,61,61,47,43,43,20,20,20,18,12,33,8,72,59,42,42,47,47,33,19,15,15,21,21,21,17,0,0],"gold":203,"neow_bonus":"ONE_RARE_RELIC","is_daily":false,"chose_seed":false,"campfire_upgraded":3,"win_rate":0.0,"timestamp":1610080657,"path_taken":["M","$","M","?","M","R","E","M","T","E","?","R","M","?","R","BOSS","M","M","$","M","M","E","M","E","T","?","?","R","E","M"],"items_purchased_type":["Card","Relic"],"build_version":"2020-12-22","purchased_purges":1,"victory":false,"max_hp_per_floor":[72,72,72,72,72,72,72,72,72,72,72,72,72,72,72,72,72,72,72,72,72,72,72,72,72,72,72,72,72,72,72,72],"card_choices":[{"not_picked":["Iron Wave","Headbutt"],"picked":"Perfected Strike","floor":1.0},{"not_picked":["Disarm","Rage","Sword Boomerang"],"picked":"SKIP","floor":3.0},{"not_picked":["Heavy Blade","Anger"],"picked":"Flame Barrier","floor":5.0},{"not_picked":["Clothesline","True Grit"],"picked":"Ghostly Armor","floor":7.0},{"not_picked":["Iron Wave","Immolate"],"picked":"Body Slam","floor":8.0},{"not_picked":["Evolve","Seeing Red"],"picked":"Pommel Strike","floor":10.0},{"not_picked":["Cleave","Sentinel"],"picked":"Pommel Strike","floor":13.0},{"not_picked":["Pommel Strike","Twin Strike"],"picked":"Perfected Strike","floor":14.0},{"not_picked":["Limit Break","Berserk"],"picked":"Corruption","floor":16.0},{"not_picked":["Clash+1","Havoc+1","Sword Boomerang+1"],"picked":"SKIP","floor":18.0},{"not_picked":["Second Wind+1","Heavy Blade+1","Wild Strike"],"picked":"SKIP","floor":19.0},{"not_picked":["Body Slam","Clothesline"],"picked":"Shrug It Off","floor":21.0},{"not_picked":["Body Slam","Inflame"],"picked":"Pommel Strike+1","floor":22.0},{"not_picked":["Clash","Intimidate"],"picked":"Twin Strike+1","floor":23.0},{"not_picked":["Feel No Pain","Seeing Red","Cleave"],"picked":"SKIP","floor":24.0},{"not_picked":["Combust","Bloodletting"],"picked":"Pommel Strike","floor":25.0},{"not_picked":["Warcry","Carnage","Infernal Blade"],"picked":"SKIP","floor":27.0},{"not_picked":["Anger","Shockwave","Heavy Blade"],"picked":"SKIP","floor":28.0},{"not_picked":["Exhume","Dropkick"],"picked":"Twin Strike","floor":30.0}],"player_experience":132482,"relics_obtained":[{"floor":7.0,"key":"Calipers"},{"floor":9.0,"key":"WingedGreaves"},{"floor":10.0,"key":"Incense Burner"},{"floor":23.0,"key":"Nunchaku"},{"floor":25.0,"key":"Happy Flower"},{"floor":26.0,"key":"Regal Pillow"},{"floor":30.0,"key":"Shuriken"}],"event_choices":[{"damage_healed":0.0,"max_hp_gain":0.0,"max_hp_loss":0.0,"gold_gain":0.0,"event_name":"Liars Game","player_choice":"Ignored","floor":4.0,"gold_loss":0.0,"damage_taken":0.0},{"damage_healed":0.0,"max_hp_gain":0.0,"max_hp_loss":0.0,"gold_gain":0.0,"cards_transformed":["Defend_R"],"event_name":"Transmorgrifier","player_choice":"Transformed","floor":11.0,"gold_loss":0.0,"damage_taken":0.0,"cards_obtained":["Disarm"]}],"is_beta":false,"boss_relics":[{"not_picked":["Tiny House","Astrolabe"],"picked":"SlaversCollar"}],"items_purged_floors":[2],"is_endless":false,"potions_floor_spawned":[3,10,14,21,22,24,25,27],"killed_by":"Chosen and Byrds","ascension_level":3}}