{"host":"o42wl4m5pnzrnqrg","time":1610134854,"event":{"mods":["100% Spire Juice","2.2 Compatiblity","Act Like it!","Arknights The Spire","BaseMod","Best Route Mod","Better Match","Better Note","Better Skull","Better Third Choice","Better Vampires","CapriCore","Colored Map","Curses Come First","Dota2Spire","Evolution","Friendly Minions","GifTheSpireLib","Gold Saver","Hallownest","Hubris","Jess\u0027s Bottle","Luminous","Mari Mod (Legacy)","Mari\u0027s V1 Patch","Marisa????????","Minty Spire (QoL Compilation)","Permanent Neow","Poor People Problems","Rare Cards Sparkle","Relic Stats","Replay The Spire","Robot Space Explorer","SOS???????","Shop Mod","Small Relic Pack","Spicy Shops","StSLib","The Bladedancer","The Blue Laboratory","The Bug Knight","The Dragon Tamer","The Marked","TheSwordswoman","TheWitcher","Transform Curses","???mod?????","??????REMEMod"],"gold_per_floor":[238,44,44,44,71,100,100,120,196,310,326,7,40,137,137,239,239,336,86,9,9,9,9],"floor_reached":21,"playtime":1937,"items_purged":[],"score":270,"play_id":"52a5452f-0823-48d0-842f-5e497c351c45","local_time":"20210108154053","is_ascension_mode":false,"metric_token":3091,"campfire_choices":[{"data":"REME_WheelOfFate","floor":15,"key":"SMITH"}],"dtmod_dragon_data":[36,50,3,-1,6,0],"circlet_count":0,"master_deck":["DTMod:Strike","DTMod:Strike","DTMod:DoubleHit","DTMod:TargetDefense","DTMod:TargetDefense","DTMod:TargetDefense","DTMod:TargetDefense","DTMod:SwitchingTactic","REME_PuzzleBox","DTMod:Training","REME_WheelOfFate","DTMod:ComboAttack","DTMod:Threaten","DTMod:ComboAttack","DTMod:Safeguard","DTMod:Overwhelm","REME_WheelOfFate+1","DTMod:ComboAttack","DTMod:TagTeam","DTMod:Cover","DTMod:HeadStart","DTMod:RunningTactic"],"relics":["DTMod:PactStone","EVO:Axolotl","REME_ComplimentaryCards","NeowsBlessing","HollowMod:QueensCombRelic","Hallownest:DreamNailRelic","Pantograph","hubris:SphereOfDissonance","Nunchaku","Juzu Bracelet","Dota2Spire:MagicBottle","Dota2Spire:LotusOrb","Replay:Bronze Core","Hallownest:UnbreakableCardRelic","DTMod:MindBender"],"acts_visited":["Exordium","Hallownest:Greenpath"],"potions_floor_usage":[11,16,16],"damage_taken":[{"damage":0,"enemies":"Hallownest:2_MossCreeps","floor":1,"turns":2},{"damage":0,"enemies":"Hallownest:eliteVengeflyKing","floor":6,"turns":1},{"damage":0,"enemies":"Hallownest:monsterHuskWarrior","floor":8,"turns":1},{"damage":0,"enemies":"Hallownest:eliteMossKnight","floor":10,"turns":8},{"damage":0,"enemies":"Hallownest:monsterHuskGuard","floor":11,"turns":4},{"damage":0,"enemies":"Hallownest:eliteCrystalGuardian","floor":13,"turns":5},{"damage":0,"enemies":"Hallownest:Guard_and_Warrior","floor":14,"turns":4},{"damage":17,"enemies":"Hallownest:BossFalseKnight","floor":16,"turns":7},{"damage":0,"enemies":"Hallownest:3_Youths","floor":18,"turns":8}],"seed_played":"-4156792777066755821","potions_obtained":[{"floor":8,"key":"blueLaboratory:AbyssPotion"},{"floor":10,"key":"Dexterity Potion"},{"floor":14,"key":"Dota2Spire:Clarity"},{"floor":18,"key":"blueLaboratory:AbyssPotion"}],"is_trial":false,"path_per_floor":["M","$","?","?","T","E","?","M","T","E","M","$","E","M","R","B",null,"M","?","$","?"],"character_chosen":"THE_DT","items_purchased":["REME_WheelOfFate","REME_WheelOfFate","DTMod:ComboAttack","DTMod:Weaken","DTMod:MindBender"],"campfire_rested":0,"item_purchase_floors":[2,12,12,12,20],"current_hp_per_floor":[45,45,45,45,45,30,30,30,30,30,30,30,30,30,30,19,30,30,30,30,0,0,0],"gold":9,"neow_bonus":"THREE_ENEMY_KILL","is_daily":false,"chose_seed":false,"campfire_upgraded":1,"win_rate":0.0,"timestamp":1610134853,"path_taken":["M","$","?","?","?","E","?","?","T","E","M","?","E","M","R","BOSS","M","?","$","?"],"items_purchased_type":["Card","Card","Card","Card","Relic"],"build_version":"2020-12-22","purchased_purges":0,"victory":false,"max_hp_per_floor":[45,45,45,45,45,30,30,30,30,30,30,30,30,30,30,30,30,30,30,30,30,30,30],"relic_stats":{"Nunchaku":[4],"counters":[9,40],"Pantograph":0,"Juzu Bracelet":0,"obtain_stats":[{"HollowMod:QueensCombRelic":6,"NeowsBlessing":0,"Hallownest:UnbreakableCardRelic":19,"hubris:SphereOfDissonance":10,"Hallownest:DreamNailRelic":7,"Juzu Bracelet":13,"EVO:Axolotl":0,"Dota2Spire:LotusOrb":16,"Dota2Spire:MagicBottle":13,"Nunchaku":11,"DTMod:MindBender":20,"DTMod:PactStone":0,"Pantograph":9,"Replay:Bronze Core":17,"REME_ComplimentaryCards":0},{"HollowMod:QueensCombRelic":2,"NeowsBlessing":0,"Hallownest:UnbreakableCardRelic":9,"hubris:SphereOfDissonance":4,"Hallownest:DreamNailRelic":2,"Juzu Bracelet":6,"EVO:Axolotl":0,"Dota2Spire:LotusOrb":8,"Dota2Spire:MagicBottle":6,"Nunchaku":5,"DTMod:MindBender":9,"DTMod:PactStone":0,"Pantograph":3,"Replay:Bronze Core":8,"REME_ComplimentaryCards":0},{"HollowMod:QueensCombRelic":3,"NeowsBlessing":0,"Hallownest:UnbreakableCardRelic":40,"hubris:SphereOfDissonance":12,"Hallownest:DreamNailRelic":3,"Juzu Bracelet":17,"EVO:Axolotl":0,"Dota2Spire:LotusOrb":28,"Dota2Spire:MagicBottle":21,"Nunchaku":14,"DTMod:MindBender":40,"DTMod:PactStone":0,"Pantograph":4,"Replay:Bronze Core":32,"REME_ComplimentaryCards":0}]},"card_choices":[{"not_picked":["DTMod:ComboAttack","DTMod:Hide"],"picked":"DTMod:Training","floor":1},{"not_picked":["DTMod:LowKick","DTMod:Punisher"],"picked":"DTMod:Threaten","floor":6},{"not_picked":["DTMod:Feint","DTMod:MagicField"],"picked":"DTMod:ComboAttack","floor":8},{"not_picked":["DTMod:QuickFly","DTMod:BuildUp"],"picked":"DTMod:Safeguard","floor":10},{"not_picked":["DTMod:Hide","DTMod:Cover"],"picked":"DTMod:Overwhelm","floor":11},{"not_picked":["DTMod:ShieldDrain","DTMod:Training"],"picked":"DTMod:TagTeam","floor":13},{"not_picked":["DTMod:Training","DTMod:BlueScale"],"picked":"DTMod:Cover","floor":14},{"not_picked":["DTMod:LightShield","DTMod:RepeatStrike"],"picked":"DTMod:HeadStart","floor":16},{"not_picked":["DTMod:QuickFly","DTMod:Punisher"],"picked":"DTMod:RunningTactic","floor":18}],"player_experience":498573,"relics_obtained":[{"floor":6,"key":"HollowMod:QueensCombRelic"},{"floor":9,"key":"Pantograph"},{"floor":10,"key":"hubris:SphereOfDissonance"},{"floor":13,"key":"Dota2Spire:MagicBottle"}],"event_choices":[],"is_beta":false,"boss_relics":[{"not_picked":["REME_LowDesire","hubris:CrackedHourglass"],"picked":"Replay:Bronze Core"}],"items_purged_floors":[],"is_endless":false,"potions_floor_spawned":[8,10,14,18],"ascension_level":0}}