{"host":"ci7cmvrwpmzqnw7e","time":1610073622,"event":{"mods":["BaseMod","BetterRewards","Colored Map","Downfall","Hubris","Minty Spire (QoL Compilation)","Rare Cards Sparkle","Replay The Spire","Shop Mod","StSLib","The Bug Knight"],"gold_per_floor":[99,115,48,48,62,62,62,73,173,173,223,241,256,268,281,281,281,281],"floor_reached":16,"playtime":849,"items_purged":[],"score":94,"play_id":"fe75eec2-d85e-4e21-a208-e255b20ccd8e","local_time":"20210107194022","is_ascension_mode":false,"campfire_choices":[{"data":"Slimebound:Split","floor":1,"key":"SMITH"},{"data":"Slimebound:LevelUp","floor":6,"key":"SMITH"},{"floor":10,"key":"REST"}],"circlet_count":0,"master_deck":["Slimebound:Strike_Slimebound","Slimebound:Strike_Slimebound","Slimebound:Defend_Slimebound","Slimebound:Defend_Slimebound","Slimebound:Defend_Slimebound","Slimebound:Split+1","Slimebound:CorrosiveSpit","Slimebound:LevelUp+1","Slimebound:ServeAndProtect+1","Slimebound:SlimeBarrage+1","Slimebound:FormOfPuddle","Slimebound:SelfFormingGoo","Slimebound:SlimeTap"],"relics":["Slimebound:AbsorbEndCombat","Ice Cream","ReplayFunnel"],"acts_visited":["Exordium"],"potions_floor_usage":[16,16,16],"damage_taken":[{"damage":8,"enemies":"Small Slimes","floor":2,"turns":3},{"damage":9,"enemies":"downfall:FleeingMerchant","floor":3,"turns":4},{"damage":8,"enemies":"2 Louse","floor":5,"turns":3},{"damage":11,"enemies":"Jaw Worm","floor":8,"turns":3},{"damage":46,"enemies":"downfall:Heads","floor":9,"turns":6},{"damage":11,"enemies":"Exordium Thugs","floor":12,"turns":7},{"damage":10,"enemies":"Gremlin Gang","floor":13,"turns":4},{"damage":19,"enemies":"Exordium Wildlife","floor":14,"turns":2},{"damage":10,"enemies":"Blue Slaver","floor":15,"turns":2},{"damage":56,"enemies":"downfall:Ironclad","floor":16,"turns":6}],"seed_played":"-7232141696949844760","potions_obtained":[{"floor":5,"key":"Elixir"},{"floor":8,"key":"Slimebound:SlimedPotion"},{"floor":9,"key":"GamblersBrew"},{"floor":15,"key":"Adrenaline Potion"}],"is_trial":false,"path_per_floor":["R","M","$","?","M","R","T","M","?","R","T","M","M","M","M","B"],"character_chosen":"SLIMEBOUND","items_purchased":["Slimebound:SplitBruiser"],"campfire_rested":1,"item_purchase_floors":[3],"current_hp_per_floor":[60,60,60,60,60,60,60,58,24,42,42,43,45,34,40,0,0,0],"gold":281,"neow_bonus":"TRANSFORM_CARD","is_daily":false,"chose_seed":false,"campfire_upgraded":2,"win_rate":0.0,"timestamp":1610073622,"path_taken":["R","M","$","?","M","R","T","M","?","R","?","?","?","M","M","BOSS"],"items_purchased_type":["Card"],"build_version":"2020-12-22","purchased_purges":0,"victory":false,"max_hp_per_floor":[60,60,60,60,60,60,60,60,60,60,60,60,60,60,60,60,60,60],"card_choices":[{"not_picked":["Slimebound:Schlurp","Slimebound:ViciousTackle"],"picked":"Slimebound:ServeAndProtect","floor":2},{"not_picked":["Slimebound:AcidTongue","Slimebound:FinishingTackle","Slimebound:Prepare"],"picked":"SKIP","floor":3},{"not_picked":["Slimebound:FinishingTackle","Slimebound:Dissolve","Slimebound:ViciousTackle"],"picked":"SKIP","floor":5},{"not_picked":["Slimebound:SlimeSpikes","Slimebound:LeechEnergy"],"picked":"Slimebound:FormOfPuddle","floor":8},{"not_picked":["Slimebound:Grow","Slimebound:SamplingLick"],"picked":"Slimebound:SlimeTap","floor":12},{"not_picked":["Slimebound:LeechEnergy","Slimebound:RollThrough","Slimebound:HauntingLick"],"picked":"SKIP","floor":13},{"not_picked":["Slimebound:Nibble","Slimebound:Replication","Slimebound:SamplingLick"],"picked":"SKIP","floor":14},{"not_picked":["Slimebound:LeechLife","Slimebound:MegaLick","Slimebound:PressTheAttack"],"picked":"SKIP","floor":15}],"player_experience":17913,"relics_obtained":[{"floor":7,"key":"Ice Cream"},{"floor":11,"key":"ReplayFunnel"}],"event_choices":[],"is_beta":false,"boss_relics":[],"items_purged_floors":[],"is_endless":false,"potions_floor_spawned":[5,8,9,15],"killed_by":"downfall:Ironclad","ascension_level":0}}