{"host":"ul103bh19qas5vs8","time":1610105227,"event":{"mods":["BaseMod","Downfall","Googly Eyes","Minty Spire (QoL Compilation)","Replay The Spire","Shop Mod","StSLib"],"gold_per_floor":[411,429,379,379,76,76,76,76,147,147,168,200,224,224,224,236,236],"floor_reached":16,"playtime":463,"items_purged":["Defend_G"],"score":104,"play_id":"523b11e5-8020-48ac-bcc7-a11dd6c43e81","local_time":"20210108192707","is_ascension_mode":true,"campfire_choices":[{"data":"Prepared","floor":6.0,"key":"SMITH"},{"data":"Leg Sweep","floor":8.0,"key":"SMITH"},{"data":"Terror","floor":10.0,"key":"SMITH"},{"data":"Cloak And Dagger","floor":15.0,"key":"SMITH"}],"circlet_count":0,"master_deck":["Strike_G","Strike_G","Defend_G","Defend_G","Defend_G","Defend_G","Survivor","Neutralize","Prepared+1","Leg Sweep+1","Terror+1","Cloak And Dagger+1","Endless Agony","Escape Plan","Tactician"],"relics":["Ring of the Snake","Old Coin","Replay:Bandana","Mummified Hand"],"acts_visited":["Exordium"],"potions_floor_usage":[],"damage_taken":[{"damage":0.0,"enemies":"2 Louse","floor":1.0,"turns":2.0},{"damage":0.0,"enemies":"Small Slimes","floor":2.0,"turns":4.0},{"damage":2.0,"enemies":"Jaw Worm","floor":11.0,"turns":5.0},{"damage":2.0,"enemies":"Gremlin Gang","floor":12.0,"turns":7.0},{"damage":0.0,"enemies":"Blue Slaver","floor":13.0,"turns":4.0},{"damage":33,"enemies":"Slime Boss","floor":16,"turns":8}],"seed_played":"6118277989834038981","potions_obtained":[{"floor":2.0,"key":"Venom Potion"}],"is_trial":false,"path_per_floor":["M","M","?","?","$","R","T","R","T","R","M","M","M","?","R","B"],"character_chosen":"THE_SILENT","items_purchased":["Replay:Bandana","Terror"],"campfire_rested":0,"item_purchase_floors":[5,5],"current_hp_per_floor":[63,63,63,56,56,56,56,56,56,56,54,52,52,52,52,19,19],"gold":236,"neow_bonus":"ONE_RARE_RELIC","is_daily":false,"chose_seed":false,"campfire_upgraded":4,"win_rate":0.0,"timestamp":1610105227,"path_taken":["M","M","?","?","$","R","?","R","T","R","?","M","M","?","R","BOSS"],"items_purchased_type":["Relic","Card"],"build_version":"2020-12-22","purchased_purges":1,"victory":false,"max_hp_per_floor":[63,63,63,63,63,63,63,63,63,63,63,63,63,63,63,63,63],"card_choices":[{"not_picked":["Slice","Deflect"],"picked":"Prepared","floor":1.0},{"not_picked":["Dagger Throw","Prepared"],"picked":"Leg Sweep","floor":2.0},{"not_picked":["Deflect","Quick Slash"],"picked":"Cloak And Dagger","floor":11.0},{"not_picked":["Crippling Poison","Deflect"],"picked":"Endless Agony","floor":12.0},{"not_picked":["Prepared","Deadly Poison","Escape Plan"],"picked":"SKIP","floor":13.0},{"not_picked":["Prepared","Deadly Poison"],"picked":"Escape Plan","floor":13.0}],"player_experience":135007,"relics_obtained":[{"floor":9.0,"key":"Mummified Hand"}],"event_choices":[{"cards_removed":["Strike_G"],"damage_healed":0.0,"max_hp_gain":0.0,"max_hp_loss":0.0,"gold_gain":0.0,"event_name":"The Cleric","player_choice":"Card Removal","floor":3.0,"gold_loss":50.0,"damage_taken":0.0},{"cards_removed":["Strike_G"],"damage_healed":0.0,"max_hp_gain":0.0,"max_hp_loss":0.0,"gold_gain":0.0,"event_name":"Golden Wing","player_choice":"Card Removal","floor":4.0,"gold_loss":0.0,"damage_taken":7.0},{"damage_healed":0.0,"max_hp_gain":0.0,"max_hp_loss":0.0,"gold_gain":0.0,"cards_transformed":["Strike_G"],"event_name":"Living Wall","player_choice":"Change","floor":14.0,"gold_loss":0.0,"damage_taken":0.0,"cards_obtained":["Tactician"]}],"is_beta":false,"boss_relics":[],"items_purged_floors":[5],"is_endless":false,"potions_floor_spawned":[2],"killed_by":"Slime Boss","ascension_level":3}}