{"host":"1a3cjta80tad0aqj","time":1610088642,"event":{"mods":["2.2 Compatiblity","AchievementEnabler","BaseMod","Colored Map","DeckTracker","KOR Keyword Fix","Keyboard Shortcuts","Minty Spire (QoL Compilation)","Permanent Neow","Quick Restart","Random Character Button","StSLib","SuperFastMode","everything is the same but u backflip on backflip"],"gold_per_floor":[115,290,215,235,135,135,135,135,135,150,184,195,195,210,210,310,310,324,324,337,350,175,175,188,188,188,38,49,49,13,24,24,125,125,141,141,155,82,97,97,97,97,97,97,97,107,123,141,141,141,141],"floor_reached":50,"playtime":2783,"items_purged":["Doubt","Defend_P","Strike_P","Defend_P"],"score":444,"play_id":"83f6b8cb-50d9-46dd-8a63-9e9e715a2b65","local_time":"20210108155042","is_ascension_mode":false,"campfire_choices":[{"data":"Eruption","floor":6.0,"key":"SMITH"},{"data":"FlurryOfBlows","floor":8.0,"key":"SMITH"},{"data":"SashWhip","floor":13.0,"key":"SMITH"},{"data":"Scrawl","floor":15.0,"key":"SMITH"},{"data":"FearNoEvil","floor":23.0,"key":"SMITH"},{"data":"Halt","floor":25.0,"key":"SMITH"},{"data":"CarveReality","floor":32.0,"key":"SMITH"},{"floor":40.0,"key":"REST"},{"data":"SpiritShield","floor":42.0,"key":"SMITH"},{"floor":44.0,"key":"REST"},{"floor":49.0,"key":"REST"}],"circlet_count":0,"master_deck":["Strike_P","Strike_P","Defend_P","Eruption+1","Vigilance","FlurryOfBlows+1","SashWhip+1","Scrawl+1","FearNoEvil+1","SpiritShield+1","Halt+1","CarveReality+1","Tantrum+1","CarveReality+1","Sanctity","BowlingBash","Consecrate+1"],"relics":["Cursed Key"],"acts_visited":["Exordium","TheCity","TheBeyond"],"potions_floor_usage":[50,50],"damage_taken":[{"damage":0.0,"enemies":"Jaw Worm","floor":1.0,"turns":4.0},{"damage":2.0,"enemies":"Small Slimes","floor":4.0,"turns":2.0},{"damage":0.0,"enemies":"Cultist","floor":10.0,"turns":2.0},{"damage":10.0,"enemies":"3 Sentries","floor":11.0,"turns":3.0},{"damage":2.0,"enemies":"3 Louse","floor":12.0,"turns":2.0},{"damage":5.0,"enemies":"2 Fungi Beasts","floor":14.0,"turns":3.0},{"damage":41.0,"enemies":"Slime Boss","floor":16.0,"turns":10.0},{"damage":8.0,"enemies":"Shell Parasite","floor":18.0,"turns":6.0},{"damage":12.0,"enemies":"2 Thieves","floor":20.0,"turns":3.0},{"damage":0.0,"enemies":"Centurion and Healer","floor":21.0,"turns":6.0},{"damage":1.0,"enemies":"Cultist and Chosen","floor":24.0,"turns":4.0},{"damage":0.0,"enemies":"Snake Plant","floor":28.0,"turns":1.0},{"damage":0.0,"enemies":"3 Cultists","floor":31.0,"turns":3.0},{"damage":19.0,"enemies":"Collector","floor":33.0,"turns":4.0},{"damage":5.0,"enemies":"3 Darklings","floor":35.0,"turns":4.0},{"damage":16.0,"enemies":"Orb Walker","floor":37.0,"turns":3.0},{"damage":16.0,"enemies":"Jaw Worm Horde","floor":39.0,"turns":3.0},{"damage":12.0,"enemies":"Maw","floor":46.0,"turns":5.0},{"damage":3.0,"enemies":"4 Shapes","floor":47.0,"turns":2.0},{"damage":0.0,"enemies":"Jaw Worm Horde","floor":48.0,"turns":2.0},{"damage":76,"enemies":"Awakened One","floor":50,"turns":9}],"seed_played":"5307346780381883643","potions_obtained":[{"floor":4.0,"key":"Dexterity Potion"},{"floor":12.0,"key":"Energy Potion"},{"floor":14.0,"key":"BlessingOfTheForge"},{"floor":18.0,"key":"Ambrosia"},{"floor":24.0,"key":"DistilledChaos"},{"floor":28.0,"key":"StancePotion"},{"floor":39.0,"key":"Block Potion"},{"floor":46.0,"key":"Energy Potion"},{"floor":47.0,"key":"FearPotion"}],"is_trial":false,"path_per_floor":["M","?","$","M","$","R","?","R","T","M","E","M","R","M","R","B",null,"M","?","M","M","$","R","M","R","T","$","M","?","$","M","R","B",null,"M","?","M","$","M","R","?","R","T","R","?","M","M","M","R","B"],"character_chosen":"WATCHER","items_purchased":["FearPotion","CarveReality","DistilledChaos"],"campfire_rested":3,"item_purchase_floors":[22,30,38],"current_hp_per_floor":[72,72,72,70,70,70,70,70,70,70,60,58,58,53,53,12,72,64,64,52,52,52,52,51,51,51,51,51,51,51,51,51,32,72,67,67,51,51,35,56,56,56,56,72,72,60,57,57,72,0,0],"gold":141,"neow_bonus":"BOSS_RELIC","is_daily":false,"chose_seed":true,"campfire_upgraded":8,"win_rate":0.0,"timestamp":1610088642,"path_taken":["M","?","$","M","$","R","?","R","T","?","E","M","R","M","R","BOSS","M","?","M","M","$","R","M","R","T","$","M","?","?","M","R","BOSS","M","?","M","$","M","R","?","R","T","R","?","M","M","?","R","BOSS"],"items_purchased_type":["Potion","Card","Potion"],"build_version":"2020-12-22","purchased_purges":4,"victory":false,"max_hp_per_floor":[72,72,72,72,72,72,72,72,72,72,72,72,72,72,72,72,72,72,72,72,72,72,72,72,72,72,72,72,72,72,72,72,72,72,72,72,72,72,72,72,72,72,72,72,72,72,72,72,72,72,72],"card_choices":[{"not_picked":["FollowUp","ForeignInfluence"],"picked":"FlurryOfBlows","floor":1.0},{"not_picked":["Prostrate","FlyingSleeves"],"picked":"SashWhip","floor":4.0},{"not_picked":["Vengeance","Swivel","JustLucky"],"picked":"SKIP","floor":10.0},{"not_picked":["ReachHeaven","CrushJoints"],"picked":"FearNoEvil","floor":11.0},{"not_picked":["Perseverance","EmptyFist","WheelKick"],"picked":"SKIP","floor":12.0},{"not_picked":["Fasting2","Sanctity","FlurryOfBlows"],"picked":"SKIP","floor":14.0},{"not_picked":["Ragnarok","Wish"],"picked":"SpiritShield","floor":16.0},{"not_picked":["FlyingSleeves","ForeignInfluence+1"],"picked":"Halt","floor":18.0},{"not_picked":["Crescendo+1","CrushJoints","Collect"],"picked":"SKIP","floor":20.0},{"not_picked":["Halt","SandsOfTime+1","Evaluate"],"picked":"SKIP","floor":21.0},{"not_picked":["FlurryOfBlows","JustLucky","Halt"],"picked":"SKIP","floor":24.0},{"not_picked":["Prostrate","JustLucky+1","Wish"],"picked":"SKIP","floor":28.0},{"not_picked":["Fasting2+1","Collect+1","Study"],"picked":"SKIP","floor":31.0},{"not_picked":["Pray+1","MentalFortress+1","DeceiveReality+1"],"picked":"SKIP","floor":35.0},{"not_picked":["Evaluate+1","Consecrate"],"picked":"Tantrum+1","floor":37.0},{"not_picked":["Weave","Tantrum"],"picked":"CarveReality+1","floor":39.0},{"not_picked":["InnerPeace+1","Swivel+1"],"picked":"BowlingBash","floor":46.0},{"not_picked":["Halt+1","Nirvana"],"picked":"Consecrate+1","floor":47.0},{"not_picked":["Evaluate","FlurryOfBlows","JustLucky"],"picked":"SKIP","floor":48.0}],"player_experience":196698,"relics_obtained":[],"event_choices":[{"damage_healed":0.0,"max_hp_gain":0.0,"max_hp_loss":0.0,"gold_gain":175.0,"event_name":"Liars Game","player_choice":"AGREE","floor":2.0,"gold_loss":0.0,"damage_taken":0.0,"cards_obtained":["Doubt"]},{"damage_healed":0.0,"max_hp_gain":0.0,"max_hp_loss":0.0,"gold_gain":0.0,"event_name":"Match and Keep!","player_choice":"1 cards matched","floor":7.0,"gold_loss":0.0,"damage_taken":0.0,"cards_obtained":["Scrawl"]},{"damage_healed":0.0,"max_hp_gain":0.0,"max_hp_loss":0.0,"gold_gain":0.0,"event_name":"Ghosts","player_choice":"Ignored","floor":19.0,"gold_loss":0.0,"damage_taken":0.0},{"cards_removed":["Strike_P"],"damage_healed":0.0,"max_hp_gain":0.0,"max_hp_loss":0.0,"gold_gain":0.0,"event_name":"Back to Basics","player_choice":"Elegance","floor":29.0,"gold_loss":0.0,"damage_taken":0.0},{"damage_healed":0.0,"max_hp_gain":0.0,"max_hp_loss":0.0,"gold_gain":0.0,"event_name":"Tomb of Lord Red Mask","player_choice":"Ignored","floor":36.0,"gold_loss":0.0,"damage_taken":0.0},{"damage_healed":0.0,"max_hp_gain":0.0,"max_hp_loss":0.0,"gold_gain":0.0,"event_name":"SensoryStone","player_choice":"Memory 1","floor":41.0,"gold_loss":0.0,"damage_taken":0.0},{"damage_healed":0.0,"max_hp_gain":0.0,"max_hp_loss":0.0,"gold_gain":0.0,"cards_transformed":["Defend_P"],"event_name":"Transmorgrifier","player_choice":"Transformed","floor":45.0,"gold_loss":0.0,"damage_taken":0.0,"cards_obtained":["Sanctity"]}],"is_beta":false,"boss_relics":[{"not_picked":[]},{"not_picked":[]}],"items_purged_floors":[3,5,22,27],"is_endless":false,"potions_floor_spawned":[4,12,14,18,24,28,39,46,47,48],"killed_by":"Awakened One","ascension_level":0}}