{"host":"vucub2jtaeo9vgh1","time":1610099652,"event":{"mods":["BaseMod","BetterRewards","Minty Spire (QoL Compilation)","Quick Restart","Rare Cards Sparkle","Replay The Spire","StSLib"],"gold_per_floor":[116,127,127,147,0,29,29,44,67,67,84,119,119,137,137,232,232,249,249,249,164,177,202,217,73,73,86,86,111,131,144,144,248,248,263,276,39,54,54,79,91,116,153,180,219,246,286,309,321,333],"floor_reached":51,"playtime":1908,"items_purged":["Regret"],"score":763,"play_id":"f05d76a0-20e9-4511-8046-b66b99507dc0","local_time":"20210108105412","is_ascension_mode":false,"campfire_choices":[{"data":"Evolve","floor":7,"key":"SMITH"},{"data":"Fire Breathing","floor":10,"key":"SMITH"},{"floor":15,"key":"REST"},{"data":"Fire Breathing","floor":28,"key":"SMITH"},{"data":"Power Through","floor":32,"key":"SMITH"},{"data":"Apotheosis","floor":41,"key":"SMITH"},{"floor":49,"key":"REST"}],"circlet_count":0,"master_deck":["Defend_R","Defend_R","Defend_R","Defend_R","Bash","ReplayTheSpireMod:Muscle Training+1","ReplayTheSpireMod:Muscle Training+1","Fire Breathing+1","Wild Strike","Fire Breathing+1","True Grit","Wild Strike","Clothesline","Battle Trance","Evolve+1","Wild Strike","Clumsy","Languid","ReplayTheSpireMod:Stacked","Power Through+1","Sever Soul","True Grit+1","Fiend Fire","Apotheosis+1","ReplayTheSpireMod:Stacked","ReplayTheSpireMod:Stacked","Power Through"],"relics":["Burning Blood","Sling","Replay:Kaleidoscope","Orichalcum","Bronze Scales","Eternal Feather","Boot","Toy Ornithopter","Replay:Accelerometer","Nunchaku","Kintsugi","MutagenicStrength","Happy Flower","Potion Belt","Guide Book","Bottled Flame","Centennial Puzzle","Sozu","Ring of Panic","MawBank","CeramicFish","Art of War","Red Skull"],"acts_visited":["Exordium","TheCity","TheBeyond"],"potions_floor_usage":[6,14,16,16,23,24,24],"damage_taken":[{"damage":8,"enemies":"Jaw Worm","floor":1,"turns":4},{"damage":1,"enemies":"2 Louse","floor":2,"turns":2},{"damage":0,"enemies":"Small Slimes","floor":4,"turns":3},{"damage":15,"enemies":"Replay:BlueRogue","floor":6,"turns":4},{"damage":9,"enemies":"Blue Slaver","floor":8,"turns":5},{"damage":8,"enemies":"Exordium Wildlife","floor":11,"turns":3},{"damage":23,"enemies":"Lagavulin","floor":12,"turns":5},{"damage":12,"enemies":"Lots of Slimes","floor":14,"turns":3},{"damage":10,"enemies":"Fading Forest","floor":16,"turns":11},{"damage":6,"enemies":"Spheric Guardian","floor":18,"turns":3},{"damage":5,"enemies":"3 Byrds","floor":22,"turns":2},{"damage":28,"enemies":"Slavers","floor":23,"turns":4},{"damage":1,"enemies":"Sentry and Sphere","floor":24,"turns":4},{"damage":13,"enemies":"3 Cultists","floor":27,"turns":3},{"damage":30,"enemies":"Gremlin Leader","floor":29,"turns":6},{"damage":0,"enemies":"Centurion and Healer","floor":30,"turns":4},{"damage":8,"enemies":"Snake Plant","floor":31,"turns":3},{"damage":56,"enemies":"Automaton","floor":33,"turns":7},{"damage":19,"enemies":"3 Darklings","floor":35,"turns":4},{"damage":2,"enemies":"Orb Walker","floor":36,"turns":3},{"damage":33,"enemies":"Writhing Mass","floor":38,"turns":6},{"damage":11,"enemies":"Nemesis","floor":40,"turns":5},{"damage":2,"enemies":"4 Shapes","floor":42,"turns":2},{"damage":12,"enemies":"Spire Growth","floor":44,"turns":5},{"damage":14,"enemies":"Transient","floor":46,"turns":5},{"damage":7,"enemies":"Giant Head","floor":47,"turns":7},{"damage":15,"enemies":"Jaw Worm Horde","floor":48,"turns":4},{"damage":12,"enemies":"Awakened One","floor":50,"turns":9}],"seed_played":"-1642013991577528893","potions_obtained":[{"floor":2,"key":"AttackPotion"},{"floor":11,"key":"Ancient Potion"},{"floor":12,"key":"AttackPotion"},{"floor":14,"key":"Weak Potion"},{"floor":18,"key":"SpeedPotion"},{"floor":22,"key":"ColorlessPotion"},{"floor":23,"key":"DuplicationPotion"}],"is_trial":false,"path_per_floor":["M","M","?","M","$","E","R","M","T","R","M","E","?","M","R","B",null,"M","?","?","?","M","E","M","$","T","M","R","E","M","M","R","B",null,"M","M","$","M","?","E","R","M","T","M","T","M","E","M","R","B",null],"character_chosen":"IRONCLAD","items_purchased":["ReplayTheSpireMod:Muscle Training","Fire Breathing","Sling","Gremlin Food","Wild Strike","Fire Breathing","True Grit","Battle Trance","Guide Book","Apotheosis","ReplayTheSpireMod:Stacked"],"campfire_rested":2,"item_purchase_floors":[0,0,0,0,0,0,0,5,25,37,37],"current_hp_per_floor":[35,40,40,46,46,37,49,46,46,58,56,39,27,26,62,68,80,80,80,80,80,80,58,73,73,73,66,78,54,60,58,70,20,80,67,71,71,44,44,39,54,58,58,52,52,44,43,34,73,67],"gold":345,"neow_bonus":"","is_daily":false,"chose_seed":false,"campfire_upgraded":5,"win_rate":0.0,"timestamp":1610099652,"path_taken":["M","M","?","M","$","E","R","M","T","R","M","E","?","M","R","BOSS","M","?","?","?","M","E","M","?","T","?","R","E","?","M","R","BOSS","M","M","$","M","?","E","R","M","T","M","?","M","E","M","R","BOSS"],"items_purchased_type":["Card","Card","Relic","Relic","Card","Card","Card","Card","Relic","Card","Card"],"build_version":"2020-12-22","purchased_purges":1,"victory":true,"max_hp_per_floor":[80,80,80,80,80,80,80,80,80,80,80,80,80,80,80,80,80,80,80,80,80,80,80,80,80,80,80,80,80,80,80,80,80,80,80,80,80,80,80,80,80,80,80,80,80,80,80,80,80,80],"card_choices":[{"not_picked":["ReplayReversal","Massacre"],"picked":"Wild Strike","floor":1},{"not_picked":["Pommel Strike","Run Through"],"picked":"Clothesline","floor":2},{"not_picked":["Dark Embrace","Combust","Entrench"],"picked":"SKIP","floor":4},{"not_picked":["Havoc","Armaments"],"picked":"Evolve","floor":6},{"not_picked":["ReplayTheSpireMod:Limb From Limb","Sword Boomerang"],"picked":"Wild Strike","floor":8},{"not_picked":["Body Slam","Twin Strike","Inflame"],"picked":"SKIP","floor":11},{"not_picked":["Twin Strike","Pommel Strike","Armaments"],"picked":"SKIP","floor":12},{"not_picked":["Twin Strike","ReplayTheSpireMod:LeadingStrike","Replay:Undeath\u0027s Touch"],"picked":"SKIP","floor":14},{"not_picked":["Havoc+1","Replay:Undeath\u0027s Touch+1"],"picked":"ReplayTheSpireMod:Stacked","floor":18},{"not_picked":["Body Slam","Replay:Undeath\u0027s Touch+1","Warcry"],"picked":"SKIP","floor":22},{"not_picked":["Armaments","Pummel+1","Replay:Undeath\u0027s Touch+1"],"picked":"SKIP","floor":23},{"not_picked":["Rage","Reaper","Twin Strike+1"],"picked":"SKIP","floor":24},{"not_picked":["Replay:Undeath\u0027s Touch+1","ReplayTheSpireMod:Strike From Hell"],"picked":"Sever Soul","floor":27},{"not_picked":["Clash","Heavy Blade+1","Eclipse"],"picked":"SKIP","floor":29},{"not_picked":["Sever Soul+1","Bloodletting"],"picked":"True Grit+1","floor":30},{"not_picked":["Inflame","Massacre","Clash+1"],"picked":"SKIP","floor":31},{"not_picked":["Double Tap","Juggernaut"],"picked":"Fiend Fire","floor":33},{"not_picked":["ReplayTheSpireMod:Limb From Limb+1","Replay:Undeath\u0027s Touch+1","Clothesline+1"],"picked":"SKIP","floor":35},{"not_picked":["Twin Strike","Heavy Blade","Life Link+1"],"picked":"SKIP","floor":36},{"not_picked":["Life Link","Eclipse"],"picked":"Power Through","floor":38},{"not_picked":["Anger","True Grit","Clash"],"picked":"SKIP","floor":40},{"not_picked":["Clothesline","Searing Blow","Thunderclap+1"],"picked":"SKIP","floor":42},{"not_picked":["Dark Embrace","Headbutt","Reaper"],"picked":"SKIP","floor":44},{"not_picked":["Wild Strike+1","Power Through+1","Rampage+1"],"picked":"SKIP","floor":46},{"not_picked":["Cleave+1","Armaments","ReplayTheSpireMod:Stacked"],"picked":"SKIP","floor":47},{"not_picked":["Replay:Undeath\u0027s Touch+1","Iron Wave","Shrug It Off+1"],"picked":"SKIP","floor":48}],"player_experience":278419,"relics_obtained":[{"floor":6,"key":"Boot"},{"floor":9,"key":"Toy Ornithopter"},{"floor":12,"key":"Replay:Accelerometer"},{"floor":23,"key":"Potion Belt"},{"floor":26,"key":"Bottled Flame"},{"floor":29,"key":"Centennial Puzzle"},{"floor":39,"key":"Ring of Panic"},{"floor":40,"key":"MawBank"},{"floor":43,"key":"CeramicFish"},{"floor":45,"key":"Art of War"},{"floor":47,"key":"Red Skull"}],"event_choices":[{"damage_healed":0,"gold_gain":0,"player_choice":"Box","damage_taken":0,"relics_obtained":["Eternal Feather"],"max_hp_gain":0,"max_hp_loss":0,"event_name":"Big Fish","floor":3,"gold_loss":0,"cards_obtained":["Regret"]},{"damage_healed":0,"gold_gain":0,"player_choice":"Success","damage_taken":12,"relics_obtained":["Nunchaku"],"max_hp_gain":0,"max_hp_loss":0,"event_name":"Scrap Ooze","floor":13,"gold_loss":0},{"damage_healed":0,"gold_gain":0,"player_choice":"Read","damage_taken":0,"max_hp_gain":0,"max_hp_loss":0,"event_name":"The Library","floor":19,"gold_loss":0,"cards_obtained":["Power Through"]},{"damage_healed":0,"gold_gain":0,"player_choice":"Inject Mutagens","damage_taken":0,"relics_obtained":["MutagenicStrength"],"max_hp_gain":0,"max_hp_loss":0,"event_name":"Drug Dealer","floor":20,"gold_loss":0},{"damage_healed":0,"gold_gain":0,"player_choice":"Obtained Relic","damage_taken":0,"relics_obtained":["Happy Flower"],"max_hp_gain":0,"max_hp_loss":0,"event_name":"Addict","floor":21,"gold_loss":85}],"is_beta":false,"boss_relics":[{"not_picked":["Ring of Chaos","Replay:Bronze Core"],"picked":"Kintsugi"},{"not_picked":["Abe\u0027s Treasure","Black Blood"],"picked":"Sozu"}],"items_purged_floors":[5],"is_endless":false,"potions_floor_spawned":[2,11,12,14,18,22,23,38,40,46,47],"ascension_level":0}}