{"host":"2t5wqx5om8wmj2wi","time":1610074425,"event":{"mods":["2.2 Compatiblity","Abigail Mod","Act Like it!","Arknights The Spire","Aspiration","BaseMod","Better-Laid Plans","Conspire","Downfall","Friendly Minions","Gensokyo","Kiyohime¡]²M®V¡^","Marisa¡]Ãú«B¡@Å]²z¨F¡^","Minty Spire (QoL Compilation)","MostiFishMod","Pale of the Ancients","Prisma Mod","Rare Cards Sparkle","Remilia¡]Á¢¦Ì²ú?¡^","Replay The Spire","RumiaBox-ÅS¦Ì?ªº¯«¯µ²°¤l","StSLib","The Animator","Yuri Mod","Yuyuko","¡i?ª«¥dµP¡jREMEMod"],"gold_per_floor":[109,109,34,67,78,78,78,78,101,67,84,84,84,96,96,199,-1201,-1181,-1181,-1181,-1181,-1181,-1181],"floor_reached":22,"playtime":899,"items_purged":["Injury"],"score":170,"play_id":"9fca65e3-463e-4907-a666-449d2d444a42","local_time":"20210108105345","is_ascension_mode":false,"campfire_choices":[{"data":"Catalyst","floor":6,"key":"SMITH"},{"floor":8,"key":"REST"},{"data":"Survivor","floor":12,"key":"SMITH"},{"data":"Neutralize","floor":15,"key":"SMITH"}],"circlet_count":0,"master_deck":["Strike_G","Strike_G","Strike_G","Strike_G","Strike_G","Defend_G","Defend_G","Defend_G","Defend_G","Defend_G","Survivor+1","Neutralize+1","Acrobatics","Prepared","Catalyst+1","Noxious Fumes+1","PiercingWail","MostiFishMod:Wind+1","MostiFishMod:SpreadingSpore+1","Adrenaline+1"],"relics":["Ring of the Snake","DaveBox","REME_ComplimentaryCards","Ccalipers","SynthV:TestCard","Snake Skull","Golden Egg","Strawberry","ReplayTheSpireMod:Lightbulb","SynthV:MejaisSoulstealer"],"acts_visited":["Gensokyo:Gensokyo","Gensokyo:Gensokyoer"],"potions_floor_usage":[18],"damage_taken":[{"damage":0,"enemies":"Gensokyo:Gryphon","floor":1,"turns":4},{"damage":34,"enemies":"conspire:MimicChest","floor":4,"turns":10},{"damage":4,"enemies":"Gensokyo:2_Kodama","floor":5,"turns":5},{"damage":0,"enemies":"Gensokyo:3_Fairies","floor":11,"turns":6},{"damage":6,"enemies":"Gensokyo:Python_and_Kodama","floor":14,"turns":4},{"damage":11,"enemies":"Gensokyo:Reimu","floor":16,"turns":11},{"damage":29,"enemies":"Gensokyo:2_Gloops","floor":18,"turns":5},{"damage":0,"enemies":"Gensokyo:CosmicMonolith","floor":22,"turns":2}],"seed_played":"-3147137067902139414","potions_obtained":[{"floor":11,"key":"Elixir"},{"floor":14,"key":"conspire:TimeTravelPotion"}],"is_trial":false,"path_per_floor":["M","?","$","?","M","R","?","R","T","$","M","R","$","M","R","B",null,"M","?","$","?","M"],"character_chosen":"THE_SILENT","items_purchased":["Noxious Fumes"],"campfire_rested":1,"item_purchase_floors":[10],"current_hp_per_floor":[70,70,70,36,32,32,29,52,52,52,52,52,52,46,46,35,77,65,65,65,65,65,65],"gold":-1181,"neow_bonus":"RANDOM_COMMON_RELIC","is_daily":false,"chose_seed":false,"campfire_upgraded":3,"win_rate":0.0,"timestamp":1610074425,"path_taken":["M","?","$","?","M","R","?","R","T","$","?","R","?","M","R","BOSS","M","?","?","?","M"],"items_purchased_type":["Card"],"build_version":"2020-12-22","purchased_purges":1,"victory":false,"max_hp_per_floor":[70,70,70,70,70,70,77,77,77,77,77,77,77,77,77,77,77,77,77,77,77,77,77],"card_choices":[{"not_picked":["All Out Attack","Quick Slash"],"picked":"Acrobatics","floor":1},{"not_picked":["Blade Dance","Bane","Cloak And Dagger","Acrobatics"],"picked":"Prepared","floor":4},{"not_picked":["Draining Mist","Footwork","MostiFishMod:PerfectParry","Acrobatics"],"picked":"Catalyst","floor":5},{"not_picked":["Flying Knee","Flechettes","Footwork","MostiFishMod:PerfectParry"],"picked":"PiercingWail","floor":11},{"not_picked":["conspire:PoisonWeapons","Setup","Predator","MostiFishMod:FrostNova","Quick Slash"],"picked":"SKIP","floor":14},{"not_picked":["MostiFishMod:AdrenalineArouse","Phantasmal Killer","Grand Finale","MostiFishMod:Opportunism"],"picked":"MostiFishMod:Wind","floor":16},{"not_picked":["Backstab","Outmaneuver","Blade Dance","Endless Agony"],"picked":"Calculated Gamble","floor":18}],"player_experience":274271,"relics_obtained":[{"floor":1,"key":"SynthV:TestCard"},{"floor":4,"key":"Golden Egg"},{"floor":9,"key":"ReplayTheSpireMod:Lightbulb"}],"event_choices":[],"is_beta":false,"boss_relics":[{"not_picked":["BloodWine","conspire:RunicOctahedron"],"picked":"SynthV:MejaisSoulstealer"}],"items_purged_floors":[3],"is_endless":false,"potions_floor_spawned":[11,14],"killed_by":"Gensokyo:CosmicMonolith","ascension_level":0}}