{"host":"nozk9xg7ssf2drdi","time":1610084136,"event":{"mods":["BaseMod","Colored Map","Minty Spire (QoL Compilation)","Relic Stats","Slay the Relics Exporter","StSLib","everything is the same but u backflip on backflip"],"gold_per_floor":[215,230,230,27,47,65,90,90,90,105,137,192,192,210,210,287,287,302,318,318,333,350,350,19,35,35,62,62,62,78,108,108,108,108],"floor_reached":33,"playtime":5416,"items_purged":["Strike_G"],"score":687,"play_id":"025f49f9-b06e-49fa-adfe-9da92091b608","local_time":"20210107233536","is_ascension_mode":true,"campfire_choices":[{"data":"Die Die Die","floor":8,"key":"SMITH"},{"data":"Poisoned Stab","floor":13,"key":"SMITH"},{"data":"Malaise","floor":15,"key":"SMITH"},{"data":"Crippling Poison","floor":28,"key":"SMITH"},{"data":"Noxious Fumes","floor":32,"key":"SMITH"}],"circlet_count":0,"master_deck":["AscendersBane","Strike_G","Strike_G+1","Strike_G","Defend_G","Defend_G","Defend_G","Defend_G","Defend_G","Survivor","Neutralize+1","Poisoned Stab+1","Footwork","Eviscerate","Dagger Throw","Bane","Die Die Die+1","Dagger Throw","Dodge and Roll","Prepared","Malaise+1","Adrenaline","Acrobatics","Acrobatics","Crippling Poison+1","Noxious Fumes+1","Deadly Poison","PiercingWail","Prepared+1"],"relics":["Ring of the Snake","Medical Kit","Meat on the Bone","Pear","HornCleat","Snake Skull","Cursed Key","Enchiridion","Whetstone","OrangePellets","Strawberry","Spirit Poop","Frozen Egg 2"],"acts_visited":["Exordium","TheCity"],"potions_floor_usage":[7,11,19,23,23,27,31,33],"damage_taken":[{"damage":0,"enemies":"2 Louse","floor":1,"turns":5},{"damage":10,"enemies":"Small Slimes","floor":2,"turns":6},{"damage":0,"enemies":"Cultist","floor":5,"turns":4},{"damage":4,"enemies":"Looter","floor":6,"turns":4},{"damage":9,"enemies":"Lagavulin","floor":7,"turns":5},{"damage":1,"enemies":"Exordium Thugs","floor":10,"turns":4},{"damage":23,"enemies":"3 Sentries","floor":11,"turns":6},{"damage":24,"enemies":"Gremlin Nob","floor":12,"turns":4},{"damage":4,"enemies":"Large Slime","floor":14,"turns":4},{"damage":19,"enemies":"Hexaghost","floor":16,"turns":15},{"damage":10,"enemies":"Chosen","floor":18,"turns":5},{"damage":2,"enemies":"2 Thieves","floor":19,"turns":3},{"damage":0,"enemies":"3 Cultists","floor":21,"turns":4},{"damage":0,"enemies":"Snecko","floor":22,"turns":3},{"damage":19,"enemies":"Slavers","floor":23,"turns":4},{"damage":5,"enemies":"Sentry and Sphere","floor":25,"turns":7},{"damage":11,"enemies":"Book of Stabbing","floor":27,"turns":6},{"damage":0,"enemies":"3 Cultists","floor":30,"turns":3},{"damage":0,"enemies":"Slavers","floor":31,"turns":4},{"damage":54,"enemies":"Champ","floor":33,"turns":10}],"seed_played":"2695614845784654282","potions_obtained":[{"floor":2,"key":"Poison Potion"},{"floor":7,"key":"Energy Potion"},{"floor":14,"key":"Strength Potion"},{"floor":16,"key":"Swift Potion"},{"floor":19,"key":"GamblersBrew"},{"floor":25,"key":"Poison Potion"},{"floor":30,"key":"Energy Potion"},{"floor":31,"key":"Energy Potion"}],"is_trial":false,"path_per_floor":["M","M","?","$","M","M","E","R","T","M","E","?","R","M","R","B",null,"M","M","?","M","M","E","$","M","T","E","R","?","M","E","R","B"],"character_chosen":"THE_SILENT","items_purchased":["Medical Kit","Eviscerate","OrangePellets","Noxious Fumes"],"campfire_rested":0,"item_purchase_floors":[4,4,24,24],"current_hp_per_floor":[59,49,42,42,42,38,29,29,39,50,39,27,27,35,35,28,64,54,52,31,43,43,36,36,43,43,51,51,51,51,51,51,0,0],"gold":108,"neow_bonus":"HUNDRED_GOLD","is_daily":false,"chose_seed":false,"campfire_upgraded":5,"win_rate":0.0,"timestamp":1610084136,"path_taken":["M","M","?","$","M","M","E","R","T","M","E","?","R","M","R","BOSS","M","M","?","M","M","E","$","M","T","E","R","?","M","E","R","BOSS"],"items_purchased_type":["Relic","Card","Relic","Card"],"build_version":"2020-12-22","purchased_purges":1,"victory":false,"max_hp_per_floor":[66,66,66,66,66,66,66,66,76,76,76,76,76,76,76,76,76,76,76,76,76,76,76,76,76,76,83,83,83,83,83,83,83,83],"relic_stats":{"OrangePellets":[1],"counters":[20,106],"Snake Skull":[66],"Whetstone":["Strike_G","Neutralize"],"Medical Kit":[17],"Cursed Key":1,"obtain_stats":[{"Pear":9,"Enchiridion":20,"Spirit Poop":29,"Snake Skull":12,"Whetstone":24,"Frozen Egg 2":31,"Medical Kit":4,"Cursed Key":17,"OrangePellets":24,"HornCleat":11,"Strawberry":27,"Ring of the Snake":0,"Meat on the Bone":7},{"Pear":5,"Enchiridion":12,"Spirit Poop":17,"Snake Skull":8,"Whetstone":15,"Frozen Egg 2":19,"Medical Kit":2,"Cursed Key":10,"OrangePellets":15,"HornCleat":7,"Strawberry":17,"Ring of the Snake":0,"Meat on the Bone":5},{"Pear":24,"Enchiridion":65,"Spirit Poop":89,"Snake Skull":38,"Whetstone":76,"Frozen Egg 2":96,"Medical Kit":11,"Cursed Key":57,"OrangePellets":76,"HornCleat":34,"Strawberry":89,"Ring of the Snake":0,"Meat on the Bone":24}],"Ring of the Snake":[40],"Meat on the Bone":108},"card_choices":[{"not_picked":["Dagger Throw","Deflect"],"picked":"Poisoned Stab","floor":1},{"not_picked":["Bane","Acrobatics"],"picked":"Footwork","floor":2},{"not_picked":["Quick Slash","Dodge and Roll"],"picked":"Dagger Throw","floor":5},{"not_picked":["Blade Dance","Backflip"],"picked":"Bane","floor":6},{"not_picked":["Heel Hook","Deflect"],"picked":"Die Die Die","floor":7},{"not_picked":["Reflex","Slice"],"picked":"Dagger Throw","floor":10},{"not_picked":["Finisher","Choke"],"picked":"Dodge and Roll","floor":11},{"not_picked":["Flying Knee","Accuracy"],"picked":"Prepared","floor":12},{"not_picked":["Choke","Infinite Blades"],"picked":"Malaise","floor":14},{"not_picked":["Night Terror","Malaise"],"picked":"Adrenaline","floor":16},{"not_picked":["Heel Hook","Dodge and Roll"],"picked":"Acrobatics","floor":18},{"not_picked":["Dagger Throw","Dodge and Roll"],"picked":"Acrobatics","floor":19},{"not_picked":["Setup","Masterful Stab","Concentrate"],"picked":"SKIP","floor":21},{"not_picked":["Setup","Masterful Stab","Concentrate"],"picked":"SKIP","floor":21},{"not_picked":["PiercingWail","Flechettes"],"picked":"Crippling Poison","floor":22},{"not_picked":["Heel Hook","Quick Slash","Dagger Throw"],"picked":"SKIP","floor":25},{"not_picked":["Cloak And Dagger","Unload"],"picked":"Deadly Poison","floor":27},{"not_picked":["Endless Agony","Quick Slash"],"picked":"PiercingWail","floor":30},{"not_picked":["Sucker Punch","Deadly Poison"],"picked":"Prepared+1","floor":31}],"player_experience":5981682,"relics_obtained":[{"floor":7,"key":"Meat on the Bone"},{"floor":9,"key":"Pear"},{"floor":11,"key":"HornCleat"},{"floor":12,"key":"Snake Skull"},{"floor":20,"key":"Enchiridion"},{"floor":27,"key":"Strawberry"},{"floor":31,"key":"Frozen Egg 2"}],"event_choices":[{"cards_removed":["Strike_G"],"damage_healed":0,"gold_gain":0,"player_choice":"Card Removal","damage_taken":7,"max_hp_gain":0,"max_hp_loss":0,"event_name":"Golden Wing","floor":3,"gold_loss":0},{"damage_healed":0,"gold_gain":0,"player_choice":"Searched \u00272\u0027 times","damage_taken":0,"max_hp_gain":0,"max_hp_loss":0,"event_name":"Dead Adventurer","floor":12,"gold_loss":0},{"damage_healed":0,"gold_gain":0,"player_choice":"Obtained Book","damage_taken":21,"max_hp_gain":0,"max_hp_loss":0,"event_name":"Cursed Tome","floor":20,"gold_loss":0},{"cards_removed":["Writhe"],"damage_healed":0,"gold_gain":0,"player_choice":"Offered Curse","damage_taken":0,"relics_obtained":["Spirit Poop"],"max_hp_gain":0,"max_hp_loss":0,"event_name":"Bonfire Elementals","floor":29,"gold_loss":0}],"is_beta":false,"boss_relics":[{"not_picked":["Ring of the Serpent","Busted Crown"],"picked":"Cursed Key"}],"items_purged_floors":[24],"is_endless":false,"potions_floor_spawned":[2,7,14,16,19,23,25,30,31],"killed_by":"Champ","ascension_level":20}}