{"host":"6qlyo3f7299xjl3s","time":1610122225,"event":{"mods":["BaseMod","Better Match","Better Vampires","BetterRewards","Card Forge","Colored Map","Colored Powertips","Custom Start","Downfall","Hermit","Highlight Path","Minty Spire (QoL Compilation)","Permanent Neow","Shop Mod","StSLib","The Jungle","Unceasing Turn Reminder","slay the spire mod where everything is the same but ironclad has a cowboy hat"],"gold_per_floor":[99,99,274,274,287,298,380,380,392,420,270,289,320,320,334,429,429,354,364,364,364,464,479,479,489,508,339,339,370,370,387,405,509,509,509,525,254,268,268,268,268,294,184,233,245,276,276,293,307,307,307,339,106,106,106],"floor_reached":56,"playtime":7583,"items_purged":[],"score":1362,"play_id":"a6c97c74-fdd7-42d2-9c64-818eb570a5ff","local_time":"20210108171025","is_ascension_mode":false,"campfire_choices":[{"floor":1,"key":"RECALL"},{"floor":11,"key":"REST"},{"data":"Slimebound:FinishingTackle+1","floor":18,"key":"PURGE"},{"floor":28,"key":"REST"},{"floor":35,"key":"REST"},{"data":"Slimebound:MassFeed+1","floor":40,"key":"PURGE"},{"floor":47,"key":"REST"},{"data":"Slimebound:MegaLick+1","floor":54,"key":"PURGE"}],"circlet_count":0,"master_deck":["Slimebound:Tackle+1","Slimebound:Defend_Slimebound+1","Slimebound:Defend_Slimebound+1","Slimebound:Defend_Slimebound+1","Slimebound:Defend_Slimebound+1","Slimebound:Split+1","Slimebound:CorrosiveSpit+1","Slimebound:SlimeBarrage+1","Slimebound:GoopSpray+1","Slimebound:RollThrough+1","Slimebound:SamplingLick+1","Slimebound:SpikyOuterGoop+1","Slimebound:LivingWall+1","Slimebound:OozeBath+1","CurseOfTheBell","Slimebound:RainOfGoop+1","Bite+1","Bite+1","Bite+1","Necronomicurse","Slimebound:LeechEnergy+1","Slimebound:SplitLeeching+1","Slimebound:SamplingLick+1","Slimebound:SlimeSpikes+1","Slimebound:LevelUp+1","Slimebound:OozeBath+1","Slimebound:SplitBruiser+1","Slimebound:LeadByExample+1","Slimebound:Replication+1","Slimebound:SlimeBarrage+1","Slimebound:SlimeBarrage+1"],"relics":["Slimebound:AbsorbEndCombat","Hammer of Thor","Seething Fire","Anvil of the Gods","Lizard Tail","Slimebound:MaxSlimesRelic","downfall:HeartBlessingBlue","downfall:HeartBlessingRed","Sundial","Slimebound:ScrapOozeRelic","Mummified Hand","CaptainsWheel","downfall:HeartBlessingGreen","Necronomicon","Thread and Needle","Kunai","Shuriken","Bird Faced Urn","downfall:RedIOU","Runic Pyramid","HornCleat","Gremlin Horn","MerchantsRug","Gambling Chip","Potion Belt","Mercury Hourglass","HandDrill"],"acts_visited":["Exordium","TheCity","TheBeyond","TheEnding"],"potions_floor_usage":[],"damage_taken":[{"damage":9,"enemies":"Jaw Worm","floor":5,"turns":2},{"damage":10,"enemies":"Small Slimes","floor":6,"turns":2},{"damage":12,"enemies":"2 Louse","floor":9,"turns":2},{"damage":18,"enemies":"Gremlin Nob","floor":10,"turns":4},{"damage":12,"enemies":"2 Fungi Beasts","floor":12,"turns":2},{"damage":15,"enemies":"3 Sentries","floor":13,"turns":5},{"damage":19,"enemies":"3 Louse","floor":15,"turns":3},{"damage":15,"enemies":"downfall:Ironclad","floor":16,"turns":6},{"damage":12,"enemies":"Spheric Guardian","floor":19,"turns":3},{"damage":12,"enemies":"Colosseum Nobs","floor":22,"turns":4},{"damage":12,"enemies":"Shell Parasite","floor":23,"turns":4},{"damage":16,"enemies":"Cultist and Chosen","floor":25,"turns":2},{"damage":12,"enemies":"Snake Plant","floor":26,"turns":2},{"damage":8,"enemies":"downfall:FleeingMerchant","floor":27,"turns":4},{"damage":13,"enemies":"Book of Stabbing","floor":29,"turns":3},{"damage":16,"enemies":"3 Cultists","floor":31,"turns":4},{"damage":26,"enemies":"Shelled Parasite and Fungi","floor":32,"turns":4},{"damage":12,"enemies":"downfall:Defect","floor":33,"turns":5},{"damage":8,"enemies":"Orb Walker","floor":36,"turns":3},{"damage":12,"enemies":"downfall:FleeingMerchant","floor":37,"turns":4},{"damage":12,"enemies":"3 Shapes","floor":38,"turns":3},{"damage":16,"enemies":"Giant Head","floor":42,"turns":7},{"damage":33,"enemies":"2 Orb Walkers","floor":44,"turns":4},{"damage":14,"enemies":"Writhing Mass","floor":45,"turns":3},{"damage":12,"enemies":"Reptomancer","floor":46,"turns":3},{"damage":22,"enemies":"4 Shapes","floor":48,"turns":3},{"damage":12,"enemies":"Jaw Worm Horde","floor":49,"turns":4},{"damage":43,"enemies":"downfall:Silent","floor":50,"turns":5},{"damage":19,"enemies":"downfall:CharBossMerchant","floor":52,"turns":6},{"damage":38,"enemies":"downfall:NeowBoss","floor":55,"turns":17}],"seed_played":"-6458073226491122388","potions_obtained":[{"floor":9,"key":"AttackPotion"},{"floor":10,"key":"Slimebound:SlimyTonguePotion"},{"floor":15,"key":"Guardian:BlockOnCardUsePotion"},{"floor":26,"key":"Explosive Potion"},{"floor":49,"key":"Strength Potion"}],"is_trial":false,"path_per_floor":["R","?","?","T","M","M","T","?","M","E","R","M","E","?","M","B",null,"R","M","?","?","?","M","T","M","M","$","R","E","?","M","M","B",null,"R","M","?","M","T","R","T","E","$","?","M","E","R","M","M","B",null,"E","$","R","B",null],"character_chosen":"SLIMEBOUND","items_purchased":["Slimebound:OozeBath","FairyPotion","PrismaticShard","HornCleat","Slimebound:Replication","MerchantsRug","Slimebound:SlimeBarrage","HandDrill","Slimebound:SlimeBarrage"],"campfire_rested":4,"item_purchase_floors":[27,37,37,37,37,43,43,53,53],"current_hp_per_floor":[60,60,60,60,60,58,58,58,58,56,70,70,70,70,63,64,70,70,70,57,41,57,57,57,57,57,57,57,57,57,57,47,57,57,57,57,57,61,61,61,71,76,76,77,77,78,78,78,78,55,78,77,77,77,67],"gold":106,"neow_bonus":"ONE_RARE_RELIC","is_daily":false,"chose_seed":false,"campfire_upgraded":0,"win_rate":0.0,"timestamp":1610122225,"path_taken":["R","?","?","?","M","M","T","?","M","E","R","M","E","?","M","BOSS","R","M","?","?","?","M","T","M","M","$","R","E","?","M","M","BOSS","R","M","?","M","?","R","T","E","?","?","?","E","R","M","M","BOSS","E","$","R","BOSS"],"items_purchased_type":["Card","Potion","Relic","Relic","Card","Relic","Card","Relic","Card"],"build_version":"2020-12-22","purchased_purges":0,"victory":true,"max_hp_per_floor":[60,60,60,60,60,60,60,60,60,60,70,70,70,70,70,70,70,70,70,57,57,57,57,57,57,57,57,57,57,57,57,57,57,57,57,57,57,61,61,61,71,78,78,78,78,78,78,78,78,78,78,78,78,78,78],"card_choices":[{"not_picked":["Slimebound:ViciousTackle","Slimebound:Grow"],"picked":"Slimebound:SlimeBarrage","floor":5},{"not_picked":["Slimebound:RollThrough","Slimebound:Schlurp"],"picked":"Slimebound:GoopSpray","floor":6},{"not_picked":["Slimebound:Repurpose","Slimebound:PressTheAttack"],"picked":"Slimebound:RollThrough","floor":9},{"not_picked":["Slimebound:LeechingTouch","Slimebound:SplitAcid"],"picked":"Slimebound:SamplingLick","floor":10},{"not_picked":["Slimebound:LeechEnergy","Slimebound:FirmFortitude"],"picked":"Slimebound:SpikyOuterGoop","floor":12},{"not_picked":["Slimebound:Repurpose","Slimebound:Dissolve"],"picked":"Slimebound:FinishingTackle","floor":13},{"not_picked":["Slimebound:FinishingTackle","Slimebound:LeechEnergy"],"picked":"Slimebound:LivingWall","floor":15},{"not_picked":["Slimebound:SlimeSlap","Slimebound:WasteNot"],"picked":"Slimebound:OozeBath","floor":16},{"not_picked":["Slimebound:ProtectTheBoss","Slimebound:GrowthPunch"],"picked":"Slimebound:RainOfGoop","floor":19},{"not_picked":["Slimebound:ItLooksTasty+1","Slimebound:ViciousTackle"],"picked":"Slimebound:LeechEnergy","floor":22},{"not_picked":["Slimebound:GoopSpray","Slimebound:LeechingTouch"],"picked":"Slimebound:SplitLeeching+1","floor":23},{"not_picked":["Slimebound:PressTheAttack","Slimebound:WasteNot"],"picked":"Slimebound:SamplingLick","floor":25},{"not_picked":["Slimebound:SamplingLick","Slimebound:LeechEnergy+1"],"picked":"Slimebound:SlimeSpikes","floor":26},{"not_picked":["Slimebound:Chomp","Slimebound:SplitAcid"],"picked":"Slimebound:LevelUp","floor":27},{"not_picked":["Slimebound:Schlurp","Slimebound:DouseInSlime"],"picked":"Slimebound:SplitBruiser+1","floor":29},{"not_picked":["Slimebound:LeechEnergy","Slimebound:GoopSpray","Slimebound:BestDefense+1"],"picked":"SKIP","floor":31},{"not_picked":["Slimebound:HauntingLick+1","Slimebound:GrowthPunch"],"picked":"Slimebound:MegaLick","floor":32},{"not_picked":["Slimebound:SlimeSlap","Slimebound:CheckThePlaybook"],"picked":"Slimebound:MassFeed","floor":33},{"not_picked":["Slimebound:Repurpose+1","Slimebound:LeechingTouch","Slimebound:LeechEnergy"],"picked":"SKIP","floor":36},{"not_picked":["Slimebound:ItLooksTasty+1","Slimebound:SplitBruiser+1"],"picked":"Slimebound:LeadByExample","floor":37},{"not_picked":["sneckomod:SoulRoll+1","Endless Agony","hexamod:HeatShield+1"],"picked":"SKIP","floor":38},{"not_picked":["Streamline","sneckomod:RainOfDice","Worship"],"picked":"SKIP","floor":42},{"not_picked":["Slimebound:RainOfGoop","Slimebound:GrowthPunch","Slimebound:GoopTackle"],"picked":"SKIP","floor":45},{"not_picked":["Slimebound:LeechEnergy+1","Slimebound:SplitBruiser","Slimebound:LivingWall+1"],"picked":"SKIP","floor":46},{"not_picked":["Slimebound:FirmFortitude+1","Slimebound:Nibble","Slimebound:GoopSpray"],"picked":"SKIP","floor":48},{"not_picked":["Slimebound:GrowthPunch+1","Slimebound:FinishingTackle","Slimebound:WasteNot"],"picked":"SKIP","floor":49},{"not_picked":["Slimebound:Replication+1","Slimebound:FinishingTackle+1","Slimebound:SplitBruiser"],"picked":"SKIP","floor":52}],"player_experience":40667,"relics_obtained":[{"floor":7,"key":"Slimebound:MaxSlimesRelic"},{"floor":10,"key":"Orichalcum"},{"floor":13,"key":"Sundial"},{"floor":17,"key":"War Paint"},{"floor":17,"key":"Mummified Hand"},{"floor":17,"key":"CaptainsWheel"},{"floor":21,"key":"Necronomicon"},{"floor":22,"key":"Thread and Needle"},{"floor":22,"key":"Kunai"},{"floor":24,"key":"Shuriken"},{"floor":29,"key":"Bird Faced Urn"},{"floor":39,"key":"Gremlin Horn"},{"floor":41,"key":"Pear"},{"floor":42,"key":"Strawberry"},{"floor":44,"key":"Gambling Chip"},{"floor":46,"key":"Potion Belt"},{"floor":52,"key":"Mercury Hourglass"}],"event_choices":[{"damage_healed":0,"gold_gain":0,"player_choice":"Became a vampire","damage_taken":0,"max_hp_gain":0,"max_hp_loss":13,"event_name":"Vampires","floor":20,"gold_loss":0,"cards_obtained":["Bite","Bite","Bite"]},{"damage_healed":0,"gold_gain":0,"player_choice":"Fight","damage_taken":0,"max_hp_gain":0,"max_hp_loss":0,"event_name":"Mysterious Sphere","floor":44,"gold_loss":0}],"is_beta":false,"boss_relics":[{"not_picked":["Runic Dome","Velvet Choker"],"picked":"Calling Bell"},{"not_picked":["Cursed Key","Snecko Eye"],"picked":"Runic Pyramid"}],"items_purged_floors":[],"is_endless":false,"potions_floor_spawned":[9,10,15,26,29,31,36,38,45,49],"ascension_level":0}}