{"host":"b7j598ve05halrwk","time":1610145957,"event":{"mods":["2.2 Compatiblity","BaseMod","Block Reminder","DeckTracker","Minty Spire (QoL Compilation)","Relic Stats","Slay the Relics Exporter","StSLib","ojb\u0027s Better Paths Mod","ojb\u0027s Info Mod"],"gold_per_floor":[118,129,129,145,70,101,101,134,134,169,169,169,184,9,9,85,85,101,101,119,119,119,150,165,191,245,245,277,294,304,175,175,249,249,263,288,288,302,318,350,362,390,390,419,419,419,10,0,0,0,0,0,0,0,26,26],"floor_reached":57,"playtime":7976,"items_purged":["Pain","Defend_B","Defend_B"],"score":2932,"play_id":"eab1d37e-6c72-4588-9daa-7e1fa39f63e1","local_time":"20210108174557","is_ascension_mode":true,"campfire_choices":[{"floor":7.0,"key":"REST"},{"floor":15.0,"key":"REST"},{"floor":27.0,"key":"REST"},{"data":"Hyperbeam","floor":32.0,"key":"SMITH"},{"data":"Biased Cognition","floor":46.0,"key":"SMITH"},{"floor":49.0,"key":"RECALL"},{"data":"Reinforced Body","floor":53,"key":"SMITH"}],"circlet_count":0,"master_deck":["AscendersBane","Defend_B","Defend_B","Zap","Dualcast","Sweeping Beam","Reinforced Body","Seek+1","Barrage","Leap","Reinforced Body+1","Hologram","Core Surge","Echo Form","Hyperbeam+1","Doom and Gloom","Bite","Bite","Bite","Bite","Bite","Beam Cell+1","White Noise","Auto Shields","Consume","Steam+1","Genetic Algorithm","Cold Snap","Biased Cognition+1","Turbo+1","Stack+1","Apotheosis","Dark Shackles","Finesse","FTL","Chaos","Echo Form","Meteor Strike","Double Energy","BootSequence","Coolheaded"],"relics":["Cracked Core","Mango","Strawberry","Question Card","Mercury Hourglass","Incense Burner","Anchor","Sozu","Ancient Tea Set","White Beast Statue","Vajra","Bag of Marbles","Matryoshka","Runic Pyramid","Emotion Chip","Happy Flower","Symbiotic Virus","Nunchaku","FossilizedHelix","Lantern","Bottled Flame","Chemical X","Red Mask","DataDisk"],"acts_visited":["Exordium","TheCity","TheBeyond","TheEnding"],"potions_floor_usage":[],"damage_taken":[{"damage":6.0,"enemies":"Cultist","floor":1.0,"turns":4.0},{"damage":11.0,"enemies":"2 Louse","floor":2.0,"turns":3.0},{"damage":7.0,"enemies":"Small Slimes","floor":4.0,"turns":6.0},{"damage":23.0,"enemies":"3 Sentries","floor":6.0,"turns":6.0},{"damage":26.0,"enemies":"Lagavulin","floor":8.0,"turns":7.0},{"damage":16.0,"enemies":"3 Sentries","floor":10.0,"turns":5.0},{"damage":18.0,"enemies":"Gremlin Gang","floor":13.0,"turns":4.0},{"damage":24.0,"enemies":"Hexaghost","floor":16.0,"turns":10.0},{"damage":8.0,"enemies":"Spheric Guardian","floor":18.0,"turns":8.0},{"damage":2.0,"enemies":"3 Byrds","floor":20.0,"turns":4.0},{"damage":3.0,"enemies":"Gremlin Leader","floor":23.0,"turns":5.0},{"damage":27.0,"enemies":"3 Cultists","floor":24.0,"turns":4.0},{"damage":40.0,"enemies":"Book of Stabbing","floor":25.0,"turns":5.0},{"damage":8.0,"enemies":"Gremlin Leader","floor":28.0,"turns":5.0},{"damage":0.0,"enemies":"Snecko","floor":29.0,"turns":4.0},{"damage":22.0,"enemies":"Sentry and Sphere","floor":30.0,"turns":6.0},{"damage":39.0,"enemies":"Collector","floor":33.0,"turns":10.0},{"damage":0.0,"enemies":"3 Shapes","floor":35.0,"turns":5.0},{"damage":0.0,"enemies":"Mind Bloom Boss Battle","floor":36.0,"turns":13.0},{"damage":14.0,"enemies":"3 Darklings","floor":38.0,"turns":18.0},{"damage":12.0,"enemies":"Writhing Mass","floor":39.0,"turns":12.0},{"damage":53.0,"enemies":"Reptomancer","floor":40.0,"turns":11.0},{"damage":1.0,"enemies":"Maw","floor":41.0,"turns":9.0},{"damage":16.0,"enemies":"Giant Head","floor":42.0,"turns":12.0},{"damage":19.0,"enemies":"Reptomancer","floor":44.0,"turns":7.0},{"damage":11.0,"enemies":"Awakened One","floor":50.0,"turns":15.0},{"damage":0,"enemies":"Time Eater","floor":51,"turns":18},{"damage":0,"enemies":"Shield and Spear","floor":55,"turns":8},{"damage":28,"enemies":"The Heart","floor":56,"turns":13}],"seed_played":"-1202639898555589799","potions_obtained":[{"floor":1.0,"key":"Fruit Juice"},{"floor":4.0,"key":"EssenceOfSteel"},{"floor":8.0,"key":"PowerPotion"},{"floor":16.0,"key":"Weak Potion"}],"is_trial":false,"path_per_floor":["M","M","?","M","$","E","R","E","T","E","T","?","M","$","R","B",null,"M","?","M","?","?","E","M","E","T","R","E","M","M","$","R","B",null,"M","?","?","M","M","E","M","E","T","E","T","R","$","?","R","B","B",null,"R","$","E","B",null],"character_chosen":"DEFECT","items_purchased":["Echo Form","Cold Snap","Chemical X","Double Energy","BootSequence"],"campfire_rested":3,"item_purchase_floors":[14,31,47,47,47],"current_hp_per_floor":[72,61,61,54,54,38,72,46,46,30,30,30,12,12,41,17,77,69,69,67,67,63,66,44,12,12,32,36,42,36,36,36,11,53,61,67,57,67,67,38,58,63,63,67,67,67,67,67,67,67,67,67,67,67,67,61],"gold":26,"neow_bonus":"ONE_RARE_RELIC","is_daily":false,"chose_seed":false,"campfire_upgraded":3,"win_rate":0.0,"timestamp":1610145957,"path_taken":["M","M","?","?","$","E","R","E","T","E","?","?","M","$","R","BOSS","M","?","?","?","?","E","M","E","T","R","E","?","M","$","R","BOSS","M","?","?","M","M","E","M","E","T","E","?","R","$","?","R","BOSS","BOSS","R","$","E","BOSS"],"items_purchased_type":["Card","Card","Relic","Card","Card"],"build_version":"2020-12-22","purchased_purges":3,"victory":true,"max_hp_per_floor":[85,85,85,85,85,92,97,97,97,97,97,97,97,97,97,97,97,97,97,97,67,67,67,67,67,67,67,67,67,67,67,67,67,67,67,67,67,67,67,67,67,67,67,67,67,67,67,67,67,67,67,67,67,67,67,67],"relic_stats":{"Sozu":16,"Emotion Chip":[36,16,13,4,3],"Nunchaku":[14],"Happy Flower":[27],"counters":[29,235],"Chemical X":[9],"Question Card":24,"obtain_stats":[{"Lantern":45,"Happy Flower":40,"Vajra":25,"Mango":0,"Incense Burner":10,"Question Card":8,"Ancient Tea Set":19,"White Beast Statue":23,"Mercury Hourglass":9,"Sozu":17,"Anchor":11,"Emotion Chip":36,"Nunchaku":43,"Bottled Flame":45,"DataDisk":55,"Matryoshka":28,"Strawberry":6,"Bag of Marbles":26,"Red Mask":48,"Chemical X":47,"Cracked Core":0,"Symbiotic Virus":42,"FossilizedHelix":44,"Runic Pyramid":34},{"Lantern":25,"Happy Flower":22,"Vajra":13,"Mango":0,"Incense Burner":6,"Question Card":5,"Ancient Tea Set":9,"White Beast Statue":11,"Mercury Hourglass":5,"Sozu":8,"Anchor":6,"Emotion Chip":19,"Nunchaku":24,"Bottled Flame":25,"DataDisk":28,"Matryoshka":14,"Strawberry":4,"Bag of Marbles":13,"Red Mask":25,"Chemical X":25,"Cracked Core":0,"Symbiotic Virus":24,"FossilizedHelix":25,"Runic Pyramid":17},{"Lantern":181,"Happy Flower":154,"Vajra":71,"Mango":0,"Incense Burner":31,"Question Card":26,"Ancient Tea Set":53,"White Beast Statue":62,"Mercury Hourglass":26,"Sozu":45,"Anchor":31,"Emotion Chip":113,"Nunchaku":174,"Bottled Flame":181,"DataDisk":222,"Matryoshka":76,"Strawberry":19,"Bag of Marbles":71,"Red Mask":181,"Chemical X":181,"Cracked Core":0,"Symbiotic Virus":174,"FossilizedHelix":181,"Runic Pyramid":96}],"Mercury Hourglass":[818]},"card_choices":[{"not_picked":["Beam Cell","Hologram"],"picked":"Sweeping Beam","floor":1.0},{"not_picked":["Heatsinks","Beam Cell"],"picked":"Reinforced Body","floor":2.0},{"not_picked":["Streamline","Turbo"],"picked":"Barrage","floor":4.0},{"not_picked":["Force Field","Stack"],"picked":"Leap","floor":6.0},{"not_picked":["Steam","Compile Driver"],"picked":"Reinforced Body","floor":8.0},{"not_picked":["Go for the Eyes","Auto Shields","Tempest"],"picked":"Hologram","floor":10.0},{"not_picked":["Barrage","Turbo","Cold Snap"],"picked":"Core Surge","floor":13.0},{"not_picked":["Reboot","Rainbow","Multi-Cast"],"picked":"Hyperbeam","floor":16.0},{"not_picked":["Streamline","Turbo","Go for the Eyes"],"picked":"Doom and Gloom","floor":18.0},{"not_picked":["Beam Cell","Leap","Conserve Battery","Ball Lightning"],"picked":"SKIP","floor":20.0},{"not_picked":["Machine Learning","Darkness","Capacitor"],"picked":"Beam Cell+1","floor":23.0},{"not_picked":["Streamline","Lockon","Hologram"],"picked":"White Noise","floor":24.0},{"not_picked":["Redo","Multi-Cast","Coolheaded"],"picked":"Auto Shields","floor":25.0},{"not_picked":["Hologram","Leap","Rebound"],"picked":"Consume","floor":28.0},{"not_picked":["Beam Cell","Compile Driver","Go for the Eyes"],"picked":"Steam+1","floor":29.0},{"not_picked":["Fusion","Self Repair","Streamline"],"picked":"Genetic Algorithm","floor":30.0},{"not_picked":["Creative AI","Meteor Strike","Seek"],"picked":"Biased Cognition","floor":33.0},{"not_picked":["White Noise+1","Tempest+1","Ball Lightning"],"picked":"Turbo+1","floor":35.0},{"not_picked":["Sweeping Beam+1","Redo","Consume"],"picked":"Stack+1","floor":36.0},{"not_picked":["Madness","Dramatic Entrance","Dark Shackles"],"picked":"Apotheosis","floor":37.0},{"not_picked":["Flash of Steel","Dramatic Entrance","Purity"],"picked":"Dark Shackles","floor":37.0},{"not_picked":["Thinking Ahead","Good Instincts","Madness"],"picked":"Finesse","floor":37.0},{"not_picked":["Leap","Conserve Battery","Compile Driver+1","Redo"],"picked":"SKIP","floor":38.0},{"not_picked":["Rebound","Beam Cell","Go for the Eyes","Undo"],"picked":"SKIP","floor":39.0},{"not_picked":["Rebound","Beam Cell","Go for the Eyes","Undo"],"picked":"SKIP","floor":39.0},{"not_picked":["Go for the Eyes","Barrage","Blizzard+1"],"picked":"FTL","floor":40.0},{"not_picked":["Ball Lightning+1","Go for the Eyes+1","Barrage"],"picked":"Chaos","floor":41.0},{"not_picked":["Steam Power+1","Turbo","Sweeping Beam"],"picked":"Echo Form","floor":42.0},{"not_picked":["White Noise","Self Repair","Conserve Battery+1"],"picked":"Meteor Strike","floor":44.0},{"not_picked":["Sunder","Gash+1","Turbo+1"],"picked":"Coolheaded","floor":55}],"player_experience":870603,"relics_obtained":[{"floor":6.0,"key":"Strawberry"},{"floor":8.0,"key":"Question Card"},{"floor":9.0,"key":"Mercury Hourglass"},{"floor":10.0,"key":"Incense Burner"},{"floor":11.0,"key":"Anchor"},{"floor":23.0,"key":"White Beast Statue"},{"floor":25.0,"key":"Vajra"},{"floor":26.0,"key":"Bag of Marbles"},{"floor":28.0,"key":"Matryoshka"},{"floor":36.0,"key":"Emotion Chip"},{"floor":40.0,"key":"Happy Flower"},{"floor":42.0,"key":"Symbiotic Virus"},{"floor":43.0,"key":"Nunchaku"},{"floor":44.0,"key":"FossilizedHelix"},{"floor":45.0,"key":"Lantern"},{"floor":45.0,"key":"Bottled Flame"},{"floor":55,"key":"DataDisk"}],"event_choices":[{"damage_healed":0.0,"max_hp_gain":0.0,"max_hp_loss":0.0,"gold_gain":0.0,"cards_transformed":["Strike_B"],"event_name":"Transmorgrifier","player_choice":"Transformed","floor":3.0,"gold_loss":0.0,"damage_taken":0.0,"cards_obtained":["Seek"]},{"damage_healed":0.0,"max_hp_gain":0.0,"max_hp_loss":0.0,"gold_gain":0.0,"event_name":"Living Wall","player_choice":"Grow","floor":12.0,"gold_loss":0.0,"damage_taken":0.0,"cards_upgraded":["Seek"]},{"damage_healed":0.0,"max_hp_gain":0.0,"max_hp_loss":0.0,"gold_gain":0.0,"event_name":"WeMeetAgain","player_choice":"Gave Potion","floor":19.0,"gold_loss":0.0,"damage_taken":0.0,"relics_obtained":["Ancient Tea Set"]},{"damage_healed":0.0,"max_hp_gain":0.0,"max_hp_loss":30.0,"gold_gain":0.0,"event_name":"Vampires","player_choice":"Became a vampire","floor":21.0,"gold_loss":0.0,"damage_taken":0.0,"cards_obtained":["Bite","Bite","Bite","Bite","Bite"]},{"damage_healed":0.0,"max_hp_gain":0.0,"max_hp_loss":0.0,"gold_gain":0.0,"event_name":"The Woman in Blue","player_choice":"Bought 0 Potions","floor":22.0,"gold_loss":0.0,"damage_taken":0.0},{"damage_healed":0.0,"max_hp_gain":0.0,"max_hp_loss":0.0,"gold_gain":0.0,"event_name":"MindBloom","player_choice":"Fight","floor":36.0,"gold_loss":0.0,"damage_taken":0.0},{"damage_healed":0.0,"max_hp_gain":0.0,"max_hp_loss":0.0,"gold_gain":0.0,"event_name":"SensoryStone","player_choice":"Memory 3","floor":37.0,"gold_loss":0.0,"damage_taken":10.0},{"damage_healed":0.0,"max_hp_gain":0.0,"max_hp_loss":0.0,"gold_gain":0.0,"event_name":"Tomb of Lord Red Mask","player_choice":"Paid","floor":48.0,"gold_loss":10.0,"damage_taken":0.0,"relics_obtained":["Red Mask"]}],"is_beta":false,"boss_relics":[{"not_picked":["Ectoplasm","Calling Bell"],"picked":"Sozu"},{"not_picked":["Nuclear Battery","Runic Dome"],"picked":"Runic Pyramid"}],"items_purged_floors":[5,31,47],"is_endless":false,"potions_floor_spawned":[1,4,8,16,23,24,25,28,29,30,33,35,36,38,39,40,41,42,44,55],"ascension_level":20}}