{"host":"v4pe0ixo3k7iwzp0","time":1610078646,"event":{"mods":["Ascension Reborn","BaseMod","Bestiary","Highlight Path","Minty Spire (QoL Compilation)","StSLib","The Marked"],"gold_per_floor":[115,125,125,100,119,119,48,74,74,74,84,102,122,135,135,233,283,302,328,338,181,195,195,207,226,278,289,299,299,299],"floor_reached":29,"playtime":1936,"items_purged":[],"score":233,"play_id":"277e7852-61f0-44de-83b3-d25d067bd883","local_time":"20210107200406","is_ascension_mode":true,"campfire_choices":[{"data":"theMarked:EmpowerWeapon","floor":6.0,"key":"SMITH"},{"data":"theMarked:WardOff","floor":10.0,"key":"SMITH"},{"floor":15.0,"key":"REST"},{"floor":23,"key":"REST"}],"circlet_count":0,"master_deck":["theMarked:Strike+1","theMarked:Strike+1","theMarked:Strike+1","theMarked:Strike+1","theMarked:Defend+1","theMarked:Defend+1","theMarked:Defend+1","theMarked:Defend+1","theMarked:SoldierOfQuellstein+1","theMarked:EmpowerWeapon+1","theMarked:Convert","theMarked:SwordAndMagic","theMarked:Aftermath","theMarked:ChainLightning","theMarked:WardOff+1","theMarked:EmpowerWeapon","theMarked:SuspiciousRaven","theMarked:ElectricStrings+1","theMarked:TwofoldDefense","theMarked:HeightenedSenses","theMarked:BindingBlade","theMarked:WastefulDefense","theMarked:BanishingStrike","theMarked:RogueSparks+1","theMarked:WardOff+1","theMarked:Frustration","theMarked:Challenge","theMarked:ParalyzingBlade+1","theMarked:Levitate","theMarked:ElementalBlade","theMarked:MysticalArsenal+1","theMarked:EmpowerWeapon+1"],"relics":["theMarked:ArtifactOfAir","Matryoshka","Regal Pillow","Frozen Egg 2","Tiny House","Red Mask","Orrery","Potion Belt","Tiny Chest"],"acts_visited":["Exordium","TheCity"],"potions_floor_usage":[19,19,27,27,28],"damage_taken":[{"damage":0.0,"enemies":"2 Louse","floor":1.0,"turns":2.0},{"damage":0.0,"enemies":"Cultist","floor":2.0,"turns":2.0},{"damage":0.0,"enemies":"Jaw Worm","floor":5.0,"turns":2.0},{"damage":15.0,"enemies":"Lagavulin","floor":8.0,"turns":5.0},{"damage":0.0,"enemies":"Lots of Slimes","floor":11.0,"turns":2.0},{"damage":5.0,"enemies":"Red Slaver","floor":12.0,"turns":2.0},{"damage":14.0,"enemies":"Exordium Thugs","floor":13.0,"turns":5.0},{"damage":2.0,"enemies":"Looter","floor":14.0,"turns":2.0},{"damage":3.0,"enemies":"Slime Boss","floor":16.0,"turns":5.0},{"damage":9.0,"enemies":"Shell Parasite","floor":18.0,"turns":5.0},{"damage":14,"enemies":"Masked Bandits","floor":19,"turns":3},{"damage":12,"enemies":"3 Byrds","floor":20,"turns":6},{"damage":26,"enemies":"Centurion and Healer","floor":22,"turns":6},{"damage":26,"enemies":"3 Cultists","floor":24,"turns":6},{"damage":11,"enemies":"Cultist and Chosen","floor":25,"turns":7},{"damage":5,"enemies":"Centurion and Healer","floor":27,"turns":7},{"damage":7,"enemies":"Snake Plant","floor":28,"turns":3},{"damage":10,"enemies":"Cultist and Chosen","floor":29,"turns":4}],"seed_played":"-2714698101540293177","potions_obtained":[{"floor":1.0,"key":"BlessingOfTheForge"},{"floor":5.0,"key":"Fruit Juice"},{"floor":8.0,"key":"Explosive Potion"},{"floor":17.0,"key":"Explosive Potion"},{"floor":18.0,"key":"Explosive Potion"},{"floor":24,"key":"EssenceOfSteel"},{"floor":25,"key":"Dexterity Potion"}],"is_trial":true,"path_per_floor":["M","M","?","$","M","R","$","E","T","R","M","M","M","M","R","B",null,"M","?","M","$","M","R","M","M","T","M","M","M"],"character_chosen":"THE_DEFAULT","items_purchased":["theMarked:SwordAndMagic","theMarked:ChainLightning","theMarked:WardOff","Orrery"],"campfire_rested":2,"item_purchase_floors":[4,7,7,21],"current_hp_per_floor":[70,70,70,70,75,75,75,60,60,60,60,55,41,39,75,72,80,71,57,45,45,19,58,32,21,21,16,9,0,0],"gold":299,"neow_bonus":"","is_daily":false,"chose_seed":false,"campfire_upgraded":2,"win_rate":0.0,"timestamp":1610078646,"path_taken":["M","M","?","$","M","R","$","E","T","R","M","M","?","M","R","BOSS","M","?","M","$","M","R","M","M","T","M","M","M"],"items_purchased_type":["Card","Card","Card","Relic"],"build_version":"2020-12-22","purchased_purges":0,"victory":false,"max_hp_per_floor":[70,70,70,70,75,75,75,75,75,75,75,75,75,75,75,75,80,80,80,80,80,80,80,80,80,80,80,80,80,80],"card_choices":[{"not_picked":["theMarked:DeterminationOfTheMarked","theMarked:Parkour","theMarked:Improvise"],"picked":"SKIP","floor":1.0},{"not_picked":["theMarked:ChainLightning","theMarked:WardOff"],"picked":"theMarked:EmpowerWeapon","floor":2.0},{"not_picked":["theMarked:Improvise","theMarked:RepellingDischarge"],"picked":"theMarked:Aftermath","floor":5.0},{"not_picked":["theMarked:PowerFlow","theMarked:WardOff"],"picked":"theMarked:EmpowerWeapon","floor":8.0},{"not_picked":["theMarked:RepellingDischarge","theMarked:BanishingWave"],"picked":"theMarked:SuspiciousRaven","floor":11.0},{"not_picked":["theMarked:CreepingChasm","theMarked:Aftermath"],"picked":"theMarked:ElectricStrings","floor":12.0},{"not_picked":["theMarked:Electrify","theMarked:WastefulAttack"],"picked":"theMarked:TwofoldDefense","floor":13.0},{"not_picked":["theMarked:Panic","theMarked:Overcharge"],"picked":"theMarked:HeightenedSenses","floor":14.0},{"not_picked":["theMarked:Snap","theMarked:FavorableWinds"],"picked":"theMarked:BindingBlade","floor":16.0},{"not_picked":["theMarked:SwordAndMagic","theMarked:Convert"],"picked":"theMarked:WastefulDefense","floor":17.0},{"not_picked":["theMarked:EmpowerWeapon","theMarked:WardOff"],"picked":"theMarked:BanishingStrike","floor":18.0},{"not_picked":["theMarked:Improvise","theMarked:Static"],"picked":"theMarked:RogueSparks+1","floor":19},{"not_picked":["theMarked:Electrocute","theMarked:TwofoldDefense+1"],"picked":"theMarked:WardOff+1","floor":20},{"not_picked":["theMarked:Polarize","theMarked:RepellingDischarge+1"],"picked":"theMarked:Frustration","floor":21},{"not_picked":["theMarked:EmpowerWeapon","theMarked:SwordAndMagic+1"],"picked":"theMarked:Challenge","floor":21},{"not_picked":["theMarked:HeritageOfTheMarked+1","theMarked:ChainLightning"],"picked":"theMarked:ParalyzingBlade+1","floor":21},{"not_picked":["theMarked:TwofoldDefense","theMarked:WardOff"],"picked":"theMarked:Levitate","floor":22},{"not_picked":["theMarked:Parkour","theMarked:WardOff","theMarked:SelfDefenseTraining"],"picked":"SKIP","floor":24},{"not_picked":["theMarked:Overthink","theMarked:WastefulDefense"],"picked":"theMarked:ElementalBlade","floor":25},{"not_picked":["theMarked:EmpowerWeapon","theMarked:WardOff"],"picked":"theMarked:MysticalArsenal+1","floor":27},{"not_picked":["theMarked:Seal","theMarked:ChainLightning"],"picked":"theMarked:EmpowerWeapon+1","floor":28}],"player_experience":98479,"relics_obtained":[{"floor":8.0,"key":"Matryoshka"},{"floor":9.0,"key":"Regal Pillow"},{"floor":9.0,"key":"Frozen Egg 2"},{"floor":19,"key":"Red Mask"},{"floor":26,"key":"Potion Belt"},{"floor":26,"key":"Tiny Chest"}],"event_choices":[{"damage_healed":0.0,"max_hp_gain":0.0,"max_hp_loss":0.0,"gold_gain":0.0,"cards_transformed":["theMarked:Strike"],"event_name":"Transmorgrifier","player_choice":"Transformed","floor":3.0,"gold_loss":0.0,"damage_taken":0.0,"cards_obtained":["theMarked:Convert"]},{"damage_healed":0,"gold_gain":0,"player_choice":"Fought Bandits","damage_taken":0,"max_hp_gain":0,"max_hp_loss":0,"event_name":"Masked Bandits","floor":19,"gold_loss":0}],"is_beta":false,"boss_relics":[{"not_picked":["Snecko Eye","SlaversCollar"],"picked":"Tiny House"}],"items_purged_floors":[],"is_endless":false,"potions_floor_spawned":[1,5,8,18,24,25],"killed_by":"Cultist and Chosen","ascension_level":0}}