{"host":"04hh9gplt9wkfmr1","time":1610083032,"event":{"mods":["AchievementEnabler","BaseMod","Colored Map","KOR Keyword Fix","Minty Spire (QoL Compilation)","Rare Cards Sparkle","StSLib","SuperFastMode","everything is the same but u backflip on backflip"],"gold_per_floor":[360,360,371,383,232,232,261,261,261,261,271,284,297,323,323,420,420,436,264,189,288,29,60,60,74,74,102,121,121,134,149,149,247,247,266,283,283,299,310,310,337,337,337,337,337,382,382,393,393,393],"floor_reached":51,"playtime":1849,"items_purged":["Strike_G","Strike_G"],"score":813,"play_id":"5aa60fab-81bb-4c73-8884-7a35e3372a07","local_time":"20210108141712","is_ascension_mode":true,"campfire_choices":[{"data":"Venomology","floor":6.0,"key":"SMITH"},{"data":"Noxious Fumes","floor":8.0,"key":"SMITH"},{"data":"Infinite Blades","floor":10.0,"key":"SMITH"},{"floor":15.0,"key":"REST"},{"data":"1","floor":24.0,"key":"LIFT"},{"data":"2","floor":29.0,"key":"LIFT"},{"data":"3","floor":32.0,"key":"LIFT"},{"data":"Madness","floor":40.0,"key":"SMITH"},{"data":"Adrenaline","floor":42.0,"key":"SMITH"},{"data":"Blade Dance","floor":45.0,"key":"SMITH"},{"data":"Madness","floor":47,"key":"SMITH"},{"data":"Envenom","floor":49,"key":"SMITH"}],"circlet_count":0,"master_deck":["Strike_G","Strike_G","Defend_G","Defend_G","Defend_G","Defend_G+1","Defend_G","Survivor","Neutralize+1","Noxious Fumes+1","Crippling Poison","Venomology+1","Infinite Blades+1","Backstab","Slice+1","Backstab+1","Blade Dance+1","Envenom+1","CurseOfTheBell","Backflip+1","Footwork+1","Blade Dance+1","Noxious Fumes+1","Escape Plan","Poisoned Stab","Adrenaline+1","Madness+1","Madness+1","Infinite Blades+1","Flash of Steel","Backflip+1"],"relics":["Ring of the Snake","Kunai","Centennial Puzzle","Girya","Calling Bell","Juzu Bracelet","Frozen Egg 2","Thread and Needle","Ornamental Fan","Mercury Hourglass","Boot","Whetstone","SlaversCollar","Nunchaku","Paper Crane","Unceasing Top"],"acts_visited":["Exordium","TheCity","TheBeyond"],"potions_floor_usage":[46,50,50],"damage_taken":[{"damage":0.0,"enemies":"2 Louse","floor":1.0,"turns":3.0},{"damage":0.0,"enemies":"Small Slimes","floor":3.0,"turns":4.0},{"damage":0.0,"enemies":"Jaw Worm","floor":4.0,"turns":5.0},{"damage":5.0,"enemies":"Lagavulin","floor":7.0,"turns":8.0},{"damage":7.0,"enemies":"Looter","floor":11.0,"turns":4.0},{"damage":4.0,"enemies":"Red Slaver","floor":12.0,"turns":2.0},{"damage":11.0,"enemies":"Exordium Wildlife","floor":13.0,"turns":4.0},{"damage":0.0,"enemies":"Gremlin Nob","floor":14.0,"turns":2.0},{"damage":11.0,"enemies":"The Guardian","floor":16.0,"turns":12.0},{"damage":0.0,"enemies":"Chosen","floor":18.0,"turns":5.0},{"damage":3.0,"enemies":"Slavers","floor":23.0,"turns":5.0},{"damage":0.0,"enemies":"Spheric Guardian","floor":25.0,"turns":1.0},{"damage":2.0,"enemies":"Book of Stabbing","floor":27.0,"turns":5.0},{"damage":0.0,"enemies":"Snecko","floor":28.0,"turns":4.0},{"damage":0.0,"enemies":"Shelled Parasite and Fungi","floor":30.0,"turns":4.0},{"damage":1.0,"enemies":"Centurion and Healer","floor":31.0,"turns":3.0},{"damage":26.0,"enemies":"Automaton","floor":33.0,"turns":8.0},{"damage":0.0,"enemies":"3 Shapes","floor":35.0,"turns":5.0},{"damage":1.0,"enemies":"3 Darklings","floor":36.0,"turns":4.0},{"damage":0.0,"enemies":"Sphere and 2 Shapes","floor":38.0,"turns":5.0},{"damage":5.0,"enemies":"4 Shapes","floor":39.0,"turns":5.0},{"damage":0.0,"enemies":"Reptomancer","floor":41.0,"turns":6.0},{"damage":1,"enemies":"2 Orb Walkers","floor":46,"turns":4},{"damage":7,"enemies":"3 Darklings","floor":48,"turns":3},{"damage":12,"enemies":"Donu and Deca","floor":50,"turns":7}],"seed_played":"-2636820224213578525","potions_obtained":[{"floor":3.0,"key":"LiquidMemories"},{"floor":4.0,"key":"DistilledChaos"},{"floor":7.0,"key":"Strength Potion"},{"floor":27.0,"key":"AttackPotion"},{"floor":36.0,"key":"FearPotion"},{"floor":48,"key":"GhostInAJar"}],"is_trial":false,"path_per_floor":["M","?","M","M","$","R","E","R","T","R","M","M","M","E","R","B",null,"M","$","?","?","$","E","R","M","T","E","M","R","M","M","R","B",null,"M","M","?","M","M","R","E","R","T","?","R","?","R","M","R","B",null],"character_chosen":"THE_SILENT","items_purchased":["Infinite Blades","Footwork+1","Ornamental Fan"],"campfire_rested":1,"item_purchase_floors":[5,19,22],"current_hp_per_floor":[49,35,35,35,35,35,30,30,30,30,23,19,8,8,29,18,70,70,70,70,70,70,67,67,67,67,65,65,65,65,64,64,38,70,70,69,60,60,55,55,55,55,55,55,55,54,54,47,47,35],"gold":393,"neow_bonus":"TWO_FIFTY_GOLD","is_daily":false,"chose_seed":false,"campfire_upgraded":8,"win_rate":0.0,"timestamp":1610083032,"path_taken":["M","?","M","M","$","R","E","R","T","R","M","M","M","E","R","BOSS","M","$","?","?","$","E","R","M","T","E","M","R","M","M","R","BOSS","M","M","?","M","M","R","E","R","T","?","R","?","R","M","R","BOSS"],"items_purchased_type":["Card","Card","Relic"],"build_version":"2020-12-22","purchased_purges":2,"victory":true,"max_hp_per_floor":[70,70,70,70,70,70,70,70,70,70,70,70,70,70,70,70,70,70,70,70,70,70,70,70,70,70,70,70,70,70,70,70,70,70,70,70,70,70,70,70,70,70,70,70,70,70,70,70,70,70],"card_choices":[{"not_picked":["Backflip","PiercingWail"],"picked":"Noxious Fumes","floor":1.0},{"not_picked":["Dash","Dodge and Roll"],"picked":"Crippling Poison","floor":3.0},{"not_picked":["Slice","Sucker Punch"],"picked":"Venomology","floor":4.0},{"not_picked":["Quick Slash","Blade Dance"],"picked":"Backstab","floor":7.0},{"not_picked":["Sucker Punch","Slice","Dagger Throw"],"picked":"SKIP","floor":11.0},{"not_picked":["Sucker Punch","Dagger Throw"],"picked":"Slice","floor":11.0},{"not_picked":["Prepared","Sucker Punch"],"picked":"Backstab","floor":12.0},{"not_picked":["Caltrops","Quick Slash"],"picked":"Blade Dance","floor":13.0},{"not_picked":["All Out Attack","Caltrops","Dagger Throw"],"picked":"SKIP","floor":14.0},{"not_picked":["Die Die Die","Venomology"],"picked":"Envenom","floor":16.0},{"not_picked":["Outmaneuver","Sucker Punch"],"picked":"Backflip+1","floor":18.0},{"not_picked":["All Out Attack","Bullet Time"],"picked":"Blade Dance+1","floor":23.0},{"not_picked":["Bane","Sucker Punch"],"picked":"Noxious Fumes+1","floor":25.0},{"not_picked":["Outmaneuver","Corpse Explosion"],"picked":"Escape Plan","floor":27.0},{"not_picked":["Masterful Stab","Bane+1"],"picked":"Poisoned Stab","floor":28.0},{"not_picked":["Dagger Spray","Blur+1","Poisoned Stab"],"picked":"SKIP","floor":30.0},{"not_picked":["Leg Sweep+1","Predator+1","Sucker Punch"],"picked":"SKIP","floor":31.0},{"not_picked":["Bullet Time","Glass Knife"],"picked":"Adrenaline","floor":33.0},{"not_picked":["Deflect","Bouncing Flask+1","Flying Knee+1"],"picked":"SKIP","floor":35.0},{"not_picked":["Deadly Poison","Acrobatics+1","Endless Agony"],"picked":"SKIP","floor":36.0},{"not_picked":["Eviscerate+1","Backstab","Dagger Throw"],"picked":"SKIP","floor":38.0},{"not_picked":["Blade Dance","Slice"],"picked":"Infinite Blades+1","floor":39.0},{"not_picked":["Flying Knee","Endless Agony+1","Deadly Poison+1"],"picked":"SKIP","floor":41.0},{"not_picked":["Dodge and Roll","Skewer"],"picked":"Backflip+1","floor":46},{"not_picked":["Calculated Gamble","Deflect","Unload"],"picked":"SKIP","floor":48}],"player_experience":3966,"relics_obtained":[{"floor":7.0,"key":"Kunai"},{"floor":9.0,"key":"Centennial Puzzle"},{"floor":14.0,"key":"Girya"},{"floor":17.0,"key":"Juzu Bracelet"},{"floor":17.0,"key":"Frozen Egg 2"},{"floor":17.0,"key":"Thread and Needle"},{"floor":23.0,"key":"Mercury Hourglass"},{"floor":26.0,"key":"Boot"},{"floor":27.0,"key":"Whetstone"},{"floor":41.0,"key":"Nunchaku"},{"floor":43.0,"key":"Paper Crane"},{"floor":46,"key":"Unceasing Top"}],"event_choices":[{"damage_healed":0.0,"max_hp_gain":0.0,"max_hp_loss":0.0,"gold_gain":0.0,"event_name":"Shining Light","player_choice":"Entered Light","floor":2.0,"gold_loss":0.0,"damage_taken":14.0,"cards_upgraded":["Neutralize","Defend_G"]},{"cards_removed":["Strike_G"],"damage_healed":0.0,"max_hp_gain":0.0,"max_hp_loss":0.0,"gold_gain":0.0,"event_name":"Beggar","player_choice":"Gave Gold","floor":20.0,"gold_loss":75.0,"damage_taken":0.0},{"damage_healed":0.0,"max_hp_gain":0.0,"max_hp_loss":0.0,"gold_gain":99.0,"event_name":"Nest","player_choice":"Stole From Cult","floor":21.0,"gold_loss":0.0,"damage_taken":0.0},{"damage_healed":0.0,"max_hp_gain":0.0,"max_hp_loss":0.0,"gold_gain":0.0,"event_name":"Winding Halls","player_choice":"Embrace Madness","floor":37.0,"gold_loss":0.0,"damage_taken":9.0,"cards_obtained":["Madness","Madness"]},{"damage_healed":0.0,"max_hp_gain":0.0,"max_hp_loss":0.0,"gold_gain":0.0,"event_name":"Match and Keep!","player_choice":"1 cards matched","floor":44.0,"gold_loss":0.0,"damage_taken":0.0,"cards_obtained":["Flash of Steel"]},{"damage_healed":0,"gold_gain":0,"player_choice":"Fight","damage_taken":0,"max_hp_gain":0,"max_hp_loss":0,"event_name":"Mysterious Sphere","floor":46,"gold_loss":0}],"is_beta":false,"boss_relics":[{"not_picked":["Astrolabe","Tiny House"],"picked":"Calling Bell"},{"not_picked":["Snecko Eye","Philosopher\u0027s Stone"],"picked":"SlaversCollar"}],"items_purged_floors":[5,19],"is_endless":false,"potions_floor_spawned":[3,4,7,13,27,30,35,36,39,48],"ascension_level":1}}