{"host":"h9d5il8g1iqie9ys","time":1610111809,"event":{"mods":["BaseMod","Colored Powertips","Hero for Fun","Marisa????????","Minty Spire (QoL Compilation)","StSLib","The Administrix","The Animator","The Bug Knight","The Cursed","The Necromancer","The Poker Player","The Saiyan","The Servant 0.9.4","The Wild Card"],"gold_per_floor":[119,69,79,98,98,130,130,145,190,190,218,237,82,82,82,182,182,107,107,107,107,107],"floor_reached":20,"playtime":1566,"items_purged":[],"score":180,"play_id":"9611e140-a80c-428d-a3eb-a51eb592f71d","local_time":"20210108201649","is_ascension_mode":false,"metric_token":978,"campfire_choices":[{"floor":7,"key":"RECALL"},{"floor":10,"key":"REST"},{"floor":15,"key":"REST"}],"circlet_count":0,"master_deck":["PokerPlayerMod:Diamond1","PokerPlayerMod:Diamond2","PokerPlayerMod:Diamond3","PokerPlayerMod:Diamond4","PokerPlayerMod:Diamond5","PokerPlayerMod:Spade1","PokerPlayerMod:Spade2","PokerPlayerMod:Spade3","PokerPlayerMod:Spade4","PokerPlayerMod:Club1","PokerPlayerMod:Club2","PokerPlayerMod:Heart2","PokerPlayerMod:BadJoker","PokerPlayerMod:Mulligan","PokerPlayerMod:Spade3","PokerPlayerMod:Club7","PokerPlayerMod:Heart7","PokerPlayerMod:Spade3","PokerPlayerMod:PoorCopy","PokerPlayerMod:SecretDealer","PokerPlayerMod:Promotion","PokerPlayerMod:DiamondStrike","PokerPlayerMod:Club4","PokerPlayerMod:Club3","PokerPlayerMod:DamnStraight","PokerPlayerMod:Club10+","CurseOfTheBell","PokerPlayerMod:Spade4","PokerPlayerMod:DamnStraight"],"relics":["PokerPlayerMod:DeckCase","NeowsBlessing","Ornamental Fan","Nunchaku","Calling Bell","PokerPlayerMod:Splitter","Blue Candle","StoneCalendar"],"acts_visited":["Exordium","TheCity"],"potions_floor_usage":[4],"damage_taken":[{"damage":0,"enemies":"Cultist","floor":1,"turns":1},{"damage":0,"enemies":"Small Slimes","floor":3,"turns":1},{"damage":0,"enemies":"2 Louse","floor":4,"turns":1},{"damage":27,"enemies":"HollowMod:MossKnight","floor":6,"turns":12},{"damage":14,"enemies":"2 Fungi Beasts","floor":8,"turns":4},{"damage":66,"enemies":"Gremlin Nob","floor":11,"turns":6},{"damage":3,"enemies":"Red Slaver","floor":12,"turns":4},{"damage":51,"enemies":"The Guardian","floor":16,"turns":12},{"damage":31,"enemies":"2 Thieves","floor":18,"turns":5},{"damage":14,"enemies":"Chosen","floor":20,"turns":4}],"seed_played":"-2234987312215716391","potions_obtained":[{"floor":4,"key":"Fruit Juice"},{"floor":11,"key":"SkillPotion"},{"floor":12,"key":"SteroidPotion"}],"is_trial":false,"path_per_floor":["M","$","M","M","?","E","R","M","T","R","E","M","$","?","R","B",null,"M","?","M"],"character_chosen":"THE_POKER_PLAYER","items_purchased":["PokerPlayerMod:Club7","PokerPlayerMod:Club4","PokerPlayerMod:Club3","PokerPlayerMod:DamnStraight"],"campfire_rested":2,"item_purchase_floors":[2,13,13,13],"current_hp_per_floor":[52,52,52,57,57,41,41,37,37,54,30,30,30,30,47,18,57,30,30,22,22,22],"gold":107,"neow_bonus":"THREE_ENEMY_KILL","is_daily":false,"chose_seed":false,"campfire_upgraded":0,"win_rate":0.0,"timestamp":1610111809,"path_taken":["M","$","?","?","?","E","R","M","T","R","E","M","?","?","R","BOSS","M","?","M"],"items_purchased_type":["Card","Card","Card","Card"],"build_version":"2020-12-22","purchased_purges":0,"victory":false,"max_hp_per_floor":[52,52,52,57,57,57,57,57,57,57,57,57,57,57,57,57,57,57,57,57,57,57],"card_choices":[{"not_picked":["PokerPlayerMod:DiamondStrike","PokerPlayerMod:Heart2"],"picked":"PokerPlayerMod:Spade3","floor":1},{"not_picked":["PokerPlayerMod:Overdeal","PokerPlayerMod:ClubDance"],"picked":"PokerPlayerMod:Heart7","floor":3},{"not_picked":["PokerPlayerMod:Diamond9","PokerPlayerMod:DiamondStrike"],"picked":"PokerPlayerMod:Spade3","floor":4},{"not_picked":["PokerPlayerMod:Overdeal","PokerPlayerMod:MagicTrick"],"picked":"PokerPlayerMod:PoorCopy","floor":6},{"not_picked":["PokerPlayerMod:CloakAndDiamond","PokerPlayerMod:Diamond3"],"picked":"PokerPlayerMod:SecretDealer","floor":8},{"not_picked":["PokerPlayerMod:CloakAndDiamond","PokerPlayerMod:Heart8"],"picked":"PokerPlayerMod:Promotion","floor":11},{"not_picked":["PokerPlayerMod:Spade2","PokerPlayerMod:Diamond1"],"picked":"PokerPlayerMod:DiamondStrike","floor":12},{"not_picked":["PokerPlayerMod:SecretDealer","PokerPlayerMod:Heart8"],"picked":"PokerPlayerMod:Club10+","floor":16},{"not_picked":["PokerPlayerMod:Heart4","PokerPlayerMod:DartThrow"],"picked":"PokerPlayerMod:Spade4","floor":18}],"player_experience":179389,"relics_obtained":[{"floor":6,"key":"Ornamental Fan"},{"floor":11,"key":"Nunchaku"},{"floor":17,"key":"PokerPlayerMod:Splitter"},{"floor":17,"key":"Blue Candle"},{"floor":17,"key":"StoneCalendar"}],"event_choices":[{"cards_removed":["PokerPlayerMod:TrumpStrike"],"damage_healed":0,"gold_gain":0,"player_choice":"Offered Basic","damage_taken":0,"max_hp_gain":0,"max_hp_loss":0,"event_name":"Bonfire Elementals","floor":5,"gold_loss":0},{"damage_healed":0,"gold_gain":0,"player_choice":"Ignored","damage_taken":0,"max_hp_gain":0,"max_hp_loss":0,"event_name":"Golden Wing","floor":14,"gold_loss":0},{"damage_healed":0,"gold_gain":0,"player_choice":"Copied","damage_taken":0,"max_hp_gain":0,"max_hp_loss":0,"event_name":"Duplicator","floor":19,"gold_loss":0,"cards_obtained":["PokerPlayerMod:DamnStraight"]}],"is_beta":false,"boss_relics":[{"not_picked":["Philosopher\u0027s Stone","Velvet Choker"],"picked":"Calling Bell"}],"items_purged_floors":[],"is_endless":false,"potions_floor_spawned":[4,11,12],"killed_by":"Chosen","ascension_level":0}}