{"host":"r5cycnjhcbwgkpkf","time":1610068269,"event":{"mods":["2.2 Compatiblity","AchievementEnabler","BaseMod","Bestiary","Better Match","Better Note","Better Skull","Better Third Choice","BetterRewards","Colored Map","Colored Powertips","Downfall","Infinite Spire","Minty Spire (QoL Compilation)","Replay The Spire","Spicy Shops","StSLib"],"gold_per_floor":[115,57,57,67,82,82,97,132,157,157,137,164,164,185,185,275,275,301,327,45,76,76,76,76,76,123,156,203,117,127,159,186,205,205,302,302,340,340,340,54,54,110,0,0,0,0,0,39,111,160,160,194,216],"floor_reached":54,"playtime":2187,"items_purged":["Strike_R","Shame","Strike_R","Defend_R"],"score":1525,"play_id":"89ec4d44-42b2-46b1-b411-50355d084c74","local_time":"20210107171109","is_ascension_mode":true,"campfire_choices":[{"data":"Bash","floor":6.0,"key":"SMITH"},{"floor":10.0,"key":"REST"},{"data":"Dark Embrace","floor":13.0,"key":"SMITH"},{"data":"ReplayTheSpireMod:Muscle Training","floor":15.0,"key":"SMITH"},{"data":"Spot Weakness","floor":25,"key":"SMITH"},{"floor":34,"key":"REST"},{"data":"Double Tap","floor":47,"key":"SMITH"},{"floor":51,"key":"REST"}],"circlet_count":0,"master_deck":["AscendersBane","Strike_R+1","Strike_R+1","Strike_R","Defend_R","Defend_R","Defend_R","Bash+1","Headbutt","ReplayTheSpireMod:Stacked","Cleave","Wild Strike","Spot Weakness+1","Dark Embrace+1","ReplayTheSpireMod:Muscle Training+1","Pummel","Pummel","Double Tap+1","ReplayTheSpireMod:Limb From Limb+1","ReplayTheSpireMod:Limb From Limb+1"],"relics":["Burning Blood","Incense Burner","Medical Kit","Regal Pillow","Brimstone","Mango","Replay:Wax Seal","Art of War","Simple Rune","Replay:Bandana","infinitespire:Burning Sword","OrangePellets","SlaversCollar","Blue Candle","infinitespire:Lucky Rock","Replay:Bronze Core","Snack Pack","Chameleon Ring","Red Mask","Replay:Ringing Soul","PreservedInsect"],"acts_visited":["Exordium","TheCity","TheBeyond"],"potions_floor_usage":[16,16,16,26,53,53],"damage_taken":[{"damage":8.0,"enemies":"Cultist","floor":1.0,"turns":3.0},{"damage":8.0,"enemies":"Jaw Worm","floor":4.0,"turns":2.0},{"damage":1.0,"enemies":"infinitespire:Voidling","floor":5.0,"turns":2.0},{"damage":0.0,"enemies":"Gremlin Gang","floor":7.0,"turns":2.0},{"damage":34.0,"enemies":"3 Sentries","floor":8.0,"turns":6.0},{"damage":7.0,"enemies":"Replay:BlueRogue","floor":12.0,"turns":3.0},{"damage":9.0,"enemies":"Large Slime","floor":14.0,"turns":3.0},{"damage":18,"enemies":"The Guardian","floor":16,"turns":5},{"damage":0,"enemies":"Chosen","floor":18,"turns":3},{"damage":5,"enemies":"2 Thieves","floor":19,"turns":3},{"damage":20,"enemies":"3 Cultists","floor":21,"turns":4},{"damage":12,"enemies":"Book of Stabbing","floor":26,"turns":2},{"damage":26,"enemies":"Centurion and Healer","floor":27,"turns":3},{"damage":1,"enemies":"Colosseum Slavers","floor":30,"turns":2},{"damage":10,"enemies":"Cultist and Chosen","floor":31,"turns":3},{"damage":7,"enemies":"Shelled Parasite and Fungi","floor":32,"turns":2},{"damage":27,"enemies":"Snake Plant","floor":33,"turns":2},{"damage":46,"enemies":"Collector","floor":35,"turns":4},{"damage":0,"enemies":"Orb Walker","floor":37,"turns":2},{"damage":18,"enemies":"R_Hoarder","floor":42,"turns":4},{"damage":38,"enemies":"3 Shapes","floor":48,"turns":4},{"damage":1,"enemies":"Reptomancer","floor":49,"turns":4},{"damage":1,"enemies":"Jaw Worm Horde","floor":50,"turns":2},{"damage":14,"enemies":"Replay:Hell Engine","floor":52,"turns":4},{"damage":49,"enemies":"Awakened One","floor":53,"turns":6}],"seed_played":"-5005241984470971651","potions_obtained":[{"floor":1.0,"key":"SteroidPotion"},{"floor":5.0,"key":"Elixir"},{"floor":11.0,"key":"EntropicBrew"},{"floor":12.0,"key":"Adrenaline Potion"},{"floor":18,"key":"Strength Potion"},{"floor":19,"key":"SpeedPotion"}],"is_trial":false,"path_per_floor":["M","$","?","M","M","R","M","E","T","R","?","E","R","M","R","B",null,"M","M","$","M","AVR","PTL","PTL","R","E","M","T","$","?","M","M","M","R","B",null,"M","?","?","$","?","E","?","?","T","?","R","M","E","M","R","B","B",null],"character_chosen":"IRONCLAD","items_purchased":["Headbutt","Incense Burner","Medical Kit","Regal Pillow","Brimstone","Mango","Replay:Wax Seal","Cleave","Pummel","Weak Potion","ReplayTheSpireMod:Limb From Limb+1","Snack Pack"],"campfire_rested":3,"item_purchase_floors":[0,0,0,0,0,0,0,2,20,20,29,40],"current_hp_per_floor":[48,48,48,46,51,51,57,29,29,70,70,69,69,66,66,54,80,86,87,87,73,73,73,73,73,67,47,47,47,52,48,47,26,67,27,74,80,80,80,80,80,76,76,76,76,79,79,51,60,69,88,88,48],"gold":216,"neow_bonus":"","is_daily":false,"chose_seed":false,"campfire_upgraded":5,"win_rate":0.0,"timestamp":1610068269,"path_taken":["M","$","?","M","M","R","M","E","T","R","?","E","R","M","R","BOSS","M","M","$","?","AVR","PTL","PTL","R","E","?","T","$","?","M","M","M","R","BOSS","M","?","?","$","?","E","?","?","T","?","R","?","E","?","R","BOSS","BOSS"],"items_purchased_type":["Card","Relic","Relic","Relic","Relic","Relic","Relic","Card","Card","Potion","Card","Relic"],"build_version":"2020-12-22","purchased_purges":4,"victory":true,"max_hp_per_floor":[89,89,89,89,89,89,89,89,89,89,89,89,89,89,89,89,89,89,89,89,89,89,89,89,89,89,89,89,89,89,89,89,89,89,89,89,89,89,89,89,85,85,85,85,85,88,88,88,88,88,88,88,88],"card_choices":[{"not_picked":["Headbutt","Clash"],"picked":"ReplayTheSpireMod:Stacked","floor":1.0},{"not_picked":["ReplayTheSpireMod:Strike From Hell","Disarm"],"picked":"Wild Strike","floor":4.0},{"not_picked":["Flex","Entrench","Cleave"],"picked":"SKIP","floor":5.0},{"not_picked":["Cleave","Anger"],"picked":"Spot Weakness","floor":7.0},{"not_picked":["ReplayTheSpireMod:Stacked","Combust"],"picked":"Dark Embrace","floor":8.0},{"not_picked":["Shrug It Off","Feel No Pain"],"picked":"ReplayTheSpireMod:Muscle Training","floor":12.0},{"not_picked":["Sever Soul","Heavy Blade"],"picked":"Pummel","floor":14.0},{"not_picked":["Wild Strike","True Grit+1","Entrench"],"picked":"SKIP","floor":18},{"not_picked":["Headbutt","Pommel Strike+1","infinitespire:OneForAll"],"picked":"SKIP","floor":19},{"not_picked":["Clothesline","Shrug It Off","Dark Embrace"],"picked":"SKIP","floor":21},{"not_picked":["Searing Blow","True Grit"],"picked":"Double Tap","floor":26},{"not_picked":["Reckless Charge+1","Shrug It Off","ReplayTheSpireMod:Strike From Hell+1"],"picked":"SKIP","floor":27},{"not_picked":["Headbutt","Body Slam","Havoc"],"picked":"SKIP","floor":31},{"not_picked":["ReplayTheSpireMod:Muscle Training+1","Abandon"],"picked":"Metallicize","floor":32},{"not_picked":["Cleave","Shrug It Off","Body Slam"],"picked":"SKIP","floor":33},{"not_picked":["Replay:Undeath\u0027s Touch+1","Run Through+1","Perfected Strike"],"picked":"SKIP","floor":37},{"not_picked":["Twin Strike","Fire Breathing","Abandon"],"picked":"SKIP","floor":42},{"not_picked":["Sword Boomerang","Havoc","Sever Soul"],"picked":"SKIP","floor":48},{"not_picked":["Shrug It Off+1","Perfected Strike","Intimidate"],"picked":"SKIP","floor":49},{"not_picked":["Iron Wave+1","Havoc+1","Disarm"],"picked":"SKIP","floor":50}],"player_experience":410970,"relics_obtained":[{"floor":8.0,"key":"Art of War"},{"floor":9.0,"key":"Simple Rune"},{"floor":12.0,"key":"Replay:Bandana"},{"floor":26,"key":"Blue Candle"},{"floor":28,"key":"infinitespire:Lucky Rock"},{"floor":42,"key":"Chameleon Ring"},{"floor":45,"key":"Replay:Ringing Soul"},{"floor":49,"key":"PreservedInsect"}],"event_choices":[{"damage_healed":0.0,"max_hp_gain":0.0,"max_hp_loss":0.0,"gold_gain":0.0,"event_name":"betterThird:BetterSerpent","player_choice":"Ignored","floor":3.0,"gold_loss":0.0,"damage_taken":57.0},{"damage_healed":0.0,"max_hp_gain":0.0,"max_hp_loss":0.0,"gold_gain":0.0,"event_name":"The Woman in Blue","player_choice":"Bought 1 Potion","floor":11.0,"gold_loss":0.0,"damage_taken":0.0},{"damage_healed":0,"gold_gain":0,"player_choice":"Fight","damage_taken":0,"max_hp_gain":0,"max_hp_loss":0,"event_name":"Colosseum","floor":30,"gold_loss":0},{"damage_healed":0,"gold_gain":0,"player_choice":"Fled From Nobs","damage_taken":0,"max_hp_gain":0,"max_hp_loss":0,"event_name":"Colosseum","floor":30,"gold_loss":0},{"damage_healed":0,"gold_gain":0,"player_choice":"Memory 1","damage_taken":0,"max_hp_gain":0,"max_hp_loss":0,"event_name":"SensoryStone","floor":38,"gold_loss":0},{"cards_removed":["Metallicize"],"damage_healed":0,"gold_gain":0,"player_choice":"Removed Power","damage_taken":0,"max_hp_gain":0,"max_hp_loss":0,"event_name":"Falling","floor":39,"gold_loss":0},{"damage_healed":0,"gold_gain":0,"player_choice":"Max HP","damage_taken":0,"max_hp_gain":0,"max_hp_loss":4,"event_name":"Winding Halls","floor":41,"gold_loss":0},{"damage_healed":0,"gold_gain":0,"player_choice":"Paid","damage_taken":0,"relics_obtained":["Red Mask"],"max_hp_gain":0,"max_hp_loss":0,"event_name":"Tomb of Lord Red Mask","floor":43,"gold_loss":110},{"damage_healed":0,"gold_gain":0,"player_choice":"Copied","damage_taken":0,"max_hp_gain":0,"max_hp_loss":0,"event_name":"Duplicator","floor":46,"gold_loss":0,"cards_obtained":["ReplayTheSpireMod:Limb From Limb"]}],"is_beta":false,"boss_relics":[{"not_picked":["ReplayTheSpireMod:DimensionalGlitch","Mark of Pain"],"picked":"infinitespire:Burning Sword"},{"not_picked":["Fusion Hammer","Velvet Choker"],"picked":"Replay:Bronze Core"}],"items_purged_floors":[0,0,20,22],"is_endless":false,"potions_floor_spawned":[1,5,12,18,19,26,31,33,35,50],"ascension_level":20}}