{"host":"ct28ocsd8g8yr2ah","time":1610115484,"event":{"mods":["BaseMod","Better Third Choice","Hermit","Marisa????????","Minty Spire (QoL Compilation)","Remilia??????","StSLib","The Animator","The Gatherer","The Servant 0.9.4","Waifu the Spire"],"gold_per_floor":[366,366,66,66,86,86,66,100,100,100,128,140,154,168,168,268,268,286,137,137,152,167,167,199,199,199,199,211,211,211,86,86,182,182,192,242,43,43,60,60,60,79,79,79,79],"floor_reached":44,"playtime":1745,"items_purged":["hermit:Strike_Hermit","hermit:Strike_Hermit","hermit:Strike_Hermit"],"score":456,"play_id":"8b29dc13-2d55-46dd-b362-689f44d9925e","local_time":"20210108191804","is_ascension_mode":true,"campfire_choices":[{"data":"hermit:Malice","floor":6,"key":"SMITH"},{"floor":10,"key":"REST"},{"floor":15,"key":"REST"},{"floor":23,"key":"REST"},{"floor":27,"key":"REST"},{"floor":30,"key":"REST"},{"data":"hermit:Magnum","floor":32,"key":"SMITH"},{"floor":40,"key":"REST"}],"circlet_count":0,"master_deck":["hermit:Defend_Hermit","hermit:Defend_Hermit","hermit:Defend_Hermit+1","hermit:Defend_Hermit+1","hermit:Snapshot","hermit:Covet","hermit:Malice+1","hermit:BlackWind","hermit:Deadeye","hermit:Misfire+1","hermit:Magnum+1","hermit:Virtue","hermit:Gambit","hermit:Manifest+1","hermit:CalledShot+1","hermit:NoHoldsBarred","hermit:Purgatory+1"],"relics":["hermit:Momento","Lantern","MealTicket","StrikeDummy","WingedGreaves","War Paint","hermit:BartenderGlass","Nilry\u0027s Codex","Incense Burner","Anchor","Dead Branch","Busted Crown","Thread and Needle","Whetstone","Mercury Hourglass"],"acts_visited":["Exordium","TheCity","TheBeyond"],"potions_floor_usage":[8,16,16,18,18,18,21,21,22,22,22,24,24,28,28,28,33,33,33,35,35,39,39,39,39,42,42,42,42],"damage_taken":[{"damage":0,"enemies":"Small Slimes","floor":1,"turns":3},{"damage":6,"enemies":"Jaw Worm","floor":5,"turns":2},{"damage":16,"enemies":"Gremlin Nob","floor":8,"turns":3},{"damage":9,"enemies":"3 Sentries","floor":11,"turns":3},{"damage":0,"enemies":"2 Louse","floor":12,"turns":1},{"damage":0,"enemies":"Exordium Thugs","floor":13,"turns":2},{"damage":1,"enemies":"2 Fungi Beasts","floor":14,"turns":3},{"damage":48,"enemies":"Hexaghost","floor":16,"turns":9},{"damage":0,"enemies":"Spheric Guardian","floor":18,"turns":1},{"damage":14,"enemies":"3 Byrds","floor":21,"turns":6},{"damage":12,"enemies":"3 Cultists","floor":22,"turns":3},{"damage":46,"enemies":"Gremlin Leader","floor":24,"turns":6},{"damage":1,"enemies":"Snake Plant","floor":28,"turns":2},{"damage":45,"enemies":"Champ","floor":33,"turns":10},{"damage":30,"enemies":"3 Shapes","floor":35,"turns":2},{"damage":33,"enemies":"Mind Bloom Boss Battle","floor":36,"turns":7},{"damage":23,"enemies":"3 Darklings","floor":39,"turns":2},{"damage":18,"enemies":"Writhing Mass","floor":42,"turns":3},{"damage":33,"enemies":"Spire Growth","floor":44,"turns":1}],"seed_played":"-5621578354272341735","potions_obtained":[{"floor":7,"key":"FearPotion"},{"floor":8,"key":"Block Potion"},{"floor":13,"key":"AttackPotion"},{"floor":16,"key":"Strength Potion"},{"floor":21,"key":"SteroidPotion"},{"floor":22,"key":"LiquidBronze"},{"floor":28,"key":"CultistPotion"},{"floor":36,"key":"Swift Potion"},{"floor":39,"key":"AttackPotion"}],"is_trial":false,"path_per_floor":["M","?","$","?","M","R","?","E","T","R","E","M","M","M","R","B",null,"M","$","?","M","M","R","E","?","T","R","M","?","R","$","R","B",null,"M","?","$","?","M","R","$","M","T","M"],"character_chosen":"HERMIT","items_purchased":["hermit:Malice","MealTicket","SpeedPotion","Whetstone","Fire Potion"],"campfire_rested":6,"item_purchase_floors":[3,3,19,37,37],"current_hp_per_floor":[54,42,42,42,36,36,36,20,20,42,33,33,33,32,54,6,75,75,75,59,45,33,55,9,9,9,31,30,30,52,67,67,22,75,45,12,27,27,4,26,41,23,23,0,0],"gold":79,"neow_bonus":"TWO_FIFTY_GOLD","is_daily":false,"chose_seed":false,"campfire_upgraded":2,"win_rate":0.0,"timestamp":1610115484,"path_taken":["M","?","$","?","M","R","?","E","T","R","E","M","M","?","R","BOSS","M","$","?","M","M","R","E","?","T","R","M","?","R","$","R","BOSS","M","?","$","?","M","R","$","M","T","M"],"items_purchased_type":["Card","Relic","Potion","Relic","Potion"],"build_version":"2020-12-22","purchased_purges":3,"victory":false,"max_hp_per_floor":[75,75,75,75,75,75,75,75,75,75,75,75,75,75,75,75,75,75,75,75,75,75,75,75,75,75,75,75,75,75,75,75,75,75,75,75,75,75,75,75,75,75,75,75,75],"card_choices":[{"not_picked":["hermit:Desperado","hermit:HighCaliber","hermit:HoleUp"],"picked":"SKIP","floor":1},{"not_picked":["hermit:TakeAim","hermit:Snipe"],"picked":"hermit:Deadeye","floor":5},{"not_picked":["hermit:HoleUp","hermit:Desperado"],"picked":"hermit:Misfire","floor":8},{"not_picked":["hermit:LowProfile","hermit:Feint","hermit:FlashPowder"],"picked":"SKIP","floor":11},{"not_picked":["hermit:Dive","hermit:FlashPowder"],"picked":"hermit:Magnum","floor":12},{"not_picked":["hermit:BodyArmor","hermit:Ricochet","hermit:SprayPray"],"picked":"SKIP","floor":13},{"not_picked":["hermit:Manifest","hermit:Snipe"],"picked":"hermit:Virtue","floor":14},{"not_picked":["hermit:HighNoon","hermit:FromBeyond"],"picked":"hermit:Gambit","floor":16},{"not_picked":["hermit:Maintenance","hermit:LuckOfTheDraw"],"picked":"hermit:Manifest+1","floor":18},{"not_picked":["hermit:Virtue","hermit:Desperado","hermit:Roulette+1"],"picked":"SKIP","floor":21},{"not_picked":["hermit:TrackingShot+1","hermit:LuckOfTheDraw","hermit:Showdown"],"picked":"SKIP","floor":22},{"not_picked":["hermit:Feint","hermit:HighNoon"],"picked":"hermit:CalledShot+1","floor":24},{"not_picked":["hermit:Manifest","hermit:ShadowCloak+1","hermit:TrackingShot"],"picked":"SKIP","floor":28},{"not_picked":["hermit:RoundhouseKick","hermit:Dissolve"],"picked":"hermit:Purgatory","floor":33},{"not_picked":["hermit:HighCaliber"],"picked":"SKIP","floor":35},{"not_picked":["hermit:Malice+1"],"picked":"SKIP","floor":39},{"not_picked":["hermit:Grudge"],"picked":"SKIP","floor":42}],"player_experience":480868,"relics_obtained":[{"floor":8,"key":"StrikeDummy"},{"floor":9,"key":"WingedGreaves"},{"floor":11,"key":"War Paint"},{"floor":20,"key":"Nilry\u0027s Codex"},{"floor":24,"key":"Incense Burner"},{"floor":26,"key":"Dead Branch"},{"floor":36,"key":"Thread and Needle"},{"floor":43,"key":"Mercury Hourglass"}],"event_choices":[{"damage_healed":0,"gold_gain":0,"player_choice":"Relic ","damage_taken":12,"max_hp_gain":0,"max_hp_loss":0,"event_name":"betterThird:BetterScrap","floor":2,"gold_loss":0,"cards_obtained":["Juggernaut"]},{"damage_healed":0,"gold_gain":0,"cards_transformed":["hermit:Strike_Hermit"],"player_choice":"Change","damage_taken":0,"max_hp_gain":0,"max_hp_loss":0,"event_name":"Living Wall","floor":4,"gold_loss":0,"cards_obtained":["hermit:BlackWind"]},{"damage_healed":0,"gold_gain":0,"player_choice":"Bought 1 Potion","damage_taken":0,"max_hp_gain":0,"max_hp_loss":0,"event_name":"The Woman in Blue","floor":7,"gold_loss":0},{"damage_healed":0,"gold_gain":0,"player_choice":"Obtained Book","damage_taken":16,"max_hp_gain":0,"max_hp_loss":0,"event_name":"Cursed Tome","floor":20,"gold_loss":0},{"damage_healed":0,"gold_gain":0,"player_choice":"Opened","damage_taken":0,"relics_obtained":["Anchor"],"max_hp_gain":0,"max_hp_loss":0,"event_name":"The Mausoleum","floor":25,"gold_loss":0,"cards_obtained":["Writhe"]},{"damage_healed":0,"gold_gain":0,"player_choice":"Read","damage_taken":0,"max_hp_gain":0,"max_hp_loss":0,"event_name":"The Library","floor":29,"gold_loss":0,"cards_obtained":["hermit:NoHoldsBarred"]},{"damage_healed":0,"gold_gain":0,"player_choice":"Fight","damage_taken":0,"max_hp_gain":0,"max_hp_loss":0,"event_name":"MindBloom","floor":36,"gold_loss":0},{"cards_removed":["Writhe"],"damage_healed":0,"gold_gain":0,"player_choice":"Removed Curses","damage_taken":0,"max_hp_gain":0,"max_hp_loss":0,"event_name":"Fountain of Cleansing","floor":38,"gold_loss":0}],"is_beta":false,"boss_relics":[{"not_picked":["hermit:DentedPlate","Cursed Key"],"picked":"hermit:BartenderGlass"},{"not_picked":["Black Star","Tiny House"],"picked":"Busted Crown"}],"items_purged_floors":[3,19,31],"is_endless":false,"potions_floor_spawned":[8,13,16,21,22,28,36,39],"killed_by":"Spire Growth","ascension_level":1}}