{"host":"5kfll2qhgf51bc5q","time":1610103711,"event":{"mods":["AchievementEnabler","BaseMod","Conspire","Hubris","Infinite Spire","Minty Spire (QoL Compilation)","Shop Mod","StSLib","SuperFastMode","The Construct"],"gold_per_floor":[119,132,132,149,149,149,180,66,89,89,114,14,58,58,58,181,181,204,47,47,63,63,63,104,203,203,10,25,25,41,55,55,174,174,197,197,197,197,210,246,246,246,246,285,309,342,362,362,362,362,362],"floor_reached":50,"playtime":1652,"items_purged":["Defend_G","Strike_G","Strike_G","Defend_G"],"score":631,"play_id":"fc2873a0-9552-4f0e-9dba-52b3e2f7781d","local_time":"20210108120151","is_ascension_mode":false,"campfire_choices":[{"data":"Neutralize","floor":6.0,"key":"SMITH"},{"data":"conspire:PoisonWeapons","floor":10.0,"key":"SMITH"},{"data":"Crippling Poison","floor":15.0,"key":"SMITH"},{"floor":23.0,"key":"REST"},{"data":"Burst","floor":32,"key":"SMITH"},{"data":"Night Terror","floor":41,"key":"SMITH"},{"floor":49,"key":"REST"}],"circlet_count":0,"master_deck":["Strike_G","Strike_G+1","Defend_G","Defend_G","Survivor+1","Masterful Stab","Crippling Poison+1","conspire:PoisonWeapons+1","Acrobatics","PiercingWail","Burst+1","Die Die Die","hubris:DuctTapeCard","Blade Dance","Terror","Venomology","hubris:Sniper+1","Iron Wave","Acrobatics+1","Night Terror+1","Parasite","Dagger Spray+1","Reflex","Dodge and Roll+1"],"relics":["Ring of the Snake","NeowsBlessing","Golden Idol","Ancient Tea Set","hubris:TenFootPole","Bag of Preparation","construct:BoolHorns","PreservedInsect","Nloth\u0027s Gift","hubris:KleinBottle","hubris:EvacipatedBox","infinitespire:FocusingShard","hubris:DuctTape","Medical Kit","Philosopher\u0027s Stone","hubris:Towel","construct:FoamFinger","HoveringKite","conspire:Dentures","Mummified Hand","hubris:SlimyHat"],"acts_visited":["Exordium","TheCity","TheBeyond"],"potions_floor_usage":[28,33,33,33,40,40,44,44,45,45,45,47,50,50,50],"damage_taken":[{"damage":0.0,"enemies":"Cultist","floor":1.0,"turns":1.0},{"damage":0.0,"enemies":"Jaw Worm","floor":2.0,"turns":1.0},{"damage":0.0,"enemies":"2 Louse","floor":4.0,"turns":1.0},{"damage":6.0,"enemies":"3 Sentries","floor":7.0,"turns":6.0},{"damage":0.0,"enemies":"2 Fungi Beasts","floor":11.0,"turns":3.0},{"damage":1.0,"enemies":"Gremlin Nob","floor":13.0,"turns":3.0},{"damage":14.0,"enemies":"Hexaghost","floor":16.0,"turns":7.0},{"damage":7.0,"enemies":"2 Thieves","floor":18.0,"turns":4.0},{"damage":3.0,"enemies":"Shell Parasite","floor":21.0,"turns":7.0},{"damage":2.0,"enemies":"Book of Stabbing","floor":24.0,"turns":3.0},{"damage":0,"enemies":"Snake Plant","floor":28,"turns":1},{"damage":0,"enemies":"Cultist and Chosen","floor":30,"turns":2},{"damage":0,"enemies":"3 Cultists","floor":31,"turns":3},{"damage":24,"enemies":"Automaton","floor":33,"turns":4},{"damage":3,"enemies":"3 Shapes","floor":35,"turns":3},{"damage":0,"enemies":"Orb Walker","floor":39,"turns":2},{"damage":3,"enemies":"Giant Head","floor":40,"turns":2},{"damage":0,"enemies":"Nemesis","floor":44,"turns":3},{"damage":6,"enemies":"Writhing Mass","floor":45,"turns":3},{"damage":0,"enemies":"Reptomancer","floor":46,"turns":2},{"damage":17,"enemies":"Spire Growth","floor":47,"turns":3},{"damage":60,"enemies":"conspire:OrnateMirror","floor":50,"turns":10}],"seed_played":"8602329307115576","potions_obtained":[{"floor":1.0,"key":"PowerPotion"},{"floor":4.0,"key":"AttackPotion"},{"floor":7.0,"key":"Explosive Potion"},{"floor":16.0,"key":"SteroidPotion"},{"floor":18.0,"key":"Strength Potion"},{"floor":28,"key":"SmokeBomb"},{"floor":31,"key":"AttackPotion"},{"floor":33,"key":"FearPotion"},{"floor":35,"key":"Energy Potion"},{"floor":44,"key":"Poison Potion"},{"floor":47,"key":"Dexterity Potion"}],"is_trial":false,"path_per_floor":["M","M","?","M","?","R","E","$","T","R","M","$","E","?","R","B",null,"M","$","?","M","$","R","E","?","T","$","M","$","M","M","R","B",null,"M","?","?","?","M","E","R","AVR","T","E","M","E","M","?","R","B"],"character_chosen":"THE_SILENT","items_purchased":["conspire:PoisonWeapons","PreservedInsect","hubris:KleinBottle","hubris:EvacipatedBox","Fire Potion","Medical Kit","Blade Dance"],"campfire_rested":2,"item_purchase_floors":[8,19,22,22,22,27,27],"current_hp_per_floor":[70,70,56,56,56,56,50,50,50,50,50,50,49,46,46,32,65,58,58,58,55,12,31,29,29,29,29,29,29,29,29,29,5,65,62,62,62,62,62,59,59,59,59,59,53,53,36,36,54,0,0],"gold":362,"neow_bonus":"THREE_ENEMY_KILL","is_daily":false,"chose_seed":false,"campfire_upgraded":5,"win_rate":0.0,"timestamp":1610103711,"path_taken":["M","?","?","M","?","R","E","$","T","R","M","$","E","?","R","BOSS","M","$","?","M","?","R","E","?","T","$","M","?","M","M","R","BOSS","M","?","?","?","M","E","R","AVR","T","E","M","E","?","?","R","BOSS"],"items_purchased_type":["Card","Relic","Relic","Relic","Potion","Relic","Card"],"build_version":"2020-12-22","purchased_purges":4,"victory":false,"max_hp_per_floor":[70,70,70,70,65,65,65,65,65,65,65,65,65,65,65,65,65,65,65,65,65,65,65,65,65,65,65,65,65,65,65,65,65,65,65,62,62,62,62,62,62,62,62,62,62,62,62,62,62,62,62],"card_choices":[{"not_picked":["Backflip","hubris:Counter"],"picked":"Masterful Stab","floor":1.0},{"not_picked":["Poisoned Stab","Deflect","Sucker Punch"],"picked":"SKIP","floor":2.0},{"not_picked":["Sucker Punch","hubris:SlightOfHand"],"picked":"Crippling Poison","floor":4.0},{"not_picked":["Quick Slash","Expertise","Eviscerate"],"picked":"SKIP","floor":7.0},{"not_picked":["Dagger Throw","hubris:Counter"],"picked":"Acrobatics","floor":11.0},{"not_picked":["Dodge and Roll","Dagger Throw"],"picked":"PiercingWail","floor":13.0},{"not_picked":["Die Die Die","A Thousand Cuts"],"picked":"Burst","floor":16.0},{"not_picked":["Bouncing Flask","hubris:SlightOfHand","Prepared"],"picked":"SKIP","floor":18.0},{"not_picked":["A Thousand Cuts","Flying Knee+1","Sucker Punch"],"picked":"SKIP","floor":21.0},{"not_picked":["hubris:Rewind","infinitespire:NeuralNetwork"],"picked":"infinitespire:Gouge","floor":22.0},{"not_picked":["All Out Attack+1","Acrobatics"],"picked":"Die Die Die","floor":24.0},{"not_picked":["PiercingWail","Dagger Throw+1"],"picked":"Terror","floor":28},{"not_picked":["conspire:PoisonWeapons","hubris:TrickCloak","Blur"],"picked":"SKIP","floor":30},{"not_picked":["Poisoned Stab","All Out Attack","hubris:SlightOfHand"],"picked":"SKIP","floor":31},{"not_picked":["Glass Knife","Die Die Die"],"picked":"Venomology","floor":33},{"not_picked":["Sucker Punch","hubris:Sniper+1","Backflip+1"],"picked":"SKIP","floor":35},{"not_picked":["Sucker Punch","Backflip+1"],"picked":"hubris:Sniper+1","floor":35},{"not_picked":["Burst","hubris:SlightOfHand"],"picked":"Acrobatics+1","floor":39},{"not_picked":["A Thousand Cuts","Night Terror","Predator"],"picked":"SKIP","floor":40},{"not_picked":["A Thousand Cuts","Predator"],"picked":"Night Terror","floor":40},{"not_picked":["Doppelganger","Underhanded Strike","Die Die Die"],"picked":"SKIP","floor":44},{"not_picked":["Caltrops","Terror"],"picked":"Dagger Spray+1","floor":45},{"not_picked":["Glass Knife","Phantasmal Killer"],"picked":"Reflex","floor":46},{"not_picked":["Blade Dance+1","Outmaneuver"],"picked":"Dodge and Roll+1","floor":47}],"player_experience":945,"relics_obtained":[{"floor":7.0,"key":"Ancient Tea Set"},{"floor":9.0,"key":"hubris:TenFootPole"},{"floor":13.0,"key":"Bag of Preparation"},{"floor":24.0,"key":"infinitespire:FocusingShard"},{"floor":26,"key":"hubris:DuctTape"},{"floor":40,"key":"construct:FoamFinger"},{"floor":43,"key":"conspire:Dentures"},{"floor":44,"key":"Mummified Hand"},{"floor":46,"key":"hubris:SlimyHat"}],"event_choices":[{"damage_healed":0.0,"max_hp_gain":0.0,"max_hp_loss":0.0,"gold_gain":0.0,"event_name":"Shining Light","player_choice":"Entered Light","floor":3.0,"gold_loss":0.0,"damage_taken":14.0,"cards_upgraded":["Strike_G","Survivor"]},{"damage_healed":0.0,"max_hp_gain":0.0,"max_hp_loss":5.0,"gold_gain":0.0,"event_name":"Golden Idol","player_choice":"Lose Max HP","floor":5.0,"gold_loss":0.0,"damage_taken":0.0,"relics_obtained":["Golden Idol"]},{"cards_removed":["Defend_G"],"damage_healed":0.0,"max_hp_gain":0.0,"max_hp_loss":0.0,"gold_gain":0.0,"event_name":"Golden Wing","player_choice":"Card Removal","floor":14.0,"gold_loss":0.0,"damage_taken":7.0},{"damage_healed":0.0,"max_hp_gain":0.0,"max_hp_loss":0.0,"gold_gain":0.0,"event_name":"N\u0027loth","player_choice":"Traded Relic","floor":20.0,"relics_lost":["hubris:Backtick"],"gold_loss":0.0,"damage_taken":0.0,"relics_obtained":["Nloth\u0027s Gift"]},{"damage_healed":0.0,"max_hp_gain":0.0,"max_hp_loss":0.0,"gold_gain":99.0,"event_name":"Nest","player_choice":"Stole From Cult","floor":25.0,"gold_loss":0.0,"damage_taken":0.0},{"damage_healed":0,"gold_gain":0,"player_choice":"Max HP","damage_taken":0,"max_hp_gain":0,"max_hp_loss":3,"event_name":"Winding Halls","floor":36,"gold_loss":0},{"cards_removed":["Strike_G"],"damage_healed":0,"gold_gain":0,"player_choice":"Took Card","damage_taken":0,"max_hp_gain":0,"max_hp_loss":0,"event_name":"NoteForYourself","floor":38,"gold_loss":0,"cards_obtained":["Iron Wave"]},{"damage_healed":0,"gold_gain":0,"player_choice":"Leave","damage_taken":0,"max_hp_gain":0,"max_hp_loss":0,"event_name":"conspire:Investor","floor":48,"gold_loss":0}],"is_beta":false,"boss_relics":[{"not_picked":["SlaversCollar","Tiny House"],"picked":"hubris:Backtick"},{"not_picked":["conspire:SlowCooker","hubris:VirtuousBlindfold","SacredBark"],"picked":"Philosopher\u0027s Stone"}],"items_purged_floors":[8,12,22,42],"is_endless":false,"potions_floor_spawned":[1,4,7,16,18,28,31,33,35,44,47],"killed_by":"conspire:OrnateMirror","ascension_level":0}}