{"host":"op7lvjy5lsqtpdgx","time":1610145404,"event":{"mods":["BaseMod","Minty Spire (QoL Compilation)","Replay The Spire","StSLib"],"gold_per_floor":[116,135,148,159,159,159,182,182,207,207,236,260,299,333,333,456,456,485,113,113,165,300,300,344,344,344,344,378,29,49,89,89,219,219,237,237,256,272,119,162,175,200,246,246,285,285,285,285,285,300,300],"floor_reached":50,"playtime":7746,"items_purged":["Injury","Strike_B"],"score":645,"play_id":"8faf3056-23b4-4f65-895a-67466e161474","local_time":"20210109113644","is_ascension_mode":true,"campfire_choices":[{"data":"Crystallizer","floor":6.0,"key":"SMITH"},{"data":"Lockon","floor":8.0,"key":"SMITH"},{"floor":15.0,"key":"REST"},{"data":"Fission","floor":23.0,"key":"SMITH"},{"floor":25.0,"key":"REST"},{"floor":27.0,"key":"REST"},{"data":"FIFO Queue","floor":32.0,"key":"SMITH"},{"floor":44,"key":"REST"},{"floor":49,"key":"RECALL"}],"circlet_count":0,"master_deck":["Strike_B","Strike_B","Defend_B","Defend_B+1","Defend_B","Zap+1","Dualcast","ReplayTheSpireMod:Private Reserves","Crystallizer+1","Cold Snap","Lockon+1","Conserve Battery","Coolheaded","Hallucinations","FIFO Queue+1","Electrodynamics","BasicCrystalCard+1","Mirror Shield","ReplayTheSpireMod:Splinters","Fission+1","Redo","Consume","Biased Cognition","Ball Lightning+1"],"relics":["Cracked Core","Golden Idol","Tiny Chest","Ring of Fury","ReplayTheSpireMod:Ring of Challenge","War Paint","ChewingGum","Torii","Pet Ghost","ReplayTheSpireMod:TigerMarble","Carrot","Replay:Rubber Ducky","Painkiller Herb","Toy Ornithopter","Bag of Preparation","Dream Catcher","Replay:WaspNest"],"acts_visited":["Exordium","TheCity","TheBeyond"],"potions_floor_usage":[40,40,40,50],"damage_taken":[{"damage":0.0,"enemies":"Small Slimes","floor":1.0,"turns":3.0},{"damage":1.0,"enemies":"2 Louse","floor":2.0,"turns":3.0},{"damage":9.0,"enemies":"Jaw Worm","floor":3.0,"turns":4.0},{"damage":26.0,"enemies":"Large Slime","floor":4.0,"turns":6.0},{"damage":1.0,"enemies":"Blue Slaver","floor":7.0,"turns":3.0},{"damage":5.0,"enemies":"Looter","floor":11.0,"turns":3.0},{"damage":6.0,"enemies":"2 Fungi Beasts","floor":12.0,"turns":3.0},{"damage":3.0,"enemies":"Lots of Slimes","floor":13.0,"turns":3.0},{"damage":14.0,"enemies":"3 Sentries","floor":14.0,"turns":5.0},{"damage":11.0,"enemies":"The Guardian","floor":16.0,"turns":10.0},{"damage":31.0,"enemies":"3 Byrds","floor":18.0,"turns":3.0},{"damage":41.0,"enemies":"Slavers","floor":24.0,"turns":4.0},{"damage":7.0,"enemies":"Spheric Guardian","floor":28.0,"turns":3.0},{"damage":2.0,"enemies":"Centurion and Healer","floor":30.0,"turns":3.0},{"damage":1.0,"enemies":"Gremlin Leader","floor":31.0,"turns":4.0},{"damage":36.0,"enemies":"Collector","floor":33.0,"turns":8.0},{"damage":12,"enemies":"3 Shapes","floor":35,"turns":3},{"damage":0,"enemies":"Orb Walker","floor":37,"turns":3},{"damage":25,"enemies":"4 Shapes","floor":38,"turns":4},{"damage":0,"enemies":"Reptomancer","floor":40,"turns":7},{"damage":10,"enemies":"Maw","floor":41,"turns":6},{"damage":24,"enemies":"Sphere and 2 Shapes","floor":42,"turns":3},{"damage":8,"enemies":"Spire Growth","floor":45,"turns":6},{"damage":57,"enemies":"Replay:Hell Engine","floor":50,"turns":12}],"seed_played":"-2800306653445349132","potions_obtained":[{"floor":1.0,"key":"DistilledChaos"},{"floor":2.0,"key":"BlessingOfTheForge"},{"floor":13.0,"key":"Energy Potion"},{"floor":16.0,"key":"Cursed Concoction"},{"floor":24.0,"key":"ColorlessPotion"},{"floor":31.0,"key":"FocusPotion"},{"floor":33.0,"key":"FocusPotion"},{"floor":37,"key":"Swift Potion"},{"floor":38,"key":"Toxic Potion"},{"floor":40,"key":"Strength Potion"},{"floor":42,"key":"Reflective Coating"}],"is_trial":false,"path_per_floor":["M","M","M","M","?","R","M","R","T","?","M","M","M","E","R","B",null,"M","$","?","T","?","R","E","R","T","R","M","$","M","E","R","B",null,"?","?","?","?","T","E","?","?","T","T","?","?","T","?","T","B"],"character_chosen":"DEFECT","items_purchased":["Torii","Carrot","Toy Ornithopter"],"campfire_rested":4,"item_purchase_floors":[19,29,39],"current_hp_per_floor":[75,74,65,39,39,39,38,38,38,38,33,27,24,10,32,21,75,44,44,44,44,44,44,3,25,25,47,40,40,38,37,37,1,75,63,63,63,38,38,53,43,19,19,41,37,37,37,37,37,0,0],"gold":300,"neow_bonus":"RANDOM_COLORLESS","is_daily":false,"chose_seed":false,"campfire_upgraded":4,"win_rate":0.0,"timestamp":1610145404,"path_taken":["M","M","M","M","?","R","M","R","T","?","M","M","?","E","R","BOSS","M","$","?","?","?","R","E","R","T","R","M","$","M","E","R","BOSS","?","?","?","?","T","E","?","?","T","T","?","?","?","?","T","BOSS"],"items_purchased_type":["Relic","Relic","Relic"],"build_version":"2020-12-22","purchased_purges":2,"victory":false,"max_hp_per_floor":[75,75,75,75,75,75,75,75,75,75,75,75,75,75,75,75,75,75,75,75,75,75,75,75,75,75,75,75,75,75,75,75,75,75,75,75,75,75,75,75,75,75,75,75,75,75,75,75,75,75,75],"card_choices":[{"not_picked":["Swift Strike","Replay:Sssssssssshield"],"picked":"ReplayTheSpireMod:Private Reserves","floor":0.0},{"not_picked":["Steam Power","White Noise"],"picked":"Crystallizer","floor":1.0},{"not_picked":["Turbo","Aggregate"],"picked":"Cold Snap","floor":2.0},{"not_picked":["Rebound","ReplaySolidLightProjector"],"picked":"Lockon","floor":3.0},{"not_picked":["Tempest","Stack"],"picked":"Conserve Battery","floor":4.0},{"not_picked":["Stack","Auto Shields"],"picked":"Coolheaded","floor":7.0},{"not_picked":["ReplayTheSpireMod:Repulse","Turbo"],"picked":"FIFO Queue","floor":11.0},{"not_picked":["ReplayGash","Capacitor"],"picked":"Electrodynamics","floor":12.0},{"not_picked":["ReplaySort","Gash","Steam Power"],"picked":"SKIP","floor":13.0},{"not_picked":["Panic Button","Sweeping Beam"],"picked":"BasicCrystalCard","floor":14.0},{"not_picked":["ReplayTheSpireMod:Omega Cannon","Thunder Strike"],"picked":"Mirror Shield","floor":16.0},{"not_picked":["Beam Cell","Rebound","Skim"],"picked":"SKIP","floor":18.0},{"not_picked":["Compile Driver","Coolheaded"],"picked":"Fission","floor":22.0},{"not_picked":["Scrape","Turbo+1"],"picked":"Redo","floor":22.0},{"not_picked":["Conserve Battery","Sweeping Beam"],"picked":"Consume","floor":24.0},{"not_picked":["Heatsinks","Conserve Battery","Reinforced Body"],"picked":"SKIP","floor":28.0},{"not_picked":["ReplayTheSpireMod:Repulse","Leap","Compile Driver+1"],"picked":"SKIP","floor":30.0},{"not_picked":["Redo","Gash+1","Electrodynamics"],"picked":"SKIP","floor":31.0},{"not_picked":["All For One","Hyperbeam"],"picked":"Biased Cognition","floor":33.0},{"not_picked":["Gash","Steam+1","Sweeping Beam+1"],"picked":"SKIP","floor":35},{"not_picked":["ReplaySort","Conserve Battery+1","Hello World+1"],"picked":"SKIP","floor":37},{"not_picked":["Hologram","Go for the Eyes","Redo+1"],"picked":"SKIP","floor":38},{"not_picked":["Reprogram+1","Compile Driver+1"],"picked":"Ball Lightning+1","floor":40},{"not_picked":["Crystallizer+1","Double Energy+1","Defragment+1"],"picked":"SKIP","floor":41},{"not_picked":["Hologram","Panic Button+1","Defragment"],"picked":"SKIP","floor":42},{"not_picked":["Panic Button","Leap","Compile Driver"],"picked":"SKIP","floor":45}],"player_experience":139587,"relics_obtained":[{"floor":9.0,"key":"Tiny Chest"},{"floor":10.0,"key":"Ring of Fury"},{"floor":10.0,"key":"ReplayTheSpireMod:Ring of Challenge"},{"floor":14.0,"key":"War Paint"},{"floor":24.0,"key":"Pet Ghost"},{"floor":26.0,"key":"ReplayTheSpireMod:TigerMarble"},{"floor":31.0,"key":"Replay:Rubber Ducky"},{"floor":40,"key":"Bag of Preparation"},{"floor":43,"key":"Dream Catcher"},{"floor":47,"key":"Replay:WaspNest"}],"event_choices":[{"damage_healed":0.0,"max_hp_gain":0.0,"max_hp_loss":0.0,"gold_gain":0.0,"event_name":"Golden Idol","player_choice":"Take Wound","floor":5.0,"gold_loss":0.0,"damage_taken":0.0,"relics_obtained":["Golden Idol"],"cards_obtained":["Injury"]},{"cards_removed":["Defend_B"],"damage_healed":0.0,"max_hp_gain":0.0,"max_hp_loss":0.0,"gold_gain":0.0,"event_name":"Back to Basics","player_choice":"Elegance","floor":20.0,"gold_loss":0.0,"damage_taken":0.0},{"damage_healed":0,"gold_gain":0,"player_choice":"Ignored","damage_taken":0,"max_hp_gain":0,"max_hp_loss":0,"event_name":"Tomb of Lord Red Mask","floor":36,"gold_loss":0},{"cards_removed":["Strike_B"],"damage_healed":0,"gold_gain":0,"player_choice":"Removed Attack","damage_taken":0,"max_hp_gain":0,"max_hp_loss":0,"event_name":"Falling","floor":46,"gold_loss":0},{"damage_healed":0,"gold_gain":0,"player_choice":"Upgraded","damage_taken":0,"max_hp_gain":0,"max_hp_loss":0,"event_name":"Upgrade Shrine","floor":48,"gold_loss":0,"cards_upgraded":["BasicCrystalCard"]}],"is_beta":false,"boss_relics":[{"not_picked":["Honey Jar","Replay:Drink Me"],"picked":"ChewingGum"},{"not_picked":["Kintsugi","Astrolabe"],"picked":"Painkiller Herb"}],"items_purged_floors":[19,29],"is_endless":false,"potions_floor_spawned":[1,2,13,16,24,31,33,37,38,40,42],"killed_by":"Replay:Hell Engine","ascension_level":3}}