{"host":"t7mx8yfj1no5p62f","time":1610144887,"event":{"mods":["BaseMod","Colored Map","Colored Powertips","Minty Spire (QoL Compilation)","Relic Stats","StSLib"],"gold_per_floor":[116,129,129,144,158,158,193,193,193,225,242,256,226,243,243,322,322,301,60,72,86,6,6,41,41,41,75,75,33,51,67,67,67,67],"floor_reached":33,"playtime":1468,"items_purged":["Strike_G","Strike_G"],"score":598,"play_id":"679c9653-6354-4a75-bbe2-aefe34fb6fef","local_time":"20210108172807","is_ascension_mode":true,"campfire_choices":[{"data":"All Out Attack","floor":6.0,"key":"SMITH"},{"data":"Noxious Fumes","floor":8.0,"key":"SMITH"},{"data":"Deadly Poison","floor":15.0,"key":"SMITH"},{"data":"After Image","floor":23.0,"key":"SMITH"},{"data":"Well Laid Plans","floor":25,"key":"SMITH"},{"data":"Leg Sweep","floor":28,"key":"SMITH"},{"data":"Blade Dance","floor":32,"key":"SMITH"}],"circlet_count":0,"master_deck":["AscendersBane","Strike_G","Strike_G+1","Strike_G+1","Defend_G","Defend_G","Defend_G","Defend_G","Survivor","Neutralize","Flechettes","Quick Slash","Noxious Fumes+1","All Out Attack+1","Deadly Poison+1","After Image+1","Well Laid Plans+1","Backflip","Venomology","Outmaneuver+1","Leg Sweep+1","Flash of Steel","PiercingWail+1","Escape Plan+1","Regret","Acrobatics","PiercingWail","Dodge and Roll","Blade Dance+1"],"relics":["Ring of the Snake","Kunai","Ninja Scroll","The Courier","Cursed Key","Toy Ornithopter","Strawberry","StrikeDummy"],"acts_visited":["Exordium","TheCity"],"potions_floor_usage":[24,31,33],"damage_taken":[{"damage":5.0,"enemies":"Small Slimes","floor":1.0,"turns":6.0},{"damage":5.0,"enemies":"Jaw Worm","floor":2.0,"turns":3.0},{"damage":0.0,"enemies":"Cultist","floor":4.0,"turns":3.0},{"damage":7.0,"enemies":"Lots of Slimes","floor":5.0,"turns":5.0},{"damage":2.0,"enemies":"3 Sentries","floor":7.0,"turns":4.0},{"damage":8.0,"enemies":"Lagavulin","floor":10.0,"turns":7.0},{"damage":1.0,"enemies":"Red Slaver","floor":11.0,"turns":3.0},{"damage":0.0,"enemies":"Blue Slaver","floor":12.0,"turns":4.0},{"damage":2.0,"enemies":"Exordium Thugs","floor":14.0,"turns":3.0},{"damage":5.0,"enemies":"Slime Boss","floor":16.0,"turns":8.0},{"damage":12.0,"enemies":"2 Thieves","floor":18.0,"turns":4.0},{"damage":6.0,"enemies":"Spheric Guardian","floor":20.0,"turns":5.0},{"damage":10.0,"enemies":"Shelled Parasite and Fungi","floor":21.0,"turns":6.0},{"damage":9,"enemies":"Slavers","floor":24,"turns":8},{"damage":26,"enemies":"Book of Stabbing","floor":27,"turns":7},{"damage":2,"enemies":"Centurion and Healer","floor":30,"turns":6},{"damage":0,"enemies":"Snecko","floor":31,"turns":6},{"damage":44,"enemies":"Collector","floor":33,"turns":5}],"seed_played":"3287742956244710277","potions_obtained":[{"floor":1.0,"key":"LiquidMemories"},{"floor":2.0,"key":"Fire Potion"},{"floor":5.0,"key":"Swift Potion"},{"floor":12.0,"key":"Explosive Potion"},{"floor":13.0,"key":"Fruit Juice"},{"floor":13.0,"key":"ColorlessPotion"},{"floor":21.0,"key":"FearPotion"}],"is_trial":false,"path_per_floor":["M","M","?","M","M","R","E","R","T","E","M","M","?","M","R","B",null,"M","$","M","M","$","R","E","R","T","E","R","$","M","M","R","B"],"character_chosen":"THE_SILENT","items_purchased":["Leg Sweep","Flash of Steel","Weak Potion","PiercingWail"],"campfire_rested":0,"item_purchase_floors":[19,19,19,29],"current_hp_per_floor":[54,49,29,29,22,22,20,20,20,12,11,11,16,14,14,9,56,44,44,38,28,28,28,19,19,26,23,23,23,21,26,26,0,0],"gold":67,"neow_bonus":"REMOVE_CARD","is_daily":false,"chose_seed":false,"campfire_upgraded":7,"win_rate":0.0,"timestamp":1610144887,"path_taken":["M","M","?","M","M","R","E","R","T","E","M","M","?","?","R","BOSS","M","$","M","M","?","R","E","R","T","E","R","$","M","M","R","BOSS"],"items_purchased_type":["Card","Card","Potion","Card"],"build_version":"2020-12-22","purchased_purges":2,"victory":false,"max_hp_per_floor":[66,66,66,66,66,66,66,66,66,66,66,66,71,71,71,71,71,71,71,71,71,71,71,71,71,78,78,78,78,78,78,78,78,78],"relic_stats":{"counters":[18,93],"Kunai":[37],"Cursed Key":1,"obtain_stats":[{"Ninja Scroll":9,"Strawberry":26,"The Courier":10,"Kunai":7,"Cursed Key":17,"StrikeDummy":27,"Toy Ornithopter":24,"Ring of the Snake":0},{"Ninja Scroll":5,"Strawberry":14,"The Courier":6,"Kunai":5,"Cursed Key":10,"StrikeDummy":15,"Toy Ornithopter":14,"Ring of the Snake":0},{"Ninja Scroll":21,"Strawberry":69,"The Courier":28,"Kunai":21,"Cursed Key":46,"StrikeDummy":76,"Toy Ornithopter":69,"Ring of the Snake":0}],"Toy Ornithopter":10,"Ring of the Snake":[36]},"card_choices":[{"not_picked":["Finisher","Concentrate"],"picked":"Flechettes","floor":1.0},{"not_picked":["Noxious Fumes","Eviscerate"],"picked":"Quick Slash","floor":2.0},{"not_picked":["Caltrops","PiercingWail"],"picked":"Noxious Fumes","floor":4.0},{"not_picked":["Flechettes","PiercingWail"],"picked":"All Out Attack","floor":5.0},{"not_picked":["PiercingWail","Underhanded Strike"],"picked":"Deadly Poison","floor":7.0},{"not_picked":["Heel Hook","Accuracy"],"picked":"After Image","floor":10.0},{"not_picked":["Underhanded Strike","Dagger Throw","Prepared"],"picked":"SKIP","floor":11.0},{"not_picked":["Cloak And Dagger","Reflex"],"picked":"Well Laid Plans","floor":12.0},{"not_picked":["Outmaneuver","Venomology"],"picked":"Backflip","floor":14.0},{"not_picked":["Night Terror","Doppelganger"],"picked":"Venomology","floor":16.0},{"not_picked":["Deflect","Flying Knee"],"picked":"Outmaneuver+1","floor":18.0},{"not_picked":["Underhanded Strike","Bane","Skewer"],"picked":"SKIP","floor":20.0},{"not_picked":["Noxious Fumes","Dagger Throw"],"picked":"PiercingWail+1","floor":21.0},{"not_picked":["Masterful Stab","Bane"],"picked":"Escape Plan+1","floor":24},{"not_picked":["Accuracy+1","Malaise"],"picked":"Acrobatics","floor":27},{"not_picked":["Dagger Spray","Backflip"],"picked":"Dodge and Roll","floor":30},{"not_picked":["Cloak And Dagger","Masterful Stab"],"picked":"Blade Dance","floor":31}],"player_experience":1688078,"relics_obtained":[{"floor":7.0,"key":"Kunai"},{"floor":9.0,"key":"Ninja Scroll"},{"floor":10.0,"key":"The Courier"},{"floor":24,"key":"Toy Ornithopter"},{"floor":26,"key":"Strawberry"},{"floor":27,"key":"StrikeDummy"}],"event_choices":[{"damage_healed":0.0,"max_hp_gain":0.0,"max_hp_loss":0.0,"gold_gain":0.0,"event_name":"Shining Light","player_choice":"Entered Light","floor":3.0,"gold_loss":0.0,"damage_taken":20.0,"cards_upgraded":["Strike_G","Strike_G"]},{"damage_healed":0.0,"max_hp_gain":0.0,"max_hp_loss":0.0,"gold_gain":0.0,"event_name":"The Woman in Blue","player_choice":"Bought 2 Potions","floor":13.0,"gold_loss":0.0,"damage_taken":0.0}],"is_beta":false,"boss_relics":[{"not_picked":["SlaversCollar","Sozu"],"picked":"Cursed Key"}],"items_purged_floors":[19,22],"is_endless":false,"potions_floor_spawned":[1,2,5,12,14,16,20,21],"killed_by":"Collector","ascension_level":20}}