{"host":"q4axc00jr2bozlh9","time":1610119304,"event":{"mods":["AchievementEnabler","BaseMod","Bestiary","Colored Map","Colored Powertips","Curses Come First","Minty Spire (QoL Compilation)","Relic Stats","StSLib","SuperFastMode","UnlockEverythingMod"],"gold_per_floor":[110,126,142,142,160,191,191,191,217,16,16,34,34,104,104,233,233,252,122,122,147,163,210,210,210,210,210,210],"floor_reached":27,"playtime":960,"items_purged":["Strike_R"],"score":231,"play_id":"7c97d73c-8cf7-46e6-b52f-86f2ffabfbd1","local_time":"20210108162144","is_ascension_mode":false,"campfire_choices":[{"data":"Armaments","floor":7,"key":"SMITH"},{"floor":15,"key":"REST"},{"data":"Barricade","floor":25,"key":"SMITH"}],"circlet_count":0,"master_deck":["Strike_R","Strike_R","Defend_R","Defend_R","Defend_R+1","Defend_R","Bash","Thunderclap","Sever Soul","Armaments+1","Rampage","Immolate","Purity+1","Barricade+1","True Grit","Warcry+1","Warcry+1"],"relics":["Burning Blood","NeowsBlessing","Boot","Red Skull","Membership Card","Bloody Idol","CeramicFish","Coffee Dripper","War Paint","Matryoshka","PreservedInsect","Magic Flower"],"acts_visited":["Exordium","TheCity"],"potions_floor_usage":[16,23,23,23],"damage_taken":[{"damage":0,"enemies":"Cultist","floor":1,"turns":1},{"damage":0,"enemies":"Small Slimes","floor":2,"turns":1},{"damage":0,"enemies":"Jaw Worm","floor":3,"turns":1},{"damage":12,"enemies":"2 Fungi Beasts","floor":5,"turns":4},{"damage":20,"enemies":"Gremlin Nob","floor":6,"turns":4},{"damage":0,"enemies":"Large Slime","floor":12,"turns":4},{"damage":46,"enemies":"Hexaghost","floor":16,"turns":9},{"damage":22,"enemies":"2 Thieves","floor":18,"turns":4},{"damage":29,"enemies":"Spheric Guardian","floor":21,"turns":6},{"damage":10,"enemies":"Shelled Parasite and Fungi","floor":22,"turns":7},{"damage":15,"enemies":"Slavers","floor":23,"turns":4},{"damage":34,"enemies":"Gremlin Leader","floor":27,"turns":4}],"seed_played":"3827484385944691459","potions_obtained":[{"floor":1,"key":"Explosive Potion"},{"floor":3,"key":"Energy Potion"},{"floor":12,"key":"LiquidMemories"},{"floor":20,"key":"BlessingOfTheForge"},{"floor":21,"key":"PowerPotion"}],"is_trial":false,"path_per_floor":["M","M","M","?","M","E","R","?","T","$","?","M","?","T","R","B",null,"M","$","?","M","M","E","?","R","T","E"],"character_chosen":"IRONCLAD","items_purchased":["Membership Card","Purity","War Paint","True Grit"],"campfire_rested":1,"item_purchase_floors":[10,10,19,19],"current_hp_per_floor":[80,80,80,80,74,60,60,60,60,60,40,46,39,39,63,23,80,64,64,64,41,37,28,28,28,28,0,0],"gold":210,"neow_bonus":"THREE_ENEMY_KILL","is_daily":false,"chose_seed":false,"campfire_upgraded":2,"win_rate":0.0,"timestamp":1610119304,"path_taken":["M","?","M","?","?","E","R","?","T","$","?","M","?","?","R","BOSS","M","$","?","?","M","E","?","R","T","E"],"items_purchased_type":["Relic","Card","Relic","Card"],"build_version":"2020-12-22","purchased_purges":1,"victory":false,"max_hp_per_floor":[80,80,80,80,80,80,80,80,80,80,80,80,80,80,80,80,80,80,80,80,80,80,80,80,80,80,80,80],"relic_stats":{"counters":[12,49],"Bloody Idol":0,"CeramicFish":36,"Magic Flower":[0],"PreservedInsect":44,"War Paint":["Defend_R","Purity"],"Boot":[6],"obtain_stats":[{"NeowsBlessing":0,"Golden Idol":11,"CeramicFish":13,"Magic Flower":26,"PreservedInsect":26,"War Paint":19,"Boot":6,"Burning Blood":0,"Matryoshka":23,"Bloody Idol":24,"Coffee Dripper":17,"Membership Card":10,"Red Skull":9},{"NeowsBlessing":0,"Golden Idol":5,"CeramicFish":6,"Magic Flower":11,"PreservedInsect":11,"War Paint":8,"Boot":5,"Burning Blood":0,"Matryoshka":11,"Bloody Idol":11,"Coffee Dripper":7,"Membership Card":5,"Red Skull":5},{"NeowsBlessing":0,"Golden Idol":11,"CeramicFish":15,"Magic Flower":45,"PreservedInsect":45,"War Paint":28,"Boot":11,"Burning Blood":0,"Matryoshka":45,"Bloody Idol":45,"Coffee Dripper":24,"Membership Card":11,"Red Skull":11}],"Burning Blood":48},"card_choices":[{"not_picked":["Inflame","Combust"],"picked":"Thunderclap","floor":1},{"not_picked":["Clash","Clothesline"],"picked":"Sever Soul","floor":2},{"not_picked":["Thunderclap","Feel No Pain"],"picked":"Armaments","floor":3},{"not_picked":["Clash","Anger"],"picked":"Rampage","floor":5},{"not_picked":["Body Slam","Second Wind"],"picked":"Immolate","floor":6},{"not_picked":["Flex","Havoc","Headbutt"],"picked":"SKIP","floor":12},{"not_picked":["Reaper","Fiend Fire"],"picked":"Barricade","floor":16},{"not_picked":["Flex","Body Slam","Warcry"],"picked":"SKIP","floor":18},{"not_picked":["Perfected Strike","Anger"],"picked":"Warcry+1","floor":21},{"not_picked":["Cleave","Clash","Heavy Blade+1"],"picked":"SKIP","floor":22},{"not_picked":["Shrug It Off","True Grit"],"picked":"Warcry+1","floor":23}],"player_experience":208825,"relics_obtained":[{"floor":6,"key":"Boot"},{"floor":9,"key":"Red Skull"},{"floor":23,"key":"Matryoshka"},{"floor":26,"key":"PreservedInsect"},{"floor":26,"key":"Magic Flower"}],"event_choices":[{"cards_removed":["Strike_R"],"damage_healed":0,"gold_gain":0,"player_choice":"Offered Basic","damage_taken":0,"max_hp_gain":0,"max_hp_loss":0,"event_name":"Bonfire Elementals","floor":4,"gold_loss":0},{"cards_removed":["Strike_R"],"damage_healed":0,"gold_gain":0,"player_choice":"Forget","damage_taken":0,"max_hp_gain":0,"max_hp_loss":0,"event_name":"Living Wall","floor":8,"gold_loss":0},{"damage_healed":0,"gold_gain":0,"player_choice":"Take Damage","damage_taken":20,"relics_obtained":["Golden Idol"],"max_hp_gain":0,"max_hp_loss":0,"event_name":"Golden Idol","floor":11,"gold_loss":0},{"damage_healed":0,"gold_gain":0,"player_choice":"Success","damage_taken":7,"relics_obtained":["CeramicFish"],"max_hp_gain":0,"max_hp_loss":0,"event_name":"Scrap Ooze","floor":13,"gold_loss":0},{"damage_healed":0,"gold_gain":0,"player_choice":"Got Potions","damage_taken":0,"max_hp_gain":0,"max_hp_loss":0,"event_name":"Lab","floor":20,"gold_loss":0},{"damage_healed":0,"gold_gain":0,"player_choice":"Gave Idol","damage_taken":0,"relics_obtained":["Bloody Idol"],"max_hp_gain":0,"max_hp_loss":0,"event_name":"Forgotten Altar","floor":24,"relics_lost":["Golden Idol"],"gold_loss":0}],"is_beta":false,"boss_relics":[{"not_picked":["Black Blood","Empty Cage"],"picked":"Coffee Dripper"}],"items_purged_floors":[19],"is_endless":false,"potions_floor_spawned":[1,3,12,21,22],"killed_by":"Gremlin Leader","ascension_level":0}}