{"host":"htqwg582tjjtn9p7","time":1610135252,"event":{"mods":["2.2 Compatiblity","AchievementEnabler","Act Like it!","Aspiration","BaseMod","Better Third Choice","Colored Map","Conspire","Curses Come First","Displayed Cursed Tome","Energized Spire","Force Act Four","GifTheSpireLib","Hermit","Highlight Path","JesterMod","Mad Scientist","Minty Spire (QoL Compilation)","Pale of the Ancients","Permanent Neow","Random Character Button","Relic Stats","Replay The Spire","Robot Space Explorer","Somnambulant","Spicy Shops","Spikes Relics","StSLib","Stuff the Spire","The Blue Laboratory","The Bug Knight","The Forsaken","The Gatherer","The Judge","The Jungle","The Marked","The Runesmith","The Servant 0.9.4","Uncapped"],"gold_per_floor":[118,39,53,71,71,71,103,118,166,166,166],"floor_reached":10,"playtime":294,"items_purged":[],"score":119,"play_id":"1eb1c01f-1335-403d-996b-df1b5c7c1c2f","local_time":"20210108204732","is_ascension_mode":true,"campfire_choices":[{"data":"Corruption","floor":6,"key":"SMITH"}],"circlet_count":0,"master_deck":["AscendersBane","Strike_R","Strike_R","Strike_R","Strike_R","Defend_R","Defend_R+1","Defend_R+1","Defend_R","Bash","Carnage","Feel No Pain","Body Slam","Corruption+1","Pommel Strike"],"relics":["Burning Blood","Smiling Mask","Pet Ghost","War Paint"],"acts_visited":["Exordium"],"potions_floor_usage":[7,10],"damage_taken":[{"damage":1,"enemies":"Cultist","floor":1,"turns":3},{"damage":1,"enemies":"2 Louse","floor":3,"turns":3},{"damage":2,"enemies":"Jaw Worm","floor":4,"turns":3},{"damage":65,"enemies":"Lagavulin","floor":7,"turns":7},{"damage":4,"enemies":"3 Louse","floor":8,"turns":4},{"damage":25,"enemies":"Gremlin Nob","floor":10,"turns":4}],"seed_played":"8234521883759790155","potions_obtained":[{"floor":1,"key":"Energy Potion"},{"floor":8,"key":"blueLaboratory:IronCompound"}],"is_trial":false,"path_per_floor":["M","$","M","M","?","R","E","M","T","E"],"character_chosen":"IRONCLAD","items_purchased":["Feel No Pain"],"campfire_rested":0,"item_purchase_floors":[2],"current_hp_per_floor":[73,73,75,75,75,75,16,18,18,0,0],"gold":166,"neow_bonus":"RANDOM_COMMON_RELIC","is_daily":false,"chose_seed":false,"campfire_upgraded":1,"win_rate":0.0,"timestamp":1610135252,"path_taken":["M","$","M","M","?","R","E","?","T","E"],"items_purchased_type":["Card"],"build_version":"2020-12-22","purchased_purges":0,"victory":false,"max_hp_per_floor":[75,75,75,75,75,75,75,75,75,75,75],"relic_stats":{"counters":[6,24],"War Paint":["Defend_R","Defend_R"],"Smiling Mask":0,"obtain_stats":[{"War Paint":9,"Smiling Mask":0,"Burning Blood":0,"Pet Ghost":7},{"War Paint":5,"Smiling Mask":0,"Burning Blood":0,"Pet Ghost":4},{"War Paint":20,"Smiling Mask":0,"Burning Blood":0,"Pet Ghost":16}],"Burning Blood":23},"card_choices":[{"not_picked":["Wild Strike","Rupture"],"picked":"Carnage","floor":1},{"not_picked":["Headbutt","StuffTheSpire:Incineration"],"picked":"Body Slam","floor":3},{"not_picked":["Flame Barrier","Clash"],"picked":"Corruption","floor":4},{"not_picked":["Wild Strike","Run Through"],"picked":"Pommel Strike","floor":7},{"not_picked":["Second Wind","ReplayTheSpireMod:LeadingStrike","StuffTheSpire:RockThrow"],"picked":"SKIP","floor":8}],"player_experience":1906830,"relics_obtained":[{"floor":7,"key":"Pet Ghost"},{"floor":9,"key":"War Paint"}],"event_choices":[{"cards_removed":["Strike_R"],"damage_healed":0,"gold_gain":0,"player_choice":"Offered Basic","damage_taken":0,"max_hp_gain":0,"max_hp_loss":0,"event_name":"Bonfire Elementals","floor":5,"gold_loss":0}],"is_beta":false,"boss_relics":[],"items_purged_floors":[],"is_endless":false,"potions_floor_spawned":[1,8],"killed_by":"Gremlin Nob","ascension_level":15}}