{"host":"8abfg9qscoja4hwf","time":1610150172,"event":{"mods":["AchievementEnabler","BaseMod","Colored Powertips","Highlight Path","Minty Spire (QoL Compilation)","Quick Restart","Relic Stats","Slay-I","slay the spire mod where everything is the same but ironclad has a cowboy hat"],"gold_per_floor":[118,118,41,6,24,24,53,64,64,98,111,127,127,127,127,222,222,233,233,261,261,272,300,300,328,328,328,328,328],"floor_reached":28,"playtime":1792,"items_purged":[],"score":317,"play_id":"a6538702-4498-4d0f-8725-52137d985867","local_time":"20210108235612","is_ascension_mode":true,"campfire_choices":[{"floor":6,"key":"RECALL"},{"floor":15,"key":"REST"},{"floor":24,"key":"REST"}],"circlet_count":0,"master_deck":["Strike_G+1","Strike_G+1","Strike_G+1","Strike_G+1","Strike_G+1","Defend_G+1","Defend_G+1","Defend_G+1","Defend_G+1","Defend_G+1","Survivor","Neutralize","CurseOfTheBell","Noxious Fumes","Bane","Backflip","Deflect","Cloak And Dagger","Deadly Poison","Accuracy","Corpse Explosion","Finisher","Outmaneuver","Poisoned Stab","PiercingWail+1"],"relics":["Calling Bell","Pen Nib","StrikeDummy","Bird Faced Urn","Thread and Needle","White Beast Statue","Whetstone","Tiny Chest","HornCleat","Black Star","Red Mask","StoneCalendar","Mummified Hand","Toxic Egg 2","Dead Branch","Ornamental Fan"],"acts_visited":["Exordium","TheCity"],"potions_floor_usage":[7,20,20,20,22,25,25,25,27,28,28],"damage_taken":[{"damage":0,"enemies":"Cultist","floor":1,"turns":3},{"damage":0,"enemies":"2 Louse","floor":5,"turns":2},{"damage":14,"enemies":"3 Sentries","floor":7,"turns":6},{"damage":0,"enemies":"Small Slimes","floor":8,"turns":4},{"damage":20,"enemies":"Lagavulin","floor":10,"turns":7},{"damage":0,"enemies":"Looter","floor":11,"turns":3},{"damage":0,"enemies":"Exordium Wildlife","floor":12,"turns":3},{"damage":16,"enemies":"Hexaghost","floor":16,"turns":10},{"damage":6,"enemies":"Shell Parasite","floor":18,"turns":6},{"damage":12,"enemies":"Masked Bandits","floor":20,"turns":5},{"damage":18,"enemies":"Chosen","floor":22,"turns":8},{"damage":16,"enemies":"Slavers","floor":23,"turns":4},{"damage":30,"enemies":"Gremlin Leader","floor":25,"turns":7},{"damage":23,"enemies":"Book of Stabbing","floor":28,"turns":6}],"seed_played":"5239468884114974426","potions_obtained":[{"floor":1,"key":"SkillPotion"},{"floor":8,"key":"DuplicationPotion"},{"floor":10,"key":"SkillPotion"},{"floor":11,"key":"DistilledChaos"},{"floor":18,"key":"PowerPotion"},{"floor":20,"key":"Block Potion"},{"floor":22,"key":"SteroidPotion"},{"floor":23,"key":"EntropicBrew"},{"floor":25,"key":"Fruit Juice"}],"is_trial":false,"path_per_floor":["M","?","$","?","M","R","E","M","T","E","M","M","?","T","R","B",null,"M","?","?","T","M","E","R","E","T","?","E"],"character_chosen":"THE_SILENT","items_purchased":["Noxious Fumes"],"campfire_rested":2,"item_purchase_floors":[3],"current_hp_per_floor":[70,63,63,70,70,70,58,60,60,42,42,44,41,41,62,50,70,66,53,47,47,31,17,39,13,13,18,0,0],"gold":328,"neow_bonus":"BOSS_RELIC","is_daily":false,"chose_seed":false,"campfire_upgraded":0,"win_rate":0.0,"timestamp":1610150172,"path_taken":["M","?","?","?","M","R","E","M","T","E","M","M","?","?","R","BOSS","M","?","?","?","?","E","R","E","T","?","E"],"items_purchased_type":["Card"],"build_version":"2020-12-22","purchased_purges":0,"victory":false,"max_hp_per_floor":[70,70,70,70,70,70,70,70,70,70,70,70,70,70,70,70,70,70,75,75,75,75,75,75,75,75,80,80,80],"relic_stats":{"counters":[14,74],"Mummified Hand":[3],"Ornamental Fan":[4],"Bird Faced Urn":[30],"Dead Branch":[1],"Tiny Chest":1,"StoneCalendar":[40],"Pen Nib":[12],"Black Star":2,"Whetstone":["Strike_G","Strike_G"],"obtain_stats":[{"Dead Branch":25,"Thread and Needle":7,"StoneCalendar":23,"Pen Nib":0,"Whetstone":10,"White Beast Statue":9,"Calling Bell":0,"HornCleat":14,"Mummified Hand":23,"Ornamental Fan":26,"Bird Faced Urn":0,"Tiny Chest":13,"Black Star":17,"Red Mask":20,"Toxic Egg 2":25,"StrikeDummy":0,"Ring of the Snake":0},{"Dead Branch":13,"Thread and Needle":3,"StoneCalendar":12,"Pen Nib":0,"Whetstone":5,"White Beast Statue":4,"Calling Bell":0,"HornCleat":7,"Mummified Hand":12,"Ornamental Fan":13,"Bird Faced Urn":0,"Tiny Chest":7,"Black Star":8,"Red Mask":10,"Toxic Egg 2":13,"StrikeDummy":0,"Ring of the Snake":0},{"Dead Branch":68,"Thread and Needle":11,"StoneCalendar":61,"Pen Nib":0,"Whetstone":22,"White Beast Statue":15,"Calling Bell":0,"HornCleat":28,"Mummified Hand":61,"Ornamental Fan":68,"Bird Faced Urn":0,"Tiny Chest":28,"Black Star":38,"Red Mask":49,"Toxic Egg 2":68,"StrikeDummy":0,"Ring of the Snake":0}]},"card_choices":[{"not_picked":["Flying Knee","Underhanded Strike","Quick Slash"],"picked":"SKIP","floor":1},{"not_picked":["Blade Dance","Calculated Gamble"],"picked":"Bane","floor":5},{"not_picked":["A Thousand Cuts","PiercingWail"],"picked":"Backflip","floor":7},{"not_picked":["Tactician","Riddle With Holes"],"picked":"Deflect","floor":8},{"not_picked":["Calculated Gamble","Deflect"],"picked":"Cloak And Dagger","floor":10},{"not_picked":["Reflex","Leg Sweep"],"picked":"Deadly Poison","floor":11},{"not_picked":["Endless Agony","Night Terror"],"picked":"Accuracy","floor":12},{"not_picked":["Tools of the Trade","Doppelganger"],"picked":"Corpse Explosion","floor":16},{"not_picked":["Terror","Heel Hook"],"picked":"Finisher","floor":18},{"not_picked":["Sucker Punch+1","Concentrate"],"picked":"Outmaneuver","floor":20},{"not_picked":["Quick Slash","Sucker Punch+1"],"picked":"Poisoned Stab","floor":22},{"not_picked":["Calculated Gamble","Deflect","Heel Hook"],"picked":"SKIP","floor":23},{"not_picked":["Finisher","Prepared+1"],"picked":"PiercingWail+1","floor":25}],"player_experience":357498,"relics_obtained":[{"floor":0,"key":"Pen Nib"},{"floor":0,"key":"StrikeDummy"},{"floor":0,"key":"Bird Faced Urn"},{"floor":7,"key":"Thread and Needle"},{"floor":9,"key":"White Beast Statue"},{"floor":10,"key":"Whetstone"},{"floor":14,"key":"HornCleat"},{"floor":20,"key":"Red Mask"},{"floor":23,"key":"StoneCalendar"},{"floor":23,"key":"Mummified Hand"},{"floor":25,"key":"Toxic Egg 2"},{"floor":25,"key":"Dead Branch"},{"floor":26,"key":"Ornamental Fan"}],"event_choices":[{"damage_healed":0,"gold_gain":0,"player_choice":"Damaged","damage_taken":7,"max_hp_gain":0,"max_hp_loss":0,"event_name":"Wheel of Change","floor":2,"gold_loss":0},{"damage_healed":17,"gold_gain":0,"player_choice":"Healed","damage_taken":0,"max_hp_gain":0,"max_hp_loss":0,"event_name":"The Cleric","floor":4,"gold_loss":35},{"damage_healed":0,"gold_gain":0,"player_choice":"Success","damage_taken":3,"relics_obtained":["Tiny Chest"],"max_hp_gain":0,"max_hp_loss":0,"event_name":"Scrap Ooze","floor":13,"gold_loss":0},{"damage_healed":0,"gold_gain":0,"player_choice":"Shed Blood","damage_taken":18,"max_hp_gain":5,"max_hp_loss":0,"event_name":"Forgotten Altar","floor":19,"gold_loss":0},{"damage_healed":0,"gold_gain":0,"player_choice":"Fought Bandits","damage_taken":0,"max_hp_gain":0,"max_hp_loss":0,"event_name":"Masked Bandits","floor":20,"gold_loss":0},{"damage_healed":0,"gold_gain":0,"player_choice":"Simplicity","damage_taken":0,"max_hp_gain":0,"max_hp_loss":0,"event_name":"Back to Basics","floor":27,"gold_loss":0,"cards_upgraded":["Strike_G","Strike_G","Strike_G","Defend_G","Defend_G","Defend_G","Defend_G","Defend_G"]}],"is_beta":false,"boss_relics":[{"not_picked":["Fusion Hammer","HoveringKite"],"picked":"Black Star"}],"items_purged_floors":[],"is_endless":false,"potions_floor_spawned":[1,8,10,11,12,16,18,20,22,23,25],"killed_by":"Book of Stabbing","ascension_level":4}}