{"host":"04aht2z7d1qbuefv","time":1610118603,"event":{"mods":["AchievementEnabler","BaseMod","Downfall","Minty Spire (QoL Compilation)","StSLib","The Cursed","The Necromancer"],"gold_per_floor":[99,99,99,99,99,128,128,157,157,183,108,108,118,149,162,265,265,190,25,25,43,54,79,130,130,146,131,56,56,56,84,96,199,199,199,217,217,237,222,251,251,267,267,302,302,60,60,60,78,78,78,78,78,78],"floor_reached":52,"playtime":2691,"items_purged":[],"score":745,"play_id":"c3a48215-a0ca-46a6-a013-fa956797c374","local_time":"20210108121003","is_ascension_mode":false,"campfire_choices":[{"floor":1,"key":"RECALL"},{"floor":11,"key":"REST"},{"data":"Slimebound:MassFeed","floor":18,"key":"SMITH"},{"data":"Slimebound:LeadByExample","floor":28,"key":"SMITH"},{"floor":30,"key":"REST"},{"data":"1","floor":35,"key":"LIFT"},{"data":"2","floor":43,"key":"LIFT"},{"data":"Slimebound:AcidTongue","floor":47,"key":"SMITH"}],"circlet_count":0,"master_deck":["Slimebound:Strike_Slimebound","Slimebound:Strike_Slimebound","Slimebound:Strike_Slimebound","Slimebound:Tackle","Slimebound:Defend_Slimebound","Slimebound:Defend_Slimebound+1","Slimebound:Defend_Slimebound","Slimebound:Defend_Slimebound","Slimebound:Split","Slimebound:CorrosiveSpit","Slimebound:SamplingLick+1","Slimebound:SplitMire","Slimebound:Schlurp+1","Slimebound:BestDefense","Slimebound:OozeBath","Slimebound:PressTheAttack","Slimebound:Repurpose","Slimebound:AcidTongue+1","Slimebound:SplitLeeching","Slimebound:MassFeed+1","Slimebound:SpikyOuterGoop","Slimebound:LeadByExample+1","Slimebound:BestDefense","Slimebound:SplitMire","Slimebound:RallyTheTroops","CurseOfTheBell","Slimebound:SplitLeeching+1","Slimebound:Grow","Slimebound:Equalize+1","Slimebound:LevelUp","expansioncontent:DonusPower","Slimebound:ProtectTheBoss","Slimebound:Darklings","Slimebound:FirmFortitude"],"relics":["Slimebound:AbsorbEndCombat","downfall:HeartsMalice","Lantern","FossilizedHelix","Juzu Bracelet","PreservedInsect","downfall:HeartBlessingRed","War Paint","Sozu","downfall:HeartBlessingGreen","Bag of Preparation","Thread and Needle","downfall:HeartBlessingBlue","WingedGreaves","Calling Bell","Nunchaku","Mummified Hand","Girya","Matryoshka","MealTicket","Eternal Feather","Akabeko","Lizard Tail","StoneCalendar"],"acts_visited":["Exordium","TheCity","TheBeyond","TheEnding"],"potions_floor_usage":[8,16,16,16],"damage_taken":[{"damage":0,"enemies":"Cultist","floor":2,"turns":1},{"damage":0,"enemies":"2 Louse","floor":4,"turns":1},{"damage":0,"enemies":"Jaw Worm","floor":5,"turns":1},{"damage":42,"enemies":"3 Sentries","floor":6,"turns":7},{"damage":41,"enemies":"Gremlin Nob","floor":8,"turns":4},{"damage":20,"enemies":"Lagavulin","floor":10,"turns":7},{"damage":10,"enemies":"2 Fungi Beasts","floor":13,"turns":3},{"damage":25,"enemies":"3 Sentries","floor":14,"turns":6},{"damage":22,"enemies":"Exordium Wildlife","floor":15,"turns":4},{"damage":19,"enemies":"downfall:Ironclad","floor":16,"turns":6},{"damage":14,"enemies":"downfall:FleeingMerchant","floor":19,"turns":4},{"damage":11,"enemies":"Shell Parasite","floor":21,"turns":6},{"damage":23,"enemies":"Centurion and Healer","floor":22,"turns":9},{"damage":55,"enemies":"Gremlin Leader","floor":23,"turns":6},{"damage":24,"enemies":"Shelled Parasite and Fungi","floor":26,"turns":5},{"damage":8,"enemies":"downfall:FleeingMerchant","floor":27,"turns":4},{"damage":28,"enemies":"Book of Stabbing","floor":31,"turns":5},{"damage":33,"enemies":"Snecko","floor":32,"turns":6},{"damage":61,"enemies":"downfall:Watcher","floor":33,"turns":9},{"damage":57,"enemies":"3 Darklings","floor":36,"turns":7},{"damage":26,"enemies":"Orb Walker","floor":38,"turns":5},{"damage":21,"enemies":"downfall:FleeingMerchant","floor":39,"turns":4},{"damage":40,"enemies":"Giant Head","floor":40,"turns":8},{"damage":31,"enemies":"3 Darklings","floor":42,"turns":5},{"damage":62,"enemies":"Nemesis","floor":44,"turns":5},{"damage":0,"enemies":"downfall:FleeingMerchant","floor":46,"turns":1},{"damage":49,"enemies":"Maw","floor":49,"turns":7},{"damage":43,"enemies":"downfall:Defect","floor":50,"turns":7},{"damage":164,"enemies":"downfall:CharBossMerchant","floor":52,"turns":7}],"seed_played":"7635294420676690883","potions_obtained":[{"floor":6,"key":"Dexterity Potion"},{"floor":10,"key":"Block Potion"},{"floor":14,"key":"FearPotion"},{"floor":15,"key":"hexamod:EctoCoolerPotion"}],"is_trial":false,"path_per_floor":["R","M","?","M","M","E","T","E","?","E","R","?","M","E","M","B",null,"R","$","?","M","M","E","T","?","M","$","R","?","R","E","M","B",null,"R","M","?","M","$","E","T","M","R","E","?","$","R","?","M","B",null,"E"],"character_chosen":"SLIMEBOUND","items_purchased":["Bag of Preparation","Lizard Tail","StoneCalendar"],"campfire_rested":2,"item_purchase_floors":[19,46,46],"current_hp_per_floor":[60,60,60,60,60,36,36,11,31,25,43,43,47,42,38,43,60,60,60,60,64,67,38,38,38,38,48,58,58,82,70,61,40,86,86,53,79,61,68,59,59,60,78,39,39,60,78,78,66,75,79,0,0,0],"gold":78,"neow_bonus":"THREE_ENEMY_KILL","is_daily":false,"chose_seed":false,"campfire_upgraded":3,"win_rate":0.0,"timestamp":1610118603,"path_taken":["R","?","?","?","M","E","T","E","?","E","R","?","M","E","M","BOSS","R","$","?","M","M","E","T","?","M","$","R","?","R","E","M","BOSS","R","M","?","M","$","E","T","M","R","E","?","$","R","?","M","BOSS","E"],"items_purchased_type":["Relic","Relic","Relic"],"build_version":"2020-12-22","purchased_purges":0,"victory":false,"max_hp_per_floor":[60,60,60,60,60,60,60,60,60,60,60,60,60,60,60,60,60,60,60,60,64,72,72,72,72,72,72,82,82,82,86,86,86,86,86,90,79,79,79,79,79,79,79,79,79,79,79,79,79,79,79,79,79,79],"card_choices":[{"not_picked":["Slimebound:FinishingTackle","Slimebound:SlimeSpikes"],"picked":"Slimebound:SamplingLick","floor":2},{"not_picked":["Slimebound:LeechingTouch","Slimebound:SlimeBrawl"],"picked":"Slimebound:SplitMire","floor":4},{"not_picked":["Slimebound:ComboTackle","Slimebound:GrowthPunch"],"picked":"Slimebound:Schlurp","floor":5},{"not_picked":["Slimebound:FinishingTackle","Slimebound:SlimeSpikes"],"picked":"Slimebound:BestDefense","floor":6},{"not_picked":["Slimebound:RollThrough","Slimebound:GoopSpray"],"picked":"Slimebound:OozeBath","floor":8},{"not_picked":["Slimebound:GrowthPunch","Slimebound:Equalize"],"picked":"Slimebound:PressTheAttack","floor":10},{"not_picked":["Slimebound:SamplingLick","Slimebound:SpikyOuterGoop"],"picked":"Slimebound:Repurpose","floor":13},{"not_picked":["Slimebound:FormOfPuddle","Slimebound:TongueLash"],"picked":"Slimebound:AcidTongue","floor":14},{"not_picked":["Slimebound:DivideAndConquer","Slimebound:SamplingLick"],"picked":"Slimebound:SplitLeeching","floor":15},{"not_picked":["Slimebound:PrepareCrush","Slimebound:CheckThePlaybook"],"picked":"Slimebound:MassFeed","floor":16},{"not_picked":["Slimebound:LeechingTouch","Slimebound:GoopSpray"],"picked":"Slimebound:SpikyOuterGoop","floor":19},{"not_picked":["Slimebound:FormOfPuddle","Slimebound:GoopTackle+1","Slimebound:Repurpose"],"picked":"SKIP","floor":21},{"not_picked":["Slimebound:DivideAndConquer+1","Slimebound:Nibble","Slimebound:ServeAndProtect"],"picked":"SKIP","floor":22},{"not_picked":["Slimebound:Dissolve","Slimebound:ComboTackle","Slimebound:SlimeBrawl"],"picked":"SKIP","floor":23},{"not_picked":["Slimebound:DisruptingSlam+1","Slimebound:SlimeSpikes"],"picked":"Slimebound:LeadByExample","floor":26},{"not_picked":["Slimebound:ComboTackle","Slimebound:GoopTackle"],"picked":"Slimebound:BestDefense","floor":27},{"not_picked":["Slimebound:SlimeBarrage","Slimebound:MassRepurpose"],"picked":"Slimebound:SplitMire","floor":31},{"not_picked":["Slimebound:SplitBruiser","Slimebound:SplitAcid","Slimebound:ServeAndProtect"],"picked":"SKIP","floor":32},{"not_picked":["Slimebound:MinionMaster","Slimebound:MassFeed"],"picked":"Slimebound:RallyTheTroops","floor":33},{"not_picked":["Slimebound:LeechEnergy","Slimebound:SlimeSpikes+1"],"picked":"Slimebound:SplitLeeching+1","floor":36},{"not_picked":["Slimebound:PressTheAttack","Slimebound:ServeAndProtect","Slimebound:LeechingTouch+1"],"picked":"SKIP","floor":38},{"not_picked":["Slimebound:LeadByExample+1","Slimebound:SlimeBrawl"],"picked":"Slimebound:Grow","floor":39},{"not_picked":["Slimebound:Dissolve","Slimebound:GoopTackle+1"],"picked":"Slimebound:Equalize+1","floor":40},{"not_picked":["Slimebound:GrowthPunch+1","Slimebound:BestDefense"],"picked":"Slimebound:LevelUp","floor":42},{"not_picked":["Slimebound:PressTheAttack+1","Slimebound:ItLooksTasty+1","Slimebound:SplitMire"],"picked":"SKIP","floor":44},{"not_picked":["expansioncontent:YouAreMine","expansioncontent:TimeRipple"],"picked":"expansioncontent:DonusPower","floor":45},{"not_picked":["Slimebound:LeechEnergy","Slimebound:SlimeBarrage+1"],"picked":"Slimebound:ProtectTheBoss","floor":46},{"not_picked":["Slimebound:ServeAndProtect+1","Slimebound:SlimeBrawl+1"],"picked":"Slimebound:FirmFortitude","floor":49}],"player_experience":158897,"relics_obtained":[{"floor":6,"key":"Lantern"},{"floor":7,"key":"FossilizedHelix"},{"floor":8,"key":"Juzu Bracelet"},{"floor":10,"key":"PreservedInsect"},{"floor":14,"key":"War Paint"},{"floor":23,"key":"Thread and Needle"},{"floor":31,"key":"WingedGreaves"},{"floor":34,"key":"Nunchaku"},{"floor":34,"key":"Mummified Hand"},{"floor":34,"key":"Girya"},{"floor":40,"key":"Matryoshka"},{"floor":41,"key":"MealTicket"},{"floor":41,"key":"Eternal Feather"},{"floor":44,"key":"Akabeko"}],"event_choices":[{"damage_healed":0,"gold_gain":0,"player_choice":"Ignored","damage_taken":0,"max_hp_gain":0,"max_hp_loss":0,"event_name":"NoteForYourself","floor":3,"gold_loss":0},{"damage_healed":20,"gold_gain":0,"player_choice":"Banana","damage_taken":0,"max_hp_gain":0,"max_hp_loss":0,"event_name":"Big Fish","floor":9,"gold_loss":0},{"damage_healed":0,"gold_gain":0,"player_choice":"Grow","damage_taken":0,"max_hp_gain":0,"max_hp_loss":0,"event_name":"Living Wall","floor":12,"gold_loss":0,"cards_upgraded":["Slimebound:Schlurp"]},{"damage_healed":0,"gold_gain":0,"player_choice":"Ignored","damage_taken":0,"max_hp_gain":0,"max_hp_loss":0,"event_name":"Ghosts","floor":29,"gold_loss":0}],"is_beta":false,"boss_relics":[{"not_picked":["Pandora\u0027s Box","Empty Cage"],"picked":"Sozu"},{"not_picked":["Snecko Eye","Slimebound:AbsorbEndCombatUpgraded"],"picked":"Calling Bell"}],"items_purged_floors":[],"is_endless":false,"potions_floor_spawned":[6,10,14,15,21,23,26,32,33,36,42,44],"killed_by":"downfall:CharBossMerchant","ascension_level":0}}