{"host":"iphsb0ccnjx0pfn6","time":1610078890,"event":{"mods":["2.2 Compatiblity","AchievementEnabler","BaseMod","Colored Map","DeckTracker","Keyboard Shortcuts","Minty Spire (QoL Compilation)","Permanent Neow","Quick Restart","Relic Stats","StSLib","SuperFastMode","Uncapped","everything is the same but u backflip on backflip"],"gold_per_floor":[116,136,136,73,34,34,67,67,67,67,96,110,126,145,145,145,145],"floor_reached":16,"playtime":277,"items_purged":[],"score":220,"play_id":"6d2cd1ab-2929-44ce-b5ad-892001d8fa91","local_time":"20210108130810","is_ascension_mode":true,"campfire_choices":[{"data":"Perfected Strike","floor":6.0,"key":"SMITH"},{"data":"Perfected Strike","floor":8.0,"key":"SMITH"},{"floor":10.0,"key":"REST"},{"data":"Uppercut","floor":15.0,"key":"SMITH"}],"circlet_count":0,"master_deck":["AscendersBane","Strike_R","Strike_R","Strike_R","Strike_R","Strike_R","Defend_R","Defend_R","Defend_R","Bash","Bludgeon","Uppercut+1","Perfected Strike+1","Perfected Strike+1","Reaper","Shockwave"],"relics":["Burning Blood","MawBank","Pantograph","Shovel","Magic Flower"],"acts_visited":["Exordium"],"potions_floor_usage":[],"damage_taken":[{"damage":6.0,"enemies":"Cultist","floor":1.0,"turns":3.0},{"damage":7.0,"enemies":"2 Louse","floor":2.0,"turns":3.0},{"damage":35.0,"enemies":"Lagavulin","floor":7.0,"turns":5.0},{"damage":38.0,"enemies":"3 Sentries","floor":11.0,"turns":6.0},{"damage":7.0,"enemies":"Jaw Worm","floor":12.0,"turns":3.0},{"damage":32.0,"enemies":"Lots of Slimes","floor":13.0,"turns":6.0},{"damage":0.0,"enemies":"Large Slime","floor":14.0,"turns":4.0},{"damage":84,"enemies":"Hexaghost","floor":16,"turns":9}],"seed_played":"368962460591954192","potions_obtained":[{"floor":1.0,"key":"CultistPotion"},{"floor":11.0,"key":"FearPotion"},{"floor":13.0,"key":"DistilledChaos"}],"is_trial":false,"path_per_floor":["M","M","T","?","$","R","E","R","T","R","E","M","M","M","R","B"],"character_chosen":"IRONCLAD","items_purchased":["Perfected Strike"],"campfire_rested":1,"item_purchase_floors":[5],"current_hp_per_floor":[50,49,49,49,49,49,20,20,20,42,18,20,27,42,42,0,0],"gold":145,"neow_bonus":"THREE_RARE_CARDS","is_daily":false,"chose_seed":false,"campfire_upgraded":3,"win_rate":0.0,"timestamp":1610078890,"path_taken":["M","M","?","?","?","R","E","R","T","R","E","M","?","M","R","BOSS"],"items_purchased_type":["Card"],"build_version":"2020-12-22","purchased_purges":0,"victory":false,"max_hp_per_floor":[75,75,75,75,75,75,75,75,75,75,75,75,75,75,75,75,75],"relic_stats":{"Shovel":0,"counters":[8,39],"Pantograph":33,"Magic Flower":[32],"MawBank":24,"obtain_stats":[{"Shovel":9,"Pantograph":7,"Magic Flower":11,"MawBank":3,"Burning Blood":0},{"Shovel":3,"Pantograph":3,"Magic Flower":4,"MawBank":2,"Burning Blood":0},{"Shovel":11,"Pantograph":11,"Magic Flower":17,"MawBank":6,"Burning Blood":0}],"Burning Blood":51},"card_choices":[{"not_picked":["Berserk","Exhume"],"picked":"Bludgeon","floor":0.0},{"not_picked":["Rupture","Havoc"],"picked":"Uppercut","floor":1.0},{"not_picked":["Twin Strike","True Grit"],"picked":"Perfected Strike","floor":2.0},{"not_picked":["Perfected Strike","Barricade"],"picked":"Reaper","floor":7.0},{"not_picked":["Metallicize","Ghostly Armor","Clothesline"],"picked":"SKIP","floor":11.0},{"not_picked":["Flex","Wild Strike"],"picked":"Shockwave","floor":12.0},{"not_picked":["Anger","Rampage","Rage"],"picked":"SKIP","floor":13.0},{"not_picked":["Headbutt","Body Slam","Rampage"],"picked":"SKIP","floor":14.0}],"player_experience":1261525,"relics_obtained":[{"floor":3.0,"key":"MawBank"},{"floor":7.0,"key":"Pantograph"},{"floor":9.0,"key":"Shovel"},{"floor":11.0,"key":"Magic Flower"}],"event_choices":[{"cards_removed":["Defend_R"],"damage_healed":0.0,"max_hp_gain":0.0,"max_hp_loss":0.0,"gold_gain":0.0,"event_name":"The Cleric","player_choice":"Card Removal","floor":4.0,"gold_loss":75.0,"damage_taken":0.0}],"is_beta":false,"boss_relics":[],"items_purged_floors":[],"is_endless":false,"potions_floor_spawned":[1,11,12,13],"killed_by":"Hexaghost","ascension_level":20}}