{"host":"mydft8i2zzydgggw","time":1610139659,"event":{"mods":["AchievementEnabler","BaseMod","Colored Map","Colored Powertips","DeckTracker","Keyboard Shortcuts","Minty Spire (QoL Compilation)","Rare Cards Sparkle","StSLib","SuperFastMode","The Poker Player","everything is the same but u backflip on backflip"],"gold_per_floor":[119,138,138,138,138,172,172,210,210,210,86,158,176,201,201,332,332,332,332,332,332,347,347,347],"floor_reached":23,"playtime":384,"items_purged":["Strike_B"],"score":336,"play_id":"805a12d5-5f22-485e-b575-e539d22d26f1","local_time":"20210109060059","is_ascension_mode":true,"campfire_choices":[{"floor":7,"key":"DIG"},{"data":"Zap","floor":10,"key":"SMITH"},{"floor":15,"key":"REST"}],"circlet_count":0,"master_deck":["Strike_B","Strike_B","Strike_B","Defend_B","Defend_B","Defend_B","Defend_B","Zap+1","Dualcast","Chaos","FTL","Consume","Coolheaded","Genetic Algorithm","Capacitor","Creative AI","Leap","Redo+1"],"relics":["Cracked Core","NeowsBlessing","Golden Idol","Letter Opener","Shovel","Toy Ornithopter","Calipers","Pear","Inserter","Darkstone Periapt"],"acts_visited":["Exordium","TheCity"],"potions_floor_usage":[16,16,18],"damage_taken":[{"damage":0,"enemies":"Small Slimes","floor":1,"turns":1},{"damage":0,"enemies":"Jaw Worm","floor":2,"turns":1},{"damage":0,"enemies":"Lagavulin","floor":6,"turns":1},{"damage":34,"enemies":"3 Sentries","floor":8,"turns":7},{"damage":0,"enemies":"2 Louse","floor":13,"turns":2},{"damage":5,"enemies":"2 Fungi Beasts","floor":14,"turns":4},{"damage":41,"enemies":"Hexaghost","floor":16,"turns":12},{"damage":0,"enemies":"2 Thieves","floor":18,"turns":1},{"damage":16,"enemies":"Shell Parasite","floor":22,"turns":8},{"damage":72,"enemies":"Gremlin Leader","floor":23,"turns":4}],"seed_played":"7315997390403354647","potions_obtained":[{"floor":1,"key":"SmokeBomb"},{"floor":13,"key":"Block Potion"},{"floor":14,"key":"EssenceOfSteel"}],"is_trial":false,"path_per_floor":["M","M","?","?","?","E","R","E","T","R","$","T","M","M","R","B",null,"M","?","?","?","M","E"],"character_chosen":"DEFECT","items_purchased":["Coolheaded"],"campfire_rested":1,"item_purchase_floors":[11],"current_hp_per_floor":[68,68,73,53,50,50,50,16,26,26,26,26,26,21,48,17,72,77,77,77,77,61,0,0],"gold":347,"neow_bonus":"THREE_ENEMY_KILL","is_daily":false,"chose_seed":false,"campfire_upgraded":1,"win_rate":0.0,"timestamp":1610139659,"path_taken":["M","M","?","?","?","E","R","E","T","R","$","?","M","M","R","BOSS","M","?","?","?","?","E"],"items_purchased_type":["Card"],"build_version":"2020-12-22","purchased_purges":1,"victory":false,"max_hp_per_floor":[75,75,80,80,80,80,80,80,90,90,90,90,90,90,90,90,90,90,90,90,90,90,90,90],"card_choices":[{"not_picked":["Sweeping Beam","Stack","Barrage"],"picked":"SKIP","floor":1},{"not_picked":["Ball Lightning","Conserve Battery"],"picked":"Chaos","floor":2},{"not_picked":["BootSequence","Defragment"],"picked":"FTL","floor":6},{"not_picked":["BootSequence","Beam Cell"],"picked":"Consume","floor":8},{"not_picked":["Stack","Steam"],"picked":"Genetic Algorithm","floor":13},{"not_picked":["Darkness","Genetic Algorithm"],"picked":"Capacitor","floor":14},{"not_picked":["Multi-Cast","All For One"],"picked":"Creative AI","floor":16},{"not_picked":["Rebound+1","Static Discharge+1"],"picked":"Redo+1","floor":22}],"player_experience":151635,"relics_obtained":[{"floor":6,"key":"Shovel"},{"floor":7,"key":"Toy Ornithopter"},{"floor":8,"key":"Calipers"},{"floor":9,"key":"Pear"}],"event_choices":[{"damage_healed":0,"gold_gain":0,"player_choice":"Donut","damage_taken":0,"max_hp_gain":5,"max_hp_loss":0,"event_name":"Big Fish","floor":3,"gold_loss":0},{"damage_healed":0,"gold_gain":0,"player_choice":"Take Damage","damage_taken":20,"relics_obtained":["Golden Idol"],"max_hp_gain":0,"max_hp_loss":0,"event_name":"Golden Idol","floor":4,"gold_loss":0},{"damage_healed":0,"gold_gain":0,"player_choice":"Success","damage_taken":3,"relics_obtained":["Letter Opener"],"max_hp_gain":0,"max_hp_loss":0,"event_name":"Scrap Ooze","floor":5,"gold_loss":0},{"damage_healed":0,"gold_gain":0,"player_choice":"Ignored","damage_taken":0,"max_hp_gain":0,"max_hp_loss":0,"event_name":"Ghosts","floor":19,"gold_loss":0},{"damage_healed":0,"gold_gain":0,"player_choice":"Opened","damage_taken":0,"relics_obtained":["Darkstone Periapt"],"max_hp_gain":0,"max_hp_loss":0,"event_name":"The Mausoleum","floor":20,"gold_loss":0},{"damage_healed":0,"gold_gain":0,"player_choice":"1 cards matched","damage_taken":0,"max_hp_gain":0,"max_hp_loss":0,"event_name":"Match and Keep!","floor":21,"gold_loss":0,"cards_obtained":["Leap"]}],"is_beta":false,"boss_relics":[{"not_picked":["SlaversCollar","Sozu"],"picked":"Inserter"}],"items_purged_floors":[11],"is_endless":false,"potions_floor_spawned":[1,13,14],"killed_by":"Gremlin Leader","ascension_level":8}}