{"host":"ypphcgdomtfqpc2w","time":1610093752,"event":{"mods":["BaseMod","Minty Spire (QoL Compilation)","StSLib"],"gold_per_floor":[115,61,61,71,83,83,115,165,165,182,217,217,247,264,264,264,264],"floor_reached":16,"playtime":682,"items_purged":[],"score":240,"play_id":"764b2526-48d8-4782-90b9-61ce902db772","local_time":"20210108171552","is_ascension_mode":true,"campfire_choices":[{"data":"Carnage","floor":6,"key":"SMITH"},{"data":"Ghostly Armor","floor":12,"key":"SMITH"},{"data":"Whirlwind","floor":15,"key":"SMITH"}],"circlet_count":0,"master_deck":["AscendersBane","Strike_R","Strike_R","Strike_R","Strike_R","Defend_R","Defend_R","Defend_R","Bash","Wild Strike","Whirlwind+1","Carnage+1","Power Through","Ghostly Armor+1","Headbutt","Sever Soul"],"relics":["Burning Blood","Self Forming Clay","Akabeko","Happy Flower","Bottled Flame"],"acts_visited":["Exordium"],"potions_floor_usage":[7,16,16],"damage_taken":[{"damage":3,"enemies":"2 Louse","floor":1,"turns":2},{"damage":6,"enemies":"Cultist","floor":4,"turns":3},{"damage":0,"enemies":"Jaw Worm","floor":5,"turns":2},{"damage":25,"enemies":"3 Sentries","floor":7,"turns":7},{"damage":0,"enemies":"3 Louse","floor":10,"turns":2},{"damage":8,"enemies":"Gremlin Nob","floor":11,"turns":3},{"damage":20,"enemies":"Lagavulin","floor":13,"turns":7},{"damage":0,"enemies":"Looter","floor":14,"turns":3},{"damage":46,"enemies":"The Guardian","floor":16,"turns":14}],"seed_played":"8396385540660239109","potions_obtained":[{"floor":7,"key":"Block Potion"},{"floor":13,"key":"SkillPotion"},{"floor":14,"key":"PowerPotion"}],"is_trial":false,"path_per_floor":["M","$","?","M","M","R","E","?","T","M","E","R","E","M","R","B"],"character_chosen":"IRONCLAD","items_purchased":["Fire Potion"],"campfire_rested":0,"item_purchase_floors":[2],"current_hp_per_floor":[71,71,71,71,75,75,56,49,49,55,53,53,39,45,45,0,0],"gold":264,"neow_bonus":"TRANSFORM_CARD","is_daily":false,"chose_seed":false,"campfire_upgraded":3,"win_rate":0.0,"timestamp":1610093752,"path_taken":["M","$","?","?","M","R","E","?","T","?","E","R","E","M","R","BOSS"],"items_purchased_type":["Potion"],"build_version":"2020-12-22","purchased_purges":0,"victory":false,"max_hp_per_floor":[75,75,75,75,75,75,75,75,75,75,75,75,75,75,75,75,75],"card_choices":[{"not_picked":["True Grit","Anger"],"picked":"Whirlwind","floor":1},{"not_picked":["Entrench","Clash"],"picked":"Power Through","floor":4},{"not_picked":["Wild Strike","Clothesline"],"picked":"Ghostly Armor","floor":5},{"not_picked":["Warcry","Clash","Rupture"],"picked":"SKIP","floor":7},{"not_picked":["Combust","Seeing Red","Clash"],"picked":"SKIP","floor":10},{"not_picked":["Clothesline","Shrug It Off"],"picked":"Headbutt","floor":11},{"not_picked":["Warcry","Sword Boomerang","Dropkick"],"picked":"SKIP","floor":13},{"not_picked":["Seeing Red","Whirlwind"],"picked":"Sever Soul","floor":14}],"player_experience":1995396,"relics_obtained":[{"floor":7,"key":"Self Forming Clay"},{"floor":9,"key":"Akabeko"},{"floor":11,"key":"Happy Flower"},{"floor":13,"key":"Bottled Flame"}],"event_choices":[{"damage_healed":0,"gold_gain":0,"cards_transformed":["Strike_R"],"player_choice":"Transformed","damage_taken":0,"max_hp_gain":0,"max_hp_loss":0,"event_name":"Transmorgrifier","floor":3,"gold_loss":0,"cards_obtained":["Carnage"]},{"damage_healed":0,"gold_gain":50,"player_choice":"Touch","damage_taken":7,"max_hp_gain":0,"max_hp_loss":0,"event_name":"FaceTrader","floor":8,"gold_loss":0}],"is_beta":false,"boss_relics":[],"items_purged_floors":[],"is_endless":false,"potions_floor_spawned":[7,13,14],"killed_by":"The Guardian","ascension_level":20}}