{"host":"rqgzkpsifhykr0rp","time":1610077581,"event":{"mods":["BaseMod","Colored Map","Downfall","Minty Spire (QoL Compilation)","StSLib"],"gold_per_floor":[99,113,113,128,144,144,169,94,94,94,110,123,141,174,189,288,288,213,228,242,8,8,0,0,0,0,0],"floor_reached":25,"playtime":1741,"items_purged":["Slimebound:Strike_Slimebound"],"score":258,"play_id":"492cad14-7c51-46ee-999b-ccd39be688d1","local_time":"20210107224621","is_ascension_mode":true,"campfire_choices":[{"data":"Slimebound:Split","floor":1,"key":"SMITH"},{"floor":6,"key":"RECALL"},{"data":"Slimebound:DuplicatedForm","floor":8,"key":"SMITH"},{"data":"Slimebound:CorrosiveSpit","floor":10,"key":"SMITH"},{"data":"Slimebound:MassFeed","floor":18,"key":"SMITH"}],"circlet_count":0,"master_deck":["Slimebound:Strike_Slimebound","Slimebound:Strike_Slimebound","Slimebound:Defend_Slimebound","Slimebound:Defend_Slimebound","Slimebound:Defend_Slimebound","Slimebound:Defend_Slimebound","Slimebound:Split+1","Slimebound:CorrosiveSpit+1","Slimebound:DuplicatedForm+1","Slimebound:SplitAcid","Slimebound:SplitLeeching","Slimebound:SplitAcid","Slimebound:OozeBath","Slimebound:GrowthPunch","Slimebound:Recollect","Slimebound:LeechLife","Slimebound:MassFeed+1","Slimebound:PressTheAttack","Slimebound:LeechingTouch","Slimebound:GrowthPunch","Slimebound:Recollect"],"relics":["Slimebound:AbsorbEndCombat","downfall:HeartBlessingRed","Anchor","Gremlin Horn","SacredBark","downfall:HeartBlessingBlue","Strange Spoon","Bottled Tornado"],"acts_visited":["Exordium","TheCity"],"potions_floor_usage":[16,16,19,20],"damage_taken":[{"damage":13,"enemies":"Jaw Worm","floor":2,"turns":4},{"damage":33,"enemies":"Cultist","floor":4,"turns":3},{"damage":16,"enemies":"2 Louse","floor":5,"turns":2},{"damage":37,"enemies":"2 Fungi Beasts","floor":11,"turns":4},{"damage":22,"enemies":"Blue Slaver","floor":12,"turns":3},{"damage":20,"enemies":"Large Slime","floor":13,"turns":4},{"damage":47,"enemies":"Lagavulin","floor":14,"turns":6},{"damage":18,"enemies":"2 Fungi Beasts","floor":15,"turns":3},{"damage":49,"enemies":"downfall:Watcher","floor":16,"turns":6},{"damage":44,"enemies":"Spheric Guardian","floor":19,"turns":7},{"damage":23,"enemies":"3 Byrds","floor":20,"turns":3},{"damage":28,"enemies":"downfall:FleeingMerchant","floor":21,"turns":4},{"damage":34,"enemies":"downfall:FleeingMerchant","floor":23,"turns":4},{"damage":85,"enemies":"Book of Stabbing","floor":25,"turns":4}],"seed_played":"-8231381530504057098","potions_obtained":[{"floor":5,"key":"ColorlessPotion"},{"floor":12,"key":"Strength Potion"},{"floor":14,"key":"Block Potion"},{"floor":16,"key":"Energy Potion"},{"floor":19,"key":"SpeedPotion"}],"is_trial":false,"path_per_floor":["R","M","?","M","M","R","T","R","?","R","M","M","M","E","M","B",null,"R","M","M","$","?","$","T","E"],"character_chosen":"SLIMEBOUND","items_purchased":["Strange Spoon"],"campfire_rested":0,"item_purchase_floors":[21],"current_hp_per_floor":[60,59,59,58,56,56,56,56,53,53,51,49,53,51,56,56,60,70,70,67,78,78,74,74,0,0,0],"gold":0,"neow_bonus":"ONE_RANDOM_RARE_CARD","is_daily":false,"chose_seed":false,"campfire_upgraded":4,"win_rate":0.0,"timestamp":1610077581,"path_taken":["R","M","?","?","M","R","T","R","?","R","M","M","M","E","M","BOSS","R","M","M","$","?","$","T","E"],"items_purchased_type":["Relic"],"build_version":"2020-12-22","purchased_purges":1,"victory":false,"max_hp_per_floor":[60,60,60,60,60,60,60,60,60,60,60,60,60,60,60,60,60,70,70,78,78,78,78,78,78,78,78],"card_choices":[{"not_picked":["Slimebound:LeadByExample","Slimebound:SplitMire"],"picked":"Slimebound:SplitAcid","floor":2},{"not_picked":["Slimebound:AcidTongue","Slimebound:FlameTackle"],"picked":"Slimebound:SplitLeeching","floor":4},{"not_picked":["Slimebound:ViciousTackle","Slimebound:LeechingTouch"],"picked":"Slimebound:SplitAcid","floor":5},{"not_picked":["Slimebound:ProtectTheBoss","Slimebound:GrowthPunch"],"picked":"Slimebound:OozeBath","floor":11},{"not_picked":["Slimebound:FlameTackle","Slimebound:Dissolve"],"picked":"Slimebound:GrowthPunch","floor":12},{"not_picked":["Slimebound:SplitAcid","Slimebound:LeechEnergy"],"picked":"Slimebound:Recollect","floor":13},{"not_picked":["Slimebound:ViciousTackle","Slimebound:RollThrough"],"picked":"Slimebound:LeechLife","floor":14},{"not_picked":["Slimebound:RollThrough","Slimebound:Schlurp","Slimebound:FirmFortitude"],"picked":"SKIP","floor":15},{"not_picked":["Slimebound:SlimeSlap","Slimebound:Overexert"],"picked":"Slimebound:MassFeed","floor":16},{"not_picked":["Slimebound:DivideAndConquer","Slimebound:Schlurp"],"picked":"Slimebound:PressTheAttack","floor":19},{"not_picked":["Slimebound:ViciousTackle+1","Slimebound:ComboTackle+1"],"picked":"Slimebound:LeechingTouch","floor":20},{"not_picked":["Slimebound:FormOfPuddle","Slimebound:ViciousTackle+1"],"picked":"Slimebound:GrowthPunch","floor":21},{"not_picked":["Slimebound:Repurpose","Slimebound:GoopSpray+1"],"picked":"Slimebound:Recollect","floor":23}],"player_experience":332244,"relics_obtained":[{"floor":14,"key":"Gremlin Horn"},{"floor":24,"key":"Bottled Tornado"}],"event_choices":[{"cards_removed":["Slimebound:Tackle"],"damage_healed":0,"gold_gain":0,"player_choice":"Offered Basic","damage_taken":0,"max_hp_gain":0,"max_hp_loss":0,"event_name":"Bonfire Elementals","floor":3,"gold_loss":0},{"damage_healed":0,"gold_gain":0,"player_choice":"Success","damage_taken":3,"relics_obtained":["Anchor"],"max_hp_gain":0,"max_hp_loss":0,"event_name":"Scrap Ooze","floor":9,"gold_loss":0}],"is_beta":false,"boss_relics":[{"not_picked":["Philosopher\u0027s Stone","downfall:Hecktoplasm"],"picked":"SacredBark"}],"items_purged_floors":[21],"is_endless":false,"potions_floor_spawned":[5,12,14,16,19],"killed_by":"Book of Stabbing","ascension_level":3}}