{"host":"8f5cu9y0fpol72qs","time":1610144545,"event":{"mods":["AlwaysNeverKeys","BaseMod","Colored Map","Colored Powertips","Curses Come First","Highlight Path","Key Reminder","Minty Spire (QoL Compilation)","StSLib"],"gold_per_floor":[116,136,86,11,11,11,44,44,44,61,76,105,105,134,134,206,206,224,224,234,95,95,95,106,106,106],"floor_reached":25,"playtime":1547,"items_purged":["Strike_B","Strike_B"],"score":361,"play_id":"2d4b6984-ef70-4ea9-9a8b-85f23d8ba4a5","local_time":"20210108142225","is_ascension_mode":true,"campfire_choices":[{"data":"Zap","floor":6.0,"key":"SMITH"},{"data":"Barrage","floor":8.0,"key":"SMITH"},{"data":"Fission","floor":15.0,"key":"SMITH"},{"data":"Defragment","floor":23.0,"key":"SMITH"}],"circlet_count":0,"master_deck":["AscendersBane","Strike_B","Defend_B","Defend_B","Defend_B","Defend_B","Zap+1","Dualcast","Cold Snap","Sweeping Beam","Barrage+1","Conserve Battery","Self Repair","Fission+1","Echo Form","Go for the Eyes+1","Loop","Defragment+1","Echo Form"],"relics":["Cracked Core","Meat on the Bone","keyreminder:keyreminder","Symbiotic Virus","Pen Nib","White Beast Statue","Black Star"],"acts_visited":["Exordium","TheCity"],"potions_floor_usage":[25,25],"damage_taken":[{"damage":2.0,"enemies":"2 Louse","floor":1.0,"turns":2.0},{"damage":5.0,"enemies":"Jaw Worm","floor":2.0,"turns":4.0},{"damage":28.0,"enemies":"Lagavulin","floor":7.0,"turns":6.0},{"damage":3.0,"enemies":"Small Slimes","floor":10.0,"turns":3.0},{"damage":11.0,"enemies":"3 Louse","floor":11.0,"turns":3.0},{"damage":12.0,"enemies":"3 Sentries","floor":12.0,"turns":8.0},{"damage":3.0,"enemies":"Lagavulin","floor":14.0,"turns":5.0},{"damage":18.0,"enemies":"The Guardian","floor":16.0,"turns":15.0},{"damage":7.0,"enemies":"Shell Parasite","floor":18.0,"turns":7.0},{"damage":25.0,"enemies":"2 Thieves","floor":20.0,"turns":5.0},{"damage":24.0,"enemies":"3 Cultists","floor":24.0,"turns":4.0},{"damage":43,"enemies":"Gremlin Leader","floor":25,"turns":5}],"seed_played":"3009822323952158129","potions_obtained":[{"floor":1.0,"key":"Regen Potion"},{"floor":12.0,"key":"AttackPotion"},{"floor":14.0,"key":"Block Potion"},{"floor":16.0,"key":"ColorlessPotion"},{"floor":18.0,"key":"Dexterity Potion"},{"floor":20.0,"key":"SteroidPotion"},{"floor":24.0,"key":"Weak Potion"}],"is_trial":false,"path_per_floor":["M","M","?","$","?","R","E","R","T","M","M","E","?","E","R","B",null,"M","?","M","$","?","R","M","E"],"character_chosen":"DEFECT","items_purchased":["Defragment"],"campfire_rested":0,"item_purchase_floors":[21],"current_hp_per_floor":[73,68,68,68,68,68,54,54,54,51,52,59,47,51,51,52,75,75,75,57,57,41,41,43,0,0],"gold":106,"neow_bonus":"TEN_PERCENT_HP_BONUS","is_daily":false,"chose_seed":false,"campfire_upgraded":4,"win_rate":0.0,"timestamp":1610144545,"path_taken":["M","M","?","$","?","R","E","R","T","M","M","E","?","E","R","BOSS","M","?","M","$","?","R","M","E"],"items_purchased_type":["Card"],"build_version":"2020-12-22","purchased_purges":2,"victory":false,"max_hp_per_floor":[82,82,82,82,82,82,82,82,82,82,82,82,82,82,82,82,82,82,82,82,82,87,87,87,87,87],"card_choices":[{"not_picked":["Sweeping Beam","Leap"],"picked":"Cold Snap","floor":1.0},{"not_picked":["Steam","Conserve Battery"],"picked":"Sweeping Beam","floor":2.0},{"not_picked":["Cold Snap","Heatsinks"],"picked":"Barrage","floor":7.0},{"not_picked":["Consume","Cold Snap"],"picked":"Conserve Battery","floor":10.0},{"not_picked":["Stack","Turbo"],"picked":"Self Repair","floor":11.0},{"not_picked":["Gash","Barrage"],"picked":"Fission","floor":12.0},{"not_picked":["Compile Driver","Redo","Conserve Battery"],"picked":"SKIP","floor":14.0},{"not_picked":["Multi-Cast","Creative AI"],"picked":"Echo Form","floor":16.0},{"not_picked":["Skim","Genetic Algorithm"],"picked":"Go for the Eyes+1","floor":18.0},{"not_picked":["Rebound","Streamline","Steam"],"picked":"SKIP","floor":20.0},{"not_picked":["Lockon","Redo"],"picked":"Echo Form","floor":24.0}],"player_experience":803407,"relics_obtained":[{"floor":7.0,"key":"Meat on the Bone"},{"floor":12.0,"key":"Symbiotic Virus"},{"floor":14.0,"key":"White Beast Statue"}],"event_choices":[{"cards_removed":["Strike_B"],"damage_healed":0.0,"max_hp_gain":0.0,"max_hp_loss":0.0,"gold_gain":0.0,"event_name":"The Cleric","player_choice":"Card Removal","floor":3.0,"gold_loss":50.0,"damage_taken":0.0},{"damage_healed":0.0,"max_hp_gain":0.0,"max_hp_loss":0.0,"gold_gain":0.0,"event_name":"Liars Game","player_choice":"Ignored","floor":5.0,"gold_loss":0.0,"damage_taken":0.0},{"damage_healed":0.0,"max_hp_gain":0.0,"max_hp_loss":0.0,"gold_gain":0.0,"event_name":"Scrap Ooze","player_choice":"Success","floor":13.0,"gold_loss":0.0,"damage_taken":12.0,"relics_obtained":["Pen Nib"]},{"damage_healed":0.0,"max_hp_gain":0.0,"max_hp_loss":0.0,"gold_gain":0.0,"event_name":"The Library","player_choice":"Read","floor":19.0,"gold_loss":0.0,"damage_taken":0.0,"cards_obtained":["Loop"]},{"damage_healed":0.0,"max_hp_gain":5.0,"max_hp_loss":0.0,"gold_gain":0.0,"event_name":"Forgotten Altar","player_choice":"Shed Blood","floor":22.0,"gold_loss":0.0,"damage_taken":21.0}],"is_beta":false,"boss_relics":[{"not_picked":["Fusion Hammer","SacredBark"],"picked":"Black Star"}],"items_purged_floors":[4,21],"is_endless":false,"potions_floor_spawned":[1,12,14,16,18,20,24],"killed_by":"Gremlin Leader","ascension_level":13}}