{"host":"eydwxg59205c3vtl","time":1610124634,"event":{"mods":["2.2 Compatiblity","BaseMod","Colored Map","Colored Powertips","Hubris","Minty Spire (QoL Compilation)","StSLib","The Jungle","The Necromancer"],"gold_per_floor":[119,119,139,22,172,172,22,22,22,22,57,57,77,77,77,77,77],"floor_reached":16,"playtime":337,"items_purged":["Strike_R","Doubt"],"score":192,"play_id":"9b829aef-4baf-49fb-87df-f818a2d6a675","local_time":"20210108115034","is_ascension_mode":true,"campfire_choices":[{"data":"Whirlwind","floor":6.0,"key":"SMITH"},{"data":"hubris:ReadiedAction","floor":8.0,"key":"SMITH"},{"floor":10.0,"key":"DIG"},{"floor":12.0,"key":"DIG"},{"floor":15.0,"key":"DIG"}],"circlet_count":0,"master_deck":["AscendersBane","Strike_R","Strike_R","Strike_R","Strike_R","Defend_R","Defend_R","Defend_R","Defend_R","Bash+1","Dropkick","Whirlwind+1","Metallicize","hubris:ReadiedAction+1","Battle Trance","Iron Wave","Regret"],"relics":["Burning Blood","Shovel","The Courier","Pocketwatch","Bronze Scales","Omamori","Dream Catcher"],"acts_visited":["Exordium"],"potions_floor_usage":[16],"damage_taken":[{"damage":2.0,"enemies":"Cultist","floor":1.0,"turns":4.0},{"damage":12.0,"enemies":"Jaw Worm","floor":3.0,"turns":3.0},{"damage":47.0,"enemies":"Gremlin Nob","floor":11.0,"turns":5.0},{"damage":7.0,"enemies":"Small Slimes","floor":13.0,"turns":3.0},{"damage":28,"enemies":"Slime Boss","floor":16,"turns":7}],"seed_played":"6306883621103944932","potions_obtained":[{"floor":3.0,"key":"SneckoOil"},{"floor":13.0,"key":"PowerPotion"}],"is_trial":false,"path_per_floor":["M","?","M","$","?","R","$","R","T","R","E","R","M","?","R","B"],"character_chosen":"IRONCLAD","items_purchased":["Metallicize","hubris:ReadiedAction"],"campfire_rested":0,"item_purchase_floors":[4,7],"current_hp_per_floor":[72,72,66,66,66,66,66,66,66,66,25,25,24,24,24,0,0],"gold":77,"neow_bonus":"UPGRADE_CARD","is_daily":false,"chose_seed":false,"campfire_upgraded":2,"win_rate":0.0,"timestamp":1610124634,"path_taken":["M","?","M","$","?","R","$","R","T","R","E","R","M","?","R","BOSS"],"items_purchased_type":["Card","Card"],"build_version":"2020-12-22","purchased_purges":2,"victory":false,"max_hp_per_floor":[75,75,75,75,75,75,75,75,75,75,75,75,75,75,75,75,75],"card_choices":[{"not_picked":["Havoc","True Grit","Intimidate"],"picked":"SKIP","floor":1.0},{"not_picked":["Fire Breathing","hubris:CleavingFinish"],"picked":"Whirlwind","floor":3.0},{"not_picked":["Heavy Blade","Fire Breathing"],"picked":"Battle Trance","floor":11.0},{"not_picked":["Heavy Blade","Warcry"],"picked":"Iron Wave","floor":13.0}],"player_experience":606163,"relics_obtained":[{"floor":9.0,"key":"Shovel"},{"floor":10.0,"key":"The Courier"},{"floor":11.0,"key":"Pocketwatch"},{"floor":12.0,"key":"Bronze Scales"},{"floor":15.0,"key":"Dream Catcher"}],"event_choices":[{"damage_healed":0.0,"max_hp_gain":0.0,"max_hp_loss":0.0,"gold_gain":150.0,"event_name":"Liars Game","player_choice":"AGREE","floor":5.0,"gold_loss":0.0,"damage_taken":0.0,"cards_obtained":["Doubt"]},{"damage_healed":0.0,"max_hp_gain":0.0,"max_hp_loss":0.0,"gold_gain":0.0,"event_name":"Big Fish","player_choice":"Box","floor":14.0,"gold_loss":0.0,"damage_taken":0.0,"relics_obtained":["Omamori"],"cards_obtained":["Regret"]}],"is_beta":false,"boss_relics":[],"items_purged_floors":[4,7],"is_endless":false,"potions_floor_spawned":[3,13],"killed_by":"Slime Boss","ascension_level":20}}