{"host":"5wf60zc4jjt9ov65","time":1610134088,"event":{"mods":["AchievementEnabler","BaseMod","Beaked The Cultist","Better Altar","Better Match","Better Note","Better Sensory Stone","Better Skull","Better Third Choice","BetterRewards","Colored Map","Colored Powertips","Downfall","Googly Eyes","Halation","Highlight Path","Hubris","Infinite Spire","Minty Spire (QoL Compilation)","Permanent Neow","Quick Restart","Replay The Spire","StSLib","The Bug Knight","The Construct"],"gold_per_floor":[114,114,131,150,150,150,5,5,52,79,79,103,103,120,120,223,223,243,262,212,212,212,224,246,277,289,301,301],"floor_reached":27,"playtime":2114,"items_purged":[],"score":201,"play_id":"7c5e5e2f-82d8-4cbc-8b58-4dbd9940c35a","local_time":"20210108142808","is_ascension_mode":false,"campfire_choices":[{"data":"HollowMod:HornetsHelp","floor":6.0,"key":"SMITH"},{"data":"HollowMod:FocusHealStart","floor":8.0,"key":"SMITH"},{"floor":15.0,"key":"REST"},{"floor":23.0,"key":"REST"}],"circlet_count":0,"master_deck":["HollowMod:NailStrikeStart","HollowMod:NailStrikeStart","HollowMod:QuickDashStart","HollowMod:QuickDashStart","HollowMod:QuickDashStart","HollowMod:FocusHealStart+1","HollowMod:PogoStrike","HollowMod:SiblingsShadow","HollowMod:HornetsHelp+1","HollowMod:SharpenedShadows","HollowMod:SiblingsSouls","HollowMod:SlysStrikes","infinitespire:UltimateForm","HollowMod:MantisMark","HollowMod:Hiveblood","HollowMod:MonarchWings","HollowMod:DungDefenderAura","HollowMod:SoulShaman","HollowMod:ChannelNail+1"],"relics":["HollowMod:VesselMask","hubris:Icosahedron","Regal Pillow","infinitespire:Satchel","Bag of Preparation","Odd Mushroom","construct:ClawGrip","hubris:ToyBattleship","MawBank","infinitespire:Lucky Rock"],"acts_visited":["Exordium","TheCity"],"potions_floor_usage":[25,25],"damage_taken":[{"damage":2.0,"enemies":"2 Louse","floor":1.0,"turns":3.0},{"damage":0.0,"enemies":"Cultist","floor":3.0,"turns":4.0},{"damage":6.0,"enemies":"Jaw Worm","floor":4.0,"turns":4.0},{"damage":40.0,"enemies":"The Mushroom Lair","floor":12.0,"turns":7.0},{"damage":15.0,"enemies":"Exordium Wildlife","floor":14.0,"turns":6.0},{"damage":41.0,"enemies":"The Guardian","floor":16.0,"turns":9.0},{"damage":6.0,"enemies":"3 Byrds","floor":18.0,"turns":6.0},{"damage":2.0,"enemies":"Shell Parasite","floor":19.0,"turns":5.0},{"damage":20.0,"enemies":"Snecko","floor":24.0,"turns":5.0},{"damage":15,"enemies":"3 Cultists","floor":25,"turns":5},{"damage":81,"enemies":"Sentry and Sphere","floor":27,"turns":8}],"seed_played":"-3687084977237419884","potions_obtained":[{"floor":3.0,"key":"ColorlessPotion"},{"floor":4.0,"key":"Elixir"},{"floor":14.0,"key":"FearPotion"},{"floor":19.0,"key":"SteroidPotion"}],"is_trial":false,"path_per_floor":["M","?","M","M","?","R","$","R","T","T","$","?","?","M","R","B",null,"M","M","?","?","?","R","M","M","T","M"],"character_chosen":"THE_BUGKNIGHT","items_purchased":["Regal Pillow"],"campfire_rested":2,"item_purchase_floors":[7],"current_hp_per_floor":[73,73,75,69,69,69,69,69,69,69,69,41,23,18,55,26,75,75,73,73,73,36,73,68,63,63,0,0],"gold":301,"neow_bonus":"TRANSFORM_CARD","is_daily":false,"chose_seed":false,"campfire_upgraded":2,"win_rate":0.0,"timestamp":1610134088,"path_taken":["M","?","M","?","?","R","$","R","T","?","?","?","?","M","R","BOSS","M","M","?","?","?","R","M","M","T","M"],"items_purchased_type":["Relic"],"build_version":"2020-12-22","purchased_purges":0,"victory":false,"max_hp_per_floor":[75,75,75,75,75,75,75,75,75,75,75,75,75,75,75,75,75,75,75,75,75,75,75,75,75,75,75,75],"card_choices":[{"not_picked":["HollowMod:TaintedHusks","HollowMod:HeavyBlow","HollowMod:SoulStrike"],"picked":"SKIP","floor":1.0},{"not_picked":["HollowMod:CornifersMapStart","HollowMod:GoodIntentions"],"picked":"HollowMod:SharpenedShadows","floor":3.0},{"not_picked":["HollowMod:BlackTendrils","HollowMod:SoulStrike"],"picked":"HollowMod:SiblingsSouls","floor":4.0},{"not_picked":["HollowMod:InfectedCysts","HollowMod:DashSlash"],"picked":"HollowMod:SlysStrikes","floor":12.0},{"not_picked":["ReplayTheSpireMod:Chaos Vortex","infinitespire:Execution"],"picked":"infinitespire:UltimateForm","floor":13.0},{"not_picked":["HollowMod:CycloneSlash","HollowMod:TaintedHusks"],"picked":"HollowMod:MantisMark","floor":14.0},{"not_picked":["HollowMod:theNailsmith","HollowMod:LifebloodCore"],"picked":"HollowMod:Hiveblood","floor":16.0},{"not_picked":["HollowMod:DungDefenderAura","HollowMod:HowlingWraiths+1"],"picked":"HollowMod:MonarchWings","floor":18.0},{"not_picked":["HollowMod:SharpenedNail","HollowMod:HeavyBlow+1","HollowMod:QuirrelsAssistance"],"picked":"SKIP","floor":19.0},{"not_picked":["HollowMod:CornifersMapStart","HollowMod:InfectionAssault+1"],"picked":"HollowMod:SoulShaman","floor":24.0},{"not_picked":["HollowMod:CloakDash+1","HollowMod:FallenFury+1"],"picked":"HollowMod:ChannelNail+1","floor":25}],"player_experience":44028,"relics_obtained":[{"floor":9.0,"key":"infinitespire:Satchel"},{"floor":10.0,"key":"Bag of Preparation"},{"floor":12.0,"key":"Odd Mushroom"},{"floor":26,"key":"infinitespire:Lucky Rock"}],"event_choices":[{"damage_healed":0.0,"max_hp_gain":0.0,"max_hp_loss":0.0,"gold_gain":0.0,"cards_transformed":["HollowMod:QuickDashStart"],"event_name":"Transmorgrifier","player_choice":"Transformed","floor":2.0,"gold_loss":0.0,"damage_taken":0.0,"cards_obtained":["HollowMod:HornetsHelp"]},{"damage_healed":0.0,"max_hp_gain":0.0,"max_hp_loss":0.0,"gold_gain":0.0,"event_name":"Mushrooms","player_choice":"Fought Mushrooms","floor":12.0,"gold_loss":0.0,"damage_taken":0.0},{"damage_healed":0.0,"max_hp_gain":0.0,"max_hp_loss":0.0,"gold_gain":0.0,"event_name":"The Joust","player_choice":"Bet on Owner","floor":20.0,"gold_loss":50.0,"damage_taken":0.0},{"damage_healed":0.0,"max_hp_gain":0.0,"max_hp_loss":0.0,"gold_gain":0.0,"cards_transformed":["HollowMod:NailStrikeStart"],"event_name":"Transmorgrifier","player_choice":"Transformed","floor":21.0,"gold_loss":0.0,"damage_taken":0.0,"cards_obtained":["HollowMod:DungDefenderAura"]},{"damage_healed":0.0,"max_hp_gain":0.0,"max_hp_loss":0.0,"gold_gain":0.0,"event_name":"betterSkull:BetterSkull","player_choice":"RE RE ","floor":22.0,"gold_loss":0.0,"damage_taken":41.0,"cards_upgraded":[],"relics_obtained":["hubris:ToyBattleship","MawBank"]}],"is_beta":false,"boss_relics":[{"not_picked":["hubris:HollowSoul","infinitespire:Cupcake"],"picked":"construct:ClawGrip"}],"items_purged_floors":[],"is_endless":false,"potions_floor_spawned":[3,4,14,19],"killed_by":"Sentry and Sphere","ascension_level":0}}