{"host":"g8ufh7m4frdlkxwv","time":1610090343,"event":{"mods":["AchievementEnabler","BaseMod","Colored Map","Dark Map","Minty Spire (QoL Compilation)","Relic Stats","StSLib","ojb\u0027s Info Mod"],"gold_per_floor":[109,126,126,126,138,138,152,162,210,210,253,253,266,299,299,394,394,407,430,449,473,62,62,96,117,141,157,157,432,457,501,501,592,592,605,623,637,651,675,709,7,38,38,56,89,120,160,226,226,226,226,226,226,8,39,39,39],"floor_reached":56,"playtime":6548,"items_purged":[],"score":2176,"play_id":"6d8c6d01-1a26-4ced-b04e-8d599fb25201","local_time":"20210108081903","is_ascension_mode":true,"campfire_choices":[{"data":"Bullet Time","floor":6.0,"key":"SMITH"},{"data":"Concentrate","floor":15.0,"key":"SMITH"},{"data":"Acrobatics","floor":23.0,"key":"SMITH"},{"data":"Reflex","floor":28.0,"key":"SMITH"},{"data":"Malaise","floor":32.0,"key":"SMITH"},{"floor":49.0,"key":"RECALL"},{"data":"1","floor":53.0,"key":"LIFT"}],"circlet_count":0,"master_deck":["AscendersBane","Survivor","Concentrate+1","Quick Slash","PiercingWail","Die Die Die","Reflex+1","Bullet Time+1","Acrobatics+1","Calculated Gamble","Backflip","Venomology","Flying Knee","Leg Sweep","Underhanded Strike","Die Die Die","Calculated Gamble","Phantasmal Killer","Leg Sweep","Riddle With Holes","Bullet Time","Eviscerate","Malaise+1","Crippling Poison","Regret","Backflip+1","Reflex+1","Night Terror","Night Terror+1","Unload+1","Escape Plan+1","Underhanded Strike","Parasite","Calculated Gamble","Acrobatics+1","Acrobatics+1","Noxious Fumes","Blur","Dagger Throw","Blur+1","Tactician+1","Tools of the Trade"],"relics":["Pandora\u0027s Box","Gremlin Horn","Oddly Smooth Stone","Golden Idol","Snake Skull","Vajra","Odd Mushroom","Snecko Eye","Unceasing Top","Thread and Needle","Akabeko","Astrolabe","Happy Flower","Boot","HornCleat","Girya","Toy Ornithopter","Pocketwatch","Ginger","TungstenRod","TheAbacus","Nunchaku","Bronze Scales","Tough Bandages"],"acts_visited":["Exordium","TheCity","TheBeyond","TheEnding"],"potions_floor_usage":[],"damage_taken":[{"damage":0.0,"enemies":"Small Slimes","floor":1.0,"turns":2.0},{"damage":0.0,"enemies":"2 Louse","floor":2.0,"turns":1.0},{"damage":0.0,"enemies":"Cultist","floor":5.0,"turns":4.0},{"damage":0.0,"enemies":"2 Fungi Beasts","floor":7.0,"turns":3.0},{"damage":0.0,"enemies":"3 Louse","floor":8.0,"turns":2.0},{"damage":15.0,"enemies":"Gremlin Nob","floor":11.0,"turns":4.0},{"damage":10.0,"enemies":"Exordium Thugs","floor":13.0,"turns":3.0},{"damage":0.0,"enemies":"The Mushroom Lair","floor":14.0,"turns":2.0},{"damage":16.0,"enemies":"Slime Boss","floor":16.0,"turns":7.0},{"damage":0.0,"enemies":"Chosen","floor":18.0,"turns":2.0},{"damage":6.0,"enemies":"Spheric Guardian","floor":19.0,"turns":4.0},{"damage":0.0,"enemies":"Shelled Parasite and Fungi","floor":20.0,"turns":2.0},{"damage":0.0,"enemies":"Snecko","floor":21.0,"turns":3.0},{"damage":3.0,"enemies":"Slavers","floor":24.0,"turns":2.0},{"damage":0.0,"enemies":"Centurion and Healer","floor":25.0,"turns":4.0},{"damage":5.0,"enemies":"Shelled Parasite and Fungi","floor":27.0,"turns":2.0},{"damage":5.0,"enemies":"Snake Plant","floor":30.0,"turns":3.0},{"damage":10.0,"enemies":"Book of Stabbing","floor":31.0,"turns":6.0},{"damage":3.0,"enemies":"Automaton","floor":33.0,"turns":8.0},{"damage":0.0,"enemies":"Orb Walker","floor":35.0,"turns":2.0},{"damage":0.0,"enemies":"3 Shapes","floor":36.0,"turns":3.0},{"damage":0.0,"enemies":"3 Darklings","floor":37.0,"turns":3.0},{"damage":10.0,"enemies":"Writhing Mass","floor":38.0,"turns":7.0},{"damage":20.0,"enemies":"Spire Growth","floor":39.0,"turns":4.0},{"damage":0.0,"enemies":"Reptomancer","floor":40.0,"turns":3.0},{"damage":9.0,"enemies":"Nemesis","floor":42.0,"turns":9.0},{"damage":13.0,"enemies":"Maw","floor":44.0,"turns":6.0},{"damage":8.0,"enemies":"Reptomancer","floor":45.0,"turns":4.0},{"damage":0.0,"enemies":"Mind Bloom Boss Battle","floor":46.0,"turns":5.0},{"damage":5.0,"enemies":"Giant Head","floor":47.0,"turns":6.0},{"damage":0.0,"enemies":"2 Orb Walkers","floor":48.0,"turns":3.0},{"damage":13.0,"enemies":"Time Eater","floor":50.0,"turns":20.0},{"damage":0.0,"enemies":"Awakened One","floor":51.0,"turns":16.0},{"damage":35.0,"enemies":"Shield and Spear","floor":55.0,"turns":9.0},{"damage":30,"enemies":"The Heart","floor":56,"turns":6}],"seed_played":"-6110418442293807449","potions_obtained":[{"floor":1.0,"key":"SkillPotion"},{"floor":7.0,"key":"GamblersBrew"},{"floor":11.0,"key":"Poison Potion"},{"floor":38.0,"key":"Fire Potion"},{"floor":44.0,"key":"SpeedPotion"},{"floor":45.0,"key":"Regen Potion"},{"floor":48.0,"key":"EssenceOfSteel"},{"floor":55.0,"key":"SpeedPotion"}],"is_trial":false,"path_per_floor":["M","M","?","?","M","R","M","M","T","?","E","?","M","?","R","B",null,"M","M","M","M","$","R","E","M","T","M","R","?","M","E","R","B",null,"M","M","M","M","M","E","$","E","T","M","E","?","E","?","R","B","B",null,"R","$","E","B"],"character_chosen":"THE_SILENT","items_purchased":["Unceasing Top","Eviscerate","TwistedFunnel","Boot","HornCleat","Noxious Fumes","TheAbacus","SteroidPotion"],"campfire_rested":0,"item_purchase_floors":[22,22,41,41,41,41,54,54],"current_hp_per_floor":[59,59,48,48,48,48,48,48,48,48,33,33,23,23,23,7,47,47,41,41,41,41,41,38,38,38,33,33,33,28,18,18,15,49,49,49,49,39,19,19,34,25,25,12,4,23,23,60,60,52,52,58,58,60,25,18,18],"gold":39,"neow_bonus":"BOSS_RELIC","is_daily":false,"chose_seed":false,"campfire_upgraded":5,"win_rate":0.0,"timestamp":1610090343,"path_taken":["M","M","?","?","M","R","M","?","T","?","E","?","?","?","R","BOSS","M","M","M","M","$","R","E","M","T","M","R","?","M","E","R","BOSS","M","M","?","M","M","E","$","E","T","M","E","?","E","?","R","BOSS","BOSS","R","$","E","BOSS"],"items_purchased_type":["Relic","Card","Relic","Relic","Relic","Card","Relic","Potion"],"build_version":"2020-12-22","purchased_purges":0,"victory":false,"max_hp_per_floor":[66,66,66,66,66,66,66,66,66,60,60,60,60,60,60,60,60,60,60,60,60,60,60,60,60,60,60,60,60,60,60,60,60,60,60,60,60,60,60,60,60,60,60,60,60,60,60,60,60,60,60,60,60,60,60,60,60],"relic_stats":{"Gremlin Horn":[25,34],"Happy Flower":[28],"counters":[35,170],"Golden Idol":212,"Astrolabe":["Night Terror","Unload","Escape Plan"],"Snake Skull":[101],"Ginger":[5],"Boot":[54],"Nunchaku":[0],"Tough Bandages":[42],"TheAbacus":[24],"Bronze Scales":[0],"Snecko Eye":[401,376,389,369],"Pandora\u0027s Box":["Concentrate","Flechettes","Quick Slash","PiercingWail","Die Die Die","Reflex","Bullet Time","Acrobatics","Outmaneuver","Calculated Gamble"],"obtain_stats":[{"TwistedFunnel":41,"Gremlin Horn":3,"Vajra":12,"Snake Skull":11,"Ginger":47,"Boot":41,"Nunchaku":55,"Tough Bandages":56,"HornCleat":41,"TheAbacus":54,"MealTicket":31,"Ring of the Snake":0,"Girya":42,"Happy Flower":40,"Golden Idol":10,"Astrolabe":34,"Oddly Smooth Stone":9,"Thread and Needle":24,"Odd Mushroom":14,"Akabeko":26,"Bronze Scales":56,"Snecko Eye":17,"Pandora\u0027s Box":0,"Unceasing Top":22,"Toy Ornithopter":45,"TungstenRod":48,"Pocketwatch":46},{"TwistedFunnel":25,"Gremlin Horn":2,"Vajra":6,"Snake Skull":6,"Ginger":30,"Boot":25,"Nunchaku":34,"Tough Bandages":35,"HornCleat":25,"TheAbacus":33,"MealTicket":18,"Ring of the Snake":0,"Girya":26,"Happy Flower":25,"Golden Idol":5,"Astrolabe":19,"Oddly Smooth Stone":5,"Thread and Needle":14,"Odd Mushroom":8,"Akabeko":15,"Bronze Scales":35,"Snecko Eye":9,"Pandora\u0027s Box":0,"Unceasing Top":13,"Toy Ornithopter":28,"TungstenRod":31,"Pocketwatch":29},{"TwistedFunnel":86,"Gremlin Horn":3,"Vajra":16,"Snake Skull":16,"Ginger":116,"Boot":86,"Nunchaku":164,"Tough Bandages":165,"HornCleat":86,"TheAbacus":155,"MealTicket":56,"Ring of the Snake":0,"Girya":95,"Happy Flower":86,"Golden Idol":12,"Astrolabe":64,"Oddly Smooth Stone":12,"Thread and Needle":41,"Odd Mushroom":21,"Akabeko":45,"Bronze Scales":165,"Snecko Eye":28,"Pandora\u0027s Box":0,"Unceasing Top":39,"Toy Ornithopter":105,"TungstenRod":119,"Pocketwatch":110}],"Unceasing Top":[6],"Toy Ornithopter":47,"TungstenRod":17,"Pocketwatch":[10]},"card_choices":[{"not_picked":["Noxious Fumes","Bane"],"picked":"All Out Attack","floor":1.0},{"not_picked":["Skewer","Cloak And Dagger"],"picked":"Backflip","floor":2.0},{"not_picked":["Sucker Punch","Expertise"],"picked":"Flying Knee","floor":5.0},{"not_picked":["Sucker Punch","Cloak And Dagger"],"picked":"Leg Sweep","floor":7.0},{"not_picked":["Sucker Punch","Deflect"],"picked":"Underhanded Strike","floor":8.0},{"not_picked":["Dagger Spray","Skewer"],"picked":"Die Die Die","floor":11.0},{"not_picked":["Skewer","Dodge and Roll","Bane"],"picked":"SKIP","floor":13.0},{"not_picked":["Flechettes","PiercingWail"],"picked":"Calculated Gamble","floor":14.0},{"not_picked":["Bullet Time","Die Die Die"],"picked":"Phantasmal Killer","floor":16.0},{"not_picked":["Infinite Blades","Prepared","Cloak And Dagger"],"picked":"SKIP","floor":18.0},{"not_picked":["Outmaneuver","Cloak And Dagger"],"picked":"Leg Sweep","floor":19.0},{"not_picked":["Prepared","Quick Slash"],"picked":"Riddle With Holes","floor":20.0},{"not_picked":["Underhanded Strike","Backflip+1"],"picked":"Bullet Time","floor":21.0},{"not_picked":["Bane","Blade Dance"],"picked":"Malaise","floor":24.0},{"not_picked":["Blade Dance","Poisoned Stab","Well Laid Plans"],"picked":"SKIP","floor":25.0},{"not_picked":["Unload","Bane"],"picked":"Crippling Poison","floor":27.0},{"not_picked":["Calculated Gamble","Infinite Blades"],"picked":"Backflip+1","floor":30.0},{"not_picked":["Sucker Punch","Venomology"],"picked":"Reflex+1","floor":31.0},{"not_picked":["Glass Knife","Bullet Time"],"picked":"Night Terror","floor":33.0},{"not_picked":["Cloak And Dagger","Expertise","Outmaneuver"],"picked":"SKIP","floor":35.0},{"not_picked":["Deadly Poison","Dagger Throw+1","Leg Sweep"],"picked":"SKIP","floor":36.0},{"not_picked":["Flying Knee","Blade Dance+1"],"picked":"Underhanded Strike","floor":37.0},{"not_picked":["Deflect+1","Backflip"],"picked":"Calculated Gamble","floor":38.0},{"not_picked":["Quick Slash","Outmaneuver+1"],"picked":"Acrobatics+1","floor":39.0},{"not_picked":["Doppelganger","Backstab"],"picked":"Acrobatics+1","floor":40.0},{"not_picked":["Underhanded Strike+1","Dodge and Roll+1"],"picked":"Blur","floor":42.0},{"not_picked":["Dagger Throw","Distraction+1","Endless Agony"],"picked":"SKIP","floor":44.0},{"not_picked":["Distraction+1","Endless Agony"],"picked":"Dagger Throw","floor":44.0},{"not_picked":["Underhanded Strike+1","Outmaneuver+1"],"picked":"Blur+1","floor":45.0},{"not_picked":["Underhanded Strike+1","Slice"],"picked":"Tactician+1","floor":47.0},{"not_picked":["Bane","Crippling Poison"],"picked":"Tools of the Trade","floor":48.0},{"not_picked":["Infinite Blades","Blade Dance+1","Backflip"],"picked":"SKIP","floor":55.0}],"player_experience":1023644,"relics_obtained":[{"floor":9.0,"key":"Oddly Smooth Stone"},{"floor":11.0,"key":"Snake Skull"},{"floor":14.0,"key":"Odd Mushroom"},{"floor":24.0,"key":"Thread and Needle"},{"floor":26.0,"key":"Akabeko"},{"floor":31.0,"key":"MealTicket"},{"floor":40.0,"key":"Happy Flower"},{"floor":42.0,"key":"Girya"},{"floor":45.0,"key":"Toy Ornithopter"},{"floor":46.0,"key":"Pocketwatch"},{"floor":47.0,"key":"Ginger"},{"floor":48.0,"key":"TungstenRod"},{"floor":55.0,"key":"Nunchaku"}],"event_choices":[{"damage_healed":0.0,"max_hp_gain":0.0,"max_hp_loss":0.0,"gold_gain":0.0,"event_name":"Scrap Ooze","player_choice":"Success","floor":3.0,"gold_loss":0.0,"damage_taken":11.0,"relics_obtained":["Gremlin Horn"]},{"damage_healed":0.0,"max_hp_gain":0.0,"max_hp_loss":0.0,"gold_gain":0.0,"cards_transformed":["Flechettes"],"event_name":"Transmorgrifier","player_choice":"Transformed","floor":4.0,"gold_loss":0.0,"damage_taken":0.0,"cards_obtained":["Venomology"]},{"damage_healed":0.0,"max_hp_gain":0.0,"max_hp_loss":6.0,"gold_gain":0.0,"event_name":"Golden Idol","player_choice":"Lose Max HP","floor":10.0,"gold_loss":0.0,"damage_taken":0.0,"relics_obtained":["Golden Idol"]},{"damage_healed":0.0,"max_hp_gain":0.0,"max_hp_loss":0.0,"gold_gain":0.0,"event_name":"WeMeetAgain","player_choice":"Gave Potion","floor":12.0,"gold_loss":0.0,"damage_taken":0.0,"relics_obtained":["Vajra"]},{"damage_healed":0.0,"max_hp_gain":0.0,"max_hp_loss":0.0,"gold_gain":0.0,"event_name":"Mushrooms","player_choice":"Fought Mushrooms","floor":14.0,"gold_loss":0.0,"damage_taken":0.0},{"damage_healed":0.0,"max_hp_gain":0.0,"max_hp_loss":0.0,"gold_gain":275.0,"event_name":"Golden Shrine","player_choice":"Desecrate","floor":29.0,"gold_loss":0.0,"damage_taken":0.0,"cards_obtained":["Regret"]},{"damage_healed":0.0,"max_hp_gain":0.0,"max_hp_loss":0.0,"gold_gain":0.0,"event_name":"MindBloom","player_choice":"Fight","floor":46.0,"gold_loss":0.0,"damage_taken":0.0},{"damage_healed":0.0,"max_hp_gain":0.0,"max_hp_loss":0.0,"gold_gain":0.0,"event_name":"Mysterious Sphere","player_choice":"Fight","floor":48.0,"gold_loss":0.0,"damage_taken":0.0}],"is_beta":false,"boss_relics":[{"not_picked":["Coffee Dripper","Black Star"],"picked":"Snecko Eye"},{"not_picked":["Busted Crown","Runic Pyramid"],"picked":"Astrolabe"}],"items_purged_floors":[],"is_endless":false,"potions_floor_spawned":[1,7,11,14,18,20,21,36,38,40,44,45,47,48,55],"killed_by":"The Heart","ascension_level":20}}