{"host":"2zc57igszyqgae0y","time":1610117837,"event":{"mods":["Act Like it!","Aspiration","BaseMod","Chen","Gensokyo","GifTheSpireLib","Marisa£¨ìFÓê¡¡Ä§ÀíÉ³£©","Minty Spire (QoL Compilation)","Reimu£¨²©ÀöÁéÃÎ£©","Remilia£¨ÀÙÃ×ÀòÑÇ£©","Replay The Spire","RumiaBox-Â¶Ã×æ«µÄÉñÃØºÐ×Ó","Shop Mod","StSLib","The Administrix","The Servant 0.9.4","Youmu£¨»êÆÇÑýÃÎ£©","[IsaacMod]ÒÔÈö¼âËþ","[µØ¾«Ê×ÁìÅÀËþ]The Maniac","vexMod"],"gold_per_floor":[110,129,89,101,145,145,207,225,525,555,555,571,649,117,117,214,214,224,274,291,307,79,113,113,113,113,113,37,48,61,72,72,169,169,179,54,70,70,82,82,36,65,65,80,96,112,162,182,182,182],"floor_reached":51,"playtime":2965,"items_purged":["Normality","maniac:Defend","maniac:Defend"],"score":751,"play_id":"3fe09bbf-f4ae-4749-a0cb-c9642eec6258","local_time":"20210108225717","is_ascension_mode":false,"campfire_choices":[{"data":"maniac:BurnBlood","floor":6.0,"key":"SMITH"},{"floor":11.0,"key":"REST"},{"floor":24.0,"key":"REST"},{"data":"maniac:Recollect","floor":32,"key":"SMITH"},{"data":"maniac:FoilArmor","floor":40,"key":"SMITH"},{"data":"maniac:ShadowContact","floor":49,"key":"SMITH"}],"circlet_count":0,"master_deck":["maniac:Strike+1","maniac:Strike+1","maniac:Strike+1","maniac:Strike+1","maniac:Strike+1","maniac:Defend","maniac:Defend","maniac:BurnBlood+1","maniac:AbyssShackle","maniac:ShelteringEdge","maniac:ArmToTheTeeth","maniac:GlassScratch+1","maniac:Confront","maniac:SeekerKnife+1","maniac:ShadowContact+1","maniac:SecretBackups+1","maniac:FoilArmor+1","maniac:PanickyParry","maniac:HammerDown","maniac:Recollect+1","maniac:ObscuredAttack","maniac:UndyingDesire","maniac:TwistedEddies","CurseOfTheBell","maniac:PanickyParry","maniac:BladesInCloak","maniac:UndyingDesire","maniac:ReachVictory","maniac:Infuriate"],"relics":["maniac:DamagedAnvil","maniac:BrokenHorn","HushsDoor","GnawedLeaf","PaintedHorse:ReiMu","Oddly Smooth Stone","Old Coin","Replay:Bottled Eggs","Pondfish Scales","ReplayTheSpireMod:CursedCoin","GodSword3","Snecko Eye","Tiny Chest","Onion Ring","GodSword7","Calling Bell","BelialBook","DoctorsRemote","MoreBug","Chameleon Ring","Garlic","vexMod:FocusSash","Bird Faced Urn"],"acts_visited":["Exordium","TheCity","TheBeyond"],"potions_floor_usage":[46,50],"damage_taken":[{"damage":3.0,"enemies":"Small Slimes","floor":1.0,"turns":2.0},{"damage":3.0,"enemies":"2 Louse","floor":2.0,"turns":2.0},{"damage":4.0,"enemies":"Cultist","floor":4.0,"turns":4.0},{"damage":17.0,"enemies":"Lagavulin Event","floor":7.0,"turns":5.0},{"damage":3.0,"enemies":"Blue Slaver","floor":8.0,"turns":3.0},{"damage":13.0,"enemies":"Gremlin Nob","floor":10.0,"turns":3.0},{"damage":12.0,"enemies":"Gremlin Gang","floor":12.0,"turns":3.0},{"damage":3.0,"enemies":"Slime Boss","floor":16.0,"turns":3.0},{"damage":8.0,"enemies":"Chosen","floor":18.0,"turns":3.0},{"damage":3.0,"enemies":"3 Byrds","floor":20.0,"turns":3.0},{"damage":10.0,"enemies":"Centurion and Healer","floor":21.0,"turns":5.0},{"damage":22.0,"enemies":"Slavers","floor":23.0,"turns":4.0},{"damage":12,"enemies":"Chosen and Byrds","floor":29,"turns":4},{"damage":0,"enemies":"Snake Plant","floor":30,"turns":1},{"damage":6,"enemies":"Snecko","floor":31,"turns":2},{"damage":28,"enemies":"Automaton","floor":33,"turns":6},{"damage":2,"enemies":"3 Darklings","floor":35,"turns":4},{"damage":14,"enemies":"3 Shapes","floor":37,"turns":3},{"damage":13,"enemies":"Jaw Worm Horde","floor":39,"turns":4},{"damage":10,"enemies":"R_Hoarder","floor":42,"turns":6},{"damage":3,"enemies":"Spire Growth","floor":44,"turns":4},{"damage":0,"enemies":"Maw","floor":45,"turns":5},{"damage":8,"enemies":"Sphere and 2 Shapes","floor":46,"turns":3},{"damage":0,"enemies":"Mind Bloom Boss Battle","floor":47,"turns":3},{"damage":3,"enemies":"Jaw Worm Horde","floor":48,"turns":5},{"damage":19,"enemies":"Awakened One","floor":50,"turns":6}],"seed_played":"6472083732438943431","potions_obtained":[{"floor":1.0,"key":"Reflective Coating"},{"floor":2.0,"key":"Fire Potion"},{"floor":10.0,"key":"EssenceOfSteel"},{"floor":16.0,"key":"Cursed Concoction"},{"floor":20.0,"key":"Milkshake"},{"floor":25,"key":"SteroidPotion"},{"floor":30,"key":"Venom Potion"},{"floor":37,"key":"Fire Potion"},{"floor":39,"key":"Adrenaline Potion"},{"floor":47,"key":"EntropicBrew"}],"is_trial":false,"path_per_floor":["M","M","?","M","?","R","?","M","T","E","R","M","?","$","R","B",null,"M","?","M","M","$","E","R","?","T","T","$","M","M","M","R","B",null,"M","$","M","T","M","R","$","E","T","M","M","M","?","M","R","B",null],"character_chosen":"THE_MANIAC","items_purchased":["Pondfish Scales","ReplayTheSpireMod:CursedCoin","GodSword3","maniac:SeekerKnife+1","maniac:FoilArmor","maniac:PanickyParry","maniac:Recollect","maniac:BladesInCloak"],"campfire_rested":2,"item_purchase_floors":[14,14,14,14,22,22,28,41],"current_hp_per_floor":[85,82,82,78,63,63,46,43,43,30,56,44,44,44,70,67,88,80,80,77,67,67,45,71,71,71,71,71,59,59,53,53,25,88,88,88,76,76,69,69,69,61,61,59,60,54,54,59,59,50],"gold":182,"neow_bonus":"TEN_PERCENT_HP_BONUS","is_daily":false,"chose_seed":false,"campfire_upgraded":4,"win_rate":0.0,"timestamp":1610117837,"path_taken":["M","M","?","?","?","R","?","M","T","E","R","M","?","$","R","BOSS","M","?","M","?","$","E","R","?","T","?","$","M","M","M","R","BOSS","M","$","?","?","M","R","?","E","T","M","M","M","?","M","R","BOSS"],"items_purchased_type":["Relic","Relic","Relic","Card","Card","Card","Card","Card"],"build_version":"2020-12-22","purchased_purges":3,"victory":true,"max_hp_per_floor":[88,88,88,88,88,88,88,88,88,88,88,88,88,88,88,88,88,88,88,88,88,88,88,88,88,88,88,88,88,88,88,88,88,88,88,88,88,88,88,88,88,88,88,88,88,88,88,88,88,88],"card_choices":[{"not_picked":["maniac:DashForward","maniac:PanickyParry"],"picked":"maniac:ShelteringEdge","floor":1.0},{"not_picked":["maniac:ListenToNone","maniac:ReconstructWounds","maniac:UnseenTerror"],"picked":"SKIP","floor":2.0},{"not_picked":["maniac:UndyingDesire","maniac:Precision"],"picked":"maniac:ArmToTheTeeth","floor":4.0},{"not_picked":["maniac:HammerStrike","maniac:BladesInCloak"],"picked":"maniac:GlassScratch","floor":8.0},{"not_picked":["maniac:UndyingDesire","maniac:DashForward"],"picked":"maniac:Confront","floor":10.0},{"not_picked":["maniac:PanickyParry","maniac:Whirlscythe","maniac:TwistedEddies"],"picked":"SKIP","floor":12.0},{"not_picked":["maniac:Trap","maniac:UniversalPerception"],"picked":"maniac:ShadowContact","floor":16.0},{"not_picked":["maniac:SpectralKnives","maniac:Retrospect","maniac:BladeShoot"],"picked":"SKIP","floor":18.0},{"not_picked":["maniac:Refine","maniac:BladeShoot","maniac:WardAndDefend"],"picked":"SKIP","floor":20.0},{"not_picked":["maniac:Confront","maniac:WardAndDefend"],"picked":"maniac:SecretBackups+1","floor":21.0},{"not_picked":["maniac:PanickyParry","maniac:ArmToTheTeeth"],"picked":"maniac:HammerDown","floor":23.0},{"not_picked":["maniac:FindAShortcut","maniac:ListenToNone"],"picked":"maniac:ObscuredAttack","floor":29},{"not_picked":["maniac:GlassScratch","maniac:FindAShortcut"],"picked":"maniac:UndyingDesire","floor":30},{"not_picked":["maniac:SeeingDetails","maniac:Traceback","maniac:Feint+1"],"picked":"SKIP","floor":31},{"not_picked":["maniac:UniversalPerception","maniac:StormOfTime"],"picked":"maniac:TwistedEddies","floor":33},{"not_picked":["maniac:ListenToNone","maniac:UntravelledPath","maniac:WardAndDefend+1"],"picked":"SKIP","floor":35},{"not_picked":["maniac:Traceback+1","maniac:Whirlscythe+1"],"picked":"maniac:PanickyParry","floor":37},{"not_picked":["maniac:Refine","maniac:SeekerKnife","maniac:WitnessTrueSorcery+1"],"picked":"SKIP","floor":39},{"not_picked":["maniac:MeleeStrike","maniac:BladeShoot+1","maniac:WardAndDefend+1"],"picked":"SKIP","floor":42},{"not_picked":["maniac:AlleviatingSorcery","maniac:SecretBackups+1"],"picked":"maniac:UndyingDesire","floor":44},{"not_picked":["maniac:ListenToNone","maniac:SpectralKnives","maniac:SpectralFlash"],"picked":"SKIP","floor":45},{"not_picked":["maniac:TorturousScreams","maniac:Intimidate"],"picked":"maniac:ReachVictory","floor":46},{"not_picked":["maniac:BladeShoot","maniac:Confront"],"picked":"maniac:Infuriate","floor":47},{"not_picked":["maniac:MeleeStrike+1","maniac:Blastwave+1","maniac:SecretBackups"],"picked":"SKIP","floor":48}],"player_experience":349674,"relics_obtained":[{"floor":7.0,"key":"Oddly Smooth Stone"},{"floor":9.0,"key":"Old Coin"},{"floor":10.0,"key":"Replay:Bottled Eggs"},{"floor":23.0,"key":"Tiny Chest"},{"floor":26,"key":"Onion Ring"},{"floor":27,"key":"GodSword7"},{"floor":34,"key":"BelialBook"},{"floor":34,"key":"DoctorsRemote"},{"floor":34,"key":"MoreBug"},{"floor":38,"key":"Chameleon Ring"},{"floor":42,"key":"Garlic"},{"floor":43,"key":"vexMod:FocusSash"},{"floor":47,"key":"Bird Faced Urn"}],"event_choices":[{"damage_healed":0.0,"max_hp_gain":0.0,"max_hp_loss":0.0,"gold_gain":0.0,"event_name":"yidonshenshe","player_choice":"ÈûÇ®","floor":3.0,"gold_loss":40.0,"damage_taken":0.0,"relics_obtained":["PaintedHorse:ReiMu"]},{"damage_healed":0.0,"max_hp_gain":0.0,"max_hp_loss":0.0,"gold_gain":0.0,"event_name":"Dead Adventurer","player_choice":"Searched \u00271\u0027 times","floor":7.0,"gold_loss":0.0,"damage_taken":0.0},{"damage_healed":0.0,"max_hp_gain":0.0,"max_hp_loss":0.0,"gold_gain":78.0,"event_name":"Golden Wing","player_choice":"Gained Gold","floor":13.0,"gold_loss":0.0,"damage_taken":0.0},{"damage_healed":0.0,"max_hp_gain":0.0,"max_hp_loss":0.0,"gold_gain":100.0,"event_name":"The Joust","player_choice":"Bet on Murderer","floor":19.0,"gold_loss":50.0,"damage_taken":0.0},{"damage_healed":0,"gold_gain":0,"player_choice":"Fight","damage_taken":0,"max_hp_gain":0,"max_hp_loss":0,"event_name":"MindBloom","floor":47,"gold_loss":0}],"is_beta":false,"boss_relics":[{"not_picked":["Fusion Hammer","SlaversCollar"],"picked":"Snecko Eye"},{"not_picked":[]},{"not_picked":["vexMod:DeviousBotling","SacredBark"],"picked":"Calling Bell"},{"not_picked":[]}],"items_purged_floors":[14,22,36],"is_endless":false,"potions_floor_spawned":[1,2,10,16,18,20,30,37,39,44,47],"ascension_level":0}}