{"host":"9ndbo4kgsfoemf7y","time":1610114488,"event":{"mods":["AchievementEnabler","BaseMod","Colored Map","DeckTracker","Keyboard Shortcuts","Minty Spire (QoL Compilation)","Permanent Neow","Quick Restart","Relic Stats","StSLib","SuperFastMode"],"gold_per_floor":[138,177,210,210,250,250,331,331,331,345,345,366,51,97,97,242,242,263,362,26,46,46,46],"floor_reached":22,"playtime":688,"items_purged":["Strike_B"],"score":244,"play_id":"b2c1af32-d26d-432d-8099-98a90fcd8c03","local_time":"20210108230128","is_ascension_mode":true,"campfire_choices":[{"data":"Darkness","floor":6,"key":"SMITH"},{"data":"HandOfGreed","floor":8,"key":"SMITH"},{"data":"Go for the Eyes","floor":11,"key":"SMITH"},{"floor":15,"key":"REST"}],"circlet_count":0,"master_deck":["Strike_B","Strike_B","Strike_B","Defend_B","Defend_B","Defend_B","Defend_B","Zap","Dualcast","HandOfGreed+1","Gash","Go for the Eyes+1","Cold Snap","Darkness+1","Gash","FTL","Self Repair","Defragment","Defragment","Redo","Capacitor","Aggregate","Reinforced Body"],"relics":["Cracked Core","Golden Idol","Ornamental Fan","Gambling Chip","Cables","Nuclear Battery","Medical Kit"],"acts_visited":["Exordium","TheCity"],"potions_floor_usage":[7,21,21],"damage_taken":[{"damage":3,"enemies":"2 Louse","floor":1,"turns":2},{"damage":2,"enemies":"Jaw Worm","floor":2,"turns":2},{"damage":0,"enemies":"Cultist","floor":3,"turns":3},{"damage":0,"enemies":"2 Fungi Beasts","floor":5,"turns":2},{"damage":30,"enemies":"3 Sentries","floor":7,"turns":8},{"damage":3,"enemies":"Blue Slaver","floor":10,"turns":3},{"damage":4,"enemies":"Red Slaver","floor":12,"turns":3},{"damage":7,"enemies":"2 Fungi Beasts","floor":14,"turns":3},{"damage":24,"enemies":"Hexaghost","floor":16,"turns":6},{"damage":20,"enemies":"Spheric Guardian","floor":18,"turns":4},{"damage":3,"enemies":"2 Thieves","floor":21,"turns":2},{"damage":59,"enemies":"Shelled Parasite and Fungi","floor":22,"turns":4}],"seed_played":"7292021827111593372","potions_obtained":[{"floor":2,"key":"Regen Potion"},{"floor":7,"key":"Fire Potion"},{"floor":12,"key":"Swift Potion"},{"floor":14,"key":"Weak Potion"},{"floor":18,"key":"AttackPotion"},{"floor":21,"key":"EssenceOfDarkness"}],"is_trial":false,"path_per_floor":["M","M","M","?","M","R","E","R","T","M","R","M","$","M","R","B",null,"M","?","$","M","M"],"character_chosen":"DEFECT","items_purchased":["Cables","Defragment","Medical Kit","Capacitor","Aggregate"],"campfire_rested":1,"item_purchase_floors":[13,13,20,20,20],"current_hp_per_floor":[47,45,45,45,45,45,30,30,30,27,27,23,23,16,36,19,57,44,44,44,48,0,0],"gold":46,"neow_bonus":"RANDOM_COLORLESS_2","is_daily":false,"chose_seed":false,"campfire_upgraded":3,"win_rate":0.0,"timestamp":1610114488,"path_taken":["M","M","M","?","M","R","E","R","T","M","R","M","$","M","R","BOSS","M","?","$","M","M"],"items_purchased_type":["Relic","Card","Relic","Card","Card"],"build_version":"2020-12-22","purchased_purges":1,"victory":false,"max_hp_per_floor":[75,75,75,69,69,69,69,69,69,69,69,69,69,69,69,69,69,69,69,69,69,69,69],"relic_stats":{"counters":[12,42],"Golden Idol":55,"Ornamental Fan":[32],"Gambling Chip":[13],"Medical Kit":[0],"obtain_stats":[{"Golden Idol":4,"Ornamental Fan":7,"Gambling Chip":9,"Cracked Core":0,"Medical Kit":20,"Cables":13,"Nuclear Battery":17},{"Golden Idol":3,"Ornamental Fan":5,"Gambling Chip":5,"Cracked Core":0,"Medical Kit":10,"Cables":7,"Nuclear Battery":9},{"Golden Idol":7,"Ornamental Fan":17,"Gambling Chip":17,"Cracked Core":0,"Medical Kit":36,"Cables":23,"Nuclear Battery":32}],"Cables":[16,12,1,1,2]},"card_choices":[{"not_picked":["Sadistic Nature","Secret Technique"],"picked":"HandOfGreed","floor":0},{"not_picked":["Compile Driver","Barrage"],"picked":"Gash","floor":1},{"not_picked":["Rip and Tear","Leap"],"picked":"Go for the Eyes","floor":2},{"not_picked":["Thunder Strike","Stack"],"picked":"Cold Snap","floor":3},{"not_picked":["Coolheaded","Leap"],"picked":"Darkness","floor":5},{"not_picked":["Cold Snap","Scrape"],"picked":"Gash","floor":7},{"not_picked":["Cold Snap","Go for the Eyes"],"picked":"FTL","floor":10},{"not_picked":["Coolheaded","White Noise"],"picked":"Self Repair","floor":12},{"not_picked":["Steam","Streamline"],"picked":"Defragment","floor":14},{"not_picked":["Steam","FTL"],"picked":"Redo","floor":18},{"not_picked":["Sunder","Aggregate"],"picked":"Reinforced Body","floor":21}],"player_experience":789027,"relics_obtained":[{"floor":7,"key":"Ornamental Fan"},{"floor":9,"key":"Gambling Chip"}],"event_choices":[{"damage_healed":0,"gold_gain":0,"player_choice":"Lose Max HP","damage_taken":0,"relics_obtained":["Golden Idol"],"max_hp_gain":0,"max_hp_loss":6,"event_name":"Golden Idol","floor":4,"gold_loss":0},{"damage_healed":0,"gold_gain":99,"player_choice":"Stole From Cult","damage_taken":0,"max_hp_gain":0,"max_hp_loss":0,"event_name":"Nest","floor":19,"gold_loss":0}],"is_beta":false,"boss_relics":[{"not_picked":["Coffee Dripper","Cursed Key"],"picked":"Nuclear Battery"}],"items_purged_floors":[20],"is_endless":false,"potions_floor_spawned":[2,7,12,14,18,21],"killed_by":"Shelled Parasite and Fungi","ascension_level":6}}