{"host":"cv77zuuuekizn3ic","time":1610115200,"event":{"mods":["AchievementEnabler","BaseMod","Marisa£®ÏF”Í°°ƒß¿Ì…≥£©","Minty Spire (QoL Compilation)","StSLib","Waifu the Spire","everything is the same but u backflip on backflip","slay the spire mod where everything is the same but ironclad has a cowboy hat"],"gold_per_floor":[118,268,85,10,10,41,41,70,97,125,167,179,207,239,251,338,350,379,391,403,428,456,468,468],"floor_reached":23,"playtime":1298,"items_purged":["Strike_R"],"score":468,"play_id":"71490dfb-8bfe-4733-ada6-121464590f1a","local_time":"20210108221320","is_ascension_mode":true,"campfire_choices":[{"data":"Second Wind","floor":7,"key":"SMITH"},{"data":"Dark Embrace","floor":12,"key":"SMITH"},{"data":"Body Slam","floor":15,"key":"SMITH"}],"circlet_count":0,"master_deck":["AscendersBane","Strike_R","Defend_R","Defend_R","Defend_R","Defend_R","Bash","Second Wind+1","Berserk","Dark Embrace+1","Doubt","Power Through","Body Slam+1","Battle Trance","Disarm","Offering"],"relics":["Burning Blood","Toy Ornithopter","Nunchaku","MawBank","Gremlin Horn","Black Star"],"acts_visited":["Exordium","TheCity"],"potions_floor_usage":[13,18,23],"damage_taken":[{"damage":3,"enemies":"Jaw Worm","floor":1,"turns":3},{"damage":5,"enemies":"3 Sentries","floor":6,"turns":5},{"damage":6,"enemies":"Lagavulin","floor":8,"turns":6},{"damage":0,"enemies":"Small Slimes","floor":10,"turns":5},{"damage":0,"enemies":"Gremlin Nob","floor":11,"turns":3},{"damage":0,"enemies":"2 Louse","floor":13,"turns":2},{"damage":1,"enemies":"2 Fungi Beasts","floor":14,"turns":4},{"damage":53,"enemies":"Slime Boss","floor":16,"turns":10},{"damage":16,"enemies":"2 Thieves","floor":18,"turns":4},{"damage":6,"enemies":"3 Byrds","floor":21,"turns":5},{"damage":30,"enemies":"Snecko","floor":22,"turns":6},{"damage":18,"enemies":"Slavers","floor":23,"turns":4}],"seed_played":"9080377627667815407","potions_obtained":[{"floor":8,"key":"DistilledChaos"},{"floor":14,"key":"Fire Potion"},{"floor":18,"key":"FearPotion"},{"floor":22,"key":"GamblersBrew"}],"is_trial":false,"path_per_floor":["M","?","$","?","$","E","R","E","T","M","E","R","M","M","R","B",null,"M","?","?","M","M","E"],"character_chosen":"IRONCLAD","items_purchased":["Power Through","Body Slam"],"campfire_rested":0,"item_purchase_floors":[3,3],"current_hp_per_floor":[53,53,53,53,53,54,54,54,54,60,66,66,75,75,75,28,63,58,58,37,37,13,0,0],"gold":468,"neow_bonus":"TRANSFORM_TWO_CARDS","is_daily":false,"chose_seed":false,"campfire_upgraded":3,"win_rate":0.0,"timestamp":1610115200,"path_taken":["M","?","$","?","?","E","R","E","T","M","E","R","M","?","R","BOSS","M","?","?","M","M","E"],"items_purchased_type":["Card","Card"],"build_version":"2020-12-22","purchased_purges":1,"victory":false,"max_hp_per_floor":[75,75,75,75,75,75,75,75,75,75,75,75,75,75,75,75,75,75,75,80,80,80,80,80],"card_choices":[{"not_picked":["True Grit","Cleave"],"picked":"Dark Embrace","floor":1},{"not_picked":["Warcry","Flex","Pommel Strike"],"picked":"SKIP","floor":6},{"not_picked":["Body Slam","Warcry"],"picked":"Battle Trance","floor":8},{"not_picked":["Blood for Blood","Bludgeon","Armaments"],"picked":"SKIP","floor":10},{"not_picked":["Heavy Blade","Corruption"],"picked":"Disarm","floor":11},{"not_picked":["Whirlwind","Anger","Heavy Blade"],"picked":"SKIP","floor":13},{"not_picked":["True Grit","Sword Boomerang","Shockwave"],"picked":"SKIP","floor":14},{"not_picked":["Double Tap","Immolate"],"picked":"Offering","floor":16},{"not_picked":["Warcry","Clothesline","Headbutt"],"picked":"SKIP","floor":18},{"not_picked":["Body Slam","Sword Boomerang+1","Pommel Strike"],"picked":"SKIP","floor":21},{"not_picked":["Anger","Havoc","Pommel Strike"],"picked":"SKIP","floor":22}],"player_experience":796508,"relics_obtained":[{"floor":6,"key":"Toy Ornithopter"},{"floor":8,"key":"Nunchaku"},{"floor":9,"key":"MawBank"},{"floor":11,"key":"Gremlin Horn"}],"event_choices":[{"damage_healed":0,"gold_gain":150,"player_choice":"AGREE","damage_taken":0,"max_hp_gain":0,"max_hp_loss":0,"event_name":"Liars Game","floor":2,"gold_loss":0,"cards_obtained":["Doubt"]},{"cards_removed":["Strike_R"],"damage_healed":0,"gold_gain":0,"player_choice":"Card Removal","damage_taken":0,"max_hp_gain":0,"max_hp_loss":0,"event_name":"The Cleric","floor":4,"gold_loss":75},{"damage_healed":0,"gold_gain":0,"player_choice":"Ignored","damage_taken":0,"max_hp_gain":0,"max_hp_loss":0,"event_name":"Vampires","floor":19,"gold_loss":0},{"damage_healed":0,"gold_gain":0,"player_choice":"Shed Blood","damage_taken":26,"max_hp_gain":5,"max_hp_loss":0,"event_name":"Forgotten Altar","floor":20,"gold_loss":0}],"is_beta":false,"boss_relics":[{"not_picked":["Cursed Key","Mark of Pain"],"picked":"Black Star"}],"items_purged_floors":[3],"is_endless":false,"potions_floor_spawned":[8,14,18,22],"killed_by":"Slavers","ascension_level":20}}