{"host":"3l94tha3a4jgu0q4","time":1610081633,"event":{"mods":["2.2 Compatiblity","AchievementEnabler","BaseMod","Colored Map","Colored Powertips","Highlight Path","Minty Spire (QoL Compilation)","Permanent Neow","StSLib","SuperFastMode"],"gold_per_floor":[116,66,41,53,53,53,82,98,121,153,153,182,282,317,317,393,393,411,336,336,14,27,55,55,55,78,113,63,80,80,94,94,94,94],"floor_reached":33,"playtime":440,"items_purged":["Defend_P","Defend_P"],"score":634,"play_id":"586bafb6-249a-4357-ad86-1e9d4bf15bd8","local_time":"20210107205353","is_ascension_mode":true,"campfire_choices":[{"data":"Eruption","floor":6.0,"key":"SMITH"},{"data":"Wallop","floor":15.0,"key":"SMITH"},{"data":"Fasting2","floor":24.0,"key":"SMITH"},{"data":"WheelKick","floor":32,"key":"SMITH"}],"circlet_count":0,"master_deck":["AscendersBane","Strike_P","Strike_P","Defend_P","Defend_P","Eruption+1","Vigilance","Tantrum","EmptyFist","ClearTheMind","Crescendo","Wallop+1","EmptyMind","WheelKick+1","EmptyBody","Judgement","FearNoEvil+1","Fasting2+1","Halt+1","Protect"],"relics":["Sozu","Tiny Chest","Omamori","Oddly Smooth Stone","Shuriken","Ancient Tea Set","Coffee Dripper","Darkstone Periapt","Gremlin Horn","Pen Nib","Smiling Mask","GoldenEye","WingedGreaves"],"acts_visited":["Exordium","TheCity"],"potions_floor_usage":[],"damage_taken":[{"damage":0.0,"enemies":"Cultist","floor":1.0,"turns":3.0},{"damage":1.0,"enemies":"2 Louse","floor":4.0,"turns":2.0},{"damage":9.0,"enemies":"3 Sentries","floor":7.0,"turns":6.0},{"damage":0.0,"enemies":"Small Slimes","floor":8.0,"turns":3.0},{"damage":16.0,"enemies":"Gremlin Nob","floor":10.0,"turns":3.0},{"damage":0.0,"enemies":"Lagavulin","floor":12.0,"turns":7.0},{"damage":19.0,"enemies":"3 Sentries","floor":14.0,"turns":6.0},{"damage":0.0,"enemies":"Slime Boss","floor":16.0,"turns":4.0},{"damage":0.0,"enemies":"Shell Parasite","floor":18.0,"turns":2.0},{"damage":16.0,"enemies":"2 Thieves","floor":22.0,"turns":2.0},{"damage":6.0,"enemies":"Book of Stabbing","floor":23.0,"turns":3.0},{"damage":22,"enemies":"Slavers","floor":27,"turns":3},{"damage":12,"enemies":"Shelled Parasite and Fungi","floor":29,"turns":2},{"damage":0,"enemies":"Centurion and Healer","floor":31,"turns":4},{"damage":36,"enemies":"Champ","floor":33,"turns":1}],"seed_played":"1426282026809856242","potions_obtained":[],"is_trial":false,"path_per_floor":["M","?","$","M","$","R","E","M","T","E","?","E","?","E","R","B",null,"M","?","T","$","M","E","R","$","T","E","$","M","?","M","R","B"],"character_chosen":"WATCHER","items_purchased":["EmptyFist","Gremlin Horn"],"campfire_rested":0,"item_purchase_floors":[3,21],"current_hp_per_floor":[65,65,65,64,64,64,55,55,55,39,39,39,39,20,20,20,59,59,59,59,59,43,37,37,37,37,15,15,3,3,3,3,0,0],"gold":94,"neow_bonus":"BOSS_RELIC","is_daily":false,"chose_seed":false,"campfire_upgraded":4,"win_rate":0.0,"timestamp":1610081633,"path_taken":["M","?","$","M","$","R","E","M","T","E","?","E","?","E","R","BOSS","M","?","?","?","?","E","R","$","T","E","$","M","?","M","R","BOSS"],"items_purchased_type":["Card","Relic"],"build_version":"2020-12-22","purchased_purges":2,"victory":false,"max_hp_per_floor":[72,72,72,72,72,72,72,72,72,72,72,72,72,72,72,72,72,72,72,72,72,72,72,72,72,72,72,72,72,72,72,72,72,72],"card_choices":[{"not_picked":["FlyingSleeves","EmptyBody"],"picked":"Tantrum","floor":1.0},{"not_picked":["Meditate","Indignation"],"picked":"ClearTheMind","floor":4.0},{"not_picked":["Prostrate","SignatureMove"],"picked":"Crescendo","floor":7.0},{"not_picked":["ClearTheMind","ThirdEye"],"picked":"Wallop","floor":8.0},{"not_picked":["DevaForm","EmptyFist"],"picked":"EmptyMind","floor":10.0},{"not_picked":["ReachHeaven","ClearTheMind"],"picked":"WheelKick","floor":12.0},{"not_picked":["Study","SashWhip"],"picked":"EmptyBody","floor":14.0},{"not_picked":["Brilliance","Devotion"],"picked":"Judgement","floor":16.0},{"not_picked":["FollowUp","Wireheading"],"picked":"FearNoEvil+1","floor":18.0},{"not_picked":["FlyingSleeves","SashWhip","Consecrate"],"picked":"SKIP","floor":22.0},{"not_picked":["Halt","CrushJoints"],"picked":"Fasting2","floor":23.0},{"not_picked":["Establishment","SashWhip","BattleHymn"],"picked":"SKIP","floor":27},{"not_picked":["CrushJoints+1","WindmillStrike"],"picked":"Halt+1","floor":29},{"not_picked":["PathToVictory","ForeignInfluence"],"picked":"Protect","floor":31}],"player_experience":1896898,"relics_obtained":[{"floor":7.0,"key":"Tiny Chest"},{"floor":9.0,"key":"Omamori"},{"floor":10.0,"key":"Oddly Smooth Stone"},{"floor":12.0,"key":"Shuriken"},{"floor":14.0,"key":"Ancient Tea Set"},{"floor":20.0,"key":"Darkstone Periapt"},{"floor":23.0,"key":"Pen Nib"},{"floor":26.0,"key":"Smiling Mask"},{"floor":27,"key":"GoldenEye"}],"event_choices":[{"cards_removed":["Strike_P"],"damage_healed":0.0,"max_hp_gain":0.0,"max_hp_loss":0.0,"gold_gain":0.0,"event_name":"The Cleric","player_choice":"Card Removal","floor":2.0,"gold_loss":50.0,"damage_taken":0.0},{"damage_healed":0.0,"max_hp_gain":0.0,"max_hp_loss":0.0,"gold_gain":0.0,"event_name":"Scrap Ooze","player_choice":"Fled","floor":11.0,"gold_loss":0.0,"damage_taken":0.0},{"damage_healed":0.0,"max_hp_gain":0.0,"max_hp_loss":0.0,"gold_gain":100.0,"event_name":"Golden Shrine","player_choice":"Pray","floor":13.0,"gold_loss":0.0,"damage_taken":0.0},{"cards_removed":["Strike_P"],"damage_healed":0.0,"max_hp_gain":0.0,"max_hp_loss":0.0,"gold_gain":0.0,"event_name":"Beggar","player_choice":"Gave Gold","floor":19.0,"gold_loss":75.0,"damage_taken":0.0},{"damage_healed":0,"gold_gain":0,"player_choice":"Opened","damage_taken":0,"relics_obtained":["WingedGreaves"],"max_hp_gain":0,"max_hp_loss":0,"event_name":"The Mausoleum","floor":30,"gold_loss":0,"cards_obtained":["Writhe"]}],"is_beta":false,"boss_relics":[{"not_picked":["Pandora\u0027s Box","Velvet Choker"],"picked":"Coffee Dripper"}],"items_purged_floors":[21,28],"is_endless":false,"potions_floor_spawned":[4,7,8,10,14,22,23,27],"killed_by":"Champ","ascension_level":13}}