{"host":"zekcc3vicrep0och","time":1610140037,"event":{"mods":["AchievementEnabler","BaseMod","Colored Map","Colored Powertips","Displayed Cursed Tome","Highlight Path","Minty Spire (QoL Compilation)","Quick Restart","Relic Stats","StSLib","The Cursed"],"gold_per_floor":[110,124,138,158,178,207,277,306,355,355,355,383,395,395,395,473,473,493,166,166,178,178,178,178],"floor_reached":23,"playtime":961,"items_purged":["Strike_R"],"score":437,"play_id":"ad547c7b-7016-4c8f-bb4c-15db3653decd","local_time":"20210109000717","is_ascension_mode":true,"campfire_choices":[{"floor":10.0,"key":"REST"},{"data":"Inflame","floor":15.0,"key":"SMITH"}],"circlet_count":0,"master_deck":["AscendersBane","Strike_R+1","Strike_R","Strike_R","Defend_R","Defend_R","Defend_R","Defend_R","Bash","Combust","Anger","Shockwave","Pommel Strike+1","Fire Breathing","Uppercut+1","Rage","Inflame+1","Corruption","Flame Barrier","Writhe","Rupture","Flame Barrier"],"relics":["Burning Blood","Blood Vial","Mummified Hand","Whetstone","Bottled Lightning","Black Star","Toy Ornithopter","Orichalcum"],"acts_visited":["Exordium","TheCity"],"potions_floor_usage":[23,23],"damage_taken":[{"damage":13.0,"enemies":"Jaw Worm","floor":1.0,"turns":5.0},{"damage":14.0,"enemies":"2 Louse","floor":2.0,"turns":3.0},{"damage":9.0,"enemies":"Cultist","floor":3.0,"turns":4.0},{"damage":4.0,"enemies":"2 Fungi Beasts","floor":4.0,"turns":3.0},{"damage":12.0,"enemies":"3 Louse","floor":5.0,"turns":4.0},{"damage":12.0,"enemies":"Gremlin Nob","floor":6.0,"turns":4.0},{"damage":33.0,"enemies":"Lagavulin","floor":8.0,"turns":8.0},{"damage":3.0,"enemies":"3 Sentries","floor":12.0,"turns":4.0},{"damage":16.0,"enemies":"Lots of Slimes","floor":13.0,"turns":5.0},{"damage":23.0,"enemies":"The Guardian","floor":16.0,"turns":9.0},{"damage":49.0,"enemies":"Spheric Guardian","floor":18.0,"turns":7.0},{"damage":3.0,"enemies":"3 Byrds","floor":21.0,"turns":4.0},{"damage":67,"enemies":"Gremlin Leader","floor":23,"turns":4}],"seed_played":"-7668756988306478494","potions_obtained":[{"floor":1.0,"key":"LiquidMemories"},{"floor":4.0,"key":"BlessingOfTheForge"},{"floor":5.0,"key":"Block Potion"},{"floor":8.0,"key":"SkillPotion"},{"floor":13.0,"key":"AttackPotion"},{"floor":16.0,"key":"BloodPotion"},{"floor":18.0,"key":"SpeedPotion"},{"floor":21.0,"key":"SpeedPotion"}],"is_trial":false,"path_per_floor":["M","M","M","M","M","E","?","E","T","R","?","E","M","?","R","B",null,"M","$","?","M","?","E"],"character_chosen":"IRONCLAD","items_purchased":["Flame Barrier","Toy Ornithopter"],"campfire_rested":1,"item_purchase_floors":[19,19],"current_hp_per_floor":[61,53,50,52,46,40,40,15,15,37,37,42,34,39,39,24,66,41,41,41,46,46,0,0],"gold":178,"neow_bonus":"TRANSFORM_CARD","is_daily":false,"chose_seed":false,"campfire_upgraded":1,"win_rate":0.0,"timestamp":1610140037,"path_taken":["M","M","M","M","M","E","?","E","T","R","?","E","?","?","R","BOSS","M","$","?","M","?","E"],"items_purchased_type":["Card","Relic"],"build_version":"2020-12-22","purchased_purges":1,"victory":false,"max_hp_per_floor":[75,75,75,75,75,75,75,75,75,75,75,75,75,80,80,80,80,80,80,80,80,80,80,80],"relic_stats":{"Blood Vial":14,"counters":[13,64],"Mummified Hand":[15],"Black Star":0,"Whetstone":["Pommel Strike","Strike_R"],"Orichalcum":[6],"obtain_stats":[{"Blood Vial":6,"Mummified Hand":8,"Black Star":17,"Whetstone":9,"Bottled Lightning":12,"Orichalcum":20,"Burning Blood":0,"Toy Ornithopter":19},{"Blood Vial":6,"Mummified Hand":7,"Black Star":10,"Whetstone":7,"Bottled Lightning":8,"Orichalcum":11,"Burning Blood":0,"Toy Ornithopter":11},{"Blood Vial":23,"Mummified Hand":31,"Black Star":49,"Whetstone":31,"Bottled Lightning":35,"Orichalcum":56,"Burning Blood":0,"Toy Ornithopter":56}],"Burning Blood":72,"Toy Ornithopter":10},"card_choices":[{"not_picked":["Evolve","Clothesline"],"picked":"Anger","floor":1.0},{"not_picked":["Sword Boomerang","Flex"],"picked":"Shockwave","floor":2.0},{"not_picked":["Seeing Red","Heavy Blade"],"picked":"Pommel Strike","floor":3.0},{"not_picked":["Thunderclap","Clash"],"picked":"Fire Breathing","floor":4.0},{"not_picked":["Thunderclap","Anger"],"picked":"Uppercut","floor":5.0},{"not_picked":["Seeing Red","Fire Breathing","Infernal Blade"],"picked":"SKIP","floor":6.0},{"not_picked":["Perfected Strike","Twin Strike"],"picked":"Rage","floor":8.0},{"not_picked":["Burning Pact","True Grit","Perfected Strike"],"picked":"SKIP","floor":12.0},{"not_picked":["Clash","Wild Strike"],"picked":"Inflame","floor":13.0},{"not_picked":["Demon Form","Impervious"],"picked":"Corruption","floor":16.0},{"not_picked":["Hemokinesis+1","Searing Blow","Warcry"],"picked":"SKIP","floor":18.0},{"not_picked":["Perfected Strike","Flex"],"picked":"Rupture","floor":21.0}],"player_experience":502521,"relics_obtained":[{"floor":6.0,"key":"Blood Vial"},{"floor":8.0,"key":"Mummified Hand"},{"floor":9.0,"key":"Whetstone"},{"floor":12.0,"key":"Bottled Lightning"}],"event_choices":[{"damage_healed":0.0,"max_hp_gain":0.0,"max_hp_loss":0.0,"gold_gain":70.0,"event_name":"Golden Wing","player_choice":"Gained Gold","floor":7.0,"gold_loss":0.0,"damage_taken":0.0},{"damage_healed":0.0,"max_hp_gain":0.0,"max_hp_loss":0.0,"gold_gain":0.0,"event_name":"Accursed Blacksmith","player_choice":"Forge","floor":11.0,"gold_loss":0.0,"damage_taken":0.0,"cards_upgraded":["Uppercut"]},{"damage_healed":0.0,"max_hp_gain":5.0,"max_hp_loss":0.0,"gold_gain":0.0,"event_name":"Big Fish","player_choice":"Donut","floor":14.0,"gold_loss":0.0,"damage_taken":0.0},{"damage_healed":0.0,"max_hp_gain":0.0,"max_hp_loss":0.0,"gold_gain":0.0,"event_name":"The Mausoleum","player_choice":"Opened","floor":20.0,"gold_loss":0.0,"damage_taken":0.0,"relics_obtained":["Orichalcum"],"cards_obtained":["Writhe"]},{"damage_healed":0.0,"max_hp_gain":0.0,"max_hp_loss":0.0,"gold_gain":0.0,"event_name":"Duplicator","player_choice":"Copied","floor":22.0,"gold_loss":0.0,"damage_taken":0.0,"cards_obtained":["Flame Barrier"]}],"is_beta":false,"boss_relics":[{"not_picked":["Runic Pyramid","Astrolabe"],"picked":"Black Star"}],"items_purged_floors":[19],"is_endless":false,"potions_floor_spawned":[1,4,5,8,13,16,18,21],"killed_by":"Gremlin Leader","ascension_level":17}}