{"host":"6ilae7ewjeys3uzr","time":1610129793,"event":{"mods":["AchievementEnabler","BaseMod","Hermit","Marisa????????","Minty Spire (QoL Compilation)","Quick Restart","StSLib","The Cursed"],"gold_per_floor":[111,111,36,48,48,58,83,83,83,83,83,83,33,66,66,66,66],"floor_reached":16,"playtime":310,"items_purged":["Strike_P"],"score":106,"play_id":"57445c96-013a-4c26-bb5c-08650b7d17cb","local_time":"20210108191633","is_ascension_mode":false,"campfire_choices":[{"floor":10,"key":"REST"},{"floor":12,"key":"REST"},{"data":"Eruption","floor":15,"key":"SMITH"}],"circlet_count":0,"master_deck":["Strike_P","Strike_P","Strike_P","Defend_P","Defend_P","Eruption+1","Vigilance","SashWhip"],"relics":["PureWater","NeowsBlessing","Turnip","Unceasing Top","Toy Ornithopter"],"acts_visited":["Exordium"],"potions_floor_usage":[7,7,14,14],"damage_taken":[{"damage":0,"enemies":"Jaw Worm","floor":1,"turns":1},{"damage":0,"enemies":"Small Slimes","floor":4,"turns":1},{"damage":0,"enemies":"Cultist","floor":6,"turns":1},{"damage":66,"enemies":"3 Sentries","floor":7,"turns":12},{"damage":8,"enemies":"Gremlin Nob","floor":14,"turns":3},{"damage":23,"enemies":"The Guardian","floor":16,"turns":3}],"seed_played":"4165213532411486349","potions_obtained":[{"floor":1,"key":"BottledMiracle"},{"floor":6,"key":"ColorlessPotion"},{"floor":7,"key":"Strength Potion"}],"is_trial":false,"path_per_floor":["M","?","$","M","?","M","E","$","T","R","?","R","$","E","R","B"],"character_chosen":"WATCHER","items_purchased":["SkillPotion"],"campfire_rested":2,"item_purchase_floors":[13],"current_hp_per_floor":[72,65,65,65,72,72,6,6,6,27,27,48,48,40,40,17,17],"gold":66,"neow_bonus":"THREE_ENEMY_KILL","is_daily":false,"chose_seed":false,"campfire_upgraded":1,"win_rate":0.0,"timestamp":1610129793,"path_taken":["M","?","$","M","?","?","E","?","T","R","?","R","$","E","R","BOSS"],"items_purchased_type":["Potion"],"build_version":"2020-12-22","purchased_purges":1,"victory":false,"max_hp_per_floor":[72,72,72,72,72,72,72,72,72,72,72,72,72,72,72,72,72],"card_choices":[{"not_picked":["SandsOfTime","Halt","Prostrate"],"picked":"SKIP","floor":1},{"not_picked":["Halt","CrushJoints","Swivel"],"picked":"SKIP","floor":4},{"not_picked":["Worship","InnerPeace","CrushJoints"],"picked":"SKIP","floor":6},{"not_picked":["Evaluate","SignatureMove","Crescendo"],"picked":"SKIP","floor":7},{"not_picked":["Worship","EmptyMind","Weave"],"picked":"SKIP","floor":14}],"player_experience":245056,"relics_obtained":[{"floor":7,"key":"Turnip"},{"floor":9,"key":"Unceasing Top"},{"floor":14,"key":"Toy Ornithopter"}],"event_choices":[{"cards_removed":["Defend_P"],"damage_healed":0,"gold_gain":0,"player_choice":"Card Removal","damage_taken":7,"max_hp_gain":0,"max_hp_loss":0,"event_name":"Golden Wing","floor":2,"gold_loss":0},{"damage_healed":7,"gold_gain":0,"player_choice":"Full Heal","damage_taken":0,"max_hp_gain":0,"max_hp_loss":0,"event_name":"Wheel of Change","floor":5,"gold_loss":0},{"damage_healed":0,"gold_gain":0,"cards_transformed":["Defend_P"],"player_choice":"Transformed","damage_taken":0,"max_hp_gain":0,"max_hp_loss":0,"event_name":"Transmorgrifier","floor":11,"gold_loss":0,"cards_obtained":["SashWhip"]}],"is_beta":false,"boss_relics":[],"items_purged_floors":[3],"is_endless":false,"potions_floor_spawned":[1,6,7],"killed_by":"The Guardian","ascension_level":0}}