{"host":"2lo6hma6kymb0g9i","time":1610124995,"event":{"mods":["BaseMod","Colored Map","DeckTracker","Minty Spire (QoL Compilation)"],"gold_per_floor":[119,129,129,79,79,97,97,22,45,45,65,75,86,105,105,201,201,215,235,245,325,336,336,336,336],"floor_reached":24,"playtime":1986,"items_purged":["Strike_B"],"score":250,"play_id":"ec9f395d-4603-4b8e-acc1-dd0e0343b392","local_time":"20210109015635","is_ascension_mode":true,"campfire_choices":[{"data":"Gash","floor":7,"key":"SMITH"},{"data":"Dualcast","floor":10,"key":"SMITH"},{"data":"Conserve Battery","floor":15,"key":"SMITH"},{"floor":23,"key":"REST"}],"circlet_count":0,"master_deck":["Defend_B","Defend_B","Defend_B","Defend_B","Zap","Dualcast+1","Impatience","Gash+1","Doom and Gloom","Machine Learning","BootSequence","Chill","Conserve Battery+1","Buffer","Self Repair","Coolheaded","Recycle+1"],"relics":["Cracked Core","Toy Ornithopter","Empty Cage","Eternal Feather"],"acts_visited":["Exordium","TheCity"],"potions_floor_usage":[16,16,22,22],"damage_taken":[{"damage":1,"enemies":"Cultist","floor":1,"turns":3},{"damage":12,"enemies":"Jaw Worm","floor":2,"turns":3},{"damage":6,"enemies":"2 Louse","floor":6,"turns":2},{"damage":1,"enemies":"2 Fungi Beasts","floor":11,"turns":2},{"damage":1,"enemies":"Red Slaver","floor":12,"turns":4},{"damage":4,"enemies":"Gremlin Gang","floor":13,"turns":4},{"damage":13,"enemies":"Large Slime","floor":14,"turns":4},{"damage":6,"enemies":"The Guardian","floor":16,"turns":10},{"damage":0,"enemies":"Spheric Guardian","floor":18,"turns":5},{"damage":13,"enemies":"Chosen","floor":19,"turns":7},{"damage":38,"enemies":"Snecko","floor":20,"turns":7},{"damage":18,"enemies":"Snake Plant","floor":22,"turns":6},{"damage":52,"enemies":"Book of Stabbing","floor":24,"turns":7}],"seed_played":"-3298783097202089888","potions_obtained":[{"floor":6,"key":"Dexterity Potion"},{"floor":13,"key":"ColorlessPotion"},{"floor":16,"key":"SteroidPotion"},{"floor":19,"key":"BlessingOfTheForge"},{"floor":20,"key":"PowerPotion"}],"is_trial":false,"path_per_floor":["M","M","?","?","?","M","R","$","T","R","M","M","M","M","R","B",null,"M","M","M","T","M","R","E"],"character_chosen":"DEFECT","items_purchased":[],"campfire_rested":1,"item_purchase_floors":[],"current_hp_per_floor":[67,55,55,55,55,49,49,49,49,49,48,47,43,30,30,34,65,65,52,21,21,20,51,0,0],"gold":336,"neow_bonus":"RANDOM_COLORLESS","is_daily":false,"chose_seed":false,"campfire_upgraded":3,"win_rate":0.0,"timestamp":1610124995,"path_taken":["M","?","?","?","?","M","R","$","T","R","?","M","?","M","R","BOSS","M","M","M","?","M","R","E"],"items_purchased_type":[],"build_version":"2020-12-22","purchased_purges":1,"victory":false,"max_hp_per_floor":[75,75,75,75,75,75,75,75,75,75,75,75,75,75,75,75,75,75,75,75,75,75,75,75,75],"card_choices":[{"not_picked":["Mind Blast","Blind"],"picked":"Impatience","floor":0},{"not_picked":["Genetic Algorithm","Sunder","Fusion"],"picked":"SKIP","floor":1},{"not_picked":["Sweeping Beam","White Noise"],"picked":"Gash","floor":2},{"not_picked":["Rebound","Aggregate"],"picked":"BootSequence","floor":6},{"not_picked":["Tempest","Recycle"],"picked":"Chill","floor":11},{"not_picked":["Turbo","Steam Power","Auto Shields"],"picked":"SKIP","floor":12},{"not_picked":["Turbo","Steam Power","Auto Shields"],"picked":"SKIP","floor":12},{"not_picked":["Darkness","Rip and Tear","Capacitor"],"picked":"SKIP","floor":13},{"not_picked":["Darkness","Rip and Tear","Capacitor"],"picked":"SKIP","floor":13},{"not_picked":["Seek","White Noise"],"picked":"Conserve Battery","floor":14},{"not_picked":["Reboot","Seek"],"picked":"Buffer","floor":16},{"not_picked":["Stack","Aggregate+1","Conserve Battery+1"],"picked":"SKIP","floor":18},{"not_picked":["Gash","Cold Snap"],"picked":"Self Repair","floor":19},{"not_picked":["Hello World","Steam"],"picked":"Coolheaded","floor":20},{"not_picked":["Defragment","Compile Driver+1"],"picked":"Recycle+1","floor":22}],"player_experience":971332,"relics_obtained":[{"floor":9,"key":"Toy Ornithopter"},{"floor":21,"key":"Eternal Feather"}],"event_choices":[{"damage_healed":0,"gold_gain":0,"player_choice":"Ignored","damage_taken":0,"max_hp_gain":0,"max_hp_loss":0,"event_name":"Liars Game","floor":3,"gold_loss":0},{"cards_removed":["Strike_B"],"damage_healed":0,"gold_gain":0,"player_choice":"Card Removal","damage_taken":0,"max_hp_gain":0,"max_hp_loss":0,"event_name":"The Cleric","floor":4,"gold_loss":50},{"damage_healed":0,"gold_gain":0,"player_choice":"2 cards matched","damage_taken":0,"max_hp_gain":0,"max_hp_loss":0,"event_name":"Match and Keep!","floor":5,"gold_loss":0,"cards_obtained":["Doom and Gloom","Machine Learning"]}],"is_beta":false,"boss_relics":[{"not_picked":["Black Star","Coffee Dripper"],"picked":"Empty Cage"}],"items_purged_floors":[8],"is_endless":false,"potions_floor_spawned":[6,13,16,19,20],"killed_by":"Book of Stabbing","ascension_level":6}}