{"host":"84o9adk8f86kep7o","time":1610066299,"event":{"mods":["AchievementEnabler","BaseMod","Minty Spire (QoL Compilation)"],"gold_per_floor":[109,109,109,122,197,197,197,0,82,47,62,72,86,100,100,198,248,268,279,35,35,49,49,62,62,88,88,100,112,112,127,127,127,127],"floor_reached":33,"playtime":3380,"items_purged":[],"score":241,"play_id":"96ae3fed-1535-434c-8777-b183c5338576","local_time":"20210108003819","is_ascension_mode":false,"campfire_choices":[{"data":"Bash","floor":6,"key":"SMITH"},{"floor":15,"key":"REST"},{"floor":23,"key":"REST"},{"data":"Metamorphosis","floor":25,"key":"SMITH"},{"data":"Perfected Strike","floor":27,"key":"SMITH"},{"floor":30,"key":"REST"},{"floor":32,"key":"REST"}],"circlet_count":0,"master_deck":["Strike_R+1","Strike_R+1","Strike_R+1","Strike_R+1","Strike_R+1","Defend_R+1","Defend_R+1","Defend_R+1","Bash+1","Pommel Strike+1","Cleave","Metamorphosis+1","Perfected Strike+1","Anger","Clash","Anger","Impervious+1","Perfected Strike","Cleave","Cleave","Apotheosis+1","Bloodletting+1","Dual Wield+1","True Grit+1","Offering+1","Headbutt","Heavy Blade"],"relics":["Burning Blood","Paper Frog","Toxic Egg 2","Tiny House","Centennial Puzzle"],"acts_visited":["Exordium","TheCity"],"potions_floor_usage":[16,16,16,25,33,33,33],"damage_taken":[{"damage":8,"enemies":"Jaw Worm","floor":1,"turns":4},{"damage":1,"enemies":"Cultist","floor":4,"turns":3},{"damage":13,"enemies":"2 Louse","floor":11,"turns":3},{"damage":12,"enemies":"2 Fungi Beasts","floor":12,"turns":2},{"damage":19,"enemies":"Blue Slaver","floor":13,"turns":3},{"damage":5,"enemies":"Lots of Slimes","floor":14,"turns":3},{"damage":58,"enemies":"Hexaghost","floor":16,"turns":8},{"damage":28,"enemies":"3 Byrds","floor":18,"turns":6},{"damage":10,"enemies":"Chosen","floor":19,"turns":4},{"damage":29,"enemies":"Sentry and Sphere","floor":22,"turns":5},{"damage":24,"enemies":"Snake Plant","floor":24,"turns":4},{"damage":17,"enemies":"Centurion and Healer","floor":28,"turns":5},{"damage":7,"enemies":"Snecko","floor":29,"turns":3},{"damage":15,"enemies":"Cultist and Chosen","floor":31,"turns":4},{"damage":105,"enemies":"Collector","floor":33,"turns":7}],"seed_played":"8593929871981919607","potions_obtained":[{"floor":1,"key":"GamblersBrew"},{"floor":11,"key":"SkillPotion"},{"floor":12,"key":"Swift Potion"},{"floor":13,"key":"BloodPotion"},{"floor":17,"key":"BloodPotion"},{"floor":24,"key":"Weak Potion"},{"floor":28,"key":"LiquidMemories"},{"floor":29,"key":"PowerPotion"}],"is_trial":false,"path_per_floor":["M","?","?","M","?","R","?","$","T","?","M","M","M","M","R","B",null,"M","M","$","?","M","R","M","R","T","R","M","M","R","M","R","B"],"character_chosen":"IRONCLAD","items_purchased":["Metamorphosis","Apotheosis+1","Bloodletting+1"],"campfire_rested":4,"item_purchase_floors":[8,20,20],"current_hp_per_floor":[86,86,86,88,77,77,70,70,70,88,81,75,62,63,88,53,93,71,67,67,67,44,71,53,71,71,71,60,59,86,77,93,0,0],"gold":127,"neow_bonus":"TEN_PERCENT_HP_BONUS","is_daily":false,"chose_seed":false,"campfire_upgraded":3,"win_rate":0.0,"timestamp":1610066299,"path_taken":["M","?","?","?","?","R","?","?","T","?","M","M","?","M","R","BOSS","M","M","$","?","M","R","M","R","T","R","M","M","R","M","R","BOSS"],"items_purchased_type":["Card","Card","Card"],"build_version":"2020-12-22","purchased_purges":0,"victory":false,"max_hp_per_floor":[88,88,88,88,88,88,88,88,88,88,88,88,88,88,88,88,93,93,93,93,93,93,93,93,93,93,93,93,93,93,93,93,93,93],"card_choices":[{"not_picked":["Flame Barrier","Warcry"],"picked":"Pommel Strike","floor":1},{"not_picked":["Sword Boomerang","Reckless Charge"],"picked":"Cleave","floor":4},{"not_picked":["Power Through+1","Dropkick"],"picked":"Perfected Strike","floor":11},{"not_picked":["Warcry+1","Rampage"],"picked":"Anger","floor":12},{"not_picked":["Twin Strike","Rupture"],"picked":"Clash","floor":13},{"not_picked":["Entrench+1","Sword Boomerang"],"picked":"Anger","floor":14},{"not_picked":["Fiend Fire","Juggernaut"],"picked":"Impervious+1","floor":16},{"not_picked":["Clash","Headbutt"],"picked":"Perfected Strike","floor":17},{"not_picked":["Sword Boomerang","Entrench+1"],"picked":"Cleave","floor":18},{"not_picked":["Sword Boomerang","Metallicize"],"picked":"Cleave","floor":19},{"not_picked":["Sword Boomerang","Thunderclap"],"picked":"Dual Wield+1","floor":22},{"not_picked":["Hemokinesis","Body Slam+1"],"picked":"True Grit+1","floor":24},{"not_picked":["True Grit+1","Cleave"],"picked":"Offering+1","floor":28},{"not_picked":["Iron Wave","Flex+1"],"picked":"Headbutt","floor":29},{"not_picked":["Armaments+1","Feel No Pain"],"picked":"Heavy Blade","floor":31}],"player_experience":26555,"relics_obtained":[{"floor":9,"key":"Toxic Egg 2"},{"floor":26,"key":"Centennial Puzzle"}],"event_choices":[{"damage_healed":0,"gold_gain":0,"player_choice":"Ignored","damage_taken":0,"max_hp_gain":0,"max_hp_loss":0,"event_name":"Liars Game","floor":2,"gold_loss":0},{"cards_removed":["Defend_R"],"damage_healed":0,"gold_gain":0,"player_choice":"Purged","damage_taken":0,"max_hp_gain":0,"max_hp_loss":0,"event_name":"Purifier","floor":3,"gold_loss":0},{"damage_healed":0,"gold_gain":75,"player_choice":"Gather Gold","damage_taken":11,"max_hp_gain":0,"max_hp_loss":0,"event_name":"World of Goop","floor":5,"gold_loss":0},{"damage_healed":0,"gold_gain":0,"player_choice":"Success","damage_taken":7,"relics_obtained":["Paper Frog"],"max_hp_gain":0,"max_hp_loss":0,"event_name":"Scrap Ooze","floor":7,"gold_loss":0},{"damage_healed":22,"gold_gain":0,"player_choice":"Healed","damage_taken":0,"max_hp_gain":0,"max_hp_loss":0,"event_name":"The Cleric","floor":10,"gold_loss":35},{"damage_healed":0,"gold_gain":0,"player_choice":"Simplicity","damage_taken":0,"max_hp_gain":0,"max_hp_loss":0,"event_name":"Back to Basics","floor":21,"gold_loss":0,"cards_upgraded":["Strike_R","Strike_R","Strike_R","Strike_R","Strike_R","Defend_R","Defend_R","Defend_R"]}],"is_beta":false,"boss_relics":[{"not_picked":["Velvet Choker","Fusion Hammer"],"picked":"Tiny House"}],"items_purged_floors":[],"is_endless":false,"potions_floor_spawned":[1,11,12,13,24,28,29,31],"killed_by":"Collector","ascension_level":0}}