{"host":"86c6vgocyjlprmyx","time":1610071623,"event":{"mods":["BaseMod","Downfall","Hermit","Minty Spire (QoL Compilation)","Quick Restart","Replay The Spire","Shade Mod","StSLib","The Cursed","The Hierophant"],"gold_per_floor":[118,138,138,158,182,216,231,231,231,231,231,248,94,169,169,274,274,284,284,284,4,18,18,18],"floor_reached":23,"playtime":1403,"items_purged":[],"score":233,"play_id":"fa05fe54-8341-4e99-a454-af5a556d1a81","local_time":"20210108030703","is_ascension_mode":true,"campfire_choices":[{"floor":8.0,"key":"REST"},{"data":"Footwork","floor":11.0,"key":"SMITH"},{"floor":15.0,"key":"DIG"}],"circlet_count":0,"master_deck":["Strike_G","Strike_G","Strike_G","Strike_G","Strike_G","Defend_G","Defend_G","Defend_G","Defend_G","Defend_G","Survivor","Neutralize","Footwork+1","Flying Knee","Poisoned Stab","A Thousand Cuts","Dagger Throw","Parasite","Underhanded Strike","Flying Knee","Corpse Explosion","Backstab","Leg Sweep","Slice","Corpse Explosion","Dagger Throw","Delirium","Caltrops","Blade Dance+1"],"relics":["Ring of the Serpent","Replay:Wax Seal","Ginger","Ornamental Fan","Orrery","Strawberry","ReplayTheSpireMod:Ring of Collecting","Replay:Mystery Machine","Sundial"],"acts_visited":["Exordium","TheCity"],"potions_floor_usage":[],"damage_taken":[{"damage":7.0,"enemies":"Jaw Worm","floor":1.0,"turns":6.0},{"damage":0.0,"enemies":"Small Slimes","floor":2.0,"turns":6.0},{"damage":0.0,"enemies":"2 Louse","floor":4.0,"turns":2.0},{"damage":37.0,"enemies":"Gremlin Nob","floor":6.0,"turns":6.0},{"damage":7.0,"enemies":"Large Slime","floor":7.0,"turns":6.0},{"damage":13.0,"enemies":"Blue Slaver","floor":12.0,"turns":3.0},{"damage":59.0,"enemies":"Fading Forest","floor":16.0,"turns":11.0},{"damage":29.0,"enemies":"Spheric Guardian","floor":18.0,"turns":5.0},{"damage":21.0,"enemies":"Chosen","floor":22.0,"turns":4.0}],"seed_played":"-8994793035734332955","potions_obtained":[{"floor":4.0,"key":"Weak Potion"},{"floor":12.0,"key":"hexamod:EctoCoolerPotion"},{"floor":18.0,"key":"Weak Potion"}],"is_trial":false,"path_per_floor":["M","M","?","M","T","E","M","R","T","?","R","M","$","?","R","B",null,"M","?","?","$","M","R"],"character_chosen":"THE_SILENT","items_purchased":["Orrery","Sundial","Caltrops"],"campfire_rested":1,"item_purchase_floors":[13,21,21],"current_hp_per_floor":[70,70,75,75,75,38,31,55,55,75,75,62,62,51,58,9,89,60,60,60,60,39,39,39],"gold":18,"neow_bonus":"TEN_PERCENT_HP_BONUS","is_daily":false,"chose_seed":false,"campfire_upgraded":1,"win_rate":0.0,"timestamp":1610071623,"path_taken":["M","M","?","M","?","E","M","R","T","?","R","M","$","?","R","BOSS","M","?","?","$","M","R"],"items_purchased_type":["Relic","Relic","Card"],"build_version":"2020-12-22","purchased_purges":0,"victory":false,"max_hp_per_floor":[77,77,82,82,82,82,82,82,82,82,82,82,82,82,89,89,89,89,89,89,89,89,89,89],"card_choices":[{"not_picked":["PiercingWail","Sucker Punch"],"picked":"Footwork","floor":1.0},{"not_picked":["Quick Slash","Blade Dance"],"picked":"Flying Knee","floor":2.0},{"not_picked":["Finisher","Underhanded Strike"],"picked":"Poisoned Stab","floor":4.0},{"not_picked":["Deflect","Dodge and Roll"],"picked":"A Thousand Cuts","floor":6.0},{"not_picked":["Blade Dance","Masterful Stab"],"picked":"Dagger Throw","floor":7.0},{"not_picked":["Slice","Cloak And Dagger"],"picked":"Underhanded Strike","floor":12.0},{"not_picked":["ReplayTheSpireMod:Scrap Shanks","Cloak And Dagger"],"picked":"Flying Knee","floor":13.0},{"not_picked":["Slice","Hidden Blade"],"picked":"Corpse Explosion","floor":13.0},{"not_picked":["Expertise","Bane"],"picked":"Backstab","floor":13.0},{"not_picked":["Flying Knee","All Out Attack"],"picked":"Leg Sweep","floor":13.0},{"not_picked":["Cloak And Dagger","Draining Mist"],"picked":"Slice","floor":13.0},{"not_picked":["Replay:Bag of Tricks","Doppelganger"],"picked":"Corpse Explosion","floor":16.0},{"not_picked":["Endless Agony","Outmaneuver"],"picked":"Dagger Throw","floor":18.0},{"not_picked":["Acrobatics","Cloak And Dagger"],"picked":"Blade Dance+1","floor":22.0}],"player_experience":199677,"relics_obtained":[{"floor":5.0,"key":"Replay:Wax Seal"},{"floor":6.0,"key":"Ginger"},{"floor":9.0,"key":"Ornamental Fan"},{"floor":15.0,"key":"Strawberry"},{"floor":19.0,"key":"ReplayTheSpireMod:Ring of Collecting"}],"event_choices":[{"damage_healed":0.0,"max_hp_gain":5.0,"max_hp_loss":0.0,"gold_gain":0.0,"event_name":"Big Fish","player_choice":"Donut","floor":3.0,"gold_loss":0.0,"damage_taken":0.0},{"damage_healed":20.0,"max_hp_gain":0.0,"max_hp_loss":0.0,"gold_gain":0.0,"event_name":"Mushrooms","player_choice":"Healed and dodged fight","floor":10.0,"gold_loss":0.0,"damage_taken":0.0,"cards_obtained":["Parasite"]},{"damage_healed":0.0,"max_hp_gain":0.0,"max_hp_loss":0.0,"gold_gain":75.0,"event_name":"World of Goop","player_choice":"Gather Gold","floor":14.0,"gold_loss":0.0,"damage_taken":11.0},{"damage_healed":0.0,"max_hp_gain":0.0,"max_hp_loss":0.0,"gold_gain":0.0,"event_name":"WeMeetAgain","player_choice":"Gave Potion","floor":20.0,"gold_loss":0.0,"damage_taken":0.0,"relics_obtained":["Replay:Mystery Machine"]}],"is_beta":false,"boss_relics":[{"not_picked":["Replay:Drink Me","Runic Dome"],"picked":"Ring of the Serpent"}],"items_purged_floors":[],"is_endless":false,"potions_floor_spawned":[4,12,18],"ascension_level":2}}