{"host":"vlqejv0notyktumz","time":1610065621,"event":{"mods":["AchievementEnabler","BaseMod","Googly Eyes","Minty Spire (QoL Compilation)"],"gold_per_floor":[109,127,140,140,140,140,68,68,68,80,90,15,32,49,49,149,199,210,130,147,167,266,266,266,266,266,293,293,293,26,43,43,145,145,157,157,157],"floor_reached":36,"playtime":1061,"items_purged":["Defend_R"],"score":418,"play_id":"e9b9aca7-4cbd-4679-82de-83d8028a080e","local_time":"20210107182701","is_ascension_mode":true,"campfire_choices":[{"data":"Perfected Strike","floor":6,"key":"SMITH"},{"data":"Iron Wave","floor":8,"key":"SMITH"},{"data":"1","floor":15,"key":"LIFT"},{"data":"2","floor":23,"key":"LIFT"},{"floor":25,"key":"REST"},{"floor":28,"key":"REST"},{"floor":32,"key":"REST"}],"circlet_count":0,"master_deck":["Strike_R","Strike_R","Strike_R","Strike_R","Strike_R","Defend_R","Defend_R","Bash","Pommel Strike","Iron Wave+1","Perfected Strike+1","Spot Weakness","Uppercut+1","Shrug It Off","Feed","Flex","Combust","Ghostly Armor+1","Disarm","Armaments","Inflame","Reaper","Shrug It Off+1"],"relics":["Black Blood","Oddly Smooth Stone","Girya","Tiny House","Self Forming Clay","Toy Ornithopter","White Beast Statue","MutagenicStrength","Bag of Marbles"],"acts_visited":["Exordium","TheCity","TheBeyond"],"potions_floor_usage":[14,14,27,27,33,36],"damage_taken":[{"damage":4,"enemies":"2 Louse","floor":1,"turns":3},{"damage":4,"enemies":"Small Slimes","floor":2,"turns":4},{"damage":2,"enemies":"Jaw Worm","floor":3,"turns":4},{"damage":3,"enemies":"Red Slaver","floor":10,"turns":4},{"damage":0,"enemies":"3 Louse","floor":11,"turns":4},{"damage":6,"enemies":"Exordium Thugs","floor":13,"turns":4},{"damage":0,"enemies":"Blue Slaver","floor":14,"turns":2},{"damage":56,"enemies":"The Guardian","floor":16,"turns":11},{"damage":33,"enemies":"2 Thieves","floor":18,"turns":5},{"damage":34,"enemies":"3 Byrds","floor":20,"turns":6},{"damage":18,"enemies":"Snecko","floor":21,"turns":5},{"damage":44,"enemies":"Gremlin Leader","floor":27,"turns":8},{"damage":26,"enemies":"Centurion and Healer","floor":31,"turns":9},{"damage":66,"enemies":"Champ","floor":33,"turns":12},{"damage":27,"enemies":"3 Shapes","floor":35,"turns":6},{"damage":52,"enemies":"3 Darklings","floor":36,"turns":12}],"seed_played":"3804644660788467176","potions_obtained":[{"floor":1,"key":"Block Potion"},{"floor":10,"key":"Fire Potion"},{"floor":17,"key":"LiquidMemories"},{"floor":20,"key":"LiquidMemories"},{"floor":31,"key":"SteroidPotion"},{"floor":33,"key":"Swift Potion"},{"floor":35,"key":"Block Potion"}],"is_trial":false,"path_per_floor":["M","M","M","?","?","R","$","R","T","M","M","$","M","M","R","B",null,"M","$","M","M","?","R","T","R","T","E","R","?","$","M","R","B",null,"M","M"],"character_chosen":"IRONCLAD","items_purchased":["Spot Weakness","Flex","Combust","Bag of Marbles","Armaments","Inflame"],"campfire_rested":3,"item_purchase_floors":[7,19,19,30,30,30],"current_hp_per_floor":[80,80,80,85,78,78,78,78,78,81,85,85,85,85,85,35,90,66,66,41,29,29,29,29,57,57,29,57,57,57,37,65,10,96,95,56,56],"gold":157,"neow_bonus":"RANDOM_COMMON_RELIC","is_daily":false,"chose_seed":false,"campfire_upgraded":2,"win_rate":0.0,"timestamp":1610065621,"path_taken":["M","M","M","?","?","R","?","R","T","M","?","$","M","M","R","BOSS","M","$","M","M","?","R","?","R","T","E","R","?","?","M","R","BOSS","M","M"],"items_purchased_type":["Card","Card","Card","Relic","Card","Card"],"build_version":"2020-12-22","purchased_purges":1,"victory":false,"max_hp_per_floor":[80,80,80,85,85,85,85,85,85,85,85,85,85,85,85,85,90,93,93,96,96,96,96,96,96,96,96,96,96,96,96,96,96,96,99,99,99],"card_choices":[{"not_picked":["Cleave","Perfected Strike"],"picked":"Pommel Strike","floor":1},{"not_picked":["Cleave","Warcry"],"picked":"Iron Wave","floor":2},{"not_picked":["Thunderclap","Second Wind"],"picked":"Perfected Strike","floor":3},{"not_picked":["Armaments","Headbutt"],"picked":"Uppercut","floor":10},{"not_picked":["Clash","Bludgeon"],"picked":"Shrug It Off","floor":11},{"not_picked":["Shockwave","Battle Trance","Shrug It Off"],"picked":"SKIP","floor":13},{"not_picked":["Metallicize","Flame Barrier","Warcry"],"picked":"SKIP","floor":14},{"not_picked":["Brutality","Juggernaut"],"picked":"Feed","floor":16},{"not_picked":["True Grit+1","Cleave","Perfected Strike"],"picked":"SKIP","floor":18},{"not_picked":["Twin Strike","Pommel Strike"],"picked":"Ghostly Armor+1","floor":20},{"not_picked":["Seeing Red","Clothesline"],"picked":"Disarm","floor":21},{"not_picked":["Infernal Blade","True Grit","Intimidate"],"picked":"SKIP","floor":27},{"not_picked":["Carnage","Dual Wield","Iron Wave"],"picked":"SKIP","floor":31},{"not_picked":["Exhume","Juggernaut"],"picked":"Reaper","floor":33},{"not_picked":["Armaments","Dropkick+1"],"picked":"Shrug It Off+1","floor":35}],"player_experience":301356,"relics_obtained":[{"floor":9,"key":"Girya"},{"floor":24,"key":"Self Forming Clay"},{"floor":26,"key":"Toy Ornithopter"},{"floor":27,"key":"White Beast Statue"}],"event_choices":[{"damage_healed":0,"gold_gain":0,"player_choice":"Donut","damage_taken":0,"max_hp_gain":5,"max_hp_loss":0,"event_name":"Big Fish","floor":4,"gold_loss":0},{"cards_removed":["Defend_R"],"damage_healed":0,"gold_gain":0,"player_choice":"Card Removal","damage_taken":7,"max_hp_gain":0,"max_hp_loss":0,"event_name":"Golden Wing","floor":5,"gold_loss":0},{"damage_healed":0,"gold_gain":99,"player_choice":"Stole From Cult","damage_taken":0,"max_hp_gain":0,"max_hp_loss":0,"event_name":"Nest","floor":22,"gold_loss":0},{"damage_healed":0,"gold_gain":0,"player_choice":"Inject Mutagens","damage_taken":0,"relics_obtained":["MutagenicStrength"],"max_hp_gain":0,"max_hp_loss":0,"event_name":"Drug Dealer","floor":29,"gold_loss":0}],"is_beta":false,"boss_relics":[{"not_picked":["Fusion Hammer","Empty Cage"],"picked":"Tiny House"},{"not_picked":["Coffee Dripper","Pandora\u0027s Box"],"picked":"Black Blood"}],"items_purged_floors":[12],"is_endless":false,"potions_floor_spawned":[1,10,20,31,33,35],"killed_by":"3 Darklings","ascension_level":1}}