{"host":"aijg3q29dt6ws75i","time":1610073093,"event":{"mods":["Act Like it!","BaseMod","Downfall","Hallownest","Hermit","Jorbs\u0027s Wanderer Trilogy","Minty Spire (QoL Compilation)","Rare Cards Sparkle","StSLib","Td1madao Mod","The Bug Knight","The Cursed","The Hierophant","The Necromancer","The Servant 0.9.4","everything is the same but u backflip on backflip"],"gold_per_floor":[99,113,113,133,133,133,133,151,168,168,77,77,2,20,40,145,145,70,88,88,88,99,99,99,8,40,57,257,275,275,109,125,125,125,125],"floor_reached":33,"playtime":2766,"items_purged":[],"score":307,"play_id":"0273ff41-6f96-4754-bd2f-079f0b7af45a","local_time":"20210107213133","is_ascension_mode":false,"campfire_choices":[{"data":"Slimebound:Split","floor":1,"key":"SMITH"},{"data":"Slimebound:SplitAcid","floor":6,"key":"SMITH"},{"data":"Slimebound:MassFeed","floor":10,"key":"SMITH"},{"floor":13,"key":"RECALL"},{"data":"Slimebound:Nibble","floor":18,"key":"SMITH"},{"data":"Slimebound:PrepareCrush","floor":30,"key":"SMITH"}],"circlet_count":0,"master_deck":["Slimebound:Tackle","Slimebound:Defend_Slimebound","Slimebound:Defend_Slimebound","Slimebound:Defend_Slimebound","Slimebound:Defend_Slimebound","Slimebound:Split+1","Slimebound:CorrosiveSpit","Slimebound:LeechEnergy","Slimebound:SplitAcid+1","Slimebound:MassFeed+1","Slimebound:PressTheAttack","Slimebound:Nibble+1","Slimebound:LeechingTouch","Slimebound:SamplingLick","Slimebound:GoopSpray","Slimebound:Nibble","Slimebound:PrepareCrush+1","CurseOfTheBell","Slimebound:GrowthPunch","Slimebound:Tackle+1","Slimebound:Tackle+1","Slimebound:Tackle+1","Slimebound:FinishingTackle","Ghostly","Ghostly","Ghostly","Ghostly","Ghostly","Slimebound:Grow+1","Slimebound:ItLooksTasty","Slimebound:SlimeSpikes","Slimebound:FirmFortitude+1","Slimebound:HauntingLick+1","Slimebound:LeadByExample+1","Slimebound:WasteNot+1","Slimebound:SamplingLick+1"],"relics":["Slimebound:AbsorbEndCombat","Orichalcum","downfall:HeartBlessingBlue","Calling Bell","MealTicket","HollowMod:StagPassRelic","Gambling Chip","downfall:HeartBlessingRed","Torii","Darkstone Periapt"],"acts_visited":["Exordium","TheCity"],"potions_floor_usage":[],"damage_taken":[{"damage":9,"enemies":"2 Louse","floor":2,"turns":3},{"damage":15,"enemies":"Small Slimes","floor":4,"turns":3},{"damage":8,"enemies":"Jaw Worm","floor":8,"turns":4},{"damage":8,"enemies":"3 Louse","floor":9,"turns":3},{"damage":19,"enemies":"downfall:FleeingMerchant","floor":11,"turns":4},{"damage":4,"enemies":"Blue Slaver","floor":14,"turns":2},{"damage":24,"enemies":"Large Slime","floor":15,"turns":4},{"damage":75,"enemies":"downfall:Silent","floor":16,"turns":7},{"damage":4,"enemies":"Chosen","floor":19,"turns":3},{"damage":19,"enemies":"Shell Parasite","floor":22,"turns":4},{"damage":14,"enemies":"downfall:FleeingMerchant","floor":25,"turns":4},{"damage":10,"enemies":"Book of Stabbing","floor":26,"turns":5},{"damage":15,"enemies":"Cultist and Chosen","floor":27,"turns":5},{"damage":10,"enemies":"Cultist and Chosen","floor":28,"turns":5},{"damage":18,"enemies":"Centurion and Healer","floor":29,"turns":6},{"damage":13,"enemies":"downfall:FleeingMerchant","floor":31,"turns":4},{"damage":6,"enemies":"Chosen and Byrds","floor":32,"turns":5},{"damage":59,"enemies":"downfall:Ironclad","floor":33,"turns":4}],"seed_played":"3674384951432521229","potions_obtained":[{"floor":4,"key":"LiquidMemories"},{"floor":8,"key":"hexamod:EctoCoolerPotion"},{"floor":9,"key":"DistilledChaos"}],"is_trial":false,"path_per_floor":["R","M","?","M","?","R","T","M","M","R","$","?","R","M","M","B",null,"R","M","?","?","M","?","T","$","E","M","?","M","R","$","M","B"],"character_chosen":"SLIMEBOUND","items_purchased":["Slimebound:LeechingTouch","Slimebound:SamplingLick","Slimebound:ItLooksTasty","Slimebound:WasteNot"],"campfire_rested":0,"item_purchase_floors":[11,11,25,31],"current_hp_per_floor":[66,65,62,59,59,59,59,57,57,57,54,54,64,68,62,15,80,80,80,80,80,71,40,40,38,40,32,37,31,31,41,43,0,0,0],"gold":125,"neow_bonus":"TEN_PERCENT_HP_BONUS","is_daily":false,"chose_seed":false,"campfire_upgraded":5,"win_rate":0.0,"timestamp":1610073093,"path_taken":["R","M","?","M","?","R","T","M","M","R","$","?","R","?","M","BOSS","R","M","?","?","M","?","T","?","E","M","?","M","R","$","M","BOSS"],"items_purchased_type":["Card","Card","Card","Card"],"build_version":"2020-12-22","purchased_purges":0,"victory":false,"max_hp_per_floor":[66,66,66,66,66,66,66,66,66,66,66,66,76,76,80,80,80,80,80,80,80,80,40,40,40,40,40,44,44,44,44,44,44,44,44],"card_choices":[{"not_picked":["Slimebound:SplitMire","Slimebound:Chomp"],"picked":"Slimebound:LeechEnergy","floor":2},{"not_picked":["Slimebound:SpikyOuterGoop","Slimebound:SamplingLick"],"picked":"Slimebound:SplitAcid","floor":4},{"not_picked":["Slimebound:ComboTackle","Slimebound:RollThrough"],"picked":"Slimebound:MassFeed","floor":8},{"not_picked":["Slimebound:LeechingTouch","Slimebound:ComboTackle"],"picked":"Slimebound:PressTheAttack","floor":9},{"not_picked":["Slimebound:SelfFormingGoo","Slimebound:RejuvenatingLick"],"picked":"Slimebound:Nibble","floor":11},{"not_picked":["Slimebound:SamplingLick","Slimebound:HauntingLick"],"picked":"Slimebound:GoopSpray","floor":14},{"not_picked":["Slimebound:DisruptingSlam","Slimebound:AcidTongue"],"picked":"Slimebound:Nibble","floor":15},{"not_picked":["Slimebound:MassRepurpose","Slimebound:DouseInSlime"],"picked":"Slimebound:PrepareCrush","floor":16},{"not_picked":["Slimebound:HauntingLick","Slimebound:Nibble"],"picked":"Slimebound:GrowthPunch","floor":19},{"not_picked":["Slimebound:RejuvenatingLick+1","Slimebound:SlimeBarrage"],"picked":"Slimebound:FinishingTackle","floor":22},{"not_picked":["Slimebound:GoopTackle","Slimebound:Dissolve"],"picked":"Slimebound:Grow+1","floor":25},{"not_picked":["Slimebound:GoopSpray","Slimebound:SplitMire+1"],"picked":"Slimebound:SlimeSpikes","floor":26},{"not_picked":["Slimebound:RollThrough","Slimebound:SplitLeeching"],"picked":"Slimebound:FirmFortitude+1","floor":27},{"not_picked":["Slimebound:MegaLick","Slimebound:SplitBruiser"],"picked":"Slimebound:HauntingLick+1","floor":29},{"not_picked":["Slimebound:LeechingTouch+1","Slimebound:SplitMire"],"picked":"Slimebound:LeadByExample","floor":31},{"not_picked":["Slimebound:SplitMire","Slimebound:Schlurp"],"picked":"Slimebound:SamplingLick+1","floor":32}],"player_experience":42148,"relics_obtained":[{"floor":17,"key":"MealTicket"},{"floor":17,"key":"HollowMod:StagPassRelic"},{"floor":17,"key":"Gambling Chip"},{"floor":24,"key":"Torii"},{"floor":26,"key":"Darkstone Periapt"}],"event_choices":[{"damage_healed":0,"gold_gain":0,"player_choice":"Success","damage_taken":3,"relics_obtained":["Orichalcum"],"max_hp_gain":0,"max_hp_loss":0,"event_name":"Scrap Ooze","floor":3,"gold_loss":0},{"cards_removed":["Slimebound:Strike_Slimebound"],"damage_healed":0,"gold_gain":0,"player_choice":"Card Removal","damage_taken":0,"max_hp_gain":0,"max_hp_loss":0,"event_name":"The Cleric","floor":5,"gold_loss":0},{"damage_healed":0,"gold_gain":0,"player_choice":"Ignored","damage_taken":0,"max_hp_gain":0,"max_hp_loss":0,"event_name":"Vampires","floor":21,"gold_loss":0},{"damage_healed":0,"gold_gain":0,"player_choice":"Became a Ghost","damage_taken":0,"max_hp_gain":0,"max_hp_loss":40,"event_name":"Ghosts","floor":23,"gold_loss":0,"cards_obtained":["Ghostly","Ghostly","Ghostly","Ghostly","Ghostly"]}],"is_beta":false,"boss_relics":[{"not_picked":["Empty Cage","Cursed Key"],"picked":"Calling Bell"}],"items_purged_floors":[],"is_endless":false,"potions_floor_spawned":[4,8,9,19,28,29,32],"killed_by":"downfall:Ironclad","ascension_level":0}}