{"host":"wonp23fsqqcu31ie","time":1610066259,"event":{"mods":["2.2 Compatiblity","AchievementEnabler","Aspiration","BaseMod","Bestiary","Better Altar","Better Match","Better Sensory Stone","Better Skull","Better Third Choice","BetterRewards","Block Reminder","Colored Map","Colored Powertips","Conspire","Curses Come First","DeckTracker","Displayed Cursed Tome","Downfall","Evolution","Hermit","Highlight Path","Hubris","Marisa????????","Minty Spire (QoL Compilation)","Permanent Neow","Prisma Mod","Quick Restart","Rare Cards Sparkle","Relic Stats","Replay The Spire","Robot Space Explorer","Shade Mod","Shop Mod","StSLib","SuperFastMode","The Animator","The Bug Knight","The Construct","The Cursed","The Dragon Tamer","The Gatherer","The Marked","The Necromancer","The Runesmith","The Servant 0.9.4"],"gold_per_floor":[116,116,3,3,31,31,59,59,111,111,149,172,172,347,347,458,458,497,497,497,39,39,47,47],"floor_reached":23,"playtime":374,"items_purged":["Decay"],"score":381,"play_id":"9aff38a6-8ef3-4f3b-9c22-3a6aa88f6892","local_time":"20210108113739","is_ascension_mode":true,"campfire_choices":[{"data":"Panacea","floor":6,"key":"SMITH"},{"data":"Rampage","floor":8,"key":"SMITH"},{"data":"Barricade","floor":15,"key":"SMITH"}],"circlet_count":0,"master_deck":["Cleave","Cleave","Cleave","Cleave","Defend_R","Defend_R","Defend_R","Defend_R","Bash","Panacea+1","Body Slam","Spot Weakness","Rampage+1","Perfected Strike","Regret","Barricade+1","Searing Blow","Doubt","conspire:HitWhereItHurts","Twin Strike","RitualDagger","Cleave"],"relics":["Burning Blood","EVO:Axolotl","ClockworkSouvenir","Orichalcum","hubris:Icosahedron","ReplayTheSpireMod:CursedCoin","Replay:Bandana","ReplayTheSpireMod:Ring of Exchange","Ring of Hypnosis","conspire:TopHat","hubris:RunicObelisk","Bloody Idol","MerchantsRug","Self Forming Clay","FaceOfCleric"],"acts_visited":["Exordium","TheCity"],"potions_floor_usage":[16,16,18,23],"damage_taken":[{"damage":1,"enemies":"Jaw Worm","floor":1,"turns":4},{"damage":1,"enemies":"Cultist","floor":5,"turns":3},{"damage":0,"enemies":"2 Louse","floor":7,"turns":1},{"damage":23,"enemies":"Gremlin Nob","floor":11,"turns":4},{"damage":5,"enemies":"Looter","floor":12,"turns":2},{"damage":53,"enemies":"Slime Boss","floor":16,"turns":9},{"damage":16,"enemies":"3 Byrds","floor":18,"turns":4},{"damage":8,"enemies":"Slavers","floor":23,"turns":1}],"seed_played":"1076249186002266111","potions_obtained":[{"floor":1,"key":"SteroidPotion"},{"floor":7,"key":"Strength Potion"},{"floor":16,"key":"Slimebound:ThreeZeroPotion"},{"floor":18,"key":"DuplicationPotion"}],"is_trial":false,"path_per_floor":["M","?","$","?","M","R","M","R","T","?","E","M","?","?","R","B",null,"M","?","?","$","?","E"],"character_chosen":"IRONCLAD","items_purchased":["ClockworkSouvenir","Orichalcum","Panacea","Body Slam","ReplayTheSpireMod:CursedCoin","Replay:Bandana","Spot Weakness","MerchantsRug","Self Forming Clay","Cleave"],"campfire_rested":0,"item_purchase_floors":[0,0,0,0,3,3,3,21,21,21],"current_hp_per_floor":[70,70,70,70,75,75,80,80,80,80,63,64,64,64,64,17,64,54,48,8,8,8,0,0],"gold":47,"neow_bonus":"","is_daily":false,"chose_seed":false,"campfire_upgraded":3,"win_rate":0.0,"timestamp":1610066259,"path_taken":["M","?","$","?","M","R","?","R","T","?","E","M","?","?","R","BOSS","M","?","?","$","?","E"],"items_purchased_type":["Relic","Relic","Card","Card","Relic","Relic","Card","Relic","Relic","Card"],"build_version":"2020-12-22","purchased_purges":1,"victory":false,"max_hp_per_floor":[80,80,80,80,80,80,80,80,80,80,80,80,80,80,80,80,80,80,80,80,80,80,80,80],"relic_stats":{"FaceOfCleric":0,"counters":[34,119],"Self Forming Clay":[0],"Bloody Idol":64,"Orichalcum":[48],"obtain_stats":[{"ReplayTheSpireMod:Ring of Exchange":10,"EVO:Axolotl":0,"hubris:RunicObelisk":17,"Boot":6,"Burning Blood":0,"aspiration:RitualStick":23,"conspire:TopHat":11,"aspiration:StickyExplosives_weak":25,"ClockworkSouvenir":0,"Blood Vial":9,"Replay:Bandana":3,"hubris:Icosahedron":10,"FaceOfCleric":22,"Iron Hammer":12,"hubris:ChampionShield":11,"hubris:TinFlute":19,"Paper Frog":8,"MerchantsRug":0,"construct:ClawGrip":17,"Happy Flower":19,"Ring of Hypnosis":10,"aspiration:Nostalgia":0,"ReplayTheSpireMod:CursedCoin":3,"Self Forming Clay":21,"Guardian:ModeShifter":0,"aspiration:SeaSaltIceCream":6,"Odd Mushroom":12,"Orichalcum":0,"Calling Bell":19,"Shuriken":4,"Bloody Idol":20,"Simple Rune":8,"ReplayTheSpireMod:TigerMarble":6,"TungstenRod":19,"ReplayTheSpireMod:ShopPack":22},{"ReplayTheSpireMod:Ring of Exchange":29,"EVO:Axolotl":0,"hubris:RunicObelisk":32,"Boot":4,"Burning Blood":0,"aspiration:RitualStick":9,"conspire:TopHat":30,"aspiration:StickyExplosives_weak":11,"ClockworkSouvenir":26,"Blood Vial":17,"Replay:Bandana":27,"hubris:Icosahedron":17,"FaceOfCleric":33,"Iron Hammer":7,"hubris:ChampionShield":18,"hubris:TinFlute":8,"Paper Frog":6,"MerchantsRug":12,"construct:ClawGrip":22,"Happy Flower":8,"Ring of Hypnosis":29,"aspiration:Nostalgia":0,"ReplayTheSpireMod:CursedCoin":27,"Self Forming Clay":33,"Guardian:ModeShifter":0,"aspiration:SeaSaltIceCream":4,"Odd Mushroom":19,"Orichalcum":26,"Calling Bell":8,"Shuriken":14,"Bloody Idol":33,"Simple Rune":17,"ReplayTheSpireMod:TigerMarble":15,"TungstenRod":8,"ReplayTheSpireMod:ShopPack":9},{"ReplayTheSpireMod:Ring of Exchange":99,"EVO:Axolotl":0,"hubris:RunicObelisk":114,"Boot":13,"Burning Blood":0,"aspiration:RitualStick":30,"conspire:TopHat":103,"aspiration:StickyExplosives_weak":38,"ClockworkSouvenir":91,"Blood Vial":59,"Replay:Bandana":95,"hubris:Icosahedron":59,"FaceOfCleric":118,"Iron Hammer":21,"hubris:ChampionShield":61,"hubris:TinFlute":27,"Paper Frog":19,"MerchantsRug":41,"construct:ClawGrip":75,"Happy Flower":27,"Ring of Hypnosis":99,"aspiration:Nostalgia":0,"ReplayTheSpireMod:CursedCoin":95,"Self Forming Clay":118,"Guardian:ModeShifter":0,"aspiration:SeaSaltIceCream":13,"Odd Mushroom":64,"Orichalcum":91,"Calling Bell":27,"Shuriken":47,"Bloody Idol":118,"Simple Rune":59,"ReplayTheSpireMod:TigerMarble":53,"TungstenRod":27,"ReplayTheSpireMod:ShopPack":30}],"Burning Blood":184},"card_choices":[{"not_picked":["True Grit","hubris:ReadiedAction","Reckless Charge"],"picked":"SKIP","floor":1},{"not_picked":["Armaments","Massacre"],"picked":"Perfected Strike","floor":5},{"not_picked":["Sword Boomerang","Headbutt","Burning Pact"],"picked":"SKIP","floor":7},{"not_picked":["Perfected Strike","Armaments"],"picked":"Barricade","floor":11},{"not_picked":["Ghostly Armor","Blood for Blood"],"picked":"Searing Blow","floor":12},{"not_picked":["Barricade","Corruption"],"picked":"conspire:HitWhereItHurts","floor":16},{"not_picked":["Pommel Strike","Cleave"],"picked":"Twin Strike","floor":18}],"player_experience":485535,"relics_obtained":[{"floor":10,"key":"ReplayTheSpireMod:Ring of Exchange"},{"floor":10,"key":"Ring of Hypnosis"},{"floor":11,"key":"conspire:TopHat"}],"event_choices":[{"damage_healed":0,"gold_gain":0,"cards_transformed":["Strike_R"],"player_choice":"Transformed","damage_taken":0,"max_hp_gain":0,"max_hp_loss":0,"event_name":"Transmorgrifier","floor":4,"gold_loss":0,"cards_obtained":["Rampage"]},{"damage_healed":0,"gold_gain":0,"player_choice":"Leave","damage_taken":0,"max_hp_gain":0,"max_hp_loss":0,"event_name":"conspire:Investor","floor":13,"gold_loss":0},{"damage_healed":0,"gold_gain":175,"player_choice":"AGREE","damage_taken":172,"max_hp_gain":0,"max_hp_loss":0,"event_name":"betterThird:BetterSerpent","floor":14,"gold_loss":0},{"damage_healed":0,"gold_gain":0,"player_choice":"Dagger","damage_taken":6,"max_hp_gain":0,"max_hp_loss":0,"event_name":"betterThird:BetterNest","floor":19,"gold_loss":0,"cards_obtained":["RitualDagger"]},{"damage_healed":0,"gold_gain":0,"player_choice":" Idol ","damage_taken":40,"relics_obtained":["Bloody Idol"],"max_hp_gain":48,"max_hp_loss":8,"event_name":"betterAltar:BetterAltar","floor":20,"potions_obtained":[],"relics_lost":[],"gold_loss":0},{"damage_healed":0,"gold_gain":0,"player_choice":"Trade","damage_taken":0,"relics_obtained":["FaceOfCleric"],"max_hp_gain":0,"max_hp_loss":0,"event_name":"FaceTrader","floor":22,"gold_loss":0}],"is_beta":false,"boss_relics":[{"not_picked":["Velvet Choker","aspiration:RitualDagger"],"picked":"hubris:RunicObelisk"}],"items_purged_floors":[3],"is_endless":false,"potions_floor_spawned":[1,7,16,18],"killed_by":"Slavers","ascension_level":5}}