{"host":"8r9wnm3f0x81e4d7","time":1610107475,"event":{"mods":["BaseMod","Downfall","Minty Spire (QoL Compilation)","StSLib"],"gold_per_floor":[116,116,130,55,55,88,88,132,178,201,222,260,260,330,330,451,451,464,118,138,152,152,186,186,225,225,98,98,137,137,152,152,276,276,294,34,34,59,78,78,0,41,64,97,97,97,151,169,169,169],"floor_reached":51,"playtime":3625,"items_purged":["Strike_G","Defend_G","Strike_G"],"score":1052,"play_id":"1484b488-8d0f-4f68-b96e-29f3d9103a3a","local_time":"20210108200435","is_ascension_mode":true,"campfire_choices":[{"data":"Prepared","floor":7.0,"key":"SMITH"},{"floor":13.0,"key":"REST"},{"data":"A Thousand Cuts","floor":15.0,"key":"SMITH"},{"data":"Doppelganger","floor":24.0,"key":"SMITH"},{"data":"After Image","floor":30,"key":"SMITH"},{"data":"Infinite Blades","floor":32,"key":"SMITH"},{"data":"Burst","floor":40,"key":"SMITH"},{"data":"Mayhem","floor":46,"key":"SMITH"},{"data":"Burst","floor":49,"key":"SMITH"}],"circlet_count":0,"master_deck":["Strike_G","Strike_G","Defend_G","Survivor","Neutralize","Prepared+1","Blade Dance+1","Flying Knee","A Thousand Cuts+1","Flying Knee","Expertise","Doppelganger+1","Choke","Burst+1","Acrobatics","Calculated Gamble+1","Underhanded Strike","Dodge and Roll+1","After Image+1","Infinite Blades+1","Prepared","Burst+1","Night Terror+1","Venomology+1","Poisoned Stab+1","Blur","A Thousand Cuts+1","Blur+1","Reflex","Mayhem+1"],"relics":["Ring of the Snake","NeowsBlessing","Golden Idol","PreservedInsect","Boot","Regal Pillow","Bag of Marbles","Vajra","Philosopher\u0027s Stone","Membership Card","Tiny Chest","Centennial Puzzle","MutagenicStrength","Bottled Tornado","Strawberry","Pantograph","Ancient Tea Set","The Specimen","Astrolabe","DollysMirror","Ornamental Fan","Matryoshka","Red Mask","The Courier","White Beast Statue","Nunchaku","War Paint","Orichalcum","MealTicket"],"acts_visited":["TheBeyond"],"potions_floor_usage":[29,29,35,38,39,39,44,48,48,50],"damage_taken":[{"damage":0.0,"enemies":"2 Louse","floor":1.0,"turns":1.0},{"damage":0.0,"enemies":"Jaw Worm","floor":3.0,"turns":1.0},{"damage":0.0,"enemies":"Lagavulin","floor":6.0,"turns":1.0},{"damage":0.0,"enemies":"Gremlin Nob","floor":8.0,"turns":3.0},{"damage":0.0,"enemies":"Cultist","floor":10.0,"turns":3.0},{"damage":11.0,"enemies":"Large Slime","floor":11.0,"turns":5.0},{"damage":11.0,"enemies":"3 Sentries","floor":12.0,"turns":6.0},{"damage":8.0,"enemies":"Gremlin Nob","floor":14.0,"turns":3.0},{"damage":0.0,"enemies":"Slime Boss","floor":16.0,"turns":6.0},{"damage":0.0,"enemies":"Chosen","floor":18.0,"turns":3.0},{"damage":2.0,"enemies":"Shell Parasite","floor":20.0,"turns":2.0},{"damage":1.0,"enemies":"Sentry and Sphere","floor":21.0,"turns":3.0},{"damage":15.0,"enemies":"Gremlin Leader","floor":23.0,"turns":2.0},{"damage":1.0,"enemies":"Book of Stabbing","floor":25.0,"turns":3.0},{"damage":0,"enemies":"Slavers","floor":29,"turns":2},{"damage":1,"enemies":"Chosen and Byrds","floor":31,"turns":3},{"damage":0,"enemies":"Automaton","floor":33,"turns":5},{"damage":7,"enemies":"3 Shapes","floor":35,"turns":2},{"damage":4,"enemies":"3 Darklings","floor":38,"turns":3},{"damage":3,"enemies":"Jaw Worm Horde","floor":39,"turns":2},{"damage":0,"enemies":"Reptomancer","floor":42,"turns":4},{"damage":8,"enemies":"Nemesis","floor":44,"turns":3},{"damage":0,"enemies":"Spire Growth","floor":48,"turns":2},{"damage":53,"enemies":"Awakened One","floor":50,"turns":10}],"seed_played":"7102532396822059568","potions_obtained":[{"floor":8.0,"key":"AttackPotion"},{"floor":11.0,"key":"DistilledChaos"},{"floor":12.0,"key":"Block Potion"},{"floor":14.0,"key":"FearPotion"},{"floor":20.0,"key":"Explosive Potion"},{"floor":28,"key":"PowerPotion"},{"floor":28,"key":"SkillPotion"},{"floor":29,"key":"FearPotion"},{"floor":31,"key":"DistilledChaos"},{"floor":35,"key":"SteroidPotion"},{"floor":44,"key":"Slimebound:ThreeZeroPotion"},{"floor":48,"key":"SpeedPotion"}],"is_trial":false,"path_per_floor":["M","?","M","$","?","E","R","E","T","M","M","E","R","?","R","B",null,"M","$","M","M","?","E","R","E","T","$","?","E","R","M","R","B",null,"M","$","T","M","M","R","?","E","T","E","?","R","T","M","R","B",null],"character_chosen":"THE_SILENT","items_purchased":["Membership Card","Tiny Chest","Centennial Puzzle","Calculated Gamble","Underhanded Strike","Ancient Tea Set","DollysMirror","Ornamental Fan"],"campfire_rested":1,"item_purchase_floors":[19,19,19,19,19,27,36,36],"current_hp_per_floor":[70,53,53,53,53,53,53,53,53,53,42,31,67,59,59,59,70,70,70,68,67,67,52,52,58,58,58,58,58,58,57,57,77,77,70,70,70,66,63,63,63,63,63,55,55,55,55,55,55,24],"gold":169,"neow_bonus":"THREE_ENEMY_KILL","is_daily":false,"chose_seed":false,"campfire_upgraded":8,"win_rate":0.0,"timestamp":1610107475,"path_taken":["M","?","M","$","?","E","R","E","T","?","M","E","R","?","R","BOSS","M","$","M","M","?","E","R","E","T","$","?","E","R","?","R","BOSS","M","$","?","M","?","R","?","E","T","E","?","R","?","M","R","BOSS"],"items_purchased_type":["Relic","Relic","Relic","Card","Card","Relic","Relic","Relic"],"build_version":"2020-12-22","purchased_purges":3,"victory":true,"max_hp_per_floor":[70,70,70,70,70,70,70,70,70,70,70,70,70,70,70,70,70,70,70,70,70,70,70,70,77,77,77,77,77,77,77,77,77,77,77,77,77,77,77,77,77,77,77,77,77,77,77,77,77,77],"card_choices":[{"not_picked":["Dodge and Roll","Deflect"],"picked":"Prepared","floor":1.0},{"not_picked":["Dash","All Out Attack"],"picked":"Blade Dance","floor":3.0},{"not_picked":["Crippling Poison","Flechettes"],"picked":"Flying Knee","floor":6.0},{"not_picked":["Masterful Stab","Choke"],"picked":"A Thousand Cuts","floor":8.0},{"not_picked":["Slice","Leg Sweep"],"picked":"Flying Knee","floor":10.0},{"not_picked":["Outmaneuver","Accuracy"],"picked":"Expertise","floor":11.0},{"not_picked":["Dodge and Roll","Predator"],"picked":"Doppelganger","floor":12.0},{"not_picked":["Dagger Spray","Outmaneuver"],"picked":"Choke","floor":14.0},{"not_picked":["Venomology","Bullet Time"],"picked":"Burst","floor":16.0},{"not_picked":["Underhanded Strike","Heel Hook"],"picked":"Acrobatics","floor":18.0},{"not_picked":["Expertise","Dodge and Roll+1","Quick Slash"],"picked":"SKIP","floor":20.0},{"not_picked":["Deadly Poison","Outmaneuver","Caltrops"],"picked":"SKIP","floor":21.0},{"not_picked":["Deflect","Leg Sweep+1"],"picked":"Dodge and Roll+1","floor":23.0},{"not_picked":["Prepared+1","Die Die Die"],"picked":"After Image","floor":25},{"not_picked":["Dagger Spray+1","Bullet Time"],"picked":"Infinite Blades","floor":29},{"not_picked":["Dodge and Roll","Poisoned Stab"],"picked":"Prepared","floor":31},{"not_picked":["Phantasmal Killer","Envenom"],"picked":"Burst","floor":33},{"not_picked":["Dagger Spray","Bane+1"],"picked":"Blur","floor":35},{"not_picked":["Slice","Dagger Throw"],"picked":"Blur+1","floor":38},{"not_picked":["Bane+1","Sucker Punch","Backflip"],"picked":"SKIP","floor":39},{"not_picked":["Poisoned Stab","Predator"],"picked":"Reflex","floor":42},{"not_picked":["Flying Knee","Expertise","Noxious Fumes+1"],"picked":"SKIP","floor":44},{"not_picked":["expansioncontent:PrepareCrush","expansioncontent:AwakenDeath"],"picked":"Mayhem","floor":45},{"not_picked":["Predator+1","Deflect+1","Sucker Punch"],"picked":"SKIP","floor":48}],"player_experience":46164,"relics_obtained":[{"floor":6.0,"key":"PreservedInsect"},{"floor":8.0,"key":"Boot"},{"floor":9.0,"key":"Regal Pillow"},{"floor":12.0,"key":"Bag of Marbles"},{"floor":14.0,"key":"Vajra"},{"floor":23.0,"key":"Bottled Tornado"},{"floor":25,"key":"Strawberry"},{"floor":26,"key":"Pantograph"},{"floor":29,"key":"The Specimen"},{"floor":37,"key":"Matryoshka"},{"floor":42,"key":"The Courier"},{"floor":43,"key":"White Beast Statue"},{"floor":43,"key":"Nunchaku"},{"floor":44,"key":"War Paint"},{"floor":47,"key":"Orichalcum"},{"floor":47,"key":"MealTicket"}],"event_choices":[{"damage_healed":0.0,"max_hp_gain":0.0,"max_hp_loss":0.0,"gold_gain":0.0,"event_name":"Golden Idol","player_choice":"Take Damage","floor":2.0,"gold_loss":0.0,"damage_taken":17.0,"relics_obtained":["Golden Idol"]},{"cards_removed":["Strike_G"],"damage_healed":0.0,"max_hp_gain":0.0,"max_hp_loss":0.0,"gold_gain":0.0,"event_name":"Bonfire Elementals","player_choice":"Offered Basic","floor":5.0,"gold_loss":0.0,"damage_taken":0.0},{"damage_healed":0.0,"max_hp_gain":0.0,"max_hp_loss":0.0,"gold_gain":30.0,"event_name":"Dead Adventurer","player_choice":"Searched \u00272\u0027 times","floor":14.0,"gold_loss":0.0,"damage_taken":0.0},{"damage_healed":0.0,"max_hp_gain":0.0,"max_hp_loss":0.0,"gold_gain":0.0,"event_name":"Drug Dealer","player_choice":"Inject Mutagens","floor":22.0,"gold_loss":0.0,"damage_taken":0.0,"relics_obtained":["MutagenicStrength"]},{"damage_healed":0,"gold_gain":0,"player_choice":"Got Potions","damage_taken":0,"max_hp_gain":0,"max_hp_loss":0,"event_name":"Lab","floor":28,"gold_loss":0},{"damage_healed":0,"gold_gain":0,"player_choice":"Paid","damage_taken":0,"relics_obtained":["Red Mask"],"max_hp_gain":0,"max_hp_loss":0,"event_name":"Tomb of Lord Red Mask","floor":41,"gold_loss":78},{"damage_healed":0,"gold_gain":0,"player_choice":"Memory 1","damage_taken":0,"max_hp_gain":0,"max_hp_loss":0,"event_name":"SensoryStone","floor":45,"gold_loss":0}],"is_beta":false,"boss_relics":[{"not_picked":["Busted Crown","Cursed Key"],"picked":"Philosopher\u0027s Stone"},{"not_picked":["Fusion Hammer","Calling Bell"],"picked":"Astrolabe"}],"items_purged_floors":[4,27,36],"is_endless":false,"potions_floor_spawned":[8,11,12,14,20,29,31,35,44,48],"ascension_level":1}}