{"host":"hca6liskeo7s99fa","time":1610079744,"event":{"mods":["BaseMod","Downfall","Minty Spire (QoL Compilation)","Replay The Spire","StSLib"],"gold_per_floor":[112,123,223,238,238,238,273,273,273,29,62,62,82,115,115,218,218,234,234,252,195,212,247,247,265,333,333,333],"floor_reached":27,"playtime":1921,"items_purged":[],"score":289,"play_id":"1ca03e36-2a93-43ea-b4af-409ce02cf2c2","local_time":"20210107232224","is_ascension_mode":true,"campfire_choices":[{"data":"Bane","floor":6,"key":"SMITH"},{"data":"Skewer","floor":8,"key":"SMITH"},{"data":"Bouncing Flask","floor":15,"key":"SMITH"}],"circlet_count":0,"master_deck":["Strike_G","Strike_G","Strike_G","Strike_G","Strike_G+1","Defend_G","Defend_G","Defend_G","Defend_G+1","Survivor","Neutralize","Bane+1","Skewer+1","Bouncing Flask+1","PiercingWail","Atom Bomb+1","Noxious Fumes","Burst","Quick Slash+1","Concentrate","Concentrate","Underhanded Strike+1","Pot Of Greed","Pot Of Greed","Wraith Form v2","Poisoned Stab+1","Pot Of Greed"],"relics":["Ring of the Snake","Pocketwatch","Replay:Ringing Soul","Molten Egg 2","Replay:Rubber Ducky","Mirror","Ring of Chaos","Grinning Jar","Eternal Feather"],"acts_visited":["Exordium","TheCity"],"potions_floor_usage":[11,14,20,25,27],"damage_taken":[{"damage":0,"enemies":"Jaw Worm","floor":1,"turns":5},{"damage":0,"enemies":"Cultist","floor":2,"turns":3},{"damage":0,"enemies":"2 Louse","floor":4,"turns":3},{"damage":21,"enemies":"3 Sentries","floor":7,"turns":9},{"damage":8,"enemies":"Gremlin Nob","floor":11,"turns":4},{"damage":0,"enemies":"Large Slime","floor":13,"turns":4},{"damage":11,"enemies":"3 Sentries","floor":14,"turns":6},{"damage":12,"enemies":"Hexaghost","floor":16,"turns":9},{"damage":0,"enemies":"Chosen","floor":18,"turns":4},{"damage":4,"enemies":"Shell Parasite","floor":20,"turns":4},{"damage":12,"enemies":"Centurion and Healer","floor":22,"turns":5},{"damage":48,"enemies":"Book of Stabbing","floor":23,"turns":6},{"damage":13,"enemies":"Snecko","floor":25,"turns":4},{"damage":45,"enemies":"Chosen and Byrds","floor":27,"turns":4}],"seed_played":"-4223320674993694064","potions_obtained":[{"floor":7,"key":"GhostInAJar"},{"floor":13,"key":"SkillPotion"},{"floor":18,"key":"Dexterity Potion"},{"floor":24,"key":"Dexterity Potion"},{"floor":24,"key":"Poison Potion"},{"floor":24,"key":"FearPotion"}],"is_trial":false,"path_per_floor":["M","M","?","M","?","R","E","R","T","$","E","?","M","E","R","B",null,"M","?","M","$","M","E","?","M","T","M"],"character_chosen":"THE_SILENT","items_purchased":["Molten Egg 2","Concentrate"],"campfire_rested":0,"item_purchase_floors":[10,21],"current_hp_per_floor":[63,63,63,63,50,50,32,32,32,32,24,46,49,41,41,32,75,78,81,80,83,74,29,29,19,19,0,0],"gold":333,"neow_bonus":"ONE_RARE_RELIC","is_daily":false,"chose_seed":false,"campfire_upgraded":3,"win_rate":0.0,"timestamp":1610079744,"path_taken":["M","M","?","?","?","R","E","R","T","$","E","?","M","E","R","BOSS","M","?","?","$","M","E","?","M","T","M"],"items_purchased_type":["Relic","Card"],"build_version":"2020-12-22","purchased_purges":0,"victory":false,"max_hp_per_floor":[63,63,63,63,63,63,66,66,66,66,66,66,69,72,72,75,75,78,81,84,87,90,93,93,96,96,96,96],"card_choices":[{"not_picked":["Acrobatics","Backflip","Prepared"],"picked":"SKIP","floor":1},{"not_picked":["Noxious Fumes","Well Laid Plans"],"picked":"Bane","floor":2},{"not_picked":["Slice","Eviscerate","Terror"],"picked":"SKIP","floor":4},{"not_picked":["Sucker Punch","Glass Knife"],"picked":"Skewer","floor":7},{"not_picked":["Distraction","Endless Agony+1","Acrobatics"],"picked":"SKIP","floor":11},{"not_picked":["Sucker Punch+1","Prepared"],"picked":"Bouncing Flask","floor":13},{"not_picked":["Infinite Blades","Fluid Movement"],"picked":"PiercingWail","floor":14},{"not_picked":["Malaise","ReplayTheSpireMod:Necrosis"],"picked":"Atom Bomb+1","floor":16},{"not_picked":["Distraction+1","Cloak And Dagger"],"picked":"Noxious Fumes","floor":18},{"not_picked":["Sneak Up","Dagger Throw+1"],"picked":"Quick Slash+1","floor":20},{"not_picked":["ReplayTheSpireMod:The Works+1","Infinite Blades+1"],"picked":"Underhanded Strike+1","floor":22},{"not_picked":["Underhanded Strike+1","Footwork"],"picked":"Wraith Form v2","floor":23},{"not_picked":["Deflect+1","Flying Knee+1"],"picked":"Poisoned Stab+1","floor":25}],"player_experience":247423,"relics_obtained":[{"floor":7,"key":"Replay:Ringing Soul"},{"floor":11,"key":"Replay:Rubber Ducky"},{"floor":14,"key":"Mirror"},{"floor":23,"key":"Grinning Jar"},{"floor":26,"key":"Eternal Feather"}],"event_choices":[{"damage_healed":0,"gold_gain":100,"player_choice":"Pray","damage_taken":0,"max_hp_gain":0,"max_hp_loss":0,"event_name":"Golden Shrine","floor":3,"gold_loss":0},{"damage_healed":0,"gold_gain":0,"player_choice":"Entered Light","damage_taken":13,"max_hp_gain":0,"max_hp_loss":0,"event_name":"Shining Light","floor":5,"gold_loss":0,"cards_upgraded":["Defend_G","Strike_G"]},{"damage_healed":22,"gold_gain":0,"player_choice":"Banana","damage_taken":0,"max_hp_gain":0,"max_hp_loss":0,"event_name":"Big Fish","floor":12,"gold_loss":0},{"damage_healed":0,"gold_gain":0,"cards_transformed":["Defend_G"],"player_choice":"Transformed","damage_taken":0,"max_hp_gain":0,"max_hp_loss":0,"event_name":"Transmorgrifier","floor":19,"gold_loss":0,"cards_obtained":["Burst"]},{"damage_healed":0,"gold_gain":0,"player_choice":"Got Potions","damage_taken":0,"max_hp_gain":0,"max_hp_loss":0,"event_name":"Lab","floor":24,"gold_loss":0}],"is_beta":false,"boss_relics":[{"not_picked":["Ectoplasm","Replay:Ancient Bell"],"picked":"Ring of Chaos"}],"items_purged_floors":[],"is_endless":false,"potions_floor_spawned":[7,13,18],"killed_by":"Chosen and Byrds","ascension_level":1}}