{"host":"2hlhnd4tei6r1t0s","time":1610097326,"event":{"mods":["ATMod(阿瑾Mod)","Act Like it!","Arknights The Spire","Aspiration","Astrologer","BaseMod","Conspire","Downfall","Evolution","Friendly Minions","Gensokyo","Gremlin Mod","Hallownest","Hermit","HumanHunterMod(怪物杀人mod)","Jedi Mod","Jorbs\u0027s Wanderer Trilogy","Koishi","Luminous","Mari Mod (Legacy)","Mari\u0027s V1 Patch","Marisa（F雨　魔理沙）","Minty Spire (QoL Compilation)","MostiFishMod","Pale of the Ancients","Potionbrewer","Prisma Mod","Quick Restart","Replay The Spire","Robot Space Explorer","RumiaBox-露米娅的神秘盒子","Spicy Shops","StSLib","TestMod","The Administrix","The Alterego","The Construct","The Cursed","The Hayseed","The Marked","The Mystic","The Runesmith","The Servant 0.9.4","TheWitcher","Uncapped","WarShipGirlsR/战舰少女R mod","Yakumo Yukari mod","[地精首领爬塔]The Maniac","noobMod","vexMod","【功能Mod】混沌之环修复补丁","【功能Mod】聪明的最终Boss","【遗物卡牌】REMEMod","残留之物"],"gold_per_floor":[100000000,100000018,99999081,99999081,99999081,99999081,99999081,99999081,99999081,99997751,99997751,99997751,99997751,99997751,99997751,99997751,99997751,99997751,99995862,99995862,99994051,99992380,99992365,99992350,99992350,99992350],"floor_reached":25,"playtime":1758,"items_purged":["construct:Defend_Gold","Pain","Doubt","Replay:SS_hec_2","construct:HastyRepair+1"],"score":504,"play_id":"f02b55bb-7719-4759-becc-7a2dd3d7ecd6","local_time":"20210108171526","is_ascension_mode":true,"campfire_choices":[{"data":"AT_KingSlayer","floor":8,"key":"SMITH"}],"circlet_count":0,"master_deck":["AT_KingSlayer+1","alterego_mod:Vow","construct:FlakBarrage","construct:BatteryAcid","construct:HyperBeam+1","construct:SweepLaser","construct:Electrocute+1","construct:ShieldBurst+1","construct:Boost+1","Metamorphosis+1","construct:ShiftStrike","construct:ChargeShot","construct:ShieldBurst+1","construct:SiegeForm+1","construct:FierceBash","Violence+1","construct:Accumulate","construct:MemoryTap+1","construct:SiegeForm+1","construct:GoldenBullet+1","construct:Bunker+1","construct:ShiftingStance+1","construct:LongRangeLance+1","construct:HyperBeam+1","construct:SpinDrive+1","construct:SiegeForm+1","construct:SiegeForm+1","construct:HammerDown+1","construct:HammerDown+1","construct:BatteryAcid+1","construct:CriticalHit","construct:Analyze","testmod-Automaton","construct:Chainstrike+1","testmod-AssimilatedRune+1","DevaForm+1","Koishi:SubconsciousSweep"],"relics":["construct:Cogwheel","EVO:Axolotl","ice","testmod-TestBox","DaveBox","REME_ComplimentaryCards","AT_ATBox","testmod-GiftOfSatan","BrkXgEgg","NeowsBlessing","SynthV:TestCard","Boot","Replay:Multitool","Medical Kit","SynthV:C4","jedi:ominousloannote","Bottled Lightning","testmod-InfectionSource","WingedGreaves","ClockworkSouvenir","Toy Ornithopter","Pen Nib","SnafuTest:CatRelic","testmod-Acrobat","Frozen Eye","AT_ChloranthyRing","SlaversCollar","Centennial Puzzle","conspire:TopHat","vexMod:Spyglass","construct:RocketBooster","testmod-Register","GodSword3","Juzu Bracelet","PrismaticShard","Kunai","Blood Vial","jedi:heavyjacket","SumBook","TimeFreeze","Toolbox","StoneCalendar","MagicDraw1","Pocketwatch","vexMod:TimeEaterHat","conspire:BottledYoYo","jedi:arcanewood","testmod-TurbochargingSystem"],"acts_visited":["Exordium","TheCity"],"potions_floor_usage":[24],"damage_taken":[{"damage":0,"enemies":"2 Louse","floor":1,"turns":1},{"damage":0,"enemies":"Small Slimes","floor":2,"turns":1},{"damage":0,"enemies":"Lagavulin","floor":6,"turns":1},{"damage":70,"enemies":"Cultist","floor":7,"turns":7},{"damage":42,"enemies":"3 Sentries","floor":11,"turns":6},{"damage":49,"enemies":"2 Fungi Beasts","floor":12,"turns":4},{"damage":5,"enemies":"Large Slime","floor":14,"turns":6},{"damage":26,"enemies":"Hexaghost","floor":16,"turns":12},{"damage":29,"enemies":"3 Byrds","floor":18,"turns":4},{"damage":0,"enemies":"conspire:Head Lice","floor":23,"turns":1},{"damage":101,"enemies":"Gremlin Leader","floor":24,"turns":4},{"damage":8,"enemies":"Chosen","floor":25,"turns":1}],"seed_played":"8783736923423448023","potions_obtained":[{"floor":12,"key":"Reflective Coating"},{"floor":14,"key":"potionbrewer:CleansingPotion"},{"floor":16,"key":"potionbrewer:BarricadePotion"},{"floor":24,"key":"Explosive Potion"}],"is_trial":false,"path_per_floor":["M","M","$","?","?","E","M","R","T","$","E","M","?","M","R","B",null,"M","$","?","$","$","E","E","M"],"character_chosen":"THE_CONSTRUCT_MOD","items_purchased":["Boot","Replay:Multitool","Medical Kit","SynthV:C4","jedi:ominousloannote","construct:BatteryAcid","construct:HyperBeam+1","Bottled Lightning","ClockworkSouvenir","Toy Ornithopter","Pen Nib","SnafuTest:CatRelic","testmod-Acrobat","Frozen Eye","construct:ShieldBurst+1","construct:Boost","Metamorphosis+1","Centennial Puzzle","conspire:TopHat","vexMod:Spyglass","construct:RocketBooster","testmod-Register","GodSword3","Violence+1","construct:Accumulate","construct:MemoryTap+1","PrismaticShard","Kunai","Blood Vial","jedi:heavyjacket","SumBook","TimeFreeze","construct:HammerDown+1","construct:BatteryAcid+1","construct:CriticalHit","construct:Analyze","testmod-Automaton","Toolbox","StoneCalendar","MagicDraw1","Pocketwatch","vexMod:TimeEaterHat","construct:Chainstrike+1","testmod-AssimilatedRune+1","conspire:BottledYoYo"],"campfire_rested":0,"item_purchase_floors":[3,3,3,3,3,3,3,3,10,10,10,10,10,10,10,10,10,19,19,19,19,19,19,19,19,19,21,21,21,21,21,21,21,21,21,21,21,22,22,22,22,22,22,22,22],"current_hp_per_floor":[85,92,92,74,74,74,4,4,4,4,50,92,82,77,77,51,127,98,98,98,98,98,100,6,0,0],"gold":99992350,"neow_bonus":"THREE_ENEMY_KILL","is_daily":false,"chose_seed":false,"campfire_upgraded":1,"win_rate":0.0,"timestamp":1610097326,"path_taken":["M","M","$","?","?","E","M","R","T","$","E","?","?","M","R","BOSS","M","$","?","$","$","E","E","M"],"items_purchased_type":["Relic","Relic","Relic","Relic","Relic","Card","Card","Relic","Relic","Relic","Relic","Relic","Relic","Relic","Card","Card","Card","Relic","Relic","Relic","Relic","Relic","Relic","Card","Card","Card","Relic","Relic","Relic","Relic","Relic","Relic","Card","Card","Card","Card","Card","Relic","Relic","Relic","Relic","Relic","Card","Card","Relic"],"build_version":"2020-12-22","purchased_purges":5,"victory":false,"max_hp_per_floor":[85,92,92,92,92,92,92,92,92,92,97,103,103,105,105,127,127,152,152,152,152,152,152,159,167,167],"card_choices":[{"not_picked":["construct:Forcefield","construct:Antimatter","construct:Anticipate"],"picked":"SKIP","floor":1},{"not_picked":["construct:Failsafe","construct:SuppressiveFire","construct:Accumulate","construct:Tumble"],"picked":"construct:FlakBarrage","floor":2},{"not_picked":["construct:HardReboot","construct:Boost","construct:CripplingShot","construct:Backup"],"picked":"construct:SweepLaser","floor":6},{"not_picked":["construct:OmegaCannon","construct:Dampening","construct:PointDefense","construct:Overcharge"],"picked":"construct:Electrocute","floor":7},{"not_picked":["construct:Boost","construct:Autoturret","construct:ForceCore","construct:FocusedBeam"],"picked":"construct:ShiftStrike","floor":11},{"not_picked":["construct:Versatility","construct:Failsafe","construct:Autoturret","construct:Tumble"],"picked":"construct:ChargeShot","floor":12},{"not_picked":["construct:FocusedBeam","construct:Autoturret","construct:Boost","construct:SyphonStrike"],"picked":"construct:ShieldBurst+1","floor":14},{"not_picked":["construct:HyperBeam+1","construct:Multistage+1","construct:ShieldBurst+1","construct:PanicFire+1"],"picked":"construct:SiegeForm+1","floor":16},{"not_picked":["construct:UnbalancingBlast+1","construct:ReactiveShield","construct:Forcefield","construct:SuppressiveFire"],"picked":"construct:FierceBash","floor":18},{"not_picked":["hexamod:FourthSeal","Sentinel+1","AdministrixMod:DiversionaryTactic","Conserve Battery"],"picked":"DevaForm+1","floor":23},{"not_picked":["sneckomod:UnknownClassGREMLIN","stsjorbsmod:Feint","Inflame+1","AT_IchimonjiDouble"],"picked":"Koishi:SubconsciousSweep","floor":24}],"player_experience":56329,"relics_obtained":[{"floor":1,"key":"SynthV:TestCard"},{"floor":6,"key":"testmod-InfectionSource"},{"floor":9,"key":"WingedGreaves"},{"floor":11,"key":"AT_ChloranthyRing"},{"floor":20,"key":"Juzu Bracelet"},{"floor":23,"key":"jedi:arcanewood"},{"floor":24,"key":"testmod-TurbochargingSystem"}],"event_choices":[{"damage_healed":0,"gold_gain":0,"player_choice":"Entered Light","damage_taken":18,"max_hp_gain":0,"max_hp_loss":0,"event_name":"Shining Light","floor":4,"gold_loss":0,"cards_upgraded":["construct:Defend_Gold","construct:Strike_Gold"]},{"damage_healed":0,"gold_gain":0,"player_choice":"1 cards matched","damage_taken":0,"max_hp_gain":0,"max_hp_loss":0,"event_name":"Match and Keep!","floor":5,"gold_loss":0,"cards_obtained":["Replay:SS_hec_2"]},{"damage_healed":0,"gold_gain":0,"player_choice":"Ignored","damage_taken":10,"max_hp_gain":0,"max_hp_loss":0,"event_name":"恩洛斯的盘子","floor":13,"gold_loss":0}],"is_beta":false,"boss_relics":[{"not_picked":["testmod-KeyOfTheVoid","RhineFirstAidKit"],"picked":"SlaversCollar"}],"items_purged_floors":[3,10,19,21,22],"is_endless":false,"potions_floor_spawned":[12,14,16,23,24],"killed_by":"Chosen","ascension_level":2}}