{"host":"ao4lxi9bhtts409i","time":1610150022,"event":{"mods":["AchievementEnabler","BaseMod","Colored Map","Colored Powertips","Minty Spire (QoL Compilation)","SuperFastMode"],"gold_per_floor":[113,123,143,160,171,200,200,218,288,288,322,333,333,344,344,442,442,456,456,468,468,495,522,540,540,565,565,575,184,184,200,200,305,305,316,329,348,348,348,348],"floor_reached":41,"playtime":3240,"items_purged":[],"score":652,"play_id":"1774a599-a58a-4156-88d3-3caa5cf7029a","local_time":"20210109005342","is_ascension_mode":false,"campfire_choices":[{"data":"Consecrate","floor":7,"key":"SMITH"},{"data":"WindmillStrike","floor":10,"key":"SMITH"},{"data":"Vigilance","floor":15,"key":"SMITH"},{"data":"TalkToTheHand","floor":25,"key":"SMITH"},{"data":"Conclude","floor":27,"key":"SMITH"},{"data":"Tantrum","floor":32,"key":"SMITH"}],"circlet_count":0,"master_deck":["Strike_P+1","Strike_P+1","Strike_P+1","Defend_P+1","Defend_P+1","Defend_P+1","Defend_P+1","Eruption","Vigilance+1","CutThroughFate","Protect","Fasting2","FlyingSleeves","Conclude+1","Consecrate+1","WindmillStrike+1","ClearTheMind","FlyingSleeves","Vengeance","Ragnarok","EmptyFist","FearNoEvil","FearNoEvil","TalkToTheHand+1","Crescendo","Tantrum+1","MasterReality","ThirdEye+1","Meditate+1"],"relics":["PureWater","NeowsBlessing","Pen Nib","Pantograph","InkBottle","NlothsMask","Coffee Dripper","Ginger","Bag of Marbles","MealTicket","Shuriken","VioletLotus"],"acts_visited":["Exordium","TheCity","TheBeyond"],"potions_floor_usage":[16,18,23,24,33,33,37,40],"damage_taken":[{"damage":0.0,"enemies":"Jaw Worm","floor":1.0,"turns":1.0},{"damage":0.0,"enemies":"Cultist","floor":2.0,"turns":1.0},{"damage":0.0,"enemies":"2 Louse","floor":3.0,"turns":1.0},{"damage":1.0,"enemies":"Blue Slaver","floor":4.0,"turns":8.0},{"damage":1.0,"enemies":"Red Slaver","floor":5.0,"turns":6.0},{"damage":14,"enemies":"Lagavulin","floor":6,"turns":8},{"damage":0,"enemies":"2 Fungi Beasts","floor":8,"turns":2},{"damage":18,"enemies":"3 Sentries","floor":11,"turns":3},{"damage":3,"enemies":"Exordium Wildlife","floor":12,"turns":3},{"damage":5,"enemies":"Looter","floor":14,"turns":3},{"damage":0,"enemies":"Slime Boss","floor":16,"turns":4},{"damage":9,"enemies":"Spheric Guardian","floor":18,"turns":4},{"damage":0,"enemies":"3 Byrds","floor":20,"turns":3},{"damage":20,"enemies":"Slavers","floor":23,"turns":2},{"damage":15,"enemies":"Snake Plant","floor":24,"turns":3},{"damage":4,"enemies":"Snecko","floor":28,"turns":4},{"damage":0,"enemies":"Chosen and Byrds","floor":31,"turns":2},{"damage":24,"enemies":"Automaton","floor":33,"turns":5},{"damage":0,"enemies":"Orb Walker","floor":35,"turns":2},{"damage":10,"enemies":"3 Shapes","floor":36,"turns":2},{"damage":0,"enemies":"Spire Growth","floor":37,"turns":3},{"damage":75,"enemies":"Time Eater","floor":40,"turns":7}],"seed_played":"-833030918385644939","potions_obtained":[{"floor":3.0,"key":"LiquidMemories"},{"floor":6,"key":"Swift Potion"},{"floor":8,"key":"Dexterity Potion"},{"floor":16,"key":"PowerPotion"},{"floor":23,"key":"ColorlessPotion"},{"floor":28,"key":"SneckoOil"},{"floor":36,"key":"StancePotion"}],"is_trial":false,"path_per_floor":["M","M","M","M","M","E","R","M","T","R","E","M","?","M","R","B",null,"M","?","M","?","T","E","M","R","T","R","M","$","?","M","R","B",null,"M","M","M","?","?","B",null],"character_chosen":"WATCHER","items_purchased":["MealTicket","Shuriken"],"campfire_rested":0,"item_purchase_floors":[29,29],"current_hp_per_floor":[72,72,72,71,70,56,56,56,56,56,38,35,35,30,30,55,72,63,63,63,63,63,43,28,28,28,28,24,24,12,12,12,18,77,77,67,67,67,67,2],"gold":348,"neow_bonus":"THREE_ENEMY_KILL","is_daily":false,"chose_seed":false,"campfire_upgraded":6,"win_rate":0.0,"timestamp":1610150022,"path_taken":["M","M","M","M","M","E","R","M","T","R","E","M","?","M","R","BOSS","M","?","M","?","?","E","?","R","T","R","M","$","?","M","R","BOSS","M","M","?","?","?","BOSS"],"items_purchased_type":["Relic","Relic"],"build_version":"2020-12-22","purchased_purges":0,"victory":true,"max_hp_per_floor":[72,72,72,72,72,72,72,72,72,72,72,72,72,72,72,72,72,72,72,72,72,72,72,72,72,72,72,72,72,72,72,72,77,77,77,77,77,77,77,77],"card_choices":[{"not_picked":["EmptyMind","CrushJoints"],"picked":"CutThroughFate","floor":1.0},{"not_picked":["FollowUp","SignatureMove"],"picked":"Protect","floor":2.0},{"not_picked":["Collect","WreathOfFlame"],"picked":"Fasting2","floor":3.0},{"not_picked":["Perseverance","EmptyBody"],"picked":"FlyingSleeves","floor":4.0},{"not_picked":["DeceiveReality","Crescendo"],"picked":"Conclude","floor":5},{"not_picked":["Prostrate","Weave"],"picked":"Consecrate","floor":6},{"not_picked":["Weave","EmptyMind"],"picked":"WindmillStrike","floor":8},{"not_picked":["Nirvana","CutThroughFate"],"picked":"ClearTheMind","floor":11},{"not_picked":["ConjureBlade","Consecrate"],"picked":"FlyingSleeves","floor":12},{"not_picked":["FollowUp","WheelKick"],"picked":"Vengeance","floor":14},{"not_picked":["Blasphemy","Brilliance"],"picked":"Ragnarok","floor":16},{"not_picked":["WreathOfFlame","Pray+1"],"picked":"Prostrate+1","floor":18},{"not_picked":["Study","JustLucky+1"],"picked":"FearNoEvil","floor":20},{"not_picked":["EmptyBody+1","WheelKick"],"picked":"TalkToTheHand","floor":23},{"not_picked":["Protect","Perseverance","CrushJoints"],"picked":"SKIP","floor":24},{"not_picked":["Collect+1","CutThroughFate"],"picked":"Crescendo","floor":28},{"not_picked":["PathToVictory","BowlingBash"],"picked":"Tantrum","floor":31},{"not_picked":["ConjureBlade","Omniscience"],"picked":"MasterReality","floor":33},{"not_picked":["FollowUp+1","Crescendo"],"picked":"ThirdEye+1","floor":35},{"not_picked":["Consecrate+1","CrushJoints"],"picked":"Meditate+1","floor":36},{"not_picked":["Sanctity","CrushJoints+1","SignatureMove+1"],"picked":"SKIP","floor":37}],"player_experience":185883,"relics_obtained":[{"floor":6,"key":"Pen Nib"},{"floor":9,"key":"Pantograph"},{"floor":11,"key":"InkBottle"},{"floor":23,"key":"Ginger"},{"floor":26,"key":"Bag of Marbles"}],"event_choices":[{"damage_healed":0,"gold_gain":0,"player_choice":"Trade","damage_taken":0,"relics_obtained":["NlothsMask"],"max_hp_gain":0,"max_hp_loss":0,"event_name":"FaceTrader","floor":13,"gold_loss":0},{"damage_healed":0,"gold_gain":0,"cards_transformed":["Strike_P","Prostrate"],"player_choice":"Became Test Subject","damage_taken":0,"max_hp_gain":0,"max_hp_loss":0,"event_name":"Drug Dealer","floor":19,"gold_loss":0,"cards_obtained":["EmptyFist","FearNoEvil"]},{"damage_healed":0,"gold_gain":0,"player_choice":"Simplicity","damage_taken":0,"max_hp_gain":0,"max_hp_loss":0,"event_name":"Back to Basics","floor":21,"gold_loss":0,"cards_upgraded":["Strike_P","Strike_P","Strike_P","Defend_P","Defend_P","Defend_P","Defend_P"]},{"damage_healed":0,"gold_gain":0,"player_choice":"POTION ","damage_taken":12,"max_hp_gain":0,"max_hp_loss":0,"event_name":"Knowing Skull","floor":30,"potions_obtained":["Fruit Juice"],"gold_loss":0,"cards_obtained":[]},{"damage_healed":0,"gold_gain":0,"player_choice":"Ignored","damage_taken":0,"max_hp_gain":0,"max_hp_loss":0,"event_name":"Tomb of Lord Red Mask","floor":38,"gold_loss":0},{"damage_healed":0,"gold_gain":0,"player_choice":"Took Portal","damage_taken":0,"max_hp_gain":0,"max_hp_loss":0,"event_name":"SecretPortal","floor":39,"gold_loss":0}],"is_beta":false,"boss_relics":[{"not_picked":["HolyWater","Calling Bell"],"picked":"Coffee Dripper"},{"not_picked":["Empty Cage","Black Star"],"picked":"VioletLotus"}],"items_purged_floors":[],"is_endless":false,"potions_floor_spawned":[3,6,8,12,16,23,28,36],"ascension_level":0}}