{"host":"da4a6z8aof69aasy","time":1610138175,"event":{"mods":["AchievementEnabler","BaseMod","Block Reminder","Colored Powertips","DeckTracker","Highlight Path","Minty Spire (QoL Compilation)","Permanent Neow","Relic Stats","StSLib"],"gold_per_floor":[116,132,57,132,143,143,176,188,239,45,45,58,58,91,91,162,162,180,105,119,132,132,132,165,9,9,9,9],"floor_reached":27,"playtime":2554,"items_purged":["Strike_R"],"score":466,"play_id":"fad369b6-204c-4c98-a987-ad220b34277a","local_time":"20210108223615","is_ascension_mode":true,"campfire_choices":[{"data":"Shockwave","floor":6.0,"key":"SMITH"},{"data":"Inflame","floor":11.0,"key":"SMITH"},{"data":"Iron Wave","floor":13.0,"key":"SMITH"},{"data":"Heavy Blade","floor":15.0,"key":"SMITH"},{"data":"Limit Break","floor":23,"key":"SMITH"}],"circlet_count":0,"master_deck":["AscendersBane","Strike_R","Strike_R","Defend_R","Defend_R","Defend_R","Defend_R","Bash+1","Battle Trance","Shockwave+1","Iron Wave+1","Inflame+1","Pummel","Heavy Blade+1","Limit Break+1","Feel No Pain","Spot Weakness","Disarm"],"relics":["Burning Blood","Question Card","MealTicket","Omamori","SlaversCollar","Turnip","Molten Egg 2","ClockworkSouvenir","Meat on the Bone"],"acts_visited":["Exordium","TheCity"],"potions_floor_usage":[24],"damage_taken":[{"damage":6.0,"enemies":"2 Louse","floor":1.0,"turns":3.0},{"damage":7.0,"enemies":"Small Slimes","floor":2.0,"turns":4.0},{"damage":4.0,"enemies":"Jaw Worm","floor":5.0,"turns":4.0},{"damage":34.0,"enemies":"Lagavulin","floor":7.0,"turns":9.0},{"damage":9.0,"enemies":"Exordium Thugs","floor":8.0,"turns":5.0},{"damage":2.0,"enemies":"2 Fungi Beasts","floor":12.0,"turns":4.0},{"damage":6.0,"enemies":"Gremlin Nob","floor":14.0,"turns":3.0},{"damage":20.0,"enemies":"The Guardian","floor":16.0,"turns":10.0},{"damage":5.0,"enemies":"3 Byrds","floor":18.0,"turns":8.0},{"damage":6.0,"enemies":"Spheric Guardian","floor":20.0,"turns":3.0},{"damage":20,"enemies":"Chosen and Byrds","floor":21,"turns":6},{"damage":49,"enemies":"Slavers","floor":24,"turns":6},{"damage":27,"enemies":"Snake Plant","floor":27,"turns":2}],"seed_played":"-3404099307974918176","potions_obtained":[{"floor":1.0,"key":"ElixirPotion"},{"floor":5.0,"key":"DistilledChaos"},{"floor":12.0,"key":"ColorlessPotion"},{"floor":21,"key":"AttackPotion"}],"is_trial":false,"path_per_floor":["M","M","?","?","M","R","E","M","T","$","R","M","R","E","R","B",null,"M","?","M","M","?","R","E","$","T","M"],"character_chosen":"IRONCLAD","items_purchased":["Inflame","Dexterity Potion","ClockworkSouvenir"],"campfire_rested":0,"item_purchase_floors":[10,10,25],"current_hp_per_floor":[68,67,67,56,58,58,30,27,27,42,42,46,46,46,46,32,64,65,65,65,51,51,51,8,23,23,0,0],"gold":9,"neow_bonus":"UPGRADE_CARD","is_daily":false,"chose_seed":false,"campfire_upgraded":5,"win_rate":0.0,"timestamp":1610138175,"path_taken":["M","M","?","?","M","R","E","M","T","$","R","M","R","E","R","BOSS","M","?","M","M","?","R","E","$","T","?"],"items_purchased_type":["Card","Potion","Relic"],"build_version":"2020-12-22","purchased_purges":1,"victory":false,"max_hp_per_floor":[75,75,75,75,75,75,75,75,75,75,75,75,75,75,75,75,75,75,75,75,75,75,75,75,75,75,75,75],"relic_stats":{"counters":[13,67],"MealTicket":30,"Turnip":[0],"Question Card":8,"obtain_stats":[{"SlaversCollar":17,"MealTicket":9,"Molten Egg 2":24,"Turnip":22,"Omamori":14,"Question Card":7,"Burning Blood":0,"ClockworkSouvenir":25,"Meat on the Bone":26},{"SlaversCollar":8,"MealTicket":5,"Molten Egg 2":12,"Turnip":11,"Omamori":7,"Question Card":4,"Burning Blood":0,"ClockworkSouvenir":12,"Meat on the Bone":12},{"SlaversCollar":42,"MealTicket":25,"Molten Egg 2":65,"Turnip":59,"Omamori":32,"Question Card":20,"Burning Blood":0,"ClockworkSouvenir":65,"Meat on the Bone":65}],"Burning Blood":72,"Meat on the Bone":0},"card_choices":[{"not_picked":["Headbutt","Infernal Blade"],"picked":"Battle Trance","floor":1.0},{"not_picked":["Thunderclap","Ghostly Armor"],"picked":"Shockwave","floor":2.0},{"not_picked":["Rupture","Armaments","Burning Pact"],"picked":"SKIP","floor":5.0},{"not_picked":["Cleave","Entrench"],"picked":"Iron Wave","floor":7.0},{"not_picked":["Ghostly Armor","Reckless Charge","Heavy Blade","Burning Pact"],"picked":"SKIP","floor":8.0},{"not_picked":["Wild Strike","Sever Soul","Perfected Strike"],"picked":"Pummel","floor":12.0},{"not_picked":["Body Slam","Cleave","Wild Strike"],"picked":"Heavy Blade","floor":14.0},{"not_picked":["Demon Form","Barricade","Immolate"],"picked":"Limit Break","floor":16.0},{"not_picked":["True Grit","Flex","Sword Boomerang"],"picked":"Feel No Pain","floor":18.0},{"not_picked":["Uppercut+1","Flex","Thunderclap"],"picked":"Spot Weakness","floor":20.0},{"not_picked":["Evolve","Heavy Blade","Spot Weakness","Bloodletting"],"picked":"SKIP","floor":21},{"not_picked":["Sword Boomerang+1","Thunderclap+1","Hemokinesis+1"],"picked":"Disarm","floor":24}],"player_experience":2039356,"relics_obtained":[{"floor":7.0,"key":"Question Card"},{"floor":9.0,"key":"MealTicket"},{"floor":14.0,"key":"Omamori"},{"floor":24,"key":"Molten Egg 2"},{"floor":26,"key":"Meat on the Bone"}],"event_choices":[{"cards_removed":["Strike_R"],"damage_healed":0.0,"max_hp_gain":0.0,"max_hp_loss":0.0,"gold_gain":0.0,"event_name":"The Cleric","player_choice":"Card Removal","floor":3.0,"gold_loss":75.0,"damage_taken":0.0},{"damage_healed":0.0,"max_hp_gain":0.0,"max_hp_loss":0.0,"gold_gain":75.0,"event_name":"World of Goop","player_choice":"Gather Gold","floor":4.0,"gold_loss":0.0,"damage_taken":11.0},{"cards_removed":["Strike_R"],"damage_healed":0.0,"max_hp_gain":0.0,"max_hp_loss":0.0,"gold_gain":0.0,"event_name":"Beggar","player_choice":"Gave Gold","floor":19.0,"gold_loss":75.0,"damage_taken":0.0},{"damage_healed":0,"gold_gain":0,"player_choice":"Gave Potion","damage_taken":0,"relics_obtained":["Turnip"],"max_hp_gain":0,"max_hp_loss":0,"event_name":"WeMeetAgain","floor":22,"gold_loss":0}],"is_beta":false,"boss_relics":[{"not_picked":["Runic Cube","Runic Dome"],"picked":"SlaversCollar"}],"items_purged_floors":[10],"is_endless":false,"potions_floor_spawned":[1,5,12,20,21],"killed_by":"Snake Plant","ascension_level":15}}