{"host":"q9szs7qndgdlcq24","time":1610135702,"event":{"mods":["AchievementEnabler","BaseMod","Bestiary","Colored Powertips","DeckTracker","Minty Spire (QoL Compilation)","Random Character Button","StSLib"],"gold_per_floor":[219,236,38,48,48,78,78,78,102,114,14,14,34,58,58,163,163],"floor_reached":16,"playtime":2784,"items_purged":["Strike_G","Strike_G"],"score":150,"play_id":"b77b8a50-58ed-484b-b99b-2d3042760227","local_time":"20210108225502","is_ascension_mode":false,"campfire_choices":[{"floor":8,"key":"REST"},{"floor":12,"key":"REST"},{"floor":15,"key":"REST"}],"circlet_count":0,"master_deck":["Strike_G","Strike_G","Defend_G","Defend_G","Defend_G","Defend_G","Defend_G","Survivor+1","Neutralize","Deadly Poison+1","Poisoned Stab","Sucker Punch","Footwork","Infinite Blades","Poisoned Stab","Noxious Fumes","Blade Dance"],"relics":["Ring of the Snake","Darkstone Periapt","Bird Faced Urn","Centennial Puzzle","War Paint"],"acts_visited":["Exordium"],"potions_floor_usage":[16],"damage_taken":[{"damage":9,"enemies":"Cultist","floor":1,"turns":4},{"damage":0,"enemies":"2 Louse","floor":2,"turns":2},{"damage":1,"enemies":"Jaw Worm","floor":4,"turns":4},{"damage":30,"enemies":"Lagavulin","floor":6,"turns":7},{"damage":18,"enemies":"Lots of Slimes","floor":10,"turns":4},{"damage":17,"enemies":"Exordium Thugs","floor":13,"turns":5},{"damage":57,"enemies":"Slime Boss","floor":16,"turns":10}],"seed_played":"860652471133937682","potions_obtained":[{"floor":10,"key":"LiquidMemories"},{"floor":13,"key":"Block Potion"},{"floor":16,"key":"Block Potion"}],"is_trial":false,"path_per_floor":["M","M","$","M","T","E","?","R","T","M","$","R","M","T","R","B"],"character_chosen":"THE_SILENT","items_purchased":["Sucker Punch","Footwork"],"campfire_rested":3,"item_purchase_floors":[3,3],"current_hp_per_floor":[61,61,61,60,60,30,23,44,44,26,26,47,32,32,53,2,2],"gold":163,"neow_bonus":"HUNDRED_GOLD","is_daily":false,"chose_seed":false,"campfire_upgraded":0,"win_rate":0.0,"timestamp":1610135702,"path_taken":["M","M","$","M","?","E","?","R","T","M","$","R","M","?","R","BOSS"],"items_purchased_type":["Card","Card"],"build_version":"2020-12-22","purchased_purges":2,"victory":false,"max_hp_per_floor":[70,70,70,70,70,70,70,70,70,70,70,70,70,70,70,70,70],"card_choices":[{"not_picked":["Dodge and Roll","Acrobatics"],"picked":"Deadly Poison","floor":1},{"not_picked":["Deadly Poison","Finisher"],"picked":"Poisoned Stab","floor":2},{"not_picked":["Blur","Reflex"],"picked":"Infinite Blades","floor":4},{"not_picked":["Dagger Throw","Tools of the Trade"],"picked":"Poisoned Stab","floor":6},{"not_picked":["Poisoned Stab","Dagger Spray"],"picked":"Noxious Fumes","floor":10},{"not_picked":["Quick Slash","Dodge and Roll"],"picked":"Blade Dance","floor":13}],"player_experience":36229,"relics_obtained":[{"floor":5,"key":"Darkstone Periapt"},{"floor":6,"key":"Bird Faced Urn"},{"floor":9,"key":"Centennial Puzzle"},{"floor":14,"key":"War Paint"}],"event_choices":[{"cards_removed":["Strike_G"],"damage_healed":0,"gold_gain":0,"player_choice":"Card Removal","damage_taken":7,"max_hp_gain":0,"max_hp_loss":0,"event_name":"Golden Wing","floor":7,"gold_loss":0}],"is_beta":false,"boss_relics":[],"items_purged_floors":[3,11],"is_endless":false,"potions_floor_spawned":[10,13,16],"killed_by":"Slime Boss","ascension_level":0}}