{"host":"ct28ocsd8g8yr2ah","time":1610132683,"event":{"mods":["BaseMod","Better Third Choice","Hermit","Marisa????????","Minty Spire (QoL Compilation)","Remilia??????","StSLib","The Animator","The Gatherer","The Servant 0.9.4","Waifu the Spire"],"gold_per_floor":[115,115,140,165,28,28,41,41,41,63,63,88,107,107,107,209,259,274,199,217,31,44,44,55,55,55,70,70,70],"floor_reached":28,"playtime":1337,"items_purged":["animator:Strike"],"score":212,"play_id":"ae085b91-cd2e-4ecb-b32b-7b877b7d326f","local_time":"20210109000443","is_ascension_mode":false,"campfire_choices":[{"data":"animator:Eve","floor":6,"key":"SMITH"},{"floor":8,"key":"REST"},{"data":"animator:Benimaru","floor":11,"key":"SMITH"},{"floor":15,"key":"REST"},{"floor":23,"key":"REST"},{"floor":25,"key":"REST"}],"circlet_count":0,"master_deck":["animator:Strike_Elsword","animator:Defend_Elsword","animator:Strike","animator:Strike","animator:Defend","animator:Defend","animator:Defend","animator:Chung","animator:Raven","animator:NarberalGamma","animator:Elsword","animator:Konayuki","animator:Eve+1","animator:Elsword","animator:Benimaru+1","animator:Illya+1","animator:FielNirvalen","animator:Biyorigo","animator:Benimaru","animator:PandorasActor","animator:Benimaru","animator:Kira","animator:Illya+1","animator:Biyorigo"],"relics":["animator:LivingPicture","animator:TheMissingPiece","NeowsBlessing","CloakClasp","Odd Mushroom","Tiny House","Dream Catcher"],"acts_visited":["Exordium","TheCity"],"potions_floor_usage":[7,7,7,7,12,16,22,24,28],"damage_taken":[{"damage":0,"enemies":"Jaw Worm","floor":1,"turns":1},{"damage":0,"enemies":"Cultist","floor":3,"turns":1},{"damage":0,"enemies":"Small Slimes","floor":4,"turns":1},{"damage":20,"enemies":"Exordium Wildlife","floor":7,"turns":3},{"damage":6,"enemies":"Looter","floor":10,"turns":3},{"damage":14,"enemies":"The Mushroom Lair","floor":12,"turns":4},{"damage":3,"enemies":"Red Slaver","floor":13,"turns":4},{"damage":20,"enemies":"Hexaghost","floor":16,"turns":9},{"damage":16,"enemies":"Chosen","floor":18,"turns":6},{"damage":14,"enemies":"Shell Parasite","floor":20,"turns":5},{"damage":18,"enemies":"Centurion and Healer","floor":22,"turns":7},{"damage":22,"enemies":"Shelled Parasite and Fungi","floor":24,"turns":6},{"damage":36,"enemies":"Snake Plant","floor":27,"turns":4},{"damage":15,"enemies":"Snecko","floor":28,"turns":6}],"seed_played":"-9067480462547763358","potions_obtained":[{"floor":1,"key":"PowerPotion"},{"floor":2,"key":"CultistPotion"},{"floor":2,"key":"EntropicBrew"},{"floor":10,"key":"DistilledChaos"},{"floor":12,"key":"SpeedPotion"},{"floor":13,"key":"Fire Potion"},{"floor":17,"key":"EssenceOfSteel"},{"floor":24,"key":"Strength Potion"},{"floor":27,"key":"Swift Potion"}],"is_trial":false,"path_per_floor":["M","?","M","M","$","R","M","R","T","M","R","?","M","?","R","B",null,"M","$","M","$","M","R","M","R","T","M","M"],"character_chosen":"THE_ANIMATOR","items_purchased":["animator:Eve","animator:Kira"],"campfire_rested":4,"item_purchase_floors":[5,21],"current_hp_per_floor":[66,66,66,66,66,66,46,65,65,59,59,45,42,36,55,36,72,56,56,42,42,24,45,23,44,44,8,0,0],"gold":70,"neow_bonus":"THREE_ENEMY_KILL","is_daily":false,"chose_seed":false,"campfire_upgraded":2,"win_rate":0.0,"timestamp":1610132683,"path_taken":["M","?","?","M","$","R","M","R","T","M","R","?","M","?","R","BOSS","M","$","?","$","M","R","M","R","T","M","M"],"items_purchased_type":["Card","Card"],"build_version":"2020-12-22","purchased_purges":1,"victory":false,"max_hp_per_floor":[66,66,66,66,66,66,66,66,66,66,66,66,66,66,66,67,72,72,72,72,72,72,72,72,72,72,72,72,72],"card_choices":[{"not_picked":["animator:Hakurou","animator:Alexander"],"picked":"animator:NarberalGamma","floor":1},{"not_picked":["animator:Azekura","animator:YaoHaDucy"],"picked":"animator:Elsword","floor":3},{"not_picked":["animator:Jibril","animator:Assassin"],"picked":"animator:Konayuki","floor":4},{"not_picked":["animator:Add","animator:Raven"],"picked":"animator:Elsword","floor":7},{"not_picked":["animator:Rider","animator:Lu"],"picked":"animator:Benimaru","floor":10},{"not_picked":["animator:Demiurge","animator:Hakurou"],"picked":"animator:Illya","floor":12},{"not_picked":["animator:Elsword","animator:Shion"],"picked":"animator:FielNirvalen","floor":13},{"not_picked":["animator:ItamiYouji","animator:PinaCoLada"],"picked":"animator:Biyorigo","floor":16},{"not_picked":["animator:EmiyaShirou","animator:Elsword"],"picked":"animator:Benimaru","floor":17},{"not_picked":["animator:Benimaru","animator:Demiurge"],"picked":"animator:PandorasActor","floor":18},{"not_picked":["animator:Vesta","animator:Shion"],"picked":"animator:Benimaru","floor":20},{"not_picked":["animator:Nanami","animator:Sebas"],"picked":"animator:Illya+1","floor":22},{"not_picked":["animator:Laby","animator:ShinjiMatou+1","animator:Arpeggio"],"picked":"SKIP","floor":24},{"not_picked":["animator:Arpeggio","animator:Emonzaemon+1"],"picked":"animator:Biyorigo","floor":27}],"player_experience":488716,"relics_obtained":[{"floor":9,"key":"CloakClasp"},{"floor":12,"key":"Odd Mushroom"},{"floor":26,"key":"Dream Catcher"}],"event_choices":[{"damage_healed":0,"gold_gain":0,"player_choice":"Got Potions","damage_taken":0,"max_hp_gain":0,"max_hp_loss":0,"event_name":"Lab","floor":2,"gold_loss":0},{"damage_healed":0,"gold_gain":0,"player_choice":"Fought Mushrooms","damage_taken":0,"max_hp_gain":0,"max_hp_loss":0,"event_name":"Mushrooms","floor":12,"gold_loss":0},{"damage_healed":0,"gold_gain":0,"player_choice":"Damaged","damage_taken":6,"max_hp_gain":0,"max_hp_loss":0,"event_name":"Wheel of Change","floor":14,"gold_loss":0}],"is_beta":false,"boss_relics":[{"not_picked":["animator:VividPicture","Fusion Hammer"],"picked":"Tiny House"}],"items_purged_floors":[19],"is_endless":false,"potions_floor_spawned":[1,10,12,13,24,27],"killed_by":"Snecko","ascension_level":0}}