{"host":"d8d3jqle49sogkjv","time":1610136635,"event":{"mods":["BaseMod","Colored Map","Colored Powertips","Minty Spire (QoL Compilation)","StSLib"],"gold_per_floor":[110,110,124,124,134,167,167,179,179,197,224,224,224,258,258,360,360,377,8,0,15,15,48,48,48],"floor_reached":24,"playtime":949,"items_purged":["Strike_B"],"score":363,"play_id":"e4b7ba01-89b0-42f1-ba76-46a4585c7b20","local_time":"20210108211035","is_ascension_mode":true,"campfire_choices":[{"data":"Genetic Algorithm","floor":7,"key":"SMITH"},{"floor":13,"key":"REST"},{"floor":15,"key":"REST"}],"circlet_count":0,"master_deck":["AscendersBane","Strike_B","Strike_B","Defend_B","Defend_B","Defend_B","Defend_B","Zap+1","Dualcast","Rainbow","Genetic Algorithm+1","Thunder Strike","Self Repair","Steam","Parasite","Capacitor","Reboot","Conserve Battery","Doom and Gloom","Undo"],"relics":["Cracked Core","Oddly Smooth Stone","Letter Opener","CaptainsWheel","Blue Candle","Nuclear Battery","Unceasing Top","Du-Vu Doll"],"acts_visited":["Exordium","TheCity"],"potions_floor_usage":[6,23,23,24],"damage_taken":[{"damage":1,"enemies":"Cultist","floor":1,"turns":3},{"damage":5,"enemies":"Small Slimes","floor":3,"turns":3},{"damage":5,"enemies":"Jaw Worm","floor":5,"turns":3},{"damage":26,"enemies":"Gremlin Nob","floor":6,"turns":4},{"damage":22,"enemies":"Large Slime","floor":8,"turns":6},{"damage":9,"enemies":"Looter","floor":10,"turns":3},{"damage":30,"enemies":"3 Sentries","floor":11,"turns":8},{"damage":21,"enemies":"Lagavulin","floor":14,"turns":6},{"damage":35,"enemies":"Slime Boss","floor":16,"turns":11},{"damage":11,"enemies":"Shell Parasite","floor":18,"turns":5},{"damage":21,"enemies":"Spheric Guardian","floor":21,"turns":6},{"damage":17,"enemies":"Slavers","floor":23,"turns":5},{"damage":50,"enemies":"Cultist and Chosen","floor":24,"turns":5}],"seed_played":"1009445907242691272","potions_obtained":[{"floor":5,"key":"EssenceOfDarkness"},{"floor":6,"key":"FairyPotion"},{"floor":14,"key":"FearPotion"},{"floor":16,"key":"EssenceOfDarkness"},{"floor":21,"key":"PowerPotion"},{"floor":23,"key":"ColorlessPotion"}],"is_trial":false,"path_per_floor":["M","?","M","?","M","E","R","M","T","M","E","?","R","E","R","B",null,"M","$","?","M","?","E","M"],"character_chosen":"DEFECT","items_purchased":["Unceasing Top"],"campfire_rested":2,"item_purchase_floors":[19],"current_hp_per_floor":[67,72,67,67,62,36,36,14,14,5,13,33,57,43,67,39,70,66,66,66,52,52,49,0,0],"gold":48,"neow_bonus":"UPGRADE_CARD","is_daily":false,"chose_seed":false,"campfire_upgraded":1,"win_rate":0.0,"timestamp":1610136635,"path_taken":["M","?","M","?","M","E","R","?","T","M","E","?","R","E","R","BOSS","M","$","?","M","?","E","M"],"items_purchased_type":["Relic"],"build_version":"2020-12-22","purchased_purges":1,"victory":false,"max_hp_per_floor":[75,80,80,80,80,80,80,80,80,80,80,80,80,80,80,80,80,80,80,80,80,80,80,80,80],"card_choices":[{"not_picked":["Barrage","Reinforced Body","Stack"],"picked":"SKIP","floor":1},{"not_picked":["Rebound","Steam","Streamline"],"picked":"SKIP","floor":3},{"not_picked":["Force Field","Lockon"],"picked":"Genetic Algorithm","floor":5},{"not_picked":["Stack","Cold Snap"],"picked":"Thunder Strike","floor":6},{"not_picked":["Streamline","Coolheaded","Gash"],"picked":"SKIP","floor":8},{"not_picked":["Stack","Turbo"],"picked":"Self Repair","floor":10},{"not_picked":["Rip and Tear","Consume"],"picked":"Steam","floor":11},{"not_picked":["Compile Driver","Aggregate"],"picked":"Capacitor","floor":14},{"not_picked":["Core Surge","Biased Cognition"],"picked":"Reboot","floor":16},{"not_picked":["Steam","Beam Cell+1"],"picked":"Conserve Battery","floor":18},{"not_picked":["Go for the Eyes","Coolheaded"],"picked":"Doom and Gloom","floor":21},{"not_picked":["Go for the Eyes+1","Beam Cell"],"picked":"Undo","floor":23}],"player_experience":407311,"relics_obtained":[{"floor":6,"key":"Oddly Smooth Stone"},{"floor":9,"key":"Letter Opener"},{"floor":11,"key":"CaptainsWheel"},{"floor":14,"key":"Blue Candle"},{"floor":23,"key":"Du-Vu Doll"}],"event_choices":[{"damage_healed":0,"gold_gain":0,"player_choice":"Donut","damage_taken":0,"max_hp_gain":5,"max_hp_loss":0,"event_name":"Big Fish","floor":2,"gold_loss":0},{"damage_healed":0,"gold_gain":0,"cards_transformed":["Strike_B"],"player_choice":"Change","damage_taken":0,"max_hp_gain":0,"max_hp_loss":0,"event_name":"Living Wall","floor":4,"gold_loss":0,"cards_obtained":["Rainbow"]},{"damage_healed":20,"gold_gain":0,"player_choice":"Healed and dodged fight","damage_taken":0,"max_hp_gain":0,"max_hp_loss":0,"event_name":"Mushrooms","floor":12,"gold_loss":0,"cards_obtained":["Parasite"]},{"damage_healed":0,"gold_gain":0,"player_choice":"Paid Fearfully","damage_taken":0,"max_hp_gain":0,"max_hp_loss":0,"event_name":"Masked Bandits","floor":20,"gold_loss":8},{"damage_healed":0,"gold_gain":0,"player_choice":"Ignored","damage_taken":0,"max_hp_gain":0,"max_hp_loss":0,"event_name":"Cursed Tome","floor":22,"gold_loss":0}],"is_beta":false,"boss_relics":[{"not_picked":["Tiny House","SacredBark"],"picked":"Nuclear Battery"}],"items_purged_floors":[19],"is_endless":false,"potions_floor_spawned":[5,6,14,16,21,23],"killed_by":"Cultist and Chosen","ascension_level":11}}