{"host":"3vgzk5mhz751jdrj","time":1610088879,"event":{"mods":["2.2 Compatiblity","AchievementEnabler","Act Like it!","Aspiration","BaseMod","Better Altar","Better Match","Better Note","Better Sensory Stone","Better Skull","Better Third Choice","Block Reminder","Colored Map","Conspire","Curses Come First","Dark Map","Displayed Cursed Tome","Downfall","Friendly Minions","GifTheSpireLib","Halation","Hubris","Marked Mod","Mimic Mod","Minty Spire (QoL Compilation)","Quick Restart","Rare Cards Sparkle","Replay The Spire","Reworked Bosses","Shop Mod","Spicy Shops","Spikes Relics","StSLib","Stuff the Spire","Thieving Mod","Trackpad","vexMod"],"gold_per_floor":[99,99,99,99,24,49,72,72,84,94,5,5,5,5,21,118,118,118,130,145,145,245,245,245,220,285,74,91,158,22,128,179,320,320,170,228,284,41,41,41,89,141,66,118,185,9,59,32,52,52,52,120,22,22,22],"floor_reached":56,"playtime":16148,"items_purged":["StuffTheSpire:CuriosityCurse","sneckomod:Defend"],"score":1406,"play_id":"24a4cda2-026d-4f16-82b5-5d5b47fd31cb","local_time":"20210108015439","is_ascension_mode":false,"campfire_choices":[{"data":"sneckomod:SnekBite","floor":1.0,"key":"SMITH"},{"data":"sneckomod:CheapStock","floor":12.0,"key":"SMITH"},{"data":"sneckomod:SerpentMind","floor":18.0,"key":"SMITH"},{"data":"expansioncontent:QuickStudy","floor":35,"key":"SMITH"},{"floor":40,"key":"RECALL"},{"data":"sneckomod:SoulDraw","floor":43,"key":"SMITH"},{"data":"sneckomod:MasterEye","floor":54,"key":"SMITH"}],"circlet_count":0,"master_deck":["sneckomod:Strike","sneckomod:Strike","sneckomod:Strike","sneckomod:Defend+1","sneckomod:Defend","sneckomod:TailWhip","sneckomod:SnekBite+1","sneckomod:Unknown","sneckomod:Unknown","sneckomod:UnknownVulnerable","sneckomod:SoulDraw+1","sneckomod:UnknownRareAttack+1","sneckomod:WideSting+1","sneckomod:UnknownWeak+1","sneckomod:CheapStock+1","sneckomod:UnknownUncommonPower+1","sneckomod:UnknownVulnerable+1","sneckomod:SerpentMind+1","sneckomod:ImprovisedGuard+1","sneckomod:Unknown0Cost+1","sneckomod:UnknownRareAttack+1","sneckomod:TrashToTreasure","sneckomod:UnknownClassBLESSING+1","Offering","sneckomod:UnknownClassBLESSING+1","sneckomod:SoulDraw+1","sneckomod:UnknownUncommonSkill+2","expansioncontent:QuickStudy+1","sneckomod:UnknownRarePower+1","sneckomod:UnknownClassSLIMEBOUND+1","sneckomod:QuickBite+1","sneckomod:QuickBite+1","sneckomod:MasterEye+1"],"relics":["sneckomod:SneckoSoul","downfall:HeartsMalice","sneckomod:UnknownEgg","StrikeDummy","White Beast Statue","downfall:KnowingSkull","m_IronCrown","trackpad:Compendium","vexMod:Cooldron","MerchantsRug","aspiration:Stabinomicon","StuffTheSpire:BottledEssence","Lantern","hubris:DeckOfHolding","downfall:HeartBlessingGreen","downfall:HeartBlessingBlue","Bottled Lightning","downfall:HeartBlessingRed","SpikesRelics:SneckoPlush","HandDrill","StuffTheSpire:HeavyRock","Lee\u0027s Waffle"],"acts_visited":["Exordium","TheCity","TheBeyond","TheEnding"],"potions_floor_usage":[29,29,29,30,30,30,30,31,31,31,31,31,32,32,32,32,32,32,33,33,36,36,36,36,36,36,37,37,37,37,42,42,44,44,44,45,45,45,46,47,48,48,48,49,49,49,49,50,50,50,50,50,52,52,55,55,55],"damage_taken":[{"damage":0.0,"enemies":"Small Slimes","floor":2.0,"turns":1.0},{"damage":0.0,"enemies":"2 Louse","floor":3.0,"turns":1.0},{"damage":0.0,"enemies":"downfall:FleeingMerchant","floor":5.0,"turns":1.0},{"damage":45.0,"enemies":"3 Sentries","floor":6.0,"turns":6.0},{"damage":0.0,"enemies":"Cultist","floor":9.0,"turns":2.0},{"damage":0.0,"enemies":"Lots of Slimes","floor":10.0,"turns":1.0},{"damage":5.0,"enemies":"downfall:FleeingMerchant","floor":11.0,"turns":4.0},{"damage":6.0,"enemies":"2 Fungi Beasts","floor":15.0,"turns":2.0},{"damage":67.0,"enemies":"downfall:Ironclad","floor":16.0,"turns":8.0},{"damage":47.0,"enemies":"Chosen","floor":19.0,"turns":6.0},{"damage":30.0,"enemies":"Shell Parasite","floor":20.0,"turns":6.0},{"damage":26.0,"enemies":"downfall:LadyInBlue","floor":22.0,"turns":3.0},{"damage":11.0,"enemies":"conspire:Head Lice","floor":26.0,"turns":3.0},{"damage":8.0,"enemies":"downfall:FleeingMerchant","floor":27.0,"turns":4.0},{"damage":44.0,"enemies":"Sentry and Sphere","floor":28.0,"turns":5.0},{"damage":12,"enemies":"Book of Stabbing","floor":29,"turns":4},{"damage":15,"enemies":"downfall:FleeingMerchant","floor":30,"turns":5},{"damage":18,"enemies":"Slavers","floor":31,"turns":5},{"damage":26,"enemies":"Centurion and Healer","floor":32,"turns":2},{"damage":15,"enemies":"downfall:Silent","floor":33,"turns":5},{"damage":30,"enemies":"3 Darklings","floor":36,"turns":3},{"damage":16,"enemies":"Orb Walker","floor":37,"turns":4},{"damage":9,"enemies":"3 Darklings","floor":42,"turns":2},{"damage":52,"enemies":"Spire Growth","floor":44,"turns":3},{"damage":19,"enemies":"R_Hoarder","floor":45,"turns":6},{"damage":16,"enemies":"4 Shapes","floor":47,"turns":1},{"damage":7,"enemies":"3 Darklings","floor":49,"turns":3},{"damage":22,"enemies":"downfall:Watcher","floor":50,"turns":3},{"damage":79,"enemies":"downfall:CharBossMerchant","floor":52,"turns":5},{"damage":88,"enemies":"downfall:NeowBoss","floor":55,"turns":14}],"seed_played":"-8545137369635115085","potions_obtained":[{"floor":6.0,"key":"AttackPotion"},{"floor":9.0,"key":"AttackPotion"},{"floor":16.0,"key":"Milkshake"},{"floor":22.0,"key":"SneckoOil"},{"floor":22.0,"key":"sneckomod:DiceRollPotion"},{"floor":26.0,"key":"BlessingOfTheForge"},{"floor":27.0,"key":"LiquidBronze"},{"floor":28.0,"key":"EntropicBrew"},{"floor":29,"key":"EntropicBrew"},{"floor":30,"key":"EntropicBrew"},{"floor":31,"key":"EntropicBrew"},{"floor":32,"key":"EntropicBrew"},{"floor":33,"key":"EntropicBrew"},{"floor":36,"key":"EntropicBrew"},{"floor":37,"key":"EntropicBrew"},{"floor":42,"key":"EntropicBrew"},{"floor":44,"key":"EntropicBrew"},{"floor":45,"key":"EntropicBrew"},{"floor":47,"key":"EntropicBrew"},{"floor":49,"key":"EntropicBrew"},{"floor":52,"key":"EntropicBrew"}],"is_trial":false,"path_per_floor":["R","M","M","?","$","E","T","?","M","M","$","R","?","?","M","B",null,"R","M","M","?","?","?","T","?","E","$","M","E","$","E","M","B",null,"R","M","M","$","?","R","T","M","R","M","E","$","M","$","M","B",null,"E","$","R","B",null],"character_chosen":"THE_SNECKO","items_purchased":["sneckomod:UnknownUncommonPower+1","vexMod:Cooldron","MerchantsRug","War Paint","StuffTheSpire:BottledEssence","Lantern","sneckomod:UnknownUncommonSkill+2","expansioncontent:QuickStudy","Bottled Lightning","BargainBundle","EntropicBrew","SpikesRelics:SneckoPlush","HandDrill","Lee\u0027s Waffle"],"campfire_rested":0,"item_purchase_floors":[11,27,27,27,30,30,30,30,38,46,46,46,48,53],"current_hp_per_floor":[90,91,91,91,92,70,70,93,93,94,90,90,90,83,78,11,96,96,49,20,21,98,91,91,91,87,85,48,42,44,90,72,64,104,114,91,84,84,84,84,84,85,85,50,71,71,65,65,64,59,118,93,125,125,79],"gold":22,"neow_bonus":"THREE_ENEMY_KILL","is_daily":false,"chose_seed":false,"campfire_upgraded":6,"win_rate":0.0,"timestamp":1610088879,"path_taken":["R","M","M","?","$","E","T","?","M","?","?","R","?","?","M","BOSS","R","M","M","?","?","?","T","?","E","$","M","E","$","E","M","BOSS","R","M","M","$","?","R","T","M","R","M","E","$","M","$","M","BOSS","E","$","R","BOSS"],"items_purchased_type":["Card","Relic","Relic","Relic","Relic","Relic","Card","Card","Relic","Relic","Potion","Relic","Relic","Relic"],"build_version":"2020-12-22","purchased_purges":2,"victory":true,"max_hp_per_floor":[90,91,91,91,92,93,93,93,93,94,95,95,95,95,96,96,96,96,96,97,98,98,98,98,98,99,99,100,100,101,101,103,104,104,114,115,118,118,118,118,118,118,118,118,118,118,118,118,118,118,118,118,125,125,125],"card_choices":[{"not_picked":["sneckomod:DiceCrush","sneckomod:UnknownExhaust"],"picked":"sneckomod:UnknownVulnerable","floor":2.0},{"not_picked":["sneckomod:DefensiveFlair","sneckomod:QuickMove"],"picked":"sneckomod:SoulDraw","floor":3.0},{"not_picked":["sneckomod:Nope","sneckomod:UnknownCommonAttack+1"],"picked":"sneckomod:UnknownRareAttack+1","floor":5.0},{"not_picked":["sneckomod:RainOfDice","sneckomod:DiceCrush"],"picked":"sneckomod:UnknownClassGREEN+1","floor":6.0},{"not_picked":["sneckomod:UnknownBlock+1","sneckomod:UnknownCommonSkill+1"],"picked":"sneckomod:WideSting","floor":9.0},{"not_picked":["sneckomod:UnknownBlock+1","sneckomod:TrashToTreasure"],"picked":"sneckomod:UnknownWeak+1","floor":10.0},{"not_picked":["sneckomod:IronFang","sneckomod:UnknownCommonAttack+1"],"picked":"sneckomod:CheapStock","floor":11.0},{"not_picked":["sneckomod:WideSting","sneckomod:UnknownEthereal+1"],"picked":"sneckomod:UnknownVulnerable+1","floor":15.0},{"not_picked":["sneckomod:Restock","sneckomod:Unknown3Cost+1"],"picked":"sneckomod:SerpentMind","floor":16.0},{"not_picked":["sneckomod:SnekBeam","sneckomod:DiceBlock"],"picked":"sneckomod:ImprovisedGuard+1","floor":19.0},{"not_picked":["sneckomod:RainOfDice+1","sneckomod:DiceCrush"],"picked":"sneckomod:Unknown0Cost+1","floor":20.0},{"not_picked":["sneckomod:UnknownCommonAttack+1","sneckomod:UnknownClassTHE_CHAMP_GRAY+1"],"picked":"sneckomod:TrashToTreasure","floor":22.0},{"not_picked":["sneckomod:Rotation+1","sneckomod:SoulCleanse"],"picked":"sneckomod:UnknownClassBLESSING+1","floor":26.0},{"not_picked":["sneckomod:ImprovisedAttack+1","sneckomod:UnknownWeak+1"],"picked":"Offering","floor":27.0},{"not_picked":["sneckomod:SoulRoll","sneckomod:UnknownUncommonSkill+1"],"picked":"sneckomod:UnknownClassBLESSING+1","floor":28.0},{"not_picked":["sneckomod:UnknownEthereal+1","sneckomod:Unknown2Cost+1"],"picked":"sneckomod:SoulDraw","floor":29},{"not_picked":["sneckomod:UnknownX+1","sneckomod:UnknownEthereal+1","Hemokinesis"],"picked":"SKIP","floor":30},{"not_picked":["ReplayTheSpireMod:LeadingStrike","sneckomod:UnknownUncommonAttack+1","sneckomod:UnknownClassGUARDIAN+1"],"picked":"SKIP","floor":31},{"not_picked":["sneckomod:SoulRoll+1","sneckomod:RainOfDice","sneckomod:UnknownClassBLUE+1"],"picked":"SKIP","floor":32},{"not_picked":["sneckomod:UnknownRareAttack+1","sneckomod:SerpentMind"],"picked":"sneckomod:UnknownRarePower+1","floor":33},{"not_picked":["sneckomod:UnknownStrike+1","sneckomod:UnknownExhaust+1"],"picked":"sneckomod:UnknownClassSLIMEBOUND+1","floor":36},{"not_picked":["sneckomod:DiceBlock","sneckomod:Unknown1Cost+1"],"picked":"sneckomod:QuickBite+1","floor":37},{"not_picked":["sneckomod:UnknownCommonSkill+1","sneckomod:UnknownStrike+1"],"picked":"sneckomod:QuickBite+1","floor":42},{"not_picked":["sneckomod:Nope","sneckomod:UnknownVulnerable+1","sneckomod:SoulRoll+1"],"picked":"SKIP","floor":44},{"not_picked":["sneckomod:SnakeSap","sneckomod:SoulDraw+1","sneckomod:QuickMove"],"picked":"SKIP","floor":45},{"not_picked":["sneckomod:UnknownCommonSkill+1","sneckomod:QuickMove","sneckomod:UnknownStrike+1"],"picked":"SKIP","floor":47},{"not_picked":["sneckomod:DiceCrush","sneckomod:DiceBlock+1"],"picked":"sneckomod:MasterEye","floor":49},{"not_picked":["sneckomod:DiceCrush","sneckomod:Unknown3Cost+1","sneckomod:UnknownExhaust+1"],"picked":"SKIP","floor":52}],"player_experience":354705,"relics_obtained":[{"floor":6.0,"key":"StrikeDummy"},{"floor":7.0,"key":"Replay:Baseball"},{"floor":22.0,"key":"White Beast Statue"},{"floor":26.0,"key":"trackpad:Compendium"},{"floor":29,"key":"aspiration:Stabinomicon"},{"floor":31,"key":"hubris:DeckOfHolding"},{"floor":41,"key":"aspiration:HiddenCompartment"},{"floor":45,"key":"Pet Ghost"},{"floor":52,"key":"StuffTheSpire:HeavyRock"}],"event_choices":[{"cards_removed":["sneckomod:UnknownClassGREEN"],"damage_healed":23.0,"max_hp_gain":0.0,"max_hp_loss":0.0,"gold_gain":0.0,"event_name":"Bonfire Elementals","player_choice":"Offered Uncommon","floor":8.0,"gold_loss":0.0,"damage_taken":0.0},{"damage_healed":0.0,"max_hp_gain":0.0,"max_hp_loss":0.0,"gold_gain":0.0,"event_name":"betterThird:BetterScrap","player_choice":"Relic ","floor":14.0,"gold_loss":0.0,"damage_taken":7.0,"cards_obtained":["StuffTheSpire:NuclearReactor"]},{"damage_healed":0.0,"max_hp_gain":0.0,"max_hp_loss":0.0,"gold_gain":0.0,"event_name":"Duplicator","player_choice":"Copied","floor":21.0,"gold_loss":0.0,"damage_taken":0.0,"cards_obtained":["sneckomod:UnknownRareAttack"]},{"damage_healed":0,"gold_gain":0,"player_choice":"Upgraded","damage_taken":0,"max_hp_gain":0,"max_hp_loss":0,"event_name":"Upgrade Shrine","floor":39,"gold_loss":0,"cards_upgraded":["sneckomod:WideSting"]}],"is_beta":false,"boss_relics":[{"not_picked":["Astrolabe","aspiration:SilentSkillbook"],"picked":"halation:PinkAlligatorPlush"},{"not_picked":["StuffTheSpire:RunicHypercube","halation:MonkeysPaw","Philosopher\u0027s Stone"]}],"items_purged_floors":[5,46],"is_endless":false,"potions_floor_spawned":[6,9,16,22,26,27,28,29,30,31,32,33,36,37,42,44,45,47,49,52],"ascension_level":0}}