{"host":"aj7el8l5kufbk20z","time":1610102695,"event":{"mods":["AchievementEnabler","BaseMod","Colored Map","Colored Powertips","Curses Come First","Highlight Path","Minty Spire (QoL Compilation)","Quick Restart","Rare Cards Sparkle","Relic Stats","StSLib","SuperFastMode"],"gold_per_floor":[118,46,121,296,311,311,327,327,327,327,345,164,181,181,181,181,181],"floor_reached":16,"playtime":619,"items_purged":["Doubt"],"score":135,"play_id":"d61d204a-5558-4062-93fc-c42a1c65366a","local_time":"20210108184455","is_ascension_mode":true,"campfire_choices":[{"data":"Entrench","floor":6,"key":"SMITH"},{"data":"Entrench","floor":8,"key":"SMITH"},{"data":"Body Slam","floor":10,"key":"SMITH"},{"floor":15,"key":"REST"}],"circlet_count":0,"master_deck":["AscendersBane","Strike_R","Strike_R","Strike_R","Strike_R","Defend_R","Defend_R","Defend_R","Defend_R","Bash","Whirlwind","Entrench+1","Entrench+1","Body Slam+1","Cleave","Ghostly Armor","Inflame","Flex"],"relics":["Burning Blood","NeowsBlessing","Mummified Hand"],"acts_visited":["Exordium"],"potions_floor_usage":[13,16],"damage_taken":[{"damage":0,"enemies":"Small Slimes","floor":1,"turns":1},{"damage":0,"enemies":"Jaw Worm","floor":5,"turns":1},{"damage":0,"enemies":"Cultist","floor":7,"turns":1},{"damage":88,"enemies":"Exordium Wildlife","floor":11,"turns":10},{"damage":6,"enemies":"3 Louse","floor":13,"turns":3},{"damage":42,"enemies":"Hexaghost","floor":16,"turns":9}],"seed_played":"4239965050235104953","potions_obtained":[{"floor":5,"key":"FairyPotion"},{"floor":7,"key":"Dexterity Potion"},{"floor":11,"key":"LiquidBronze"}],"is_trial":false,"path_per_floor":["M","$","?","?","M","R","M","R","T","R","M","$","M","?","R","B"],"character_chosen":"IRONCLAD","items_purchased":["Entrench","Ghostly Armor","Inflame"],"campfire_rested":1,"item_purchase_floors":[2,12,12],"current_hp_per_floor":[78,78,67,67,73,73,79,79,79,79,25,25,25,18,42,0,0],"gold":181,"neow_bonus":"THREE_ENEMY_KILL","is_daily":false,"chose_seed":false,"campfire_upgraded":3,"win_rate":0.0,"timestamp":1610102695,"path_taken":["M","$","?","?","M","R","M","R","T","R","M","$","M","?","R","BOSS"],"items_purchased_type":["Card","Card","Card"],"build_version":"2020-12-22","purchased_purges":1,"victory":false,"max_hp_per_floor":[80,80,80,80,80,80,80,80,80,80,80,80,80,80,80,80,80],"relic_stats":{"counters":[6,25],"Mummified Hand":[2],"obtain_stats":[{"NeowsBlessing":0,"Mummified Hand":9,"Burning Blood":0},{"NeowsBlessing":0,"Mummified Hand":3,"Burning Blood":0},{"NeowsBlessing":0,"Mummified Hand":3,"Burning Blood":0}],"Burning Blood":30},"card_choices":[{"not_picked":["Thunderclap","Twin Strike"],"picked":"Whirlwind","floor":1},{"not_picked":["Rupture","Shrug It Off"],"picked":"Entrench","floor":5},{"not_picked":["Heavy Blade","Havoc"],"picked":"Body Slam","floor":7},{"not_picked":["Flex","Wild Strike"],"picked":"Cleave","floor":11},{"not_picked":["Pommel Strike","Bludgeon"],"picked":"Flex","floor":13}],"player_experience":328250,"relics_obtained":[{"floor":9,"key":"Mummified Hand"}],"event_choices":[{"damage_healed":0,"gold_gain":75,"player_choice":"Gather Gold","damage_taken":11,"max_hp_gain":0,"max_hp_loss":0,"event_name":"World of Goop","floor":3,"gold_loss":0},{"damage_healed":0,"gold_gain":175,"player_choice":"AGREE","damage_taken":0,"max_hp_gain":0,"max_hp_loss":0,"event_name":"Liars Game","floor":4,"gold_loss":0,"cards_obtained":["Doubt"]},{"cards_removed":["Strike_R"],"damage_healed":0,"gold_gain":0,"player_choice":"Card Removal","damage_taken":7,"max_hp_gain":0,"max_hp_loss":0,"event_name":"Golden Wing","floor":14,"gold_loss":0}],"is_beta":false,"boss_relics":[],"items_purged_floors":[12],"is_endless":false,"potions_floor_spawned":[5,7,11],"killed_by":"Hexaghost","ascension_level":10}}