{"host":"7sy3dyg71hje4mzx","time":1610109333,"event":{"mods":["BaseMod","Downfall","Minty Spire (QoL Compilation)","StSLib"],"gold_per_floor":[10,10,25,43,59,94,94,106,106,126,126,201,216,250,250,346,346,363,58,69,98,98,98,127,127,152,152,38,138,138,57,57,57,57],"floor_reached":33,"playtime":1859,"items_purged":["Decay"],"score":323,"play_id":"e5239c2b-c99a-4758-bb66-42026bd02ed6","local_time":"20210108233533","is_ascension_mode":false,"campfire_choices":[{"data":"Perfected Strike","floor":7,"key":"SMITH"},{"data":"Dual Wield","floor":11,"key":"SMITH"},{"floor":15,"key":"REST"},{"floor":23,"key":"REST"},{"floor":30,"key":"REST"},{"floor":32,"key":"REST"}],"circlet_count":0,"master_deck":["Strike_R","Strike_R","Strike_R","Strike_R","Defend_R","Defend_R","Defend_R","Defend_R","Bash","Ghostly Armor","Offering","Clash","Disarm","Perfected Strike+1","Wild Strike","Dual Wield+1","Armaments","Immolate","expansioncontent:DefensiveStance","Dual Wield","Inflame","Wild Strike+1","Searing Blow+1","Double Tap","Inflame"],"relics":["Burning Blood","Paper Frog","Singing Bowl","HornCleat","Runic Cube","Lee\u0027s Waffle","Red Mask","Pantograph","Molten Egg 2","Matryoshka","Toy Ornithopter","Tiny Chest","TungstenRod","InkBottle"],"acts_visited":["Exordium","TheCity"],"potions_floor_usage":[24,29,33],"damage_taken":[{"damage":5,"enemies":"Cultist","floor":1,"turns":4},{"damage":6,"enemies":"Small Slimes","floor":3,"turns":3},{"damage":1,"enemies":"Jaw Worm","floor":4,"turns":4},{"damage":6,"enemies":"Exordium Wildlife","floor":5,"turns":3},{"damage":12,"enemies":"Lagavulin","floor":6,"turns":5},{"damage":5,"enemies":"Blue Slaver","floor":8,"turns":4},{"damage":6,"enemies":"Looter","floor":10,"turns":2},{"damage":8,"enemies":"3 Louse","floor":13,"turns":4},{"damage":41,"enemies":"3 Sentries","floor":14,"turns":9},{"damage":65,"enemies":"The Guardian","floor":16,"turns":13},{"damage":26,"enemies":"Spheric Guardian","floor":18,"turns":4},{"damage":18,"enemies":"3 Byrds","floor":20,"turns":7},{"damage":74,"enemies":"Masked Bandits","floor":21,"turns":7},{"damage":46,"enemies":"Book of Stabbing","floor":24,"turns":10},{"damage":13,"enemies":"Colosseum Slavers","floor":29,"turns":7},{"damage":20,"enemies":"Colosseum Nobs","floor":29,"turns":6},{"damage":157,"enemies":"Collector","floor":33,"turns":14}],"seed_played":"3253043995396229449","potions_obtained":[{"floor":4,"key":"FairyPotion"},{"floor":8,"key":"PowerPotion"},{"floor":10,"key":"EssenceOfSteel"},{"floor":29,"key":"Explosive Potion"}],"is_trial":false,"path_per_floor":["M","?","M","M","M","E","R","M","T","M","R","?","M","E","R","B",null,"M","$","M","?","?","R","E","T","T","?","$","?","R","$","R","B"],"character_chosen":"IRONCLAD","items_purchased":["Lee\u0027s Waffle","expansioncontent:DefensiveStance","Dual Wield","Searing Blow+1","Inflame"],"campfire_rested":4,"item_purchase_floors":[19,19,19,28,31],"current_hp_per_floor":[96,96,96,96,96,90,90,91,91,93,93,82,80,45,74,17,100,82,109,97,31,31,64,24,24,24,24,24,8,41,41,74,0,0],"gold":57,"neow_bonus":"TWENTY_PERCENT_HP_BONUS","is_daily":false,"chose_seed":false,"campfire_upgraded":2,"win_rate":0.0,"timestamp":1610109333,"path_taken":["M","?","M","M","M","E","R","M","T","M","R","?","M","E","R","BOSS","M","$","M","?","?","R","E","?","T","?","$","?","R","?","R","BOSS"],"items_purchased_type":["Relic","Card","Card","Card","Card"],"build_version":"2020-12-22","purchased_purges":1,"victory":false,"max_hp_per_floor":[96,96,96,96,96,96,96,96,96,98,98,98,98,98,98,100,100,102,109,109,111,111,111,111,111,111,111,111,111,111,111,111,111,111],"card_choices":[{"not_picked":["True Grit","Havoc"],"picked":"Ghostly Armor","floor":1},{"not_picked":["Carnage","Warcry"],"picked":"Clash","floor":3},{"not_picked":["Wild Strike","Clothesline"],"picked":"Disarm","floor":4},{"not_picked":["Sever Soul","Seeing Red"],"picked":"Perfected Strike","floor":5},{"not_picked":["Feed","Flex"],"picked":"Wild Strike","floor":6},{"not_picked":["Blood for Blood","Battle Trance"],"picked":"Dual Wield","floor":8},{"not_picked":["Heavy Blade","Perfected Strike","Blood for Blood"],"picked":"Singing Bowl","floor":10},{"not_picked":["Sever Soul","Sentinel"],"picked":"Armaments","floor":13},{"not_picked":["Heavy Blade","Dropkick"],"picked":"Immolate","floor":14},{"not_picked":["Fiend Fire","Corruption","Exhume"],"picked":"Singing Bowl","floor":16},{"not_picked":["Burning Pact","Warcry","Pommel Strike"],"picked":"Singing Bowl","floor":18},{"not_picked":["Clothesline","Perfected Strike"],"picked":"Inflame","floor":20},{"not_picked":["Cleave","Battle Trance","Perfected Strike"],"picked":"Singing Bowl","floor":21},{"not_picked":["Twin Strike+1","Iron Wave+1"],"picked":"Wild Strike+1","floor":24},{"not_picked":["Shrug It Off","Infernal Blade"],"picked":"Double Tap","floor":29}],"player_experience":185415,"relics_obtained":[{"floor":6,"key":"Paper Frog"},{"floor":9,"key":"Singing Bowl"},{"floor":14,"key":"HornCleat"},{"floor":21,"key":"Red Mask"},{"floor":24,"key":"Molten Egg 2"},{"floor":25,"key":"Matryoshka"},{"floor":26,"key":"Toy Ornithopter"},{"floor":26,"key":"Tiny Chest"},{"floor":29,"key":"TungstenRod"},{"floor":29,"key":"InkBottle"}],"event_choices":[{"damage_healed":0,"gold_gain":0,"cards_transformed":["Strike_R"],"player_choice":"Change","damage_taken":0,"max_hp_gain":0,"max_hp_loss":0,"event_name":"Living Wall","floor":2,"gold_loss":0,"cards_obtained":["Offering"]},{"damage_healed":0,"gold_gain":75,"player_choice":"Gather Gold","damage_taken":11,"max_hp_gain":0,"max_hp_loss":0,"event_name":"World of Goop","floor":12,"gold_loss":0},{"damage_healed":0,"gold_gain":0,"player_choice":"Fought Bandits","damage_taken":0,"max_hp_gain":0,"max_hp_loss":0,"event_name":"Masked Bandits","floor":21,"gold_loss":0},{"damage_healed":0,"gold_gain":0,"player_choice":"Opened","damage_taken":0,"relics_obtained":["Pantograph"],"max_hp_gain":0,"max_hp_loss":0,"event_name":"The Mausoleum","floor":22,"gold_loss":0},{"damage_healed":0,"gold_gain":0,"player_choice":"Smashed Altar","damage_taken":0,"max_hp_gain":0,"max_hp_loss":0,"event_name":"Forgotten Altar","floor":27,"gold_loss":0,"cards_obtained":["Decay"]},{"damage_healed":0,"gold_gain":0,"player_choice":"Fight","damage_taken":0,"max_hp_gain":0,"max_hp_loss":0,"event_name":"Colosseum","floor":29,"gold_loss":0},{"damage_healed":0,"gold_gain":0,"player_choice":"Fought Nobs","damage_taken":0,"max_hp_gain":0,"max_hp_loss":0,"event_name":"Colosseum","floor":29,"gold_loss":0}],"is_beta":false,"boss_relics":[{"not_picked":["SacredBark","Tiny House"],"picked":"Runic Cube"}],"items_purged_floors":[28],"is_endless":false,"potions_floor_spawned":[4,8,10,13,16,29,29],"killed_by":"Collector","ascension_level":0}}