{"host":"msa0wxqjs3jv1k3j","time":1610118524,"event":{"mods":["BaseMod","BetterRewards","Colored Map","Highlight Path","KOR Keyword Fix","Keyboard Shortcuts","Minty Spire (QoL Compilation)","Quick Restart","SuperFastMode","everything is the same but u backflip on backflip"],"gold_per_floor":[113,63,74,74,74,115,136,136,136,136,136,159,159,199,199,323,323,344,344,356,137,147,147,147,159,159,177,252,271,271,290,290,385,385,398,424,443,454,464,464,499,551,577,593,643,659,659,686,686,686],"floor_reached":51,"playtime":1997,"items_purged":[],"score":769,"play_id":"a8b19083-8800-4e04-b1a0-ef3cce81ad66","local_time":"20210109000844","is_ascension_mode":false,"campfire_choices":[{"floor":8.0,"key":"REST"},{"data":"Redo","floor":13.0,"key":"SMITH"},{"data":"Fusion","floor":15.0,"key":"SMITH"},{"data":"White Noise","floor":23,"key":"SMITH"},{"data":"Zap","floor":30,"key":"SMITH"},{"data":"Storm","floor":32,"key":"SMITH"},{"data":"Capacitor","floor":40,"key":"SMITH"},{"floor":47,"key":"REST"},{"floor":49,"key":"REST"}],"circlet_count":0,"master_deck":["Strike_B","Strike_B","Defend_B","Defend_B","Zap+1","Dualcast","Storm","Conserve Battery","Barrage","Leap","Capacitor+1","Biased Cognition","Redo+1","Heatsinks","Fusion+1","Meteor Strike","White Noise+1","Auto Shields","Aggregate","Compile Driver","Storm+1","Compile Driver+1","Loop+1","Heatsinks","Lockon+1","Cold Snap+1","Static Discharge","Chaos+1","Hello World+1","Recycle+1","Ball Lightning+1"],"relics":["Cracked Core","TungstenRod","ClockworkSouvenir","Blood Vial","Bloody Idol","HornCleat","Eternal Feather","Bag of Marbles","Runic Pyramid","Anchor","Bottled Tornado","Shuriken","Empty Cage","Regal Pillow","Incense Burner","Gambling Chip","Pen Nib","Lizard Tail","Nunchaku"],"acts_visited":["Exordium","TheCity","TheBeyond"],"potions_floor_usage":[33,33,48,50],"damage_taken":[{"damage":2.0,"enemies":"Small Slimes","floor":1.0,"turns":3.0},{"damage":10.0,"enemies":"2 Louse","floor":3.0,"turns":2.0},{"damage":20.0,"enemies":"Lagavulin","floor":6.0,"turns":8.0},{"damage":10.0,"enemies":"Jaw Worm","floor":7.0,"turns":3.0},{"damage":9.0,"enemies":"Looter","floor":12.0,"turns":3.0},{"damage":19.0,"enemies":"Gremlin Nob","floor":14.0,"turns":5.0},{"damage":0,"enemies":"Slime Boss","floor":16,"turns":8},{"damage":4,"enemies":"Shell Parasite","floor":18,"turns":5},{"damage":8,"enemies":"Chosen","floor":20,"turns":3},{"damage":8,"enemies":"Snake Plant","floor":22,"turns":5},{"damage":0,"enemies":"Snecko","floor":25,"turns":3},{"damage":13,"enemies":"Centurion and Healer","floor":27,"turns":4},{"damage":2,"enemies":"Shelled Parasite and Fungi","floor":29,"turns":4},{"damage":3,"enemies":"3 Cultists","floor":31,"turns":3},{"damage":29,"enemies":"Automaton","floor":33,"turns":8},{"damage":17,"enemies":"3 Darklings","floor":35,"turns":3},{"damage":0,"enemies":"Orb Walker","floor":37,"turns":3},{"damage":0,"enemies":"3 Darklings","floor":38,"turns":4},{"damage":12,"enemies":"Jaw Worm Horde","floor":39,"turns":3},{"damage":31,"enemies":"Nemesis","floor":41,"turns":5},{"damage":21,"enemies":"2 Orb Walkers","floor":42,"turns":3},{"damage":24,"enemies":"4 Shapes","floor":44,"turns":4},{"damage":0,"enemies":"Mind Bloom Boss Battle","floor":45,"turns":2},{"damage":2,"enemies":"Transient","floor":46,"turns":5},{"damage":41,"enemies":"Reptomancer","floor":48,"turns":4},{"damage":83,"enemies":"Donu and Deca","floor":50,"turns":6}],"seed_played":"-1366732693666293686","potions_obtained":[{"floor":6.0,"key":"SkillPotion"},{"floor":12.0,"key":"SkillPotion"},{"floor":18,"key":"LiquidMemories"},{"floor":33,"key":"Fire Potion"},{"floor":35,"key":"FearPotion"}],"is_trial":false,"path_per_floor":["M","?","M","?","$","E","M","R","T","?","?","M","R","E","R","B",null,"M","?","M","$","M","R","T","M","T","M","?","M","R","M","R","B",null,"M","T","M","M","M","R","E","?","T","M","?","M","R","E","R","B",null],"character_chosen":"DEFECT","items_purchased":["Storm","Conserve Battery","Barrage","ClockworkSouvenir","Blood Vial","AttackPotion","Aggregate","Anchor"],"campfire_rested":3,"item_purchase_floors":[0,0,0,0,0,0,21,21],"current_hp_per_floor":[73,73,65,48,48,30,22,44,44,38,63,56,65,48,57,59,75,71,71,70,70,69,75,75,75,75,67,66,71,75,75,75,51,75,63,68,75,75,68,75,49,35,40,23,30,35,75,39,75,37],"gold":686,"neow_bonus":"","is_daily":false,"chose_seed":false,"campfire_upgraded":6,"win_rate":0.0,"timestamp":1610118524,"path_taken":["M","?","M","?","$","E","M","R","T","?","?","M","R","E","R","BOSS","M","?","M","$","M","R","?","M","T","M","?","?","R","M","R","BOSS","M","?","M","M","M","R","E","?","T","M","?","?","R","E","R","BOSS"],"items_purchased_type":["Card","Card","Card","Relic","Relic","Potion","Card","Relic"],"build_version":"2020-12-22","purchased_purges":0,"victory":true,"max_hp_per_floor":[75,75,75,75,75,75,75,75,75,75,75,75,75,75,75,75,75,75,75,75,75,75,75,75,75,75,75,75,75,75,75,75,75,75,75,75,75,75,75,75,75,75,75,75,75,75,75,75,75,75],"card_choices":[{"not_picked":["Go for the Eyes","Glacier"],"picked":"Leap","floor":1.0},{"not_picked":["Doom and Gloom","Glacier"],"picked":"Capacitor","floor":3.0},{"not_picked":["Hologram","Ball Lightning"],"picked":"Biased Cognition","floor":6.0},{"not_picked":["Skim","Conserve Battery"],"picked":"Redo","floor":7.0},{"not_picked":["Compile Driver","Sweeping Beam"],"picked":"Heatsinks","floor":12.0},{"not_picked":["Compile Driver","Sunder"],"picked":"Fusion","floor":14.0},{"not_picked":["Echo Form","All For One"],"picked":"Meteor Strike","floor":16},{"not_picked":["Turbo","Lockon"],"picked":"White Noise","floor":18},{"not_picked":["Coolheaded+1","Turbo"],"picked":"Auto Shields","floor":20},{"not_picked":["Leap","Darkness"],"picked":"Compile Driver","floor":22},{"not_picked":["Scrape","Rebound"],"picked":"Storm","floor":25},{"not_picked":["Blizzard","Barrage"],"picked":"Compile Driver+1","floor":27},{"not_picked":["Consume","Cold Snap+1"],"picked":"Loop+1","floor":29},{"not_picked":["Tempest","Ball Lightning"],"picked":"Heatsinks","floor":31},{"not_picked":["Doom and Gloom+1","Hologram"],"picked":"Lockon+1","floor":35},{"not_picked":["Reprogram+1","FTL","Streamline"],"picked":"SKIP","floor":37},{"not_picked":["Turbo","Glacier+1","Auto Shields"],"picked":"SKIP","floor":38},{"not_picked":["Fusion","Streamline"],"picked":"Cold Snap+1","floor":39},{"not_picked":["Rip and Tear","Genetic Algorithm+1"],"picked":"Static Discharge","floor":41},{"not_picked":["Go for the Eyes+1","Coolheaded"],"picked":"Chaos+1","floor":42},{"not_picked":["Consume+1","Beam Cell+1"],"picked":"Hello World+1","floor":44},{"not_picked":["Steam+1","Force Field"],"picked":"Recycle+1","floor":45},{"not_picked":["Steam","Rebound+1"],"picked":"Ball Lightning+1","floor":46},{"not_picked":["Meteor Strike","Darkness+1","Compile Driver"],"picked":"SKIP","floor":48}],"player_experience":38648,"relics_obtained":[{"floor":6.0,"key":"HornCleat"},{"floor":9.0,"key":"Eternal Feather"},{"floor":14.0,"key":"Bag of Marbles"},{"floor":24,"key":"Bottled Tornado"},{"floor":26,"key":"Shuriken"},{"floor":36,"key":"Regal Pillow"},{"floor":41,"key":"Incense Burner"},{"floor":42,"key":"Gambling Chip"},{"floor":43,"key":"Pen Nib"},{"floor":45,"key":"Lizard Tail"},{"floor":48,"key":"Nunchaku"}],"event_choices":[{"cards_removed":["Strike_B"],"damage_healed":0.0,"max_hp_gain":0.0,"max_hp_loss":0.0,"gold_gain":0.0,"event_name":"The Cleric","player_choice":"Card Removal","floor":2.0,"gold_loss":50.0,"damage_taken":0.0},{"damage_healed":0.0,"max_hp_gain":0.0,"max_hp_loss":0.0,"gold_gain":0.0,"event_name":"Golden Idol","player_choice":"Take Damage","floor":4.0,"gold_loss":0.0,"damage_taken":18.0,"relics_obtained":["Golden Idol"]},{"cards_removed":["Defend_B"],"damage_healed":0.0,"max_hp_gain":0.0,"max_hp_loss":0.0,"gold_gain":0.0,"event_name":"Golden Wing","player_choice":"Card Removal","floor":10.0,"gold_loss":0.0,"damage_taken":7.0},{"damage_healed":25.0,"max_hp_gain":0.0,"max_hp_loss":0.0,"gold_gain":0.0,"event_name":"Big Fish","player_choice":"Banana","floor":11.0,"gold_loss":0.0,"damage_taken":0.0},{"damage_healed":0,"gold_gain":0,"player_choice":"Gave Idol","damage_taken":0,"relics_obtained":["Bloody Idol"],"max_hp_gain":0,"max_hp_loss":0,"event_name":"Forgotten Altar","floor":19,"relics_lost":["Golden Idol"],"gold_loss":0},{"damage_healed":0,"gold_gain":75,"player_choice":"Touch","damage_taken":7,"max_hp_gain":0,"max_hp_loss":0,"event_name":"FaceTrader","floor":28,"gold_loss":0},{"damage_healed":0,"gold_gain":0,"player_choice":"Fight","damage_taken":0,"max_hp_gain":0,"max_hp_loss":0,"event_name":"Mysterious Sphere","floor":42,"gold_loss":0},{"damage_healed":0,"gold_gain":0,"player_choice":"Fight","damage_taken":0,"max_hp_gain":0,"max_hp_loss":0,"event_name":"MindBloom","floor":45,"gold_loss":0}],"is_beta":false,"boss_relics":[{"not_picked":["Astrolabe","Velvet Choker"],"picked":"Runic Pyramid"},{"not_picked":["FrozenCore","Snecko Eye"],"picked":"Empty Cage"}],"items_purged_floors":[],"is_endless":false,"potions_floor_spawned":[6,12,14,18,22,27,33,35,37,41,44],"ascension_level":0}}