{"host":"Troy","time":1610130357,"event":{"mods":["BaseMod","Colored Map","Highlight Path","Minty Spire (QoL Compilation)","Permanent Neow"],"gold_per_floor":[117,117,64,214,229,229,229,261,286,286,1,1,17,92,92,169,169,188,205,61,95,95,95,95,95,122,122,122,122],"floor_reached":28,"playtime":1028,"items_purged":["Doubt"],"score":420,"play_id":"33c3678d-72ed-4bb3-a9f7-9bb9129d2e96","local_time":"20210108132557","is_ascension_mode":true,"campfire_choices":[{"data":"Dash","floor":6.0,"key":"SMITH"},{"data":"Dash","floor":10.0,"key":"SMITH"},{"floor":12,"key":"REST"},{"floor":15,"key":"REST"},{"data":"Grand Finale","floor":23,"key":"SMITH"},{"data":"Night Terror","floor":25,"key":"SMITH"},{"data":"Bouncing Flask","floor":27,"key":"SMITH"}],"circlet_count":0,"master_deck":["AscendersBane","Strike_G","Strike_G","Strike_G","Strike_G","Strike_G","Defend_G","Defend_G","Defend_G","Defend_G","Defend_G","Survivor","Neutralize","Glass Knife","Acrobatics","Dash+1","Dash+1","Deadly Poison","Night Terror+1","PiercingWail","Bouncing Flask+1","Grand Finale+1","Prepared"],"relics":["Ring of the Snake","Bag of Marbles","Letter Opener","Lantern","Medical Kit","Coffee Dripper","Red Mask","Darkstone Periapt","Nunchaku"],"acts_visited":["Exordium","TheCity"],"potions_floor_usage":[16,16,21],"damage_taken":[{"damage":4.0,"enemies":"Jaw Worm","floor":1.0,"turns":4.0},{"damage":1.0,"enemies":"2 Louse","floor":5.0,"turns":3.0},{"damage":15.0,"enemies":"Gremlin Nob","floor":8.0,"turns":4.0},{"damage":0,"enemies":"Small Slimes","floor":13,"turns":3},{"damage":23,"enemies":"Hexaghost","floor":16,"turns":14},{"damage":15,"enemies":"Chosen","floor":18,"turns":5},{"damage":12,"enemies":"Spheric Guardian","floor":19,"turns":5},{"damage":8,"enemies":"Masked Bandits","floor":21,"turns":4},{"damage":21,"enemies":"Shelled Parasite and Fungi","floor":28,"turns":4}],"seed_played":"627213494676484403","potions_obtained":[{"floor":13,"key":"GamblersBrew"},{"floor":16,"key":"SteroidPotion"}],"is_trial":false,"path_per_floor":["M","?","$","?","M","R","?","E","T","R","$","R","M","?","R","B",null,"M","M","$","?","?","R","?","R","T","R","M"],"character_chosen":"THE_SILENT","items_purchased":["Explosive Potion","Explosive Potion","Medical Kit","Grand Finale","Prepared"],"campfire_rested":2,"item_purchase_floors":[3,11,11,20,20],"current_hp_per_floor":[55,20,20,20,19,19,19,4,4,4,4,22,22,11,29,6,47,32,20,20,12,18,18,18,18,18,18,0,0],"gold":122,"neow_bonus":"THREE_RARE_CARDS","is_daily":false,"chose_seed":false,"campfire_upgraded":5,"win_rate":0.0,"timestamp":1610130357,"path_taken":["M","?","$","?","M","R","?","E","T","R","$","R","M","?","R","BOSS","M","M","$","?","?","R","?","R","T","R","?"],"items_purchased_type":["Potion","Potion","Relic","Card","Card"],"build_version":"2020-12-18","purchased_purges":1,"victory":false,"max_hp_per_floor":[60,60,60,60,60,60,60,60,60,60,60,60,60,60,60,60,60,60,60,60,60,66,66,66,66,66,66,66,66],"card_choices":[{"not_picked":["Unload","Doppelganger"],"picked":"Glass Knife","floor":0.0},{"not_picked":["Masterful Stab","PiercingWail"],"picked":"Acrobatics","floor":1.0},{"not_picked":["Poisoned Stab","Distraction"],"picked":"Dash","floor":5.0},{"not_picked":["Infinite Blades","Flying Knee"],"picked":"Dash","floor":8.0},{"not_picked":["Dagger Throw","Cloak And Dagger"],"picked":"Deadly Poison","floor":13},{"not_picked":["Doppelganger","After Image"],"picked":"Night Terror","floor":16},{"not_picked":["Masterful Stab","Poisoned Stab"],"picked":"PiercingWail","floor":18},{"not_picked":["Quick Slash","Riddle With Holes"],"picked":"Bouncing Flask","floor":19}],"player_experience":4079298,"relics_obtained":[{"floor":8.0,"key":"Letter Opener"},{"floor":9.0,"key":"Lantern"},{"floor":21,"key":"Red Mask"},{"floor":26,"key":"Nunchaku"}],"event_choices":[{"damage_healed":0.0,"max_hp_gain":0.0,"max_hp_loss":0.0,"gold_gain":0.0,"event_name":"Scrap Ooze","player_choice":"Success","floor":2.0,"gold_loss":0.0,"damage_taken":35.0,"relics_obtained":["Bag of Marbles"]},{"damage_healed":0.0,"max_hp_gain":0.0,"max_hp_loss":0.0,"gold_gain":150.0,"event_name":"Liars Game","player_choice":"AGREE","floor":4.0,"gold_loss":0.0,"damage_taken":0.0,"cards_obtained":["Doubt"]},{"damage_healed":0.0,"max_hp_gain":0.0,"max_hp_loss":0.0,"gold_gain":0.0,"event_name":"Shining Light","player_choice":"Ignored","floor":7.0,"gold_loss":0.0,"damage_taken":0.0},{"damage_healed":0,"gold_gain":75,"player_choice":"Gather Gold","damage_taken":11,"max_hp_gain":0,"max_hp_loss":0,"event_name":"World of Goop","floor":14,"gold_loss":0},{"damage_healed":0,"gold_gain":0,"player_choice":"Fought Bandits","damage_taken":0,"max_hp_gain":0,"max_hp_loss":0,"event_name":"Masked Bandits","floor":21,"gold_loss":0},{"damage_healed":0,"gold_gain":0,"player_choice":"Opened","damage_taken":0,"relics_obtained":["Darkstone Periapt"],"max_hp_gain":0,"max_hp_loss":0,"event_name":"The Mausoleum","floor":22,"gold_loss":0,"cards_obtained":["Writhe"]},{"cards_removed":["Writhe"],"damage_healed":0,"gold_gain":0,"player_choice":"Purged","damage_taken":0,"max_hp_gain":0,"max_hp_loss":0,"event_name":"Purifier","floor":24,"gold_loss":0}],"is_beta":true,"boss_relics":[{"not_picked":["Ectoplasm","Fusion Hammer"],"picked":"Coffee Dripper"}],"items_purged_floors":[11],"is_endless":false,"potions_floor_spawned":[13,16],"killed_by":"Shelled Parasite and Fungi","ascension_level":20}}