{"host":"obbn5gje3893ci3z","time":1610111436,"event":{"mods":["BaseMod","CapriCore","Colored Powertips","Minty Spire (QoL Compilation)","StSLib","The Immortal"],"gold_per_floor":[113,1,1,1,13,13,46,58,58,74,74,88,103,120,120,216,216,226,226,240,266,278,278,288,288,363,109,0,15,44,63,63,168,168,181,200,250,250,125,156,166,166,166,166,16,16,16,28,28,28],"floor_reached":51,"playtime":4832,"items_purged":["MokouMod:Strike","MokouMod:Strike","MokouMod:Defend","Regret"],"score":774,"play_id":"f5954973-6c89-4b7e-b36b-6b6bdb58ec5b","local_time":"20210108211036","is_ascension_mode":false,"campfire_choices":[{"data":"MokouMod:ImperishableFlame","floor":6.0,"key":"SMITH"},{"data":"MokouMod:RisingSunBarrier","floor":11.0,"key":"SMITH"},{"data":"MokouMod:IcarusDive","floor":15.0,"key":"SMITH"},{"data":"MokouMod:EnchantingBambooForest","floor":23.0,"key":"SMITH"},{"data":"MokouMod:Refresh","floor":25.0,"key":"SMITH"},{"data":"MokouMod:Rebirth","floor":32.0,"key":"SMITH"},{"data":"Panache","floor":42.0,"key":"SMITH"},{"data":"MokouMod:Rebirth","floor":44.0,"key":"SMITH"},{"data":"MokouMod:HeatSpark","floor":46.0,"key":"SMITH"},{"data":"MokouMod:PhoenixFeathers","floor":49.0,"key":"SMITH"}],"circlet_count":0,"master_deck":["MokouMod:Strike","MokouMod:Strike","MokouMod:Defend","MokouMod:Defend","MokouMod:HeatSpark+1","MokouMod:ImperishableFlame+1","MokouMod:PhoenixFeathers+1","MokouMod:Refresh+1","MokouMod:RisingSunBarrier+1","MokouMod:IcarusDive+1","MokouMod:EnchantingBambooForest+1","MokouMod:IcarusDive+1","MokouMod:PhoenixFeathers","MokouMod:Rebirth+1","MokouMod:Rebirth+1","MokouMod:ImperishableFlame+1","Panache+1"],"relics":["MokouMod:PhoenixFeather","NeowsBlessing","Pocketwatch","Incense Burner","SacredBark","Red Mask","Bottled Lightning","ClockworkSouvenir","MealTicket","PreservedInsect","Cursed Key","Gambling Chip","Bag of Preparation","Letter Opener"],"acts_visited":["Exordium","TheCity","TheBeyond"],"potions_floor_usage":[50],"damage_taken":[{"damage":0.0,"enemies":"Jaw Worm","floor":1.0,"turns":1.0},{"damage":0.0,"enemies":"Cultist","floor":5.0,"turns":1.0},{"damage":0.0,"enemies":"Lagavulin","floor":7.0,"turns":1.0},{"damage":9.0,"enemies":"2 Louse","floor":8.0,"turns":3.0},{"damage":12.0,"enemies":"2 Fungi Beasts","floor":10.0,"turns":3.0},{"damage":16.0,"enemies":"Exordium Wildlife","floor":12.0,"turns":4.0},{"damage":5.0,"enemies":"Red Slaver","floor":13.0,"turns":5.0},{"damage":2.0,"enemies":"Large Slime","floor":14.0,"turns":6.0},{"damage":23.0,"enemies":"The Guardian","floor":16.0,"turns":11.0},{"damage":10.0,"enemies":"3 Byrds","floor":18.0,"turns":6.0},{"damage":2.0,"enemies":"Chosen","floor":20.0,"turns":3.0},{"damage":5.0,"enemies":"Masked Bandits","floor":21.0,"turns":3.0},{"damage":3.0,"enemies":"Snake Plant","floor":22.0,"turns":3.0},{"damage":1.0,"enemies":"Cultist and Chosen","floor":24.0,"turns":2.0},{"damage":0.0,"enemies":"Sentry and Sphere","floor":29.0,"turns":4.0},{"damage":7.0,"enemies":"Gremlin Leader","floor":30.0,"turns":3.0},{"damage":8.0,"enemies":"Snake Plant","floor":31.0,"turns":3.0},{"damage":0.0,"enemies":"Champ","floor":33.0,"turns":3.0},{"damage":0.0,"enemies":"Orb Walker","floor":35.0,"turns":6.0},{"damage":23.0,"enemies":"3 Shapes","floor":36.0,"turns":5.0},{"damage":0.0,"enemies":"Mind Bloom Boss Battle","floor":37.0,"turns":3.0},{"damage":10.0,"enemies":"Giant Head","floor":40.0,"turns":4.0},{"damage":0.0,"enemies":"Jaw Worm Horde","floor":41.0,"turns":1.0},{"damage":0.0,"enemies":"Sphere and 2 Shapes","floor":48.0,"turns":1.0},{"damage":78,"enemies":"Awakened One","floor":50,"turns":6}],"seed_played":"-2072262931016477886","potions_obtained":[{"floor":1.0,"key":"SkillPotion"},{"floor":8.0,"key":"CultistPotion"},{"floor":10.0,"key":"SneckoOil"},{"floor":14.0,"key":"Regen Potion"},{"floor":18.0,"key":"SneckoOil"},{"floor":21.0,"key":"Explosive Potion"},{"floor":30.0,"key":"SteroidPotion"}],"is_trial":false,"path_per_floor":["M","$","?","?","M","R","E","M","T","M","R","M","M","M","R","B",null,"M","?","M","?","M","R","M","R","T","$","?","M","E","M","R","B",null,"M","M","?","?","$","E","M","R","T","R","$","R","?","M","R","B",null],"character_chosen":"MKU","items_purchased":["MokouMod:PhoenixFeathers","ClockworkSouvenir"],"campfire_rested":0,"item_purchase_floors":[2,27],"current_hp_per_floor":[75,75,68,68,68,68,68,59,59,47,47,31,26,24,24,1,75,65,65,63,58,55,55,54,54,54,54,54,54,47,39,39,39,75,75,52,52,52,67,57,57,57,57,57,72,72,71,71,71,17],"gold":28,"neow_bonus":"THREE_ENEMY_KILL","is_daily":false,"chose_seed":false,"campfire_upgraded":10,"win_rate":0.0,"timestamp":1610111436,"path_taken":["M","$","?","?","M","R","E","M","T","M","R","M","?","M","R","BOSS","M","?","M","?","M","R","M","R","T","?","?","?","E","M","R","BOSS","M","M","?","?","$","E","M","R","T","R","?","R","?","M","R","BOSS"],"items_purchased_type":["Card","Relic"],"build_version":"2020-12-22","purchased_purges":4,"victory":true,"max_hp_per_floor":[75,75,75,75,75,75,75,75,75,75,75,75,75,75,75,75,75,75,75,75,75,75,75,75,75,75,75,75,75,75,75,75,75,75,75,75,75,75,75,75,75,75,75,75,75,75,71,71,71,71],"card_choices":[{"not_picked":["MokouMod:ScorchingColumn","MokouMod:IndiscriminateIgnition"],"picked":"MokouMod:ImperishableFlame","floor":1.0},{"not_picked":["MokouMod:Meltdown","MokouMod:IndiscriminateIgnition","MokouMod:UncontrollableSolarReaction"],"picked":"SKIP","floor":5.0},{"not_picked":["MokouMod:FlareStarter","MokouMod:RoaringFlare","MokouMod:IndiscriminateIgnition"],"picked":"SKIP","floor":7.0},{"not_picked":["MokouMod:RoaringFlare","MokouMod:CrimsonFlare"],"picked":"MokouMod:Refresh","floor":8.0},{"not_picked":["MokouMod:FujiyamaVolcano","MokouMod:FlickeringFlame"],"picked":"MokouMod:RisingSunBarrier","floor":10.0},{"not_picked":["MokouMod:Overheat","MokouMod:Stoke"],"picked":"MokouMod:IcarusDive","floor":12.0},{"not_picked":["MokouMod:BurningHiddenBullet","MokouMod:FlickeringFlame","MokouMod:Stoke"],"picked":"SKIP","floor":13.0},{"not_picked":["MokouMod:FlickeringFlame","MokouMod:Ember","MokouMod:IndiscriminateIgnition"],"picked":"SKIP","floor":14.0},{"not_picked":["MokouMod:BurningHiddenBullet","MokouMod:SacredFire"],"picked":"MokouMod:EnchantingBambooForest","floor":16.0},{"not_picked":["MokouMod:ScorchingColumn+1","MokouMod:Cataclysm"],"picked":"MokouMod:IcarusDive+1","floor":18.0},{"not_picked":["MokouMod:BlazingComet","MokouMod:Wildfire","MokouMod:FlickeringFlame"],"picked":"SKIP","floor":20.0},{"not_picked":["MokouMod:SearingShot","MokouMod:CrimsonFlare+1"],"picked":"MokouMod:PhoenixFeathers","floor":22.0},{"not_picked":["MokouMod:InfernalWave","MokouMod:ThermalPressure","MokouMod:HeatTransfer"],"picked":"SKIP","floor":24.0},{"not_picked":["MokouMod:Sear+1","MokouMod:RoaringFlare","MokouMod:EternalBurstReactor"],"picked":"SKIP","floor":29.0},{"not_picked":["MokouMod:IllusoryBattlefield+1","MokouMod:HeartofFire","MokouMod:Stoke"],"picked":"SKIP","floor":30.0},{"not_picked":["MokouMod:ScorchedEarth","MokouMod:EternalBurstReactor"],"picked":"MokouMod:Rebirth","floor":31.0},{"not_picked":["MokouMod:SpontaneousHumanCombustion","MokouMod:PhoenixForm"],"picked":"MokouMod:Rebirth","floor":33.0},{"not_picked":["MokouMod:Firecracker","MokouMod:ScorchingColumn","MokouMod:Wildfire"],"picked":"SKIP","floor":35.0},{"not_picked":["MokouMod:Ember+1","MokouMod:RisingSunBarrier"],"picked":"MokouMod:ImperishableFlame+1","floor":36.0},{"not_picked":["Forethought","Swift Strike"],"picked":"Panache","floor":38.0},{"not_picked":["MokouMod:AdaptivePyromancy+1","MokouMod:TemporalFireSeal","MokouMod:HeartofFire"],"picked":"SKIP","floor":40.0},{"not_picked":["MokouMod:InfernalWave","MokouMod:ScorchedEarth+1","MokouMod:FujiyamaVolcano+1"],"picked":"SKIP","floor":41.0},{"not_picked":["MokouMod:Sear+1","MokouMod:ScorchingColumn","MokouMod:HeatCyclone"],"picked":"SKIP","floor":48.0}],"player_experience":32770,"relics_obtained":[{"floor":7.0,"key":"Pocketwatch"},{"floor":9.0,"key":"Incense Burner"},{"floor":21.0,"key":"Red Mask"},{"floor":26.0,"key":"Bottled Lightning"},{"floor":30.0,"key":"PreservedInsect"},{"floor":37.0,"key":"Gambling Chip"},{"floor":40.0,"key":"Bag of Preparation"},{"floor":43.0,"key":"Letter Opener"}],"event_choices":[{"cards_removed":["MokouMod:Strike"],"damage_healed":0.0,"max_hp_gain":0.0,"max_hp_loss":0.0,"gold_gain":0.0,"event_name":"Golden Wing","player_choice":"Card Removal","floor":3.0,"gold_loss":0.0,"damage_taken":7.0},{"cards_removed":["MokouMod:Defend"],"damage_healed":0.0,"max_hp_gain":0.0,"max_hp_loss":0.0,"gold_gain":0.0,"event_name":"Bonfire Elementals","player_choice":"Offered Basic","floor":4.0,"gold_loss":0.0,"damage_taken":0.0},{"damage_healed":0.0,"max_hp_gain":0.0,"max_hp_loss":0.0,"gold_gain":0.0,"event_name":"Ghosts","player_choice":"Ignored","floor":19.0,"gold_loss":0.0,"damage_taken":0.0},{"damage_healed":0.0,"max_hp_gain":0.0,"max_hp_loss":0.0,"gold_gain":0.0,"event_name":"Masked Bandits","player_choice":"Fought Bandits","floor":21.0,"gold_loss":0.0,"damage_taken":0.0},{"damage_healed":0.0,"max_hp_gain":0.0,"max_hp_loss":0.0,"gold_gain":0.0,"event_name":"WeMeetAgain","player_choice":"Paid Gold","floor":28.0,"gold_loss":109.0,"damage_taken":0.0,"relics_obtained":["MealTicket"]},{"damage_healed":0.0,"max_hp_gain":0.0,"max_hp_loss":0.0,"gold_gain":0.0,"event_name":"MindBloom","player_choice":"Fight","floor":37.0,"gold_loss":0.0,"damage_taken":0.0},{"damage_healed":0.0,"max_hp_gain":0.0,"max_hp_loss":0.0,"gold_gain":0.0,"event_name":"SensoryStone","player_choice":"Memory 1","floor":38.0,"gold_loss":0.0,"damage_taken":0.0},{"damage_healed":0.0,"max_hp_gain":0.0,"max_hp_loss":4.0,"gold_gain":0.0,"event_name":"Winding Halls","player_choice":"Max HP","floor":47.0,"gold_loss":0.0,"damage_taken":0.0}],"is_beta":false,"boss_relics":[{"not_picked":["Fusion Hammer","Runic Dome"],"picked":"SacredBark"},{"not_picked":["Sozu","Tiny House"],"picked":"Cursed Key"}],"items_purged_floors":[2,27,39,45],"is_endless":false,"potions_floor_spawned":[1,8,10,13,14,18,21,29,30,31,36,37,41],"ascension_level":0}}