{"host":"51mqhfpmwwd4kxyt","time":1610104181,"event":{"mods":["BaseMod","Downfall","Googly Eyes","Highlight Path","Minty Spire (QoL Compilation)","READ ME - Guardian Mod","StSLib","The Cursed","The Servant 0.9.4"],"gold_per_floor":[114,114,129,129,147,174,174,174,174,199,259,275,287,2,2,106,106,119,102,114,138,157,192,226,236,260,295,295,295,295,306,306,411,411,422,445,445,83,83,109,133,161,188,205,205,205,215,226,226,226],"floor_reached":51,"playtime":3541,"items_purged":["Strike_P","Strike_P"],"score":888,"play_id":"e6badb95-f95d-4c7c-9925-dfe94ccdba22","local_time":"20210108060941","is_ascension_mode":true,"campfire_choices":[{"floor":8,"key":"REST"},{"floor":15,"key":"REST"},{"floor":30,"key":"REST"},{"floor":32,"key":"REST"},{"data":"Establishment","floor":46,"key":"SMITH"},{"floor":49,"key":"REST"}],"circlet_count":0,"master_deck":["Defend_P","Defend_P","Defend_P","Defend_P","Eruption+1","Vigilance","ReachHeaven","Collect","Indignation","DevaForm","Evaluate+1","InnerPeace+1","Nirvana","Nirvana","Protect+1","Jack Of All Trades+1","Establishment+1","SpiritShield+1","EmptyMind+1","Protect+1","SandsOfTime","Wireheading","EmptyBody+1","Scrawl+1","BattleHymn","Wireheading","Worship+1","Ragnarok+1","Pray+1","Madness+1","Madness+1","Pray+1","WaveOfTheHand+1"],"relics":["HolyWater","Tiny Chest","Blue Candle","Torii","InkBottle","Toxic Egg 2","Mercury Hourglass","CloakClasp","Black Star","PreservedInsect","MealTicket","WingedGreaves","Art of War","Bag of Preparation","Pen Nib","Vajra","Damaru","Blood Vial","Boot","Bottled Tornado","Regal Pillow","Sundial","Whetstone","Ginger","Ancient Tea Set","Potion Belt","Yang"],"acts_visited":["Exordium","TheCity","TheBeyond"],"potions_floor_usage":[11,23,24,24,24,27],"damage_taken":[{"damage":1,"enemies":"2 Louse","floor":1,"turns":3},{"damage":0,"enemies":"Small Slimes","floor":3,"turns":2},{"damage":1,"enemies":"Cultist","floor":5,"turns":3},{"damage":13,"enemies":"Lagavulin","floor":6,"turns":7},{"damage":1,"enemies":"Gremlin Nob","floor":10,"turns":3},{"damage":33,"enemies":"Gremlin Nob","floor":11,"turns":5},{"damage":1,"enemies":"Large Slime","floor":12,"turns":4},{"damage":0,"enemies":"3 Louse","floor":13,"turns":5},{"damage":11,"enemies":"The Guardian","floor":16,"turns":6},{"damage":0,"enemies":"Chosen","floor":18,"turns":5},{"damage":1,"enemies":"2 Thieves","floor":19,"turns":4},{"damage":12,"enemies":"Sentry and Sphere","floor":20,"turns":7},{"damage":0,"enemies":"Shelled Parasite and Fungi","floor":22,"turns":6},{"damage":21,"enemies":"Slavers","floor":23,"turns":7},{"damage":8,"enemies":"Gremlin Leader","floor":24,"turns":5},{"damage":6,"enemies":"Centurion and Healer","floor":25,"turns":6},{"damage":1,"enemies":"Slavers","floor":27,"turns":5},{"damage":1,"enemies":"3 Cultists","floor":31,"turns":4},{"damage":15,"enemies":"Collector","floor":33,"turns":8},{"damage":17,"enemies":"3 Darklings","floor":35,"turns":4},{"damage":30,"enemies":"Nemesis","floor":40,"turns":5},{"damage":1,"enemies":"Giant Head","floor":42,"turns":4},{"damage":1,"enemies":"Orb Walker","floor":44,"turns":4},{"damage":0,"enemies":"Maw","floor":47,"turns":4},{"damage":12,"enemies":"4 Shapes","floor":48,"turns":2},{"damage":20,"enemies":"Time Eater","floor":50,"turns":8}],"seed_played":"-3718318735030535765","potions_obtained":[{"floor":1,"key":"LiquidMemories"},{"floor":10,"key":"Guardian:BlockOnCardUsePotion"},{"floor":12,"key":"Energy Potion"},{"floor":13,"key":"SkillPotion"},{"floor":16,"key":"FearPotion"},{"floor":20,"key":"SkillPotion"},{"floor":23,"key":"hexamod:EctoCoolerPotion"},{"floor":25,"key":"sneckomod:MuddlingPotion"},{"floor":27,"key":"sneckomod:MuddlingPotion"},{"floor":42,"key":"Dexterity Potion"},{"floor":44,"key":"Strength Potion"},{"floor":47,"key":"Strength Potion"}],"is_trial":false,"path_per_floor":["M","?","M","?","M","E","T","R","T","E","?","M","M","$","R","B",null,"M","M","M","T","M","E","E","M","T","E","T","?","R","M","R","B",null,"M","T","?","$","$","E","T","E","T","M","T","R","M","M","R","B",null],"character_chosen":"WATCHER","items_purchased":["Protect+1","Jack Of All Trades+1","Establishment","Bottled Tornado"],"campfire_rested":5,"item_purchase_floors":[14,14,14,38],"current_hp_per_floor":[71,64,64,64,63,50,50,71,71,70,37,36,36,36,57,46,72,72,71,59,59,59,38,30,24,24,23,23,23,44,45,66,53,72,55,55,46,61,72,42,42,43,43,44,44,44,46,36,72,52],"gold":226,"neow_bonus":"RANDOM_COMMON_RELIC","is_daily":false,"chose_seed":false,"campfire_upgraded":1,"win_rate":0.0,"timestamp":1610104181,"path_taken":["M","?","M","?","?","E","?","R","T","E","?","M","?","$","R","BOSS","M","?","M","?","M","E","E","?","T","E","?","?","R","M","R","BOSS","M","?","?","?","$","E","?","E","T","M","?","R","M","M","R","BOSS"],"items_purchased_type":["Card","Card","Card","Relic"],"build_version":"2020-12-22","purchased_purges":2,"victory":true,"max_hp_per_floor":[72,72,72,72,72,72,72,72,72,72,72,72,72,72,72,72,72,72,72,72,72,72,72,72,72,72,72,72,72,72,72,72,72,72,72,72,72,72,72,72,72,72,72,72,72,72,72,72,72,72],"card_choices":[{"not_picked":["ClearTheMind","ThirdEye"],"picked":"ReachHeaven","floor":1},{"not_picked":["FearNoEvil","Meditate"],"picked":"Collect","floor":3},{"not_picked":["Prostrate","ClearTheMind"],"picked":"Indignation","floor":5},{"not_picked":["Protect","CarveReality"],"picked":"DevaForm","floor":6},{"not_picked":["Pray+1","CutThroughFate"],"picked":"Evaluate+1","floor":10},{"not_picked":["ThirdEye+1","Adaptation"],"picked":"InnerPeace+1","floor":11},{"not_picked":["Halt+1","SashWhip"],"picked":"Nirvana","floor":12},{"not_picked":["WindmillStrike","FollowUp"],"picked":"Nirvana","floor":13},{"not_picked":["Establishment","DevaForm"],"picked":"SpiritShield+1","floor":16},{"not_picked":["LikeWater","BowlingBash+1"],"picked":"EmptyMind+1","floor":18},{"not_picked":["BowlingBash","FlyingSleeves"],"picked":"Protect+1","floor":19},{"not_picked":["CrushJoints","Collect+1"],"picked":"SandsOfTime","floor":20},{"not_picked":["PathToVictory+1","Protect+1"],"picked":"Wireheading","floor":22},{"not_picked":["ClearTheMind+1","Collect+1"],"picked":"EmptyBody+1","floor":23},{"not_picked":["WindmillStrike","Meditate+1"],"picked":"Scrawl+1","floor":24},{"not_picked":["EmptyFist","CarveReality"],"picked":"BattleHymn","floor":25},{"not_picked":["SashWhip+1","ClearTheMind+1"],"picked":"Wireheading","floor":27},{"not_picked":["Halt+1","SashWhip"],"picked":"Worship+1","floor":31},{"not_picked":["MasterReality","Establishment"],"picked":"Ragnarok","floor":33},{"not_picked":["SandsOfTime","FlurryOfBlows+1"],"picked":"Pray+1","floor":35},{"not_picked":["SashWhip+1","EmptyFist+1","Halt+1"],"picked":"SKIP","floor":40},{"not_picked":["ReachHeaven","Protect+1"],"picked":"Pray+1","floor":42},{"not_picked":["WreathOfFlame+1","Protect+1"],"picked":"WaveOfTheHand+1","floor":44},{"not_picked":["ClearTheMind+1","Blasphemy+1","FearNoEvil+1"],"picked":"SKIP","floor":47},{"not_picked":["EmptyBody+1","Halt+1","BowlingBash"],"picked":"SKIP","floor":48}],"player_experience":343403,"relics_obtained":[{"floor":6,"key":"Torii"},{"floor":7,"key":"InkBottle"},{"floor":9,"key":"Toxic Egg 2"},{"floor":10,"key":"Mercury Hourglass"},{"floor":11,"key":"CloakClasp"},{"floor":21,"key":"PreservedInsect"},{"floor":23,"key":"MealTicket"},{"floor":23,"key":"WingedGreaves"},{"floor":24,"key":"Art of War"},{"floor":24,"key":"Bag of Preparation"},{"floor":26,"key":"Pen Nib"},{"floor":27,"key":"Vajra"},{"floor":27,"key":"Damaru"},{"floor":28,"key":"Blood Vial"},{"floor":36,"key":"Boot"},{"floor":40,"key":"Regal Pillow"},{"floor":40,"key":"Sundial"},{"floor":41,"key":"Whetstone"},{"floor":42,"key":"Ginger"},{"floor":42,"key":"Ancient Tea Set"},{"floor":43,"key":"Potion Belt"},{"floor":45,"key":"Yang"}],"event_choices":[{"cards_removed":["Strike_P"],"damage_healed":0,"gold_gain":0,"player_choice":"Card Removal","damage_taken":7,"max_hp_gain":0,"max_hp_loss":0,"event_name":"Golden Wing","floor":2,"gold_loss":0},{"damage_healed":0,"gold_gain":0,"player_choice":"Gave Potion","damage_taken":0,"relics_obtained":["Blue Candle"],"max_hp_gain":0,"max_hp_loss":0,"event_name":"WeMeetAgain","floor":4,"gold_loss":0},{"damage_healed":0,"gold_gain":30,"player_choice":"Searched \u00273\u0027 times","damage_taken":0,"max_hp_gain":0,"max_hp_loss":0,"event_name":"Dead Adventurer","floor":11,"gold_loss":0},{"cards_removed":["Strike_P"],"damage_healed":0,"gold_gain":0,"player_choice":"Elegance","damage_taken":0,"max_hp_gain":0,"max_hp_loss":0,"event_name":"Back to Basics","floor":29,"gold_loss":0},{"damage_healed":0,"gold_gain":0,"player_choice":"Embrace Madness","damage_taken":9,"max_hp_gain":0,"max_hp_loss":0,"event_name":"Winding Halls","floor":37,"gold_loss":0,"cards_obtained":["Madness","Madness"]}],"is_beta":false,"boss_relics":[{"not_picked":["Coffee Dripper","Busted Crown"],"picked":"Black Star"},{"not_picked":["SlaversCollar","Pandora\u0027s Box"],"picked":"HolyWater"}],"items_purged_floors":[14,38],"is_endless":false,"potions_floor_spawned":[1,10,12,13,16,20,23,25,27,42,44,47],"ascension_level":1}}