{"host":"38abhf7uonnoqlzr","time":1610145796,"event":{"mods":["100% Spire Juice","Act Like it!","Aspiration","BaseMod","Better Note","Better Third Choice","Block Reminder","CapriCore","Colored Map","Conspire","Displayed Cursed Tome","Dota2Spire","Downfall","Energized Spire","Friendly Minions","Hallownest","Hubris","Minty Spire (QoL Compilation)","Pale of the Ancients","Rare Cards Sparkle","Relic Stats","Replay The Spire","Spicy Shops","StSLib","Waifu the Spire"],"gold_per_floor":[119,119,119,154,68,68,93,108,108],"floor_reached":8,"playtime":1028,"items_purged":[],"score":48,"play_id":"ec7a2b07-2d76-4d88-93ca-1f9d89df4799","local_time":"20210108234316","is_ascension_mode":false,"campfire_choices":[{"floor":6,"key":"REST"}],"circlet_count":0,"master_deck":["Moonworks:Strike","Moonworks:Strike","Moonworks:Strike","Moonworks:Strike","Moonworks:Defend","Moonworks:Defend","Moonworks:Defend","Moonworks:Defend","Moonworks:Ambush","Moonworks:LongDistanceShot","Moonworks:CloudOfSeagulls","Delirium","Writhe","Moonworks:WindyEnchantment","Moonworks:RagingMadness","Moonworks:CompletionReward"],"relics":["Moonworks:BrokenBomb","Moonworks:Homemark","Ring of Searing","ReplayTheSpireMod:Ring of Challenge"],"acts_visited":["Exordium"],"potions_floor_usage":[],"damage_taken":[{"damage":0,"enemies":"Hallownest:monsterHuskWarrior","floor":1,"turns":2},{"damage":33,"enemies":"Hallownest:2_MossCreeps","floor":4,"turns":9},{"damage":2,"enemies":"Hallownest:2_Baldur","floor":5,"turns":3},{"damage":40,"enemies":"Hallownest:1_Baldur_1_Crawlid_1_Warrior","floor":7,"turns":7},{"damage":29,"enemies":"Hallownest:eliteMossKnight","floor":8,"turns":7}],"seed_played":"3101027100526707687","potions_obtained":[],"is_trial":false,"path_per_floor":["M","?","?","M","M","R","M","E"],"character_chosen":"THE_STARBREAKER","items_purchased":[],"campfire_rested":1,"item_purchase_floors":[],"current_hp_per_floor":[66,66,74,41,39,61,21,0,0],"gold":108,"neow_bonus":"TEN_PERCENT_HP_BONUS","is_daily":false,"chose_seed":false,"campfire_upgraded":0,"win_rate":0.0,"timestamp":1610145796,"path_taken":["M","?","?","M","M","R","M","E"],"items_purchased_type":[],"build_version":"2020-12-22","purchased_purges":0,"victory":false,"max_hp_per_floor":[66,66,74,74,74,74,74,74,74],"relic_stats":{"counters":[5,28],"obtain_stats":[{"Moonworks:Homemark":0,"ReplayTheSpireMod:Ring of Challenge":2,"Moonworks:BrokenBomb":0,"Ring of Searing":2},{"Moonworks:Homemark":0,"ReplayTheSpireMod:Ring of Challenge":1,"Moonworks:BrokenBomb":0,"Ring of Searing":1},{"Moonworks:Homemark":0,"ReplayTheSpireMod:Ring of Challenge":2,"Moonworks:BrokenBomb":0,"Ring of Searing":2}]},"card_choices":[{"not_picked":["Moonworks:EvilSpyWorkPreparation","Moonworks:NicePresent"],"picked":"Moonworks:CloudOfSeagulls","floor":1},{"not_picked":["Moonworks:CastOff","Moonworks:Assault"],"picked":"Moonworks:WindyEnchantment","floor":4},{"not_picked":["Moonworks:Gamble","Moonworks:NicePresent"],"picked":"Moonworks:RagingMadness","floor":5},{"not_picked":["Moonworks:NicePresent","Moonworks:Assault"],"picked":"Moonworks:CompletionReward","floor":7}],"player_experience":304890,"relics_obtained":[{"floor":2,"key":"Ring of Searing"},{"floor":2,"key":"ReplayTheSpireMod:Ring of Challenge"}],"event_choices":[],"is_beta":false,"boss_relics":[],"items_purged_floors":[],"is_endless":false,"potions_floor_spawned":[],"killed_by":"Hallownest:eliteMossKnight","ascension_level":0}}