{"host":"w9yruvs4bqht6bhw","time":1610072292,"event":{"mods":["BaseMod","Colored Powertips","Minty Spire (QoL Compilation)"],"gold_per_floor":[118,118,118,6,6,6,20,20,69,69,84,84,36,36,36,162,162,180,180,180],"floor_reached":19,"playtime":430,"items_purged":["Bash"],"score":284,"play_id":"83b79d8c-0db3-4437-ab13-f4af6e340f39","local_time":"20210107211812","is_ascension_mode":true,"campfire_choices":[{"data":"Chrysalis","floor":6,"key":"SMITH"},{"data":"Inflame","floor":8,"key":"SMITH"},{"data":"Shrug It Off","floor":12,"key":"SMITH"},{"data":"Strike_R","floor":15,"key":"SMITH"}],"circlet_count":0,"master_deck":["Strike_R","Strike_R","Strike_R","Strike_R+1","Strike_R+1","Defend_R","Defend_R","Defend_R","Defend_R","Chrysalis+1","Thunderclap+1","Inflame+1","Shrug It Off+1","Demon Form"],"relics":["Burning Blood","Golden Idol","Sundial","Ancient Tea Set"],"acts_visited":["Exordium","TheCity"],"potions_floor_usage":[16,16],"damage_taken":[{"damage":0,"enemies":"Jaw Worm","floor":1,"turns":5},{"damage":9,"enemies":"Small Slimes","floor":7,"turns":4},{"damage":9,"enemies":"2 Louse","floor":11,"turns":3},{"damage":0,"enemies":"Slime Boss","floor":16,"turns":5},{"damage":42,"enemies":"Spheric Guardian","floor":18,"turns":6},{"damage":46,"enemies":"Shell Parasite","floor":19,"turns":5}],"seed_played":"-9020262944206504675","potions_obtained":[{"floor":7,"key":"PowerPotion"},{"floor":11,"key":"SpeedPotion"},{"floor":18,"key":"SkillPotion"}],"is_trial":false,"path_per_floor":["M","?","?","$","?","R","M","R","T","?","M","R","$","?","R","B",null,"M","M"],"character_chosen":"IRONCLAD","items_purchased":["Inflame","PowerPotion"],"campfire_rested":0,"item_purchase_floors":[4,13],"current_hp_per_floor":[57,57,74,74,71,71,68,68,68,68,65,65,65,65,65,71,73,37,0,0],"gold":180,"neow_bonus":"RANDOM_COLORLESS_2","is_daily":false,"chose_seed":false,"campfire_upgraded":4,"win_rate":0.0,"timestamp":1610072292,"path_taken":["M","?","?","$","?","R","?","R","T","?","?","R","$","?","R","BOSS","M","M"],"items_purchased_type":["Card","Potion"],"build_version":"2020-12-22","purchased_purges":1,"victory":false,"max_hp_per_floor":[80,74,74,74,74,74,74,74,74,74,74,74,74,74,74,74,74,74,74,74],"card_choices":[{"not_picked":["Thinking Ahead","Mayhem"],"picked":"Chrysalis","floor":0},{"not_picked":["Rupture","Warcry"],"picked":"Thunderclap","floor":1},{"not_picked":["Flex","Sword Boomerang"],"picked":"Shrug It Off","floor":7},{"not_picked":["Searing Blow","Dual Wield","Iron Wave"],"picked":"SKIP","floor":11},{"not_picked":["Barricade","Impervious"],"picked":"Demon Form","floor":16},{"not_picked":["Body Slam","Wild Strike","Sword Boomerang"],"picked":"SKIP","floor":18}],"player_experience":352571,"relics_obtained":[{"floor":9,"key":"Ancient Tea Set"}],"event_choices":[{"damage_healed":0,"gold_gain":0,"player_choice":"Lose Max HP","damage_taken":0,"relics_obtained":["Golden Idol"],"max_hp_gain":0,"max_hp_loss":6,"event_name":"Golden Idol","floor":2,"gold_loss":0},{"damage_healed":24,"gold_gain":0,"player_choice":"Banana","damage_taken":0,"max_hp_gain":0,"max_hp_loss":0,"event_name":"Big Fish","floor":3,"gold_loss":0},{"damage_healed":0,"gold_gain":0,"player_choice":"Success","damage_taken":3,"relics_obtained":["Sundial"],"max_hp_gain":0,"max_hp_loss":0,"event_name":"Scrap Ooze","floor":5,"gold_loss":0},{"damage_healed":0,"gold_gain":0,"player_choice":"Forge","damage_taken":0,"max_hp_gain":0,"max_hp_loss":0,"event_name":"Accursed Blacksmith","floor":10,"gold_loss":0,"cards_upgraded":["Thunderclap"]},{"damage_healed":0,"gold_gain":0,"player_choice":"Grow","damage_taken":0,"max_hp_gain":0,"max_hp_loss":0,"event_name":"Living Wall","floor":14,"gold_loss":0,"cards_upgraded":["Strike_R"]}],"is_beta":false,"boss_relics":[{"not_picked":["Ectoplasm","Pandora\u0027s Box","Snecko Eye"]}],"items_purged_floors":[4],"is_endless":false,"potions_floor_spawned":[7,11,18],"killed_by":"Shell Parasite","ascension_level":8}}