{"host":"yiwf5cuj7e45awf3","time":1610085628,"event":{"mods":["BaseMod","Downfall","Hermit","Highlight Path","Hubris","Infinite Spire","Lobotomy","Marisa£®ÏF”Í°°ƒß¿Ì…≥£©","Minty Spire (QoL Compilation)","READ ME - Guardian Mod","Remilia£®¿Ÿ√◊¿Ú—«£©","Replay The Spire","StSLib","The Animator","The Construct","The Cursed","The Disciple","The Hierophant","The Jungle","The Necromancer","The Runesmith","The Servant 0.9.4"],"gold_per_floor":[117,162,162,176,176,176,192,204,254,254,254,254,280,290,290,290,290],"floor_reached":16,"playtime":3703,"items_purged":[],"score":102,"play_id":"2582249f-5795-4f91-9e85-9dcb45284dd9","local_time":"20210108140027","is_ascension_mode":false,"campfire_choices":[{"floor":6,"key":"RECALL"},{"data":"Bone_Armory","floor":10,"key":"SMITH"},{"data":"Death_March_Dance","floor":12,"key":"SMITH"},{"data":"Strike_W","floor":15,"key":"SMITH"}],"circlet_count":0,"master_deck":["Strike_W+1","Strike_W","Strike_W","Strike_W","Defend_W","Defend_W","Defend_W","Negative_Energy_Arrows","Bone_Wall","Negative_Energy_Javelin","Negative_Energy_Shield","Death_March_Dance+1","Bone_Armory+1","Death_March_Dance","Summon_Lich","Whirlwind_of_Bones"],"relics":["Vampire_Amulet","Pen Nib","Nunchaku","Simple Rune"],"acts_visited":["Exordium"],"potions_floor_usage":[16],"damage_taken":[{"damage":0,"enemies":"Cultist","floor":1,"turns":3},{"damage":2,"enemies":"Jaw Worm","floor":4,"turns":4},{"damage":14,"enemies":"infinitespire:Voidling","floor":5,"turns":4},{"damage":11,"enemies":"Blue Slaver","floor":7,"turns":3},{"damage":2,"enemies":"2 Fungi Beasts","floor":8,"turns":4},{"damage":6,"enemies":"Replay:BlueRogue","floor":13,"turns":8},{"damage":29,"enemies":"Gremlin Gang","floor":14,"turns":5},{"damage":40,"enemies":"Slime Boss","floor":16,"turns":6}],"seed_played":"-5701085590368717390","potions_obtained":[{"floor":1,"key":"Guardian:BlockOnCardUsePotion"},{"floor":4,"key":"Energy Potion"},{"floor":7,"key":"LiquidMemories"},{"floor":14,"key":"Block Potion"}],"is_trial":false,"path_per_floor":["M","T","?","M","M","R","M","M","T","R","?","R","E","M","R","B"],"character_chosen":"NECROMANCER","items_purchased":[],"campfire_rested":0,"item_purchase_floors":[],"current_hp_per_floor":[75,75,75,75,70,70,61,63,63,63,63,63,59,38,38,0,0],"gold":290,"neow_bonus":"RANDOM_EVENT","is_daily":false,"chose_seed":false,"campfire_upgraded":3,"win_rate":0.0,"timestamp":1610085627,"path_taken":["M","?","?","M","M","R","M","M","T","R","?","R","E","?","R","BOSS"],"items_purchased_type":[],"build_version":"2020-12-22","purchased_purges":0,"victory":false,"max_hp_per_floor":[75,75,75,75,75,75,75,75,75,75,75,75,75,75,75,75,75],"card_choices":[{"not_picked":["Chill_Blood","Consume_Illness"],"picked":"Negative_Energy_Shield","floor":1},{"not_picked":["Deaths_Shadow","Consume_Illness"],"picked":"Death_March_Dance","floor":4},{"not_picked":["Flesh_Made_Foul","Skeleton_Dragon","Bone_Armor"],"picked":"SKIP","floor":5},{"not_picked":["Stop_Heart","Negative_Energy_Javelin"],"picked":"Bone_Armory","floor":7},{"not_picked":["Chill_Blood","Consume_Illness"],"picked":"Death_March_Dance","floor":8},{"not_picked":["Necromantic_Selection","Pandemic"],"picked":"Summon_Lich","floor":13},{"not_picked":["Bones_to_Steel","Blood_Is_Power"],"picked":"Whirlwind_of_Bones","floor":14}],"player_experience":52255,"relics_obtained":[{"floor":9,"key":"Pen Nib"},{"floor":13,"key":"Simple Rune"}],"event_choices":[{"damage_healed":0,"gold_gain":0,"cards_transformed":["Defend_W"],"player_choice":"Change","damage_taken":0,"max_hp_gain":0,"max_hp_loss":0,"event_name":"Living Wall","floor":0,"gold_loss":0,"cards_obtained":["Negative_Energy_Javelin"]},{"damage_healed":0,"gold_gain":0,"player_choice":"Gave Potion","damage_taken":0,"relics_obtained":["Nunchaku"],"max_hp_gain":0,"max_hp_loss":0,"event_name":"WeMeetAgain","floor":11,"gold_loss":0}],"is_beta":false,"boss_relics":[],"items_purged_floors":[],"is_endless":false,"potions_floor_spawned":[1,4,7,14],"killed_by":"Slime Boss","ascension_level":0}}