{"host":"i0s8vbixp24k5aul","time":1610121160,"event":{"mods":["2.2 Compatiblity","Act Like it!","Arknights The Spire","Aspiration","BaseMod","Better Note","Better Third Choice","Better Vampires","BetterUpgradePreview","Colorless Booster Pack","Displayed Cursed Tome","GifTheSpireLib","Halation","Hermit","Hubris","Jedi Mod","Minty Spire (QoL Compilation)","Optimize The Spire","Random Character Mod","StSLib","Stuff the Spire","Swap Starting Deck Mod","vexMod","??????REMEMod"],"gold_per_floor":[111,111,125,125,138,173,173,208,208,483,483,503,515,515,515],"floor_reached":14,"playtime":313,"items_purged":[],"score":165,"play_id":"d870cfb8-f6b5-4a6e-a022-0bac5cf3c998","local_time":"20210108185240","is_ascension_mode":true,"campfire_choices":[{"data":"StuffTheSpire:Incantation","floor":7,"key":"SMITH"},{"floor":11,"key":"REST"}],"circlet_count":0,"master_deck":["AscendersBane","Strike_G","Strike_G","Strike_G","Strike_G","Strike_G","Defend_G","Defend_G","Defend_G","Defend_G","Defend_G","Survivor","Neutralize","Echo Form+1","Deadly Poison","Sucker Punch","Dagger Throw","StuffTheSpire:Incantation+1","Corpse Explosion","Heel Hook","Regret","Noxious Fumes"],"relics":["Ring of the Snake","REME_ComplimentaryCards","NeowsBlessing","halation:RedSoulGem","vexMod:HeadHunter","StuffTheSpire:MayFlowers","Snake Skull"],"acts_visited":["Exordium"],"potions_floor_usage":[13],"damage_taken":[{"damage":0,"enemies":"Small Slimes","floor":1,"turns":1},{"damage":0,"enemies":"2 Louse","floor":3,"turns":1},{"damage":0,"enemies":"Cultist","floor":5,"turns":1},{"damage":22,"enemies":"Gremlin Nob","floor":6,"turns":4},{"damage":40,"enemies":"Lagavulin","floor":8,"turns":5},{"damage":11,"enemies":"Looter","floor":12,"turns":2},{"damage":0,"enemies":"Gremlin Gang","floor":13,"turns":2},{"damage":12,"enemies":"3 Sentries","floor":14,"turns":2}],"seed_played":"-6274291043069436994","potions_obtained":[{"floor":1,"key":"jedi:hoardpotion"},{"floor":5,"key":"Explosive Potion"}],"is_trial":false,"path_per_floor":["M","?","M","?","M","E","R","E","T","?","R","M","M","E"],"character_chosen":"THE_SILENT","items_purchased":[],"campfire_rested":1,"item_purchase_floors":[],"current_hp_per_floor":[63,63,63,63,63,41,41,1,1,1,22,11,11,0,0],"gold":515,"neow_bonus":"THREE_ENEMY_KILL","is_daily":false,"chose_seed":false,"campfire_upgraded":1,"win_rate":0.0,"timestamp":1610121160,"path_taken":["M","?","M","?","?","E","R","E","T","?","R","M","M","E"],"items_purchased_type":[],"build_version":"2020-12-22","purchased_purges":0,"victory":false,"max_hp_per_floor":[70,70,70,70,70,70,70,70,70,70,70,70,70,70,70],"card_choices":[{"not_picked":["Deflect","Bane"],"picked":"Deadly Poison","floor":1},{"not_picked":["Cloak And Dagger","Blur"],"picked":"Sucker Punch","floor":3},{"not_picked":["Crippling Poison","Outmaneuver"],"picked":"Dagger Throw","floor":5},{"not_picked":["Concentrate","Doppelganger"],"picked":"StuffTheSpire:Incantation","floor":6},{"not_picked":["Storm of Steel","jedi:studyshivs"],"picked":"Corpse Explosion","floor":8},{"not_picked":["Prepared","jedi:poisonivy"],"picked":"Heel Hook","floor":8},{"not_picked":["StuffTheSpire:Python","hubris:SlightOfHand","Outmaneuver"],"picked":"SKIP","floor":12},{"not_picked":["Prepared","Slice"],"picked":"Noxious Fumes","floor":13}],"player_experience":757005,"relics_obtained":[{"floor":6,"key":"vexMod:HeadHunter"},{"floor":8,"key":"StuffTheSpire:MayFlowers"},{"floor":9,"key":"Snake Skull"}],"event_choices":[{"damage_healed":0,"gold_gain":0,"player_choice":"Upgraded","damage_taken":0,"max_hp_gain":0,"max_hp_loss":0,"event_name":"Upgrade Shrine","floor":4,"gold_loss":0,"cards_upgraded":["Echo Form"]},{"damage_healed":0,"gold_gain":275,"player_choice":"Desecrate","damage_taken":0,"max_hp_gain":0,"max_hp_loss":0,"event_name":"Golden Shrine","floor":10,"gold_loss":0,"cards_obtained":["Regret"]}],"is_beta":false,"boss_relics":[],"items_purged_floors":[],"is_endless":false,"potions_floor_spawned":[1,5],"killed_by":"3 Sentries","ascension_level":13}}