{"host":"mydft8i2zzydgggw","time":1610132095,"event":{"mods":["AchievementEnabler","BaseMod","BetterRewards","Colored Map","Colored Powertips","DeckTracker","Keyboard Shortcuts","Minty Spire (QoL Compilation)","Quick Restart","Rare Cards Sparkle","StSLib","SuperFastMode","The Poker Player","everything is the same but u backflip on backflip"],"gold_per_floor":[114,114,189,201,221,246,303,303,303,303,478,9,20,53,53,152,152,166,91,111,111,127,127,127],"floor_reached":23,"playtime":501,"items_purged":["Strike_B"],"score":384,"play_id":"c3e3e08a-3f01-47a1-85a2-f14c0022fc5c","local_time":"20210109035455","is_ascension_mode":true,"campfire_choices":[{"floor":8,"key":"REST"},{"floor":10,"key":"DIG"},{"floor":15,"key":"DIG"}],"circlet_count":0,"master_deck":["Zap+1","Dualcast","Streamline","Glacier","Sunder","Heatsinks","Doubt","Buffer","Double Energy","Darkness","Creative AI","Blizzard","Skim","Buffer","Redo","Loop","Fusion","Chaos"],"relics":["Cracked Core","NeowsBlessing","Shovel","Oddly Smooth Stone","CaptainsWheel","Art of War","Cables","Symbiotic Virus","Omamori","Pandora\u0027s Box"],"acts_visited":["Exordium","TheCity"],"potions_floor_usage":[14,22],"damage_taken":[{"damage":0.0,"enemies":"Small Slimes","floor":1.0,"turns":1.0},{"damage":0,"enemies":"2 Louse","floor":4,"turns":1},{"damage":0,"enemies":"Cultist","floor":5,"turns":1},{"damage":3,"enemies":"Lagavulin","floor":6,"turns":7},{"damage":24,"enemies":"Lagavulin Event","floor":7,"turns":7},{"damage":0,"enemies":"Large Slime","floor":13,"turns":4},{"damage":0,"enemies":"3 Sentries","floor":14,"turns":5},{"damage":0,"enemies":"Slime Boss","floor":16,"turns":5},{"damage":0,"enemies":"Spheric Guardian","floor":18,"turns":5},{"damage":0,"enemies":"Chosen","floor":20,"turns":5},{"damage":14,"enemies":"Centurion and Healer","floor":22,"turns":6},{"damage":44,"enemies":"Slavers","floor":23,"turns":2}],"seed_played":"5337652878830337694","potions_obtained":[{"floor":4,"key":"FearPotion"},{"floor":7,"key":"SpeedPotion"},{"floor":13,"key":"Explosive Potion"},{"floor":20,"key":"PowerPotion"}],"is_trial":false,"path_per_floor":["M","?","?","M","M","E","?","R","T","R","?","$","M","E","R","B",null,"M","?","M","?","M","E"],"character_chosen":"DEFECT","items_purchased":["Cables","Buffer"],"campfire_rested":1,"item_purchase_floors":[12,12],"current_hp_per_floor":[68,53,46,46,46,43,19,41,41,41,41,41,41,41,41,41,67,67,67,67,53,39,0,0],"gold":127,"neow_bonus":"THREE_ENEMY_KILL","is_daily":false,"chose_seed":false,"campfire_upgraded":0,"win_rate":0.0,"timestamp":1610132095,"path_taken":["M","?","?","?","M","E","?","R","T","R","?","$","M","E","R","BOSS","M","?","M","?","?","E"],"items_purchased_type":["Relic","Card"],"build_version":"2020-12-22","purchased_purges":1,"victory":false,"max_hp_per_floor":[75,75,75,75,75,75,75,75,75,75,75,75,75,75,75,75,75,75,75,75,80,80,80,80],"card_choices":[{"not_picked":["Force Field","Beam Cell"],"picked":"Streamline","floor":1.0},{"not_picked":["Compile Driver","Force Field"],"picked":"Glacier","floor":4},{"not_picked":["Chill","Recycle"],"picked":"Sunder","floor":5},{"not_picked":["Gash","Beam Cell"],"picked":"Heatsinks","floor":6},{"not_picked":["Compile Driver","Ball Lightning"],"picked":"Double Energy","floor":13},{"not_picked":["Sunder","Undo"],"picked":"Darkness","floor":14},{"not_picked":["Meteor Strike","Echo Form"],"picked":"Creative AI","floor":16},{"not_picked":["Sweeping Beam","Compile Driver","Reprogram"],"picked":"SKIP","floor":18},{"not_picked":["Sweeping Beam","Hologram+1","Redo"],"picked":"SKIP","floor":20},{"not_picked":["Cold Snap","Turbo+1"],"picked":"Chaos","floor":22}],"player_experience":144302,"relics_obtained":[{"floor":6,"key":"Shovel"},{"floor":7,"key":"Oddly Smooth Stone"},{"floor":9,"key":"CaptainsWheel"},{"floor":10,"key":"Art of War"},{"floor":14,"key":"Symbiotic Virus"},{"floor":15,"key":"Omamori"}],"event_choices":[{"damage_healed":0.0,"max_hp_gain":0.0,"max_hp_loss":0.0,"gold_gain":0.0,"event_name":"Shining Light","player_choice":"Entered Light","floor":2.0,"gold_loss":0.0,"damage_taken":15.0,"cards_upgraded":["Strike_B","Zap"]},{"damage_healed":0,"gold_gain":75,"player_choice":"Touch","damage_taken":7,"max_hp_gain":0,"max_hp_loss":0,"event_name":"FaceTrader","floor":3,"gold_loss":0},{"damage_healed":0,"gold_gain":30,"player_choice":"Searched \u00273\u0027 times","damage_taken":0,"max_hp_gain":0,"max_hp_loss":0,"event_name":"Dead Adventurer","floor":7,"gold_loss":0},{"damage_healed":0,"gold_gain":175,"player_choice":"AGREE","damage_taken":0,"max_hp_gain":0,"max_hp_loss":0,"event_name":"Liars Game","floor":11,"gold_loss":0,"cards_obtained":["Doubt"]},{"cards_removed":["Lockon"],"damage_healed":0,"gold_gain":0,"player_choice":"Gave Gold","damage_taken":0,"max_hp_gain":0,"max_hp_loss":0,"event_name":"Beggar","floor":19,"gold_loss":75},{"damage_healed":0,"gold_gain":0,"player_choice":"Shed Blood","damage_taken":19,"max_hp_gain":5,"max_hp_loss":0,"event_name":"Forgotten Altar","floor":21,"gold_loss":0}],"is_beta":false,"boss_relics":[{"not_picked":["FrozenCore","Velvet Choker"],"picked":"Pandora\u0027s Box"}],"items_purged_floors":[12],"is_endless":false,"potions_floor_spawned":[4,7,13,20],"killed_by":"Slavers","ascension_level":8}}