{"host":"Charlie","time":1610071459,"event":{"mods":["100% Spire Juice","Aspiration","BaseMod","Better Match","Better Skull","Better Third Choice","BetterRewards","ChefMod","Colored Map","Colored Powertips","Conspire","Curses Come First","Downfall","Ekko","Evolution","Friendly Minions","Halation","Hermit","Hubris","Infinite Spire","Luminous","Melee Mod","Minty Spire (QoL Compilation)","Quick Restart","Rare Cards Sparkle","Relic Stats","Robot Space Explorer","Shade Mod","Spicy Shops","StSLib","SuperFastMode","Synergy Search","The Animator","The Blue Laboratory","The Caster","The Cursed","The Dragon Tamer","The Factory","The Gatherer","The Jungle","The Marked","The Necromancer","Unceasing Turn Reminder","vexMod"],"gold_per_floor":[125,125,50,50,67,101,111,128,179,59,76,76,86,15,15,120,50,65,84,96,96,109,109,141,141,74,26,26,26],"floor_reached":28,"playtime":930,"items_purged":["Moonworks:Strike"],"score":290,"play_id":"65f3318a-01de-4d0d-9246-b66d0395174f","local_time":"20210107180419","is_ascension_mode":false,"campfire_choices":[{"data":"Moonworks:RocketCannon","floor":10,"key":"SMITH"},{"data":"Moonworks:Ambush","floor":12,"key":"SMITH"},{"data":"Moonworks:LongDistanceShot","floor":15,"key":"SMITH"},{"floor":23,"key":"REST"},{"floor":25,"key":"REST"}],"circlet_count":0,"master_deck":["Moonworks:Strike","Moonworks:Strike","Moonworks:Defend","Moonworks:Defend","Moonworks:Defend","Moonworks:Defend","Moonworks:Ambush+1","Moonworks:LongDistanceShot+1","Moonworks:MiracleRedBeanIceCream","Moonworks:RocketCannon+1","Moonworks:MiracleRedBeanIceCream","Moonworks:SinkOrSwim+1","Moonworks:Dinner+1","Moonworks:Wanted"],"relics":["Moonworks:BrokenBomb","Moonworks:Homemark","EVO:Axolotl","hubris:DisguiseKit","halation:PrussianBluePaint","Art of War","Tiny House","NlothsMask","vexMod:BarristanHead"],"acts_visited":["Exordium","TheCity"],"potions_floor_usage":[16,22,24,28],"damage_taken":[{"damage":1,"enemies":"Jaw Worm","floor":1,"turns":3},{"damage":1,"enemies":"Small Slimes","floor":5,"turns":3},{"damage":13,"enemies":"Lagavulin","floor":6,"turns":6},{"damage":0,"enemies":"Cultist","floor":7,"turns":3},{"damage":2,"enemies":"Gremlin Gang","floor":8,"turns":4},{"damage":0,"enemies":"3 Louse","floor":11,"turns":2},{"damage":2,"enemies":"2 Fungi Beasts","floor":13,"turns":2},{"damage":0,"enemies":"Slime Boss","floor":16,"turns":3},{"damage":12,"enemies":"3 Byrds","floor":18,"turns":3},{"damage":0,"enemies":"Chosen","floor":19,"turns":3},{"damage":6,"enemies":"Centurion and Healer","floor":20,"turns":3},{"damage":25,"enemies":"Snake Plant","floor":22,"turns":3},{"damage":32,"enemies":"Slavers","floor":24,"turns":5},{"damage":48,"enemies":"Gremlin Leader","floor":28,"turns":4}],"seed_played":"-6369337931414051175","potions_obtained":[{"floor":6,"key":"blueLaboratory:BottleOfRum"},{"floor":8,"key":"blueLaboratory:PhilterOfMotion"},{"floor":11,"key":"Swift Potion"},{"floor":13,"key":"Energy Potion"},{"floor":16,"key":"blueLaboratory:BottleOfVodka"},{"floor":17,"key":"blueLaboratory:EmptyBottle"},{"floor":22,"key":"DuplicationPotion"}],"is_trial":false,"path_per_floor":["M","?","$","?","M","E","M","M","T","R","M","R","M","$","R","B",null,"M","M","M","?","M","R","E","R","T","$","E"],"character_chosen":"THE_STARBREAKER","items_purchased":["Art of War","blueLaboratory:FruitPunch"],"campfire_rested":2,"item_purchase_floors":[14,27],"current_hp_per_floor":[59,59,59,60,59,46,46,44,44,44,44,44,42,42,42,42,65,53,53,47,47,22,41,16,35,35,35,0,0],"gold":26,"neow_bonus":"TWO_FIFTY_GOLD","is_daily":false,"chose_seed":false,"campfire_upgraded":3,"win_rate":0.0,"timestamp":1610071459,"path_taken":["M","?","$","?","?","E","?","M","T","R","M","R","M","$","R","BOSS","M","M","M","?","M","R","E","R","T","$","E"],"items_purchased_type":["Relic","Potion"],"build_version":"2020-12-18","purchased_purges":1,"victory":false,"max_hp_per_floor":[60,60,60,60,60,60,60,60,60,60,60,60,60,60,60,60,65,65,65,65,65,65,65,65,65,65,65,67,67],"relic_stats":{"counters":[14,47],"Art of War":[3],"obtain_stats":[{"hubris:DisguiseKit":6,"Tiny House":17,"vexMod:BarristanHead":24,"halation:PrussianBluePaint":9,"Moonworks:Homemark":0,"Art of War":14,"EVO:Axolotl":0,"Moonworks:BrokenBomb":0,"NlothsMask":21},{"hubris:DisguiseKit":3,"Tiny House":8,"vexMod:BarristanHead":13,"halation:PrussianBluePaint":5,"Moonworks:Homemark":0,"Art of War":7,"EVO:Axolotl":0,"Moonworks:BrokenBomb":0,"NlothsMask":11},{"hubris:DisguiseKit":12,"Tiny House":26,"vexMod:BarristanHead":43,"halation:PrussianBluePaint":19,"Moonworks:Homemark":0,"Art of War":23,"EVO:Axolotl":0,"Moonworks:BrokenBomb":0,"NlothsMask":35}]},"card_choices":[{"not_picked":["Moonworks:SakisCookie","Moonworks:BigMagnum","Moonworks:LulusLuckyEgg"],"picked":"SKIP","floor":1},{"not_picked":["Moonworks:ScrambledEve","Moonworks:x16BigRocket","Moonworks:EvilSpyWorkPreparation"],"picked":"SKIP","floor":5},{"not_picked":["Moonworks:CloudOfSeagulls","Moonworks:Assault"],"picked":"Moonworks:MiracleRedBeanIceCream","floor":6},{"not_picked":["Moonworks:LulusLuckyEgg","Moonworks:BigMagnum","Gash"],"picked":"Moonworks:RocketCannon","floor":7},{"not_picked":["Moonworks:LuckyCharm","Moonworks:ImOnFire","Moonworks:DeployBits","Hello World"],"picked":"SKIP","floor":8},{"not_picked":["Moonworks:BigMagnum","Moonworks:ReproductionOfRecords","Conserve Battery"],"picked":"Moonworks:MiracleRedBeanIceCream","floor":11},{"not_picked":["Moonworks:ImOnFire","Moonworks:ScrambledEve","Moonworks:LulusLuckyEgg","Sunder"],"picked":"SKIP","floor":13},{"not_picked":["Moonworks:PlushieMaster","Moonworks:WeAreWaruda","Creative AI"],"picked":"Moonworks:SinkOrSwim","floor":16},{"not_picked":["Moonworks:x16BigRocket","Moonworks:SakisCookie","Moonworks:ImOnFire","Fusion"],"picked":"SKIP","floor":18},{"not_picked":["Moonworks:LulusLuckyEgg+1","Moonworks:BigMagnum","Moonworks:EvilSpyWorkPreparation","Beam Cell"],"picked":"SKIP","floor":19},{"not_picked":["Moonworks:NicePresent","Moonworks:BigMagnum","Moonworks:EvilSpyWorkPreparation+1","Rebound"],"picked":"SKIP","floor":20},{"not_picked":["Moonworks:NicePresent","Moonworks:IndiscriminateFireSupport+1","Coolheaded"],"picked":"Moonworks:Dinner+1","floor":22},{"not_picked":["Moonworks:LulusLuckyEgg","Moonworks:x16BigRocket+1","Force Field"],"picked":"Moonworks:Wanted","floor":24}],"player_experience":470722,"relics_obtained":[{"floor":6,"key":"hubris:DisguiseKit"},{"floor":9,"key":"halation:PrussianBluePaint"},{"floor":24,"key":"vexMod:BarristanHead"}],"event_choices":[{"cards_removed":["Moonworks:CloudOfSeagulls"],"damage_healed":5,"gold_gain":0,"player_choice":"Offered Common","damage_taken":0,"max_hp_gain":0,"max_hp_loss":0,"event_name":"Bonfire Elementals","floor":4,"gold_loss":0},{"cards_removed":["Moonworks:CloudOfSeagulls"],"damage_healed":5,"gold_gain":0,"player_choice":"Offered Special","damage_taken":0,"max_hp_gain":0,"max_hp_loss":0,"event_name":"Bonfire Elementals","floor":4,"gold_loss":0},{"damage_healed":0,"gold_gain":0,"player_choice":"Trade","damage_taken":0,"relics_obtained":["NlothsMask"],"max_hp_gain":0,"max_hp_loss":0,"event_name":"FaceTrader","floor":21,"gold_loss":0}],"is_beta":true,"boss_relics":[{"not_picked":["vexMod:TanglingVine","hubris:RunicObelisk"],"picked":"Tiny House"}],"items_purged_floors":[3],"is_endless":false,"potions_floor_spawned":[6,8,11,13,16,20,22],"killed_by":"Gremlin Leader","ascension_level":0}}