{"host":"r2xhbz7xmd090pnn","time":1610098028,"event":{"mods":["AchievementEnabler","BaseMod","Card Forge","Minty Spire (QoL Compilation)","Replay The Spire","StSLib","SuperFastMode"],"gold_per_floor":[118,125,136,210,230,260,117,152,152,163,163,163,163,186,186,285,285,302,302,302,318,332,364,210,242,242,255,255,285,331,175,175,279,279,294,311,65,65,65,103,121,177,259,294,310,0,20,36,36,48],"floor_reached":51,"playtime":519,"items_purged":["Voices"],"score":1423,"play_id":"778e7eeb-ad0d-4dd0-a7c6-6221dfd1f768","local_time":"20210108012708","is_ascension_mode":false,"campfire_choices":[{"floor":13,"key":"REST"},{"data":"1","floor":28,"key":"LIFT"},{"data":"2","floor":32,"key":"LIFT"},{"data":"3","floor":49,"key":"LIFT"}],"circlet_count":0,"master_deck":["Strike_G+12","Strike_G+13","Strike_G+13","Strike_G+12"],"relics":["Hammer of Thor","Seething Fire","Anvil of the Gods","ReplayTheSpireMod:CursedCoin","Simple Rune","Ice Cream","Vajra","Gremlin Horn","Frozen Egg 2","Ring of Hypnosis","Ring of Fangs","Sizzling Blood","Blood Vial","Replay:Ancient Bell","Boot","Pear","Mango","Girya","ClockworkSouvenir","Lantern","Mirror","Whetstone","Bag of Preparation","Replay:Bandana","Painkiller Herb","Eternal Feather","Shovel","Thread and Needle","Molten Egg 2","Potion Belt","Red Mask"],"acts_visited":["Exordium","TheCity","TheBeyond"],"potions_floor_usage":[],"damage_taken":[{"damage":4,"enemies":"Cultist","floor":1,"turns":4},{"damage":0,"enemies":"Small Slimes","floor":3,"turns":2},{"damage":0,"enemies":"Jaw Worm","floor":5,"turns":1},{"damage":9,"enemies":"3 Sentries","floor":6,"turns":2},{"damage":0,"enemies":"Gremlin Nob","floor":8,"turns":1},{"damage":0,"enemies":"Exordium Wildlife","floor":10,"turns":1},{"damage":0,"enemies":"The Guardian","floor":16,"turns":1},{"damage":0,"enemies":"3 Byrds","floor":18,"turns":1},{"damage":0,"enemies":"2 Thieves","floor":21,"turns":1},{"damage":0,"enemies":"Snake Plant","floor":22,"turns":1},{"damage":0,"enemies":"Gremlin Leader","floor":23,"turns":1},{"damage":0,"enemies":"Slavers","floor":25,"turns":1},{"damage":0,"enemies":"Centurion and Healer","floor":27,"turns":1},{"damage":0,"enemies":"Gremlin Leader","floor":29,"turns":1},{"damage":0,"enemies":"Automaton","floor":33,"turns":1},{"damage":0,"enemies":"Orb Walker","floor":35,"turns":1},{"damage":3,"enemies":"3 Shapes","floor":36,"turns":1},{"damage":0,"enemies":"R_Hoarder","floor":40,"turns":1},{"damage":0,"enemies":"Jaw Worm Horde","floor":41,"turns":1},{"damage":0,"enemies":"Mind Bloom Boss Battle","floor":42,"turns":1},{"damage":0,"enemies":"Nemesis","floor":44,"turns":1},{"damage":0,"enemies":"Maw","floor":45,"turns":1},{"damage":0,"enemies":"Writhing Mass","floor":47,"turns":1},{"damage":0,"enemies":"Sphere and 2 Shapes","floor":48,"turns":1},{"damage":0,"enemies":"Donu and Deca","floor":50,"turns":2}],"seed_played":"-7565480094258705881","potions_obtained":[{"floor":5,"key":"Languid Potion"},{"floor":8,"key":"Fire Potion"},{"floor":18,"key":"SneckoOil"}],"is_trial":false,"path_per_floor":["M","$","M","?","M","E","$","E","T","M","?","?","R","T","R","B",null,"M","?","$","M","M","E","$","E","T","M","R","E","T","$","R","B",null,"?","?","T","?","T","E","?","?","T","E","?","?","?","?","T","B",null],"character_chosen":"THE_SILENT","items_purchased":["ReplayTheSpireMod:CursedCoin","Finisher","Vajra","ClockworkSouvenir","Replay:Bandana","Eternal Feather"],"campfire_rested":1,"item_purchase_floors":[2,2,7,24,31,37],"current_hp_per_floor":[73,73,73,73,73,64,64,64,64,64,64,68,81,81,81,81,105,105,105,105,105,105,105,105,105,105,105,105,105,105,105,105,105,105,105,105,105,105,105,105,105,105,105,105,105,105,105,105,105,105],"gold":48,"neow_bonus":"TEN_PERCENT_HP_BONUS","is_daily":false,"chose_seed":false,"campfire_upgraded":0,"win_rate":0.0,"timestamp":1610098028,"path_taken":["M","$","?","?","M","E","?","E","T","M","?","?","R","?","R","BOSS","M","?","$","M","M","E","?","E","T","?","R","E","?","?","R","BOSS","?","?","T","?","T","E","?","?","T","E","?","?","?","?","T","BOSS"],"items_purchased_type":["Relic","Card","Relic","Relic","Relic","Relic"],"build_version":"2020-12-22","purchased_purges":1,"victory":true,"max_hp_per_floor":[77,77,77,77,77,77,77,77,77,77,77,81,81,81,81,81,105,105,105,105,105,105,105,105,105,105,105,105,105,105,105,105,105,105,105,105,105,105,105,105,105,105,105,105,105,105,105,105,105,105],"card_choices":[{"not_picked":["Dagger Spray","Deflect"],"picked":"Deadly Poison","floor":1},{"not_picked":["Blade Dance","Prepared"],"picked":"Deadly Poison","floor":3},{"not_picked":["Caltrops","ReplayTheSpireMod:The Works"],"picked":"Deadly Poison","floor":4},{"not_picked":["Underhanded Strike","Sucker Punch"],"picked":"Dash","floor":4},{"not_picked":["Backflip","Blade Dance","Dagger Spray"],"picked":"SKIP","floor":5},{"not_picked":["Underhanded Strike","Sucker Punch"],"picked":"Slice","floor":6},{"not_picked":["ReplayTheSpireMod:Exploit Weakness","Fluid Movement","Doppelganger"],"picked":"SKIP","floor":8},{"not_picked":["Outmaneuver","Flying Knee","ReplayTheSpireMod:Shiv Toss"],"picked":"SKIP","floor":10},{"not_picked":["ReplayTheSpireMod:Restless Dread","Delirium"],"picked":"CommonCold","floor":17},{"not_picked":["Languid","Replay:Hysterical Blindness"],"picked":"Delirium","floor":17},{"not_picked":["CurseOfTheBell","Regret"],"picked":"Amnesia","floor":17},{"not_picked":["Dagger Throw","Deadly Poison","ReplayTheSpireMod:Tripwire"],"picked":"SKIP","floor":18},{"not_picked":["Well Laid Plans+1","Calculated Gamble","A Thousand Cuts+1"],"picked":"SKIP","floor":21},{"not_picked":["Slice","Acrobatics","Outmaneuver"],"picked":"SKIP","floor":22},{"not_picked":["PiercingWail","Eviscerate","Quick Slash+1"],"picked":"SKIP","floor":23},{"not_picked":["After Image+1","Riddle With Holes","Distraction+1"],"picked":"SKIP","floor":25},{"not_picked":["Underhanded Strike+1","Infinite Blades+1","Blade Dance+1"],"picked":"SKIP","floor":27},{"not_picked":["Dodge and Roll+1","Adrenaline","Poisoned Stab+1"],"picked":"SKIP","floor":29},{"not_picked":["Endless Agony","Well Laid Plans+1","Underhanded Strike+1"],"picked":"SKIP","floor":35},{"not_picked":["Hidden Blade+1","ReplayTheSpireMod:The Works+1","Deflect+1"],"picked":"SKIP","floor":36},{"not_picked":["Quick Slash+1","ReplayTheSpireMod:Scrap Shanks+1","Backflip"],"picked":"SKIP","floor":40},{"not_picked":["Prepared+1","Poisoned Stab","Deadly Poison"],"picked":"SKIP","floor":41},{"not_picked":["Dodge and Roll+1","Adrenaline","Noxious Fumes+1"],"picked":"SKIP","floor":44},{"not_picked":["Dodge and Roll+1","Adrenaline","Noxious Fumes+1"],"picked":"SKIP","floor":44},{"not_picked":["Underhanded Strike+1","PiercingWail+1","Prepared"],"picked":"SKIP","floor":45},{"not_picked":["ReplayTheSpireMod:The Works","Blade Dance+1","Blur+1"],"picked":"SKIP","floor":47},{"not_picked":["Finisher+1","Tactician+1","Eviscerate+1"],"picked":"SKIP","floor":48}],"player_experience":2177,"relics_obtained":[{"floor":4,"key":"Simple Rune"},{"floor":6,"key":"Ice Cream"},{"floor":8,"key":"Gremlin Horn"},{"floor":9,"key":"Frozen Egg 2"},{"floor":11,"key":"Ring of Hypnosis"},{"floor":11,"key":"Ring of Fangs"},{"floor":14,"key":"Blood Vial"},{"floor":23,"key":"Girya"},{"floor":25,"key":"Lantern"},{"floor":26,"key":"Mirror"},{"floor":29,"key":"Whetstone"},{"floor":30,"key":"Bag of Preparation"},{"floor":40,"key":"Shovel"},{"floor":42,"key":"Thread and Needle"},{"floor":43,"key":"Molten Egg 2"},{"floor":44,"key":"Potion Belt"}],"event_choices":[{"damage_healed":0,"gold_gain":0,"player_choice":"Upgraded","damage_taken":0,"max_hp_gain":0,"max_hp_loss":0,"event_name":"Upgrade Shrine","floor":19,"gold_loss":0,"cards_upgraded":["Strike_G"]},{"cards_removed":["Strike_G"],"damage_healed":0,"gold_gain":0,"player_choice":"Removed Attack","damage_taken":0,"max_hp_gain":0,"max_hp_loss":0,"event_name":"Falling","floor":38,"gold_loss":0},{"damage_healed":0,"gold_gain":0,"player_choice":"Fight","damage_taken":0,"max_hp_gain":0,"max_hp_loss":0,"event_name":"MindBloom","floor":42,"gold_loss":0},{"damage_healed":0,"gold_gain":0,"player_choice":"Paid","damage_taken":0,"relics_obtained":["Red Mask"],"max_hp_gain":0,"max_hp_loss":0,"event_name":"Tomb of Lord Red Mask","floor":46,"gold_loss":310}],"is_beta":false,"boss_relics":[{"not_picked":["Replay:Grab Bag","Snecko Scales"],"picked":"Replay:Ancient Bell"},{"not_picked":["Omamori","Toy Ornithopter"],"picked":"Boot"},{"not_picked":["Kunai","Sundial"],"picked":"Pear"},{"not_picked":["FossilizedHelix","Bird Faced Urn"],"picked":"Mango"},{"not_picked":["Honey Jar","ReplayTheSpireMod:DimensionalGlitch"],"picked":"Painkiller Herb"}],"items_purged_floors":[2],"is_endless":false,"potions_floor_spawned":[5,8,18,22,23,25,33,36,41,42,45],"ascension_level":0}}