{"host":"51mqhfpmwwd4kxyt","time":1610125580,"event":{"mods":["BaseMod","Downfall","Googly Eyes","Highlight Path","Minty Spire (QoL Compilation)","READ ME - Guardian Mod","StSLib","The Cursed","The Servant 0.9.4"],"gold_per_floor":[115,65,43,58,58,91,91,111,134,149,149,162,175,191,191,294,294,309,309,359,375,386,386,413,413,484,504,531,550,530,564,564,661,661,681,413,432,450,469,503,503,530,553,553,567,567,619,650,650,650],"floor_reached":51,"playtime":4934,"items_purged":["Defend_G"],"score":993,"play_id":"9e999090-9b84-4481-9157-cb3a1363899e","local_time":"20210108120620","is_ascension_mode":true,"campfire_choices":[{"floor":11,"key":"REST"},{"data":"1","floor":15,"key":"LIFT"},{"data":"Footwork","floor":23,"key":"SMITH"},{"floor":25,"key":"REST"},{"data":"2","floor":32,"key":"LIFT"},{"data":"3","floor":41,"key":"LIFT"},{"data":"Burst","floor":44,"key":"SMITH"},{"data":"Calculated Gamble","floor":49,"key":"SMITH"}],"circlet_count":0,"master_deck":["Defend_G","Defend_G","Defend_G","Survivor","Neutralize","Night Terror+1","Grand Finale","Dagger Throw","Escape Plan","Footwork+1","Backflip","Blur","Venomology","Outmaneuver","Adrenaline","Acrobatics","Slimebound:Tackle+1","Slimebound:Tackle+1","Slimebound:Tackle+1","Tactician","Calculated Gamble+1","Well Laid Plans","Acrobatics","Footwork","Distraction","Burst+1","Outmaneuver+1","Metamorphosis","Outmaneuver+1","Acrobatics+1","Blur","Reflex","Footwork+1","Parasite","Parasite","Well Laid Plans","Expertise+1"],"relics":["Ring of the Snake","Girya","Question Card","Toy Ornithopter","HoveringKite","MealTicket","Gremlin Horn","Akabeko","Orichalcum","Cursed Key","Bag of Preparation","Unceasing Top","Dream Catcher","Ice Cream","Happy Flower"],"acts_visited":["Exordium","TheCity","TheBeyond"],"potions_floor_usage":[13,14,14,14,14,16,16,18,18,21,21,21,22,22,22,22,24,24,27,27,28,28,29,31,31,33,33,35,37,38,38,39,39,39,39,39,39,39,39,40,42,45,45,45,45,45,47,47,48,50],"damage_taken":[{"damage":2,"enemies":"Jaw Worm","floor":1,"turns":2},{"damage":4,"enemies":"2 Louse","floor":4,"turns":4},{"damage":11,"enemies":"Gremlin Nob","floor":6,"turns":4},{"damage":0,"enemies":"Cultist","floor":8,"turns":2},{"damage":4,"enemies":"2 Fungi Beasts","floor":10,"turns":2},{"damage":30,"enemies":"Exordium Thugs","floor":12,"turns":8},{"damage":0,"enemies":"Lots of Slimes","floor":13,"turns":10},{"damage":8,"enemies":"2 Fungi Beasts","floor":14,"turns":5},{"damage":40,"enemies":"The Guardian","floor":16,"turns":26},{"damage":10,"enemies":"Shell Parasite","floor":18,"turns":5},{"damage":32,"enemies":"Chosen","floor":21,"turns":7},{"damage":11,"enemies":"Snecko","floor":22,"turns":4},{"damage":56,"enemies":"Book of Stabbing","floor":24,"turns":13},{"damage":5,"enemies":"Centurion and Healer","floor":27,"turns":3},{"damage":0,"enemies":"Gremlin Leader","floor":28,"turns":5},{"damage":0,"enemies":"Cultist and Chosen","floor":29,"turns":3},{"damage":5,"enemies":"Book of Stabbing","floor":31,"turns":8},{"damage":22,"enemies":"Collector","floor":33,"turns":9},{"damage":30,"enemies":"3 Darklings","floor":35,"turns":4},{"damage":5,"enemies":"3 Shapes","floor":37,"turns":6},{"damage":41,"enemies":"3 Darklings","floor":38,"turns":5},{"damage":21,"enemies":"Maw","floor":39,"turns":9},{"damage":2,"enemies":"Reptomancer","floor":40,"turns":6},{"damage":15,"enemies":"Giant Head","floor":42,"turns":9},{"damage":15,"enemies":"Writhing Mass","floor":45,"turns":6},{"damage":0,"enemies":"2 Orb Walkers","floor":47,"turns":10},{"damage":9,"enemies":"Reptomancer","floor":48,"turns":9},{"damage":31,"enemies":"Time Eater","floor":50,"turns":17}],"seed_played":"4639047265609088433","potions_obtained":[{"floor":4,"key":"EssenceOfSteel"},{"floor":6,"key":"Poison Potion"},{"floor":13,"key":"SneckoOil"},{"floor":16,"key":"ColorlessPotion"},{"floor":18,"key":"ColorlessPotion"},{"floor":28,"key":"SkillPotion"},{"floor":30,"key":"LiquidMemories"},{"floor":31,"key":"Regen Potion"},{"floor":33,"key":"EssenceOfSteel"},{"floor":37,"key":"Regen Potion"},{"floor":40,"key":"Guardian:BlockOnCardUsePotion"},{"floor":48,"key":"GamblersBrew"}],"is_trial":false,"path_per_floor":["M","?","?","M","?","E","T","M","T","M","R","M","M","M","R","B",null,"M","?","?","M","M","R","E","R","T","M","E","M","?","E","R","B",null,"M","$","M","M","M","E","R","E","T","R","M","?","?","E","R","B",null],"character_chosen":"THE_SILENT","items_purchased":["Metamorphosis"],"campfire_rested":2,"item_purchase_floors":[36],"current_hp_per_floor":[47,47,47,43,43,32,32,32,32,28,49,19,24,36,36,6,54,54,54,54,37,58,58,12,33,33,38,48,53,53,58,58,61,68,40,55,55,38,66,68,68,58,58,58,68,68,70,61,61,35],"gold":650,"neow_bonus":"TRANSFORM_TWO_CARDS","is_daily":false,"chose_seed":false,"campfire_upgraded":3,"win_rate":0.0,"timestamp":1610125580,"path_taken":["M","?","?","M","?","E","?","M","T","M","R","M","M","?","R","BOSS","M","?","?","?","M","R","E","R","T","?","E","M","?","E","R","BOSS","M","$","M","?","M","E","R","E","T","R","M","?","?","E","R","BOSS"],"items_purchased_type":["Card"],"build_version":"2020-12-22","purchased_purges":1,"victory":true,"max_hp_per_floor":[70,70,70,70,70,70,70,70,70,70,70,70,70,70,70,70,70,70,70,70,70,70,70,70,70,70,70,70,70,70,70,70,70,70,70,70,70,70,70,70,70,70,70,70,70,70,70,70,70,70],"card_choices":[{"not_picked":["Quick Slash","Cloak And Dagger"],"picked":"Dagger Throw","floor":1},{"not_picked":["Bane","Riddle With Holes","Eviscerate"],"picked":"SKIP","floor":4},{"not_picked":["Slice","Noxious Fumes"],"picked":"Escape Plan","floor":6},{"not_picked":["Acrobatics","Flechettes","Poisoned Stab"],"picked":"Footwork","floor":8},{"not_picked":["Acrobatics","Backstab","Deflect"],"picked":"Backflip","floor":10},{"not_picked":["Leg Sweep","Riddle With Holes","Slice"],"picked":"Blur","floor":12},{"not_picked":["Dagger Throw","Backflip","Heel Hook"],"picked":"Venomology","floor":13},{"not_picked":["Concentrate","Underhanded Strike","Dash"],"picked":"Outmaneuver","floor":14},{"not_picked":["Bullet Time","Malaise","Grand Finale"],"picked":"Adrenaline","floor":16},{"not_picked":["Slice","Noxious Fumes","Dodge and Roll"],"picked":"Acrobatics","floor":18},{"not_picked":["PiercingWail","Dagger Throw","Bane"],"picked":"Tactician","floor":21},{"not_picked":["Backstab","Outmaneuver","Blade Dance"],"picked":"Calculated Gamble","floor":22},{"not_picked":["Catalyst","Eviscerate","Predator"],"picked":"Well Laid Plans","floor":24},{"not_picked":["Calculated Gamble","Dagger Throw","Leg Sweep+1"],"picked":"Acrobatics","floor":27},{"not_picked":["Poisoned Stab","PiercingWail","Heel Hook","Envenom"],"picked":"SKIP","floor":28},{"not_picked":["Backflip","Caltrops+1","Poisoned Stab"],"picked":"Footwork","floor":29},{"not_picked":["Deflect+1","Dodge and Roll+1","Skewer"],"picked":"Distraction","floor":31},{"not_picked":["Venomology","Glass Knife","Adrenaline"],"picked":"Burst","floor":33},{"not_picked":["Escape Plan+1","PiercingWail+1","Flying Knee"],"picked":"Outmaneuver+1","floor":35},{"not_picked":["Distraction+1","Underhanded Strike","Dodge and Roll+1"],"picked":"Outmaneuver+1","floor":37},{"not_picked":["Deflect","Deadly Poison+1","Setup"],"picked":"Acrobatics+1","floor":38},{"not_picked":["Dagger Throw","Sucker Punch","A Thousand Cuts"],"picked":"Blur","floor":39},{"not_picked":["Accuracy","Cloak And Dagger+1","Prepared+1"],"picked":"Reflex","floor":40},{"not_picked":["Bane+1","All Out Attack","Dodge and Roll+1"],"picked":"Footwork+1","floor":42},{"not_picked":["Dodge and Roll+1","Dagger Throw+1","PiercingWail+1","Unload"],"picked":"SKIP","floor":45},{"not_picked":["Leg Sweep","Dodge and Roll+1","Flying Knee"],"picked":"Well Laid Plans","floor":47},{"not_picked":["Sucker Punch+1","Cloak And Dagger+1","Leg Sweep+1"],"picked":"Expertise+1","floor":48}],"player_experience":347214,"relics_obtained":[{"floor":6,"key":"Girya"},{"floor":7,"key":"Question Card"},{"floor":9,"key":"Toy Ornithopter"},{"floor":24,"key":"MealTicket"},{"floor":26,"key":"Gremlin Horn"},{"floor":28,"key":"Akabeko"},{"floor":31,"key":"Orichalcum"},{"floor":40,"key":"Bag of Preparation"},{"floor":42,"key":"Unceasing Top"},{"floor":43,"key":"Dream Catcher"},{"floor":47,"key":"Ice Cream"},{"floor":48,"key":"Happy Flower"}],"event_choices":[{"cards_removed":["Defend_G"],"damage_healed":0,"gold_gain":0,"player_choice":"Card Removal","damage_taken":0,"max_hp_gain":0,"max_hp_loss":0,"event_name":"The Cleric","floor":2,"gold_loss":50},{"damage_healed":0,"gold_gain":0,"player_choice":"Left Gold","damage_taken":0,"max_hp_gain":0,"max_hp_loss":0,"event_name":"World of Goop","floor":3,"gold_loss":22},{"damage_healed":0,"gold_gain":0,"player_choice":"Grow","damage_taken":0,"max_hp_gain":0,"max_hp_loss":0,"event_name":"Living Wall","floor":5,"gold_loss":0,"cards_upgraded":["Night Terror"]},{"damage_healed":0,"gold_gain":100,"player_choice":"Bet on Murderer","damage_taken":0,"max_hp_gain":0,"max_hp_loss":0,"event_name":"The Joust","floor":20,"gold_loss":50},{"damage_healed":0,"gold_gain":0,"player_choice":"Bought 1 Potion","damage_taken":0,"max_hp_gain":0,"max_hp_loss":0,"event_name":"The Woman in Blue","floor":30,"gold_loss":0},{"damage_healed":0,"gold_gain":0,"player_choice":"Ignored","damage_taken":0,"max_hp_gain":0,"max_hp_loss":0,"event_name":"Tomb of Lord Red Mask","floor":46,"gold_loss":0},{"damage_healed":0,"gold_gain":0,"player_choice":"Fight","damage_taken":0,"max_hp_gain":0,"max_hp_loss":0,"event_name":"Mysterious Sphere","floor":47,"gold_loss":0}],"is_beta":false,"boss_relics":[{"not_picked":["Ring of the Serpent","Busted Crown"],"picked":"HoveringKite"},{"not_picked":["Empty Cage","Black Star"],"picked":"Cursed Key"}],"items_purged_floors":[36],"is_endless":false,"potions_floor_spawned":[4,6,13,16,18,28,31,33,37,40,42,48],"ascension_level":5}}