{"host":"ds1yr10zonoc6w4a","time":1610090364,"event":{"mods":["BaseMod","Better Match","Better Third Choice","BetterRewards","Minty Spire (QoL Compilation)","StSLib","The Animator"],"gold_per_floor":[111,36,36,36,36,70,70,70,144,189,216,230,230,74,74,165,165,180,198,73,73,36,36,36,36],"floor_reached":24,"playtime":1609,"items_purged":["animator:Strike","Injury","animator:Defend"],"score":488,"play_id":"e9d39686-57b9-42ab-acb8-4c1657f8f39f","local_time":"20210108001924","is_ascension_mode":true,"campfire_choices":[{"data":"animator:Shiro","floor":7,"key":"SMITH"},{"data":"animator:Kaijin","floor":13,"key":"SMITH"},{"data":"animator:Sloth","floor":15,"key":"SMITH"},{"data":"animator:Guy","floor":23,"key":"SMITH"}],"circlet_count":0,"master_deck":["AscendersBane","animator:Strike_TenSura","animator:Defend_TenSura+1","animator:Strike+1","animator:Defend","animator:Benimaru","animator:Shuna","animator:YunYun+1","animator:Shiro+1","animator:TsurugaMeisai","animator:Kaijin+1","animator:Sloth+1","animator:Elsword","animator:Envy","animator:Mikaela","animator:Raven","animator:Ain","animator:GoblinSlayer","animator:Guy+1"],"relics":["animator:LivingPicture","animator:TheMissingPiece","animator:PurgingStone","NeowsBlessing","Golden Idol","animator:Buoy","Paper Frog","Coffee Dripper","Bottled Flame","DataDisk","Paper Crane"],"acts_visited":["Exordium","TheCity"],"potions_floor_usage":[12,16,24],"damage_taken":[{"damage":0,"enemies":"Cultist","floor":1,"turns":1},{"damage":0,"enemies":"Lagavulin","floor":6,"turns":1},{"damage":0,"enemies":"3 Sentries","floor":10,"turns":2},{"damage":0,"enemies":"Jaw Worm","floor":11,"turns":4},{"damage":0,"enemies":"2 Louse","floor":12,"turns":2},{"damage":10,"enemies":"Slime Boss","floor":16,"turns":8},{"damage":0,"enemies":"Chosen","floor":18,"turns":4},{"damage":7,"enemies":"Spheric Guardian","floor":19,"turns":4},{"damage":45,"enemies":"animator:HornedBat","floor":24,"turns":3}],"seed_played":"-8768212604448441937","potions_obtained":[{"floor":1,"key":"Swift Potion"},{"floor":6,"key":"Block Potion"},{"floor":19,"key":"ColorlessPotion"}],"is_trial":false,"path_per_floor":["M","$","?","?","$","E","R","?","T","E","M","M","R","$","R","B",null,"M","M","?","?","$","R","E"],"character_chosen":"THE_ANIMATOR","items_purchased":["animator:Elsword","animator:GoblinSlayer","animator:Guy","Bottled Flame","DataDisk","Paper Crane"],"campfire_rested":0,"item_purchase_floors":[14,22,22,22,22,22],"current_hp_per_floor":[54,54,36,36,36,36,36,36,36,36,36,36,36,36,36,26,52,52,45,45,45,45,45,0,0],"gold":36,"neow_bonus":"THREE_ENEMY_KILL","is_daily":false,"chose_seed":false,"campfire_upgraded":4,"win_rate":0.0,"timestamp":1610090364,"path_taken":["M","?","?","?","$","E","R","?","T","E","M","?","R","$","R","BOSS","M","M","?","?","?","R","E"],"items_purchased_type":["Card","Card","Card","Relic","Relic","Relic"],"build_version":"2020-12-22","purchased_purges":3,"victory":false,"max_hp_per_floor":[60,60,60,60,60,60,60,60,60,60,60,60,60,60,60,60,60,60,60,60,60,60,60,60,60],"card_choices":[{"not_picked":["animator:NagisaMomoe","animator:CowGirl"],"picked":"animator:YunYun","floor":1},{"not_picked":["animator:Archer","animator:YuiTsuruno"],"picked":"animator:Shiro","floor":6},{"not_picked":["animator:DolaSchwi","animator:Jibril"],"picked":"animator:TsurugaMeisai","floor":10},{"not_picked":["animator:Vesta","animator:Souei"],"picked":"animator:Kaijin","floor":11},{"not_picked":["animator:GuildGirl","animator:Shalltear"],"picked":"animator:Sloth","floor":12},{"not_picked":["animator:FeridBathory","animator:Hans"],"picked":"animator:Envy","floor":16},{"not_picked":["animator:Tatsumaki","animator:Laby","animator:Shigure"],"picked":"SKIP","floor":18},{"not_picked":["animator:LizardPriest","animator:Tet"],"picked":"animator:Mikaela","floor":19},{"not_picked":["animator:Chung","animator:SilverFang"],"picked":"animator:Raven","floor":20},{"not_picked":["animator:AcuraTooru","animator:Kaijin"],"picked":"animator:Ain","floor":20}],"player_experience":690745,"relics_obtained":[{"floor":6,"key":"animator:Buoy"},{"floor":10,"key":"Paper Frog"}],"event_choices":[{"damage_healed":54,"gold_gain":0,"player_choice":"Upgrade","damage_taken":18,"max_hp_gain":0,"max_hp_loss":60,"event_name":"betterThird:BetterShining","floor":3,"gold_loss":0,"cards_upgraded":["animator:YunYun","animator:Strike"]},{"damage_healed":0,"gold_gain":0,"player_choice":"Take Wound","damage_taken":0,"relics_obtained":["Golden Idol"],"max_hp_gain":0,"max_hp_loss":0,"event_name":"Golden Idol","floor":4,"gold_loss":0,"cards_obtained":["Injury"]},{"cards_removed":["animator:Defend"],"damage_healed":0,"gold_gain":0,"player_choice":"Forget","damage_taken":0,"max_hp_gain":0,"max_hp_loss":0,"event_name":"Living Wall","floor":8,"gold_loss":0},{"damage_healed":0,"gold_gain":0,"player_choice":"1","damage_taken":0,"max_hp_gain":0,"max_hp_loss":0,"event_name":"betterMatch:BetterMatch","floor":20,"gold_loss":0,"cards_obtained":["betterMatch:CommonCard","betterMatch:UncommonCard"]},{"cards_removed":["animator:Strike"],"damage_healed":0,"gold_gain":0,"player_choice":"Elegance","damage_taken":0,"max_hp_gain":0,"max_hp_loss":0,"event_name":"betterThird:BetterWriting","floor":21,"gold_loss":0}],"is_beta":false,"boss_relics":[{"not_picked":["animator:RacePiece","SlaversCollar"],"picked":"Coffee Dripper"}],"items_purged_floors":[2,14,22],"is_endless":false,"potions_floor_spawned":[1,6,19],"killed_by":"animator:HornedBat","ascension_level":17}}