{"host":"3jjxuhjpio8e4zkv","time":1610087241,"event":{"mods":["BaseMod","Colored Map","Highlight Path","Minty Spire (QoL Compilation)","Permanent Neow","Relic Stats","StSLib"],"gold_per_floor":[117,6,18,18,31,31,41,75,75,89,423,423,437,437,437],"floor_reached":14,"playtime":407,"items_purged":[],"score":204,"play_id":"2e0726ea-61e4-475c-b67a-26d03d93e19a","local_time":"20210108012721","is_ascension_mode":true,"campfire_choices":[{"data":"Riddle With Holes","floor":6,"key":"SMITH"}],"circlet_count":0,"master_deck":["AscendersBane","Strike_G","Strike_G","Strike_G","Defend_G","Defend_G","Defend_G","Defend_G","Defend_G","Survivor","Neutralize","Outmaneuver","Bouncing Flask","Riddle With Holes+1","Slice","Footwork","Dodge and Roll"],"relics":["Ring of the Snake","Frozen Egg 2","Tingsha","Old Coin"],"acts_visited":["Exordium"],"potions_floor_usage":[11,11,14],"damage_taken":[{"damage":1,"enemies":"2 Louse","floor":1,"turns":3},{"damage":4,"enemies":"Small Slimes","floor":3,"turns":4},{"damage":0,"enemies":"Cultist","floor":5,"turns":3},{"damage":1,"enemies":"Red Slaver","floor":7,"turns":3},{"damage":38,"enemies":"Lagavulin","floor":8,"turns":7},{"damage":1,"enemies":"Looter","floor":10,"turns":4},{"damage":3,"enemies":"3 Sentries","floor":11,"turns":6},{"damage":0,"enemies":"3 Louse","floor":13,"turns":4},{"damage":28,"enemies":"Gremlin Nob","floor":14,"turns":3}],"seed_played":"7862137483813364185","potions_obtained":[{"floor":1,"key":"Block Potion"},{"floor":13,"key":"Poison Potion"}],"is_trial":false,"path_per_floor":["M","$","M","?","M","R","M","E","T","M","E","?","M","E"],"character_chosen":"THE_SILENT","items_purchased":["Explosive Potion","Explosive Potion"],"campfire_rested":0,"item_purchase_floors":[2,2],"current_hp_per_floor":[58,58,54,47,47,47,46,8,8,7,4,4,4,0,0],"gold":437,"neow_bonus":"THREE_CARDS","is_daily":false,"chose_seed":false,"campfire_upgraded":1,"win_rate":0.0,"timestamp":1610087241,"path_taken":["M","$","M","?","M","R","M","E","T","M","E","?","?","E"],"items_purchased_type":["Potion","Potion"],"build_version":"2020-12-22","purchased_purges":0,"victory":false,"max_hp_per_floor":[66,66,66,66,66,66,66,66,66,66,66,66,66,66,66],"relic_stats":{"counters":[9,37],"Tingsha":[9],"obtain_stats":[{"Tingsha":9,"Frozen Egg 2":8,"Ring of the Snake":0,"Old Coin":11},{"Tingsha":5,"Frozen Egg 2":5,"Ring of the Snake":0,"Old Coin":7},{"Tingsha":20,"Frozen Egg 2":20,"Ring of the Snake":0,"Old Coin":30}],"Ring of the Snake":[18]},"card_choices":[{"not_picked":["Flying Knee","Dagger Spray"],"picked":"Outmaneuver","floor":0},{"not_picked":["PiercingWail","Setup"],"picked":"Bouncing Flask","floor":1},{"not_picked":["Deadly Poison","Bouncing Flask"],"picked":"Riddle With Holes","floor":3},{"not_picked":["Underhanded Strike","Cloak And Dagger"],"picked":"Slice","floor":5},{"not_picked":["PiercingWail","Unload"],"picked":"Footwork","floor":7},{"not_picked":["Terror","Expertise","Reflex"],"picked":"SKIP","floor":8},{"not_picked":["Crippling Poison","PiercingWail","Terror"],"picked":"SKIP","floor":10},{"not_picked":["Heel Hook","Slice","Deadly Poison"],"picked":"SKIP","floor":11},{"not_picked":["Flying Knee","Setup"],"picked":"Dodge and Roll","floor":13}],"player_experience":1185677,"relics_obtained":[{"floor":8,"key":"Frozen Egg 2"},{"floor":9,"key":"Tingsha"},{"floor":11,"key":"Old Coin"}],"event_choices":[{"cards_removed":["Strike_G"],"damage_healed":0,"gold_gain":0,"player_choice":"Card Removal","damage_taken":7,"max_hp_gain":0,"max_hp_loss":0,"event_name":"Golden Wing","floor":4,"gold_loss":0},{"cards_removed":["Strike_G"],"damage_healed":0,"gold_gain":0,"player_choice":"Offered Basic","damage_taken":0,"max_hp_gain":0,"max_hp_loss":0,"event_name":"Bonfire Elementals","floor":12,"gold_loss":0}],"is_beta":false,"boss_relics":[],"items_purged_floors":[],"is_endless":false,"potions_floor_spawned":[1,5,7,13],"killed_by":"Gremlin Nob","ascension_level":20}}