{"host":"y3h3n3f7seyagppx","time":1610149217,"event":{"mods":["AlwaysNeverKeys","BaseMod","Better Vampires","Colored Powertips","DeckTracker","Emptier Cage","Minty Spire (QoL Compilation)","Permanent Neow","Quick Restart","Rare Cards Sparkle","Relic Sorter","Relic Stats","StSLib","Transform Curses"],"gold_per_floor":[115,130,140,156,156,186,186,214,214,240,240,259,47,72,72,146,146,156,167,167,180,200,200,200],"floor_reached":23,"playtime":3253,"items_purged":[],"score":496,"play_id":"9f9f9c65-1002-4d7b-b6f9-5be1a7d692af","local_time":"20210108184017","is_ascension_mode":true,"campfire_choices":[{"floor":7,"key":"REST"},{"floor":11,"key":"REST"},{"data":"Sucker Punch","floor":15,"key":"SMITH"}],"circlet_count":0,"master_deck":["AscendersBane","Strike_G","Strike_G","Strike_G","Strike_G","Defend_G","Defend_G","Defend_G","Defend_G","Defend_G","Survivor","Neutralize+1","Dagger Spray","Sucker Punch+1","Flying Knee","Deadly Poison","Bouncing Flask","Die Die Die","Endless Agony","PiercingWail","Backflip","Adrenaline","Leg Sweep+1","Backflip"],"relics":["Ring of the Snake","Happy Flower","Lantern","Bag of Marbles","Orrery","Tiny Chest","Philosopher\u0027s Stone"],"acts_visited":["Exordium","TheCity"],"potions_floor_usage":[8,10,14,16,21,23,23],"damage_taken":[{"damage":1,"enemies":"Small Slimes","floor":1,"turns":4},{"damage":2,"enemies":"Jaw Worm","floor":2,"turns":5},{"damage":0,"enemies":"Cultist","floor":3,"turns":4},{"damage":5,"enemies":"Gremlin Gang","floor":4,"turns":4},{"damage":47,"enemies":"Gremlin Nob","floor":6,"turns":5},{"damage":19,"enemies":"Lagavulin","floor":8,"turns":6},{"damage":3,"enemies":"Gremlin Nob","floor":10,"turns":3},{"damage":0,"enemies":"2 Fungi Beasts","floor":12,"turns":1},{"damage":0,"enemies":"3 Sentries","floor":14,"turns":3},{"damage":7,"enemies":"Hexaghost","floor":16,"turns":9},{"damage":5,"enemies":"3 Byrds","floor":18,"turns":5},{"damage":15,"enemies":"Shell Parasite","floor":19,"turns":4},{"damage":11,"enemies":"Shelled Parasite and Fungi","floor":21,"turns":3},{"damage":13,"enemies":"Sentry and Sphere","floor":22,"turns":4},{"damage":17,"enemies":"Slavers","floor":23,"turns":4}],"seed_played":"3795119142907257900","potions_obtained":[{"floor":4,"key":"PowerPotion"},{"floor":6,"key":"Swift Potion"},{"floor":10,"key":"PowerPotion"},{"floor":14,"key":"Fire Potion"},{"floor":19,"key":"LiquidBronze"},{"floor":22,"key":"LiquidMemories"}],"is_trial":false,"path_per_floor":["M","M","M","M","?","E","R","E","T","E","R","M","$","E","R","B",null,"M","M","?","M","M","E"],"character_chosen":"THE_SILENT","items_purchased":["Orrery","SkillPotion"],"campfire_rested":2,"item_purchase_floors":[13,13],"current_hp_per_floor":[58,56,56,51,51,4,23,4,4,1,20,20,20,20,20,13,53,48,33,33,22,9,0,0],"gold":200,"neow_bonus":"UPGRADE_CARD","is_daily":false,"chose_seed":false,"campfire_upgraded":1,"win_rate":0.0,"timestamp":1610149217,"path_taken":["M","M","M","M","?","E","R","E","T","E","R","M","$","E","R","BOSS","M","M","?","M","?","E"],"items_purchased_type":["Relic","Potion"],"build_version":"2020-12-22","purchased_purges":0,"victory":false,"max_hp_per_floor":[66,66,66,66,66,66,66,66,66,66,66,66,66,66,66,66,66,66,66,66,66,66,66,66],"relic_stats":{"Happy Flower":[14],"counters":[15,64],"Tiny Chest":0,"obtain_stats":[{"Lantern":8,"Happy Flower":6,"Orrery":13,"Tiny Chest":14,"Philosopher\u0027s Stone":17,"Bag of Marbles":9,"Ring of the Snake":0},{"Lantern":6,"Happy Flower":5,"Orrery":8,"Tiny Chest":9,"Philosopher\u0027s Stone":10,"Bag of Marbles":6,"Ring of the Snake":0},{"Lantern":28,"Happy Flower":22,"Orrery":32,"Tiny Chest":35,"Philosopher\u0027s Stone":44,"Bag of Marbles":28,"Ring of the Snake":0}],"Ring of the Snake":[30]},"card_choices":[{"not_picked":["Backflip","Outmaneuver"],"picked":"Dagger Spray","floor":1},{"not_picked":["Dodge and Roll","PiercingWail"],"picked":"Sucker Punch","floor":2},{"not_picked":["Tactician","Deflect"],"picked":"Flying Knee","floor":3},{"not_picked":["Outmaneuver","Slice"],"picked":"Deadly Poison","floor":4},{"not_picked":["Poisoned Stab","Dagger Throw"],"picked":"Bouncing Flask","floor":6},{"not_picked":["Finisher","Underhanded Strike"],"picked":"Die Die Die","floor":8},{"not_picked":["Sucker Punch","A Thousand Cuts","Dagger Spray"],"picked":"SKIP","floor":10},{"not_picked":["Outmaneuver","Underhanded Strike","Deadly Poison"],"picked":"SKIP","floor":12},{"not_picked":["Slice","Dagger Throw"],"picked":"Endless Agony","floor":13},{"not_picked":["Unload","Choke"],"picked":"PiercingWail","floor":13},{"not_picked":["Cloak And Dagger","Skewer"],"picked":"Backflip","floor":14},{"not_picked":["Phantasmal Killer","Doppelganger"],"picked":"Adrenaline","floor":16},{"not_picked":["Blade Dance","Quick Slash"],"picked":"Leg Sweep+1","floor":18},{"not_picked":["Setup","Dodge and Roll","Flying Knee"],"picked":"SKIP","floor":19},{"not_picked":["Dodge and Roll","Infinite Blades"],"picked":"Backflip","floor":21},{"not_picked":["Finisher","Slice","Dash"],"picked":"SKIP","floor":22}],"player_experience":20506676,"relics_obtained":[{"floor":6,"key":"Happy Flower"},{"floor":8,"key":"Lantern"},{"floor":9,"key":"Bag of Marbles"},{"floor":14,"key":"Tiny Chest"}],"event_choices":[{"damage_healed":0,"gold_gain":0,"player_choice":"Ignored","damage_taken":0,"max_hp_gain":0,"max_hp_loss":0,"event_name":"Liars Game","floor":5,"gold_loss":0},{"cards_removed":["Strike_G"],"damage_healed":0,"gold_gain":0,"player_choice":"Purged","damage_taken":0,"max_hp_gain":0,"max_hp_loss":0,"event_name":"Purifier","floor":20,"gold_loss":0}],"is_beta":false,"boss_relics":[{"not_picked":["Calling Bell","Cursed Key"],"picked":"Philosopher\u0027s Stone"}],"items_purged_floors":[],"is_endless":false,"potions_floor_spawned":[4,6,10,14,19,22],"killed_by":"Slavers","ascension_level":20}}