{"host":"ln76an1o32p2wxtf","time":1610115427,"event":{"mods":["AchievementEnabler","Act Like it!","BaseMod","BetterRewards","Colored Powertips","Energized Spire","GifTheSpireLib","Infinite Spire","Minty Spire (QoL Compilation)","Shop Mod","StSLib"],"gold_per_floor":[119,119,136,155,55,80,98,98,98],"floor_reached":8,"playtime":649,"items_purged":["Strike_G","Strike_G"],"score":61,"play_id":"41cb3ed4-951b-402e-9f73-5dabacf15613","local_time":"20210108221707","is_ascension_mode":true,"campfire_choices":[],"circlet_count":0,"master_deck":["Strike_G","Strike_G","Defend_G","Defend_G","Defend_G","Defend_G","Defend_G","Survivor","Neutralize","Footwork","Prepared","Deadly Poison","Corpse Explosion"],"relics":["Ring of the Snake","infinitespire:WardingShard"],"acts_visited":[],"potions_floor_usage":[8,8,8],"damage_taken":[{"damage":0,"enemies":"Jaw Worm","floor":1,"turns":7},{"damage":0,"enemies":"2 Louse","floor":3,"turns":4},{"damage":0,"enemies":"Small Slimes","floor":4,"turns":5},{"damage":22,"enemies":"3 Sentries","floor":6,"turns":16},{"damage":26,"enemies":"Exordium Thugs","floor":7,"turns":9},{"damage":24,"enemies":"Gremlin Nob","floor":8,"turns":4}],"seed_played":"2886032223670116181","potions_obtained":[{"floor":3,"key":"DistilledChaos"},{"floor":6,"key":"BlessingOfTheForge"},{"floor":7,"key":"Fire Potion"}],"is_trial":false,"path_per_floor":["M","?","M","M","$","E","M","E"],"character_chosen":"THE_SILENT","items_purchased":["Footwork","Prepared"],"campfire_rested":0,"item_purchase_floors":[0,0],"current_hp_per_floor":[70,63,63,63,63,41,15,0,0],"gold":98,"neow_bonus":"","is_daily":false,"chose_seed":false,"campfire_upgraded":0,"win_rate":0.0,"timestamp":1610115427,"path_taken":["M","?","M","M","$","E","M","E"],"items_purchased_type":["Card","Card"],"build_version":"2020-12-22","purchased_purges":2,"victory":false,"max_hp_per_floor":[70,70,70,70,70,70,70,70,70],"card_choices":[{"not_picked":["Expertise","Finisher","Heel Hook"],"picked":"SKIP","floor":1},{"not_picked":["Deflect","Masterful Stab"],"picked":"Deadly Poison","floor":3},{"not_picked":["Flying Knee","Bane","Dagger Throw"],"picked":"SKIP","floor":4},{"not_picked":["Blur","Setup"],"picked":"Corpse Explosion","floor":6},{"not_picked":["Dodge and Roll","Dagger Throw","Flying Knee"],"picked":"SKIP","floor":7}],"player_experience":707969,"relics_obtained":[{"floor":6,"key":"infinitespire:WardingShard"}],"event_choices":[{"cards_removed":["Strike_G"],"damage_healed":0,"gold_gain":0,"player_choice":"Card Removal","damage_taken":7,"max_hp_gain":0,"max_hp_loss":0,"event_name":"Golden Wing","floor":2,"gold_loss":0}],"is_beta":false,"boss_relics":[],"items_purged_floors":[0,5],"is_endless":false,"potions_floor_spawned":[3,6,7],"killed_by":"Gremlin Nob","ascension_level":1}}