{"host":"w5vfr18i2ft1pzo2","time":1610144511,"event":{"mods":["AchievementEnabler","Act Like it!","Aspiration","BaseMod","Better Third Choice","BetterRewards","Colored Map","Colored Powertips","Conspire","Curses Come First","DNKmod","Defuse TimeMaze Blight","Dota2Spire","Elementarium","Energized Spire","Evolution","Force Act Four","Friendly Minions","Gensokyo","GifTheSpireLib","Gold Saver","GungeonMod","Halation","Hallownest","Hubris","Hyrulean Relics","Infinite Spire","Jedi Mod","Marisa????????","Minty Spire (QoL Compilation)","MostiFishMod","Poor People Problems","Prisma Mod","Remilia??????","Replay The Spire","SacredBarkPlus","Small Relic Pack","Spicy Shops","Spikes Relics","StSLib","Stuff the Spire","SuperFastMode","Synergy Search","The Blue Laboratory","The Servant 0.9.4","Trackpad","Treasure Hunter","Uncapped","Wandering Minibosses","Yakumo Yukari mod","noobMod","vexMod","??????REMEMod"],"gold_per_floor":[1094,1112,375,386,401,429,135,165,165,184,215,230,243,263,263,366,366,381,381,381,381,393,393,429,429,429,429,447,459,480,499,519,519,619,719,719,729,729,743,753,753,753,772,816,841,884,912,912,912,964,964,967,967,967,967,1020,1023],"floor_reached":58,"playtime":1625,"items_purged":["DemoMod:Defend_Huntress","DemoMod:Defend_Huntress","DemoMod:Defend_Huntress"],"score":1487,"play_id":"d35ea95c-57e3-402d-bf65-c8a51fa1d45b","local_time":"20210109062151","is_ascension_mode":false,"campfire_choices":[{"floor":15,"key":"RECALL"},{"data":"DemoMod:Polaris","floor":23,"key":"SMITH"},{"data":"DemoMod:SAA","floor":25,"key":"SMITH"},{"data":"Replay:Fractal Strike","floor":27,"key":"SMITH"},{"data":"DemoMod:FullFirepower","floor":33,"key":"SMITH"},{"data":"DemoMod:Elimentaler","floor":42,"key":"SMITH"},{"data":"DemoMod:FinishedGun","floor":49,"key":"SMITH"},{"data":"DemoMod:Defend_Huntress","floor":51,"key":"PURGE"},{"data":"DemoMod:DarkMarker","floor":54,"key":"SMITH"}],"circlet_count":0,"master_deck":["DemoMod:SAA","DemoMod:Strike_Huntress","DemoMod:Roll","DemoMod:ManualReload","DemoMod:RustySidearm","DemoMod:CrossBow","Boundary_LightAndDark_purple","DemoMod:ShadowBullets","DemoMod:SuppressiveFire","DemoMod:BattleInHaste+1","TH:BikiniMail","DemoMod:TripleGun","MostiFishMod:KingOfFree+1","TH:CopperCoins","DemoMod:SAA+1","TH:TreasureMap","DemoMod:ConditionalReflex","DemoMod:ChanceBullets","DemoMod:Polaris+1","DemoMod:HungryBullets","DemoMod:Behold!","DemoMod:Unity","TH:CursedSword","DemoMod:BlankBullets","DemoMod:SkilledReload+1","DemoMod:HuntsMan","Replay:Fractal Strike+1","TH:CopperCoins","DemoMod:SAA+1","DemoMod:FullFirepower+1","DemoMod:HuntsMan+1","DemoMod:DarkMarker+1","DemoMod:GunstockTap+1","DemoMod:Elimentaler","TH:DeckOfManyThings","DemoMod:Elimentaler","DemoMod:PracticeMakesPerfect+1","DemoMod:StickyCrossBow+1","DemoMod:Elimentaler+1","DemoMod:GunstockTap+1","TH:CopperCoins","DemoMod:FinishedGun+1","TH:TreasureMap","TH:BikiniMail","TH:TreasureMap","DemoMod:Unity+1"],"relics":["DemoMod:Dog","EVO:Axolotl","DaveBox","ice","REME_ComplimentaryCards","aspiration:Nostalgia","PrismaMod:PrismaSapphire","PatriotShield","DemoMod:GlassGuonStoneRelic","SynthV:TestCard","StuffTheSpire:Expresso","vexMod:GhostlyGear","Dota2Spire:PhaseBoots","BargainBundle","vexMod:PaidLearning","Boot","hubris:TenFootPole","Blood Vial","Replay:Rubber Ducky","vexMod:PlasmaPancake","infinitespire:FocusingShard","conspire:SpecialSausage","relicPack:OneForAll","relicPack:DSword","hubris:MobiusCoin","DemoMod:RatBoots","DemoMod:ResourcefulSack","DemoMod:PartiallyEatenCheese","conspire:RunicOctahedron","Snecko Eye","aspiration:HummingbirdHeart","DemoMod:RedGuonStone","infinitespire:PuzzleCube","infinitespire:EmpoweringShard"],"acts_visited":["Exordium","TheCity","TheCity","TheBeyond","TheEnding"],"potions_floor_usage":[24,24,30,30,44],"damage_taken":[{"damage":0,"enemies":"Cultist","floor":1,"turns":1},{"damage":0,"enemies":"Small Slimes","floor":2,"turns":2},{"damage":0,"enemies":"2 Louse","floor":4,"turns":1},{"damage":0,"enemies":"2 Fungi Beasts","floor":5,"turns":1},{"damage":0,"enemies":"Lagavulin","floor":6,"turns":1},{"damage":0,"enemies":"Gremlin Nob","floor":8,"turns":1},{"damage":0,"enemies":"3 Louse","floor":10,"turns":1},{"damage":0,"enemies":"Replay:BlueRogue","floor":11,"turns":1},{"damage":0,"enemies":"Exordium Wildlife","floor":12,"turns":1},{"damage":0,"enemies":"Lots of Slimes","floor":13,"turns":1},{"damage":0,"enemies":"Looter","floor":14,"turns":1},{"damage":0,"enemies":"Slime Boss","floor":16,"turns":1},{"damage":0,"enemies":"Spheric Guardian","floor":18,"turns":1},{"damage":0,"enemies":"Chosen","floor":22,"turns":1},{"damage":0,"enemies":"Nightmare","floor":24,"turns":2},{"damage":10,"enemies":"DemoMod:Veteran_shot_gun_kin_and_bullet_kin","floor":28,"turns":1},{"damage":0,"enemies":"DemoMod:4_Bullet_Kins_with_one_veteran","floor":29,"turns":1},{"damage":10,"enemies":"DemoMod:Veteran_shot_gun_kin_and_blue_shotgun_kin_with_gunsinger","floor":30,"turns":1},{"damage":0,"enemies":"DemoMod:Red_and_blue_shotgun_kin_with_gunsinger","floor":31,"turns":1},{"damage":13,"enemies":"DemoMod:Veteran_shot_gun_kin_and_red_shotgun_kin_with_gunsinger","floor":32,"turns":1},{"damage":0,"enemies":"DemoMod:ResourcefulRat","floor":35,"turns":6},{"damage":0,"enemies":"Orb Walker","floor":37,"turns":1},{"damage":0,"enemies":"3 Shapes","floor":39,"turns":1},{"damage":0,"enemies":"Spire Growth","floor":40,"turns":1},{"damage":0,"enemies":"3 Darklings","floor":43,"turns":1},{"damage":0,"enemies":"R_Hoarder","floor":44,"turns":3},{"damage":0,"enemies":"Jaw Worm Horde","floor":46,"turns":1},{"damage":0,"enemies":"Writhing Mass","floor":47,"turns":2},{"damage":0,"enemies":"Time Eater","floor":52,"turns":4},{"damage":0,"enemies":"Shield and Spear","floor":56,"turns":1},{"damage":4,"enemies":"The Heart","floor":57,"turns":4}],"seed_played":"-2282163051211467357","potions_obtained":[{"floor":2,"key":"DuplicationPotion"},{"floor":24,"key":"Fire Potion"},{"floor":31,"key":"blueLaboratory:HorrorPotion"},{"floor":37,"key":"blueLaboratory:ExaltedPotion"},{"floor":39,"key":"Ancient Potion"},{"floor":46,"key":"Milkshake"},{"floor":56,"key":"jedi:StrikingPotion"}],"is_trial":false,"path_per_floor":["M","M","$","M","M","E","$","E","T","M","E","M","M","M","R","B",null,"M","?","?","?","M","R","NM","R","T","R","M","M","M","M","M","R","B","B",null,"M","?","M","M","?","R","M","E","T","M","M","?","R","T","R_BF","B",null,"R","$","E","B",null],"character_chosen":"HUNTRESS","items_purchased":["StuffTheSpire:Expresso","vexMod:GhostlyGear","DemoMod:GnawedKey","MostiFishMod:KingOfFree","BargainBundle","vexMod:PaidLearning","Boot","hubris:TenFootPole","Blood Vial","Replay:Rubber Ducky","blueLaboratory:FruitPunch","blueLaboratory:BottleOfVodka"],"campfire_rested":0,"item_purchase_floors":[3,3,3,7,7,7,7,7,7,7,7,7],"current_hp_per_floor":[70,70,70,70,70,70,70,76,76,76,76,76,76,76,76,76,76,76,76,76,59,61,61,65,65,78,78,68,70,62,64,53,53,55,61,78,78,78,78,78,78,78,78,78,78,78,78,78,78,78,78,78,78,78,78,78,76],"gold":1023,"neow_bonus":"NOSTALGIA","is_daily":false,"chose_seed":false,"campfire_upgraded":7,"win_rate":0.0,"timestamp":1610144511,"path_taken":["M","M","?","M","M","E","$","E","T","M","E","M","?","M","R","BOSS","M","?","?","?","M","R","NM","R","T","R","M","M","M","M","M","R","BOSS","BOSS","M","?","?","M","?","R","M","E","T","M","M","?","R","?","R_BF","BOSS","R","$","E","BOSS"],"items_purchased_type":["Relic","Relic","Relic","Card","Relic","Relic","Relic","Relic","Relic","Relic","Potion","Potion"],"build_version":"2020-12-22","purchased_purges":3,"victory":true,"max_hp_per_floor":[70,70,70,70,70,70,70,76,76,76,76,76,76,76,76,76,76,76,76,76,76,76,76,78,78,78,78,78,78,78,78,78,78,78,78,78,78,78,78,78,78,78,78,78,78,78,78,78,78,78,78,78,78,78,78,78,78],"card_choices":[{"not_picked":["DemoMod:Camera","DemoMod:AC15","DemoMod:GunShield"],"picked":"SKIP","floor":1},{"not_picked":["DemoMod:MachoBrace","DemoMod:GunstockTap","DemoMod:CursedBullets","DemoMod:BalloonGun"],"picked":"DemoMod:ShadowBullets","floor":2},{"not_picked":["DemoMod:GunstockTap","DemoMod:FortunesFavor","DemoMod:BattleInHaste","DemoMod:MachoBrace"],"picked":"DemoMod:SuppressiveFire","floor":4},{"not_picked":["DemoMod:SkilledReload","DemoMod:HardPowerCard","DemoMod:StickyCrossBow","DemoMod:MachoBrace"],"picked":"DemoMod:BattleInHaste","floor":5},{"not_picked":["TH:Mimic","TH:EnergyPotion","TH:PixieDust"],"picked":"TH:BikiniMail","floor":6},{"not_picked":["DemoMod:Ejector","DemoMod:AbyssalTentacle","DemoMod:MachoBrace","DemoMod:AC15"],"picked":"DemoMod:TripleGun","floor":6},{"not_picked":["TH:EnergyPotion","TH:ElvenBoots","TH:Mimic"],"picked":"TH:CopperCoins","floor":8},{"not_picked":["DemoMod:MegaHand","DemoMod:ConditionalReflex","DemoMod:PotionOfGunFriendShip","DemoMod:Ejector"],"picked":"DemoMod:SAA","floor":8},{"not_picked":["TH:EnergyPotion","TH:CursedSword","TH:Mimic"],"picked":"TH:TreasureMap","floor":9},{"not_picked":["DemoMod:DirectionalPad","DemoMod:Camera","DemoMod:AC15","DemoMod:TripleGun"],"picked":"DemoMod:ConditionalReflex","floor":10},{"not_picked":["DemoMod:SniperShot","DemoMod:AC15","DemoMod:CombinedRifle","DemoMod:EasyReloadBullets","DemoMod:AbyssalTentacle"],"picked":"SKIP","floor":10},{"not_picked":["DemoMod:HighKaliber","DemoMod:StickyCrossBow","DemoMod:ConditionalReflex","DemoMod:CombinedRifle"],"picked":"DemoMod:ChanceBullets","floor":11},{"not_picked":["DemoMod:GunShield","DemoMod:FastSwitch","DemoMod:PotionOfGunFriendShip","DemoMod:Ejector"],"picked":"DemoMod:Polaris","floor":11},{"not_picked":["TH:PixieDust","TH:Mimic","TH:ArmorSpikes","TH:EnergyPotion"],"picked":"SKIP","floor":11},{"not_picked":["DemoMod:PotionOfGunFriendShip","DemoMod:GunstockTap","DemoMod:AC15","DemoMod:FastSwitch"],"picked":"DemoMod:HungryBullets","floor":12},{"not_picked":["DemoMod:SAA","DemoMod:BoxingGlove","DemoMod:DoubleSwitch","DemoMod:Unmoved"],"picked":"DemoMod:Behold!","floor":13},{"not_picked":["DemoMod:StickyCrossBow","DemoMod:AWP","DemoMod:EasyReloadBullets","DemoMod:JK47"],"picked":"DemoMod:Unity","floor":14},{"not_picked":["TH:PixieDust","TH:ElvenBoots","TH:Mimic"],"picked":"TH:CursedSword","floor":16},{"not_picked":["DemoMod:Eureka","DemoMod:BulletBore","DemoMod:Slinger","DemoMod:Behold!"],"picked":"DemoMod:BlankBullets","floor":16},{"not_picked":["DemoMod:Unmoved","DemoMod:BoxingGlove+1","DemoMod:AC15+1","DemoMod:ZorGun"],"picked":"DemoMod:SkilledReload+1","floor":18},{"not_picked":["DemoMod:StickyCrossBow","DemoMod:MachoBrace+1","DemoMod:BattleInHaste+1","DemoMod:ProbeStrike+1"],"picked":"DemoMod:HuntsMan","floor":22},{"not_picked":["ReplayTheSpireMod:Echoes of Time","hubris:Rewind"],"picked":"Replay:Fractal Strike","floor":24},{"not_picked":["TH:Mimic","TH:DeckOfManyThings","TH:ElvenBoots"],"picked":"TH:CopperCoins","floor":24},{"not_picked":["DemoMod:HuntsMan","DemoMod:ShadowBullets","DemoMod:Ejector","DemoMod:MegaHand"],"picked":"DemoMod:SAA+1","floor":24},{"not_picked":["DemoMod:SAA+1","DemoMod:StickyCrossBow+1","DemoMod:MachoBrace+1","DemoMod:PotionOfGunFriendShip","DemoMod:Camera"],"picked":"SKIP","floor":28},{"not_picked":["DemoMod:PotionOfGunFriendShip","DemoMod:Purify+1","DemoMod:HuntsMan+1","DemoMod:CursedBullets+1"],"picked":"DemoMod:FullFirepower","floor":29},{"not_picked":["DemoMod:DoubleSwitch","DemoMod:ConditionalReflex","DemoMod:RadGun+1","DemoMod:SAA"],"picked":"DemoMod:HuntsMan+1","floor":30},{"not_picked":["DemoMod:BoxingGlove","DemoMod:GunShield","DemoMod:ConditionalReflex+1","DemoMod:GunstockTap+1"],"picked":"DemoMod:DarkMarker","floor":31},{"not_picked":["DemoMod:BoxingGlove+1","DemoMod:Ejector+1","DemoMod:DoubleSwitch+1","DemoMod:BattleInHaste"],"picked":"DemoMod:GunstockTap+1","floor":32},{"not_picked":[],"picked":"DemoMod:Elimentaler","floor":35},{"not_picked":["TH:ElvenBoots","TH:ArmorSpikes","TH:PixieDust"],"picked":"TH:DeckOfManyThings","floor":35},{"not_picked":["DemoMod:BlankBullets","DemoMod:Slinger","DemoMod:BalloonGun","DemoMod:Eureka"],"picked":"DemoMod:Elimentaler","floor":35},{"not_picked":["DemoMod:DirectionalPad+1","DemoMod:MegaHand","DemoMod:HardPowerCard+1","DemoMod:Polaris"],"picked":"DemoMod:PracticeMakesPerfect+1","floor":36},{"not_picked":["DemoMod:JK47","DemoMod:LifeOrb","DemoMod:DirectionalPad","DemoMod:HuntsMan","DemoMod:RadGun+1"],"picked":"SKIP","floor":37},{"not_picked":["DemoMod:ConditionalReflex","DemoMod:BoxingGlove","DemoMod:StickyCrossBow+1","DemoMod:AC15+1","DemoMod:ProbeStrike"],"picked":"SKIP","floor":39},{"not_picked":["DemoMod:ProbeStrike","DemoMod:Unity+1","DemoMod:AC15","DemoMod:TripleGun+1"],"picked":"DemoMod:StickyCrossBow+1","floor":40},{"not_picked":["DemoMod:BattleInHaste","DemoMod:SniperShot+1","DemoMod:Unmoved","DemoMod:DoubleSwitch+1"],"picked":"DemoMod:Elimentaler","floor":40},{"not_picked":["DemoMod:RadGun+1","DemoMod:CombinedRifle","DemoMod:PotionOfGunFriendShip","DemoMod:AC15"],"picked":"DemoMod:GunstockTap+1","floor":43},{"not_picked":["TH:ElvenBoots","TH:DeckOfManyThings","TH:EnergyPotion"],"picked":"TH:CopperCoins","floor":44},{"not_picked":["DemoMod:HardPowerCard","DemoMod:TeaPot","DemoMod:BattleInHaste","DemoMod:SniperShot"],"picked":"DemoMod:FinishedGun","floor":44},{"not_picked":["TH:ArmorSpikes","TH:ElvenBoots","TH:Mimic"],"picked":"TH:TreasureMap","floor":45},{"not_picked":["DemoMod:CombinedRifle+1","DemoMod:AC15","DemoMod:HardPowerCard","DemoMod:LifeOrb","DemoMod:MachoBrace"],"picked":"SKIP","floor":46},{"not_picked":["DemoMod:Camera","DemoMod:BoxingGlove","DemoMod:JK47+1","DemoMod:SAA+1","DemoMod:SkilledReload+1"],"picked":"SKIP","floor":47},{"not_picked":["TH:ArmorSpikes","TH:EnergyPotion","TH:CopperCoins"],"picked":"TH:BikiniMail","floor":50},{"not_picked":["TH:ArmorSpikes","TH:PixieDust","TH:BikiniMail"],"picked":"TH:TreasureMap","floor":56},{"not_picked":["DemoMod:AC15+1","DemoMod:BoxingGlove+1","DemoMod:FastSwitch+1","DemoMod:Ejector+1"],"picked":"DemoMod:Unity+1","floor":56}],"player_experience":269114,"relics_obtained":[{"floor":1,"key":"SynthV:TestCard"},{"floor":6,"key":"Dota2Spire:PhaseBoots"},{"floor":8,"key":"vexMod:PlasmaPancake"},{"floor":11,"key":"infinitespire:FocusingShard"},{"floor":24,"key":"hubris:MobiusCoin"},{"floor":36,"key":"DemoMod:RatBoots"},{"floor":36,"key":"DemoMod:ResourcefulSack"},{"floor":36,"key":"DemoMod:PartiallyEatenCheese"},{"floor":36,"key":"conspire:RunicOctahedron"},{"floor":36,"key":"Snecko Eye"},{"floor":44,"key":"aspiration:HummingbirdHeart"},{"floor":45,"key":"DemoMod:RedGuonStone"},{"floor":50,"key":"infinitespire:PuzzleCube"},{"floor":56,"key":"infinitespire:EmpoweringShard"}],"event_choices":[{"damage_healed":0,"gold_gain":0,"player_choice":"Bought 0 Potions","damage_taken":0,"max_hp_gain":0,"max_hp_loss":0,"event_name":"The Woman in Blue","floor":38,"gold_loss":0}],"is_beta":false,"boss_relics":[{"not_picked":["aspiration:DefectSkillbook","ChiXiaoBlade"],"picked":"conspire:SpecialSausage"},{"not_picked":[]}],"items_purged_floors":[3,3,7],"is_endless":false,"potions_floor_spawned":[2,6,11,12,16,18,24,31,32,37,39,43,46,56],"ascension_level":0}}