{"host":"aaqofma31c3gm2hj","time":1610075233,"event":{"mods":["BaseMod","Minty Spire (QoL Compilation)","Replay The Spire","Spicy Shops","StSLib"],"gold_per_floor":[110,110,10,27,27,53,72,72,126,126,140,140,172,187,187,187,187],"floor_reached":16,"playtime":179,"items_purged":["Defend_P"],"score":270,"play_id":"6b6f764c-96d6-48e7-bddd-1e2a897add41","local_time":"20210108110713","is_ascension_mode":true,"campfire_choices":[{"data":"Eruption","floor":10.0,"key":"SMITH"},{"data":"BowlingBash","floor":12.0,"key":"SMITH"},{"data":"Defend_P","floor":15,"key":"PURGE"}],"circlet_count":0,"master_deck":["AscendersBane","Strike_P","Strike_P","Strike_P","Strike_P","Defend_P","Eruption+1","Vigilance","FlurryOfBlows","BowlingBash+1","TalkToTheHand"],"relics":["PureWater","NeowsBlessing","Replay:Kaleidoscope","ReplayTheSpireMod:TigerMarble","MealTicket"],"acts_visited":["Exordium"],"potions_floor_usage":[],"damage_taken":[{"damage":0.0,"enemies":"Jaw Worm","floor":1.0,"turns":1.0},{"damage":0.0,"enemies":"Small Slimes","floor":4.0,"turns":1.0},{"damage":0.0,"enemies":"Lagavulin","floor":6.0,"turns":1.0},{"damage":0.0,"enemies":"2 Louse","floor":7.0,"turns":2.0},{"damage":2.0,"enemies":"Lots of Slimes","floor":11.0,"turns":3.0},{"damage":22.0,"enemies":"Replay:BlueRogue","floor":13.0,"turns":2.0},{"damage":17.0,"enemies":"Blue Slaver","floor":14.0,"turns":2.0},{"damage":0,"enemies":"Hexaghost","floor":16,"turns":1}],"seed_played":"5145284628372485785","potions_obtained":[{"floor":1.0,"key":"EssenceOfSteel"},{"floor":7.0,"key":"Milkshake"},{"floor":14.0,"key":"Adrenaline Potion"}],"is_trial":false,"path_per_floor":["M","?","$","M","T","E","M","$","T","R","M","R","E","M","R","B"],"character_chosen":"WATCHER","items_purchased":["BowlingBash"],"campfire_rested":0,"item_purchase_floors":[3],"current_hp_per_floor":[61,54,54,54,54,54,54,54,54,54,52,52,30,13,13,13,13],"gold":187,"neow_bonus":"THREE_ENEMY_KILL","is_daily":false,"chose_seed":false,"campfire_upgraded":2,"win_rate":0.0,"timestamp":1610075233,"path_taken":["M","?","$","M","?","E","M","?","T","R","M","R","E","M","R","BOSS"],"items_purchased_type":["Card"],"build_version":"2020-12-22","purchased_purges":1,"victory":false,"max_hp_per_floor":[68,68,68,68,68,68,68,68,68,68,68,68,68,68,68,68,68],"card_choices":[{"not_picked":["SandsOfTime","Vengeance"],"picked":"FlurryOfBlows","floor":1.0},{"not_picked":["ThirdEye","Replay:BluntJabs","Replay:ManipulateFuture"],"picked":"SKIP","floor":4.0},{"not_picked":["FlurryOfBlows","Replay:LoomingThreat","Replay:Hum"],"picked":"SKIP","floor":6.0},{"not_picked":["Protect","Crescendo","FlyingSleeves"],"picked":"SKIP","floor":7.0},{"not_picked":["EmptyFist","BowlingBash","Study"],"picked":"SKIP","floor":11.0},{"not_picked":["CutThroughFate","Perseverance","ClearTheMind"],"picked":"SKIP","floor":13.0},{"not_picked":["Prostrate","WreathOfFlame"],"picked":"TalkToTheHand","floor":14.0}],"player_experience":567191,"relics_obtained":[{"floor":6.0,"key":"Replay:Kaleidoscope"},{"floor":9.0,"key":"ReplayTheSpireMod:TigerMarble"},{"floor":13.0,"key":"MealTicket"}],"event_choices":[{"cards_removed":["Defend_P"],"damage_healed":0.0,"max_hp_gain":0.0,"max_hp_loss":0.0,"gold_gain":0.0,"event_name":"Golden Wing","player_choice":"Card Removal","floor":2.0,"gold_loss":0.0,"damage_taken":7.0}],"is_beta":false,"boss_relics":[],"items_purged_floors":[3],"is_endless":false,"potions_floor_spawned":[1,7,11,14],"killed_by":"Hexaghost","ascension_level":20}}