{"host":"ig7tc0uedzltt2sr","time":1610071039,"event":{"mods":["BaseMod","Better Twitch Integration","Block Reminder","Colored Map","Colored Powertips","Communication Mod","Current Relic Mod","GifTheSpireLib","HexUI Lib","Minty Spire (QoL Compilation)","Quick Restart","Random Character Button","Rare Cards Sparkle","Relic Sorter","Relic Stats","Slay the Relics Exporter","StSLib","SuperFastMode","Synergy Search","Twitch Decklist","Twitch Utils","everything is the same but u backflip on backflip","slay the spire mod where everything is the same but ironclad has a cowboy hat"],"gold_per_floor":[116,131,141,141,111,111,122,138,161,161,161],"floor_reached":10,"playtime":63,"items_purged":[],"score":60,"play_id":"8e394aa9-2ec9-4102-bc6d-27f236580d01","local_time":"20210107175719","is_ascension_mode":false,"campfire_choices":[{"floor":6,"key":"REST"}],"circlet_count":0,"master_deck":["Strike_R","Strike_R","Strike_R","Strike_R","Strike_R","Defend_R","Defend_R","Defend_R","Defend_R","Bash","Seeing Red","Combust","Shockwave","Cleave","Entrench","Wild Strike"],"relics":["Burning Blood","NeowsBlessing"],"acts_visited":["Exordium"],"potions_floor_usage":[],"damage_taken":[{"damage":0,"enemies":"Cultist","floor":1,"turns":1},{"damage":0,"enemies":"Jaw Worm","floor":2,"turns":1},{"damage":0,"enemies":"Small Slimes","floor":3,"turns":2},{"damage":3,"enemies":"Looter","floor":5,"turns":4},{"damage":24,"enemies":"2 Fungi Beasts","floor":7,"turns":6},{"damage":34,"enemies":"Lots of Slimes","floor":8,"turns":5},{"damage":57,"enemies":"Gremlin Nob","floor":10,"turns":5}],"seed_played":"1745613590597039787","potions_obtained":[{"floor":1,"key":"FearPotion"},{"floor":3,"key":"Dexterity Potion"},{"floor":7,"key":"CultistPotion"},{"floor":8,"key":"Block Potion"}],"is_trial":false,"path_per_floor":["M","M","M","$","M","R","M","M","T","E"],"character_chosen":"IRONCLAD","items_purchased":[],"campfire_rested":1,"item_purchase_floors":[],"current_hp_per_floor":[80,80,80,80,80,80,62,34,34,0,0],"gold":161,"neow_bonus":"THREE_ENEMY_KILL","is_daily":false,"chose_seed":false,"campfire_upgraded":0,"win_rate":0.0,"timestamp":1610071039,"path_taken":["M","M","M","$","M","R","?","M","T","E"],"items_purchased_type":[],"build_version":"2020-12-22","purchased_purges":0,"victory":false,"max_hp_per_floor":[80,80,80,80,80,80,80,80,80,80,80],"relic_stats":{"counters":[7,24],"obtain_stats":[{"NeowsBlessing":0,"Burning Blood":0},{"NeowsBlessing":0,"Burning Blood":0},{"NeowsBlessing":0,"Burning Blood":0}],"Burning Blood":15},"card_choices":[{"not_picked":["Sentinel","Disarm"],"picked":"Seeing Red","floor":1},{"not_picked":["Heavy Blade","Evolve"],"picked":"Combust","floor":2},{"not_picked":["Flex","Clash"],"picked":"Shockwave","floor":3},{"not_picked":["Clothesline","Sword Boomerang"],"picked":"Cleave","floor":5},{"not_picked":["Body Slam","Iron Wave"],"picked":"Entrench","floor":7},{"not_picked":["Cleave","Pommel Strike"],"picked":"Wild Strike","floor":8}],"player_experience":1467988,"relics_obtained":[],"event_choices":[],"is_beta":false,"boss_relics":[],"items_purged_floors":[],"is_endless":false,"potions_floor_spawned":[1,3,7,8],"killed_by":"Gremlin Nob","ascension_level":0}}