{"host":"5x08nt64u3vxxcfi","time":1610108775,"event":{"mods":["BaseMod","Minty Spire (QoL Compilation)","StSLib","SuperFastMode"],"gold_per_floor":[118,118,128,57,67,67,27,27,72,72,99,13,13,13,13,108,108,123,83,99,19,38,38,38],"floor_reached":23,"playtime":427,"items_purged":[],"score":308,"play_id":"bdc6f8a3-3d7f-4f3d-9a63-edfddf8da210","local_time":"20210108212615","is_ascension_mode":true,"campfire_choices":[{"data":"Go for the Eyes","floor":6,"key":"SMITH"},{"data":"Reprogram","floor":8,"key":"SMITH"},{"data":"Reprogram","floor":10,"key":"SMITH"},{"data":"Reboot","floor":13,"key":"SMITH"},{"data":"Go for the Eyes","floor":15,"key":"SMITH"}],"circlet_count":0,"master_deck":["Strike_B","Strike_B","Defend_B+1","Defend_B+1","Defend_B","Reboot+1","Reprogram+1","Gash+1","Reprogram+1","Go for the Eyes+1","Stack","Go for the Eyes+1","Rip and Tear","Hologram","White Noise","Streamline","Fission","Hologram+1","Sweeping Beam","Skim","Sunder+1"],"relics":["Cracked Core","Lantern","Pear","Empty Cage"],"acts_visited":["TheCity"],"potions_floor_usage":[23],"damage_taken":[{"damage":1,"enemies":"2 Louse","floor":1,"turns":2},{"damage":0,"enemies":"Cultist","floor":3,"turns":3},{"damage":0,"enemies":"Small Slimes","floor":5,"turns":4},{"damage":17,"enemies":"3 Sentries","floor":11,"turns":6},{"damage":0,"enemies":"Slime Boss","floor":16,"turns":7},{"damage":14,"enemies":"3 Byrds","floor":18,"turns":5},{"damage":20,"enemies":"2 Thieves","floor":20,"turns":4},{"damage":19,"enemies":"Cultist and Chosen","floor":22,"turns":7},{"damage":24,"enemies":"Book of Stabbing","floor":23,"turns":1}],"seed_played":"6248424219296293111","potions_obtained":[{"floor":16,"key":"SmokeBomb"},{"floor":18,"key":"FocusPotion"},{"floor":22,"key":"DuplicationPotion"}],"is_trial":false,"path_per_floor":["M","?","M","$","M","R","$","R","T","R","E","$","R","?","R","B",null,"M","?","M","$","M","E"],"character_chosen":"DEFECT","items_purchased":["Go for the Eyes","Stack","Rip and Tear","White Noise","Streamline","Skim"],"campfire_rested":0,"item_purchase_floors":[4,4,7,12,12,21],"current_hp_per_floor":[49,49,49,49,49,49,49,49,49,49,42,42,42,25,25,25,70,56,56,36,36,17,0,0],"gold":38,"neow_bonus":"TRANSFORM_TWO_CARDS","is_daily":false,"chose_seed":false,"campfire_upgraded":5,"win_rate":0.0,"timestamp":1610108775,"path_taken":["M","?","M","$","?","R","$","R","T","R","E","$","R","?","R","BOSS","M","?","M","$","M","E"],"items_purchased_type":["Card","Card","Card","Card","Card","Card"],"build_version":"2020-12-22","purchased_purges":0,"victory":false,"max_hp_per_floor":[75,75,75,75,75,75,75,75,75,75,85,85,85,85,85,85,85,85,85,85,85,85,85,85],"card_choices":[{"not_picked":["Force Field","Doom and Gloom"],"picked":"Gash","floor":1},{"not_picked":["Doom and Gloom","Redo"],"picked":"Reprogram","floor":3},{"not_picked":["Compile Driver","Sweeping Beam"],"picked":"Go for the Eyes","floor":5},{"not_picked":["Redo","BootSequence"],"picked":"Hologram","floor":11},{"not_picked":["Creative AI","Buffer"],"picked":"Fission","floor":16},{"not_picked":["Defragment","Turbo"],"picked":"Hologram+1","floor":18},{"not_picked":["Heatsinks","Chill"],"picked":"Sweeping Beam","floor":20},{"not_picked":["Reinforced Body+1","Storm"],"picked":"Sunder+1","floor":22}],"player_experience":68130,"relics_obtained":[{"floor":9,"key":"Lantern"},{"floor":11,"key":"Pear"}],"event_choices":[{"cards_removed":["Defend_B"],"damage_healed":0,"gold_gain":0,"player_choice":"Offered Basic","damage_taken":0,"max_hp_gain":0,"max_hp_loss":0,"event_name":"Bonfire Elementals","floor":2,"gold_loss":0},{"damage_healed":0,"gold_gain":0,"player_choice":"Entered Light","damage_taken":17,"max_hp_gain":0,"max_hp_loss":0,"event_name":"Shining Light","floor":14,"gold_loss":0,"cards_upgraded":["Dualcast","Defend_B"]},{"damage_healed":0,"gold_gain":0,"player_choice":"Upgraded Two","damage_taken":0,"max_hp_gain":0,"max_hp_loss":0,"event_name":"Designer","floor":19,"gold_loss":40,"cards_upgraded":["Defend_B","Gash"]}],"is_beta":false,"boss_relics":[{"not_picked":["Runic Dome","SlaversCollar"],"picked":"Empty Cage"}],"items_purged_floors":[],"is_endless":false,"potions_floor_spawned":[16,18,22],"killed_by":"Book of Stabbing","ascension_level":6}}