{"host":"J","time":1610138317,"event":{"mods":["BaseMod","Better Third Choice","Minty Spire (QoL Compilation)","StSLib"],"gold_per_floor":[111,186,151,167,167,199,199,231,231,247,247,247,247,23,23,23,23],"floor_reached":16,"playtime":255,"items_purged":[],"score":262,"play_id":"f1dc1e2a-0351-45d4-acb6-a8d572b48843","local_time":"20210108213837","is_ascension_mode":true,"campfire_choices":[{"data":"Crippling Poison","floor":11,"key":"SMITH"},{"data":"Underhanded Strike","floor":13,"key":"SMITH"},{"data":"Blade Dance","floor":15,"key":"SMITH"}],"circlet_count":0,"master_deck":["AscendersBane","Strike_G","Strike_G","Strike_G","Strike_G","Strike_G","Defend_G","Defend_G","Defend_G","Defend_G","Defend_G","Survivor","Neutralize+1","Dagger Throw+1","Dagger Spray","Crippling Poison+1","Masterful Stab","Underhanded Strike+1","Blade Dance+1"],"relics":["Ring of the Snake","NeowsBlessing","Ninja Scroll","MealTicket","Bag of Preparation","Paper Crane","Whetstone","Golden Idol","OrangePellets"],"acts_visited":["Exordium"],"potions_floor_usage":[16,16],"damage_taken":[{"damage":0.0,"enemies":"Jaw Worm","floor":1.0,"turns":1.0},{"damage":0.0,"enemies":"Small Slimes","floor":4.0,"turns":1.0},{"damage":0.0,"enemies":"Lagavulin","floor":6.0,"turns":1.0},{"damage":48.0,"enemies":"Gremlin Nob","floor":8.0,"turns":5.0},{"damage":2,"enemies":"2 Louse","floor":10,"turns":2},{"damage":45,"enemies":"Slime Boss","floor":16,"turns":9}],"seed_played":"-400231155019459569","potions_obtained":[{"floor":4.0,"key":"SpeedPotion"},{"floor":8.0,"key":"Weak Potion"},{"floor":10,"key":"Regen Potion"}],"is_trial":false,"path_per_floor":["M","?","?","M","T","E","T","E","T","M","R","?","R","$","R","B"],"character_chosen":"THE_SILENT","items_purchased":["Blade Dance","OrangePellets"],"campfire_rested":0,"item_purchase_floors":[14,14],"current_hp_per_floor":[59,48,64,64,64,64,64,16,16,14,14,14,14,29,29,0,0],"gold":23,"neow_bonus":"THREE_ENEMY_KILL","is_daily":false,"chose_seed":false,"campfire_upgraded":3,"win_rate":0.0,"timestamp":1610138317,"path_taken":["M","?","?","M","?","E","?","E","T","?","R","?","R","?","R","BOSS"],"items_purchased_type":["Card","Relic"],"build_version":"2020-12-18","purchased_purges":0,"victory":false,"max_hp_per_floor":[66,66,66,66,66,66,66,66,66,66,66,60,60,60,60,60,60],"card_choices":[{"not_picked":["Bane","Heel Hook"],"picked":"Dagger Throw","floor":1.0},{"not_picked":["PiercingWail","Acrobatics"],"picked":"Dagger Spray","floor":4.0},{"not_picked":["PiercingWail","Acrobatics"],"picked":"Crippling Poison","floor":6.0},{"not_picked":["Catalyst","Bane"],"picked":"Masterful Stab","floor":8.0},{"not_picked":["Deflect","Distraction"],"picked":"Underhanded Strike","floor":10}],"player_experience":1079134,"relics_obtained":[{"floor":5.0,"key":"Ninja Scroll"},{"floor":6.0,"key":"MealTicket"},{"floor":7.0,"key":"Bag of Preparation"},{"floor":8.0,"key":"Paper Crane"},{"floor":9.0,"key":"Whetstone"}],"event_choices":[{"damage_healed":0.0,"max_hp_gain":0.0,"max_hp_loss":0.0,"gold_gain":75.0,"event_name":"betterThird:BetterGoop","player_choice":"Gold","floor":2.0,"gold_loss":0.0,"damage_taken":11.0},{"damage_healed":16.0,"max_hp_gain":0.0,"max_hp_loss":0.0,"gold_gain":0.0,"event_name":"The Cleric","player_choice":"Healed","floor":3.0,"gold_loss":35.0,"damage_taken":0.0},{"damage_healed":0,"gold_gain":0,"player_choice":"Lose Max HP","damage_taken":0,"relics_obtained":["Golden Idol"],"max_hp_gain":0,"max_hp_loss":6,"event_name":"Golden Idol","floor":12,"gold_loss":0}],"is_beta":true,"boss_relics":[],"items_purged_floors":[],"is_endless":false,"potions_floor_spawned":[4,8,10],"killed_by":"Slime Boss","ascension_level":20}}