{"host":"Qube","time":1610148094,"event":{"mods":["AchievementEnabler","BaseMod","Colored Map","Colored Powertips","Minty Spire (QoL Compilation)","Quick Restart","Random Character Button","StSLib"],"gold_per_floor":[117,127,142,217,230,260,6,6,52,52,72,72,104,120,120,191,191,211,126,126,142,157,157,157],"floor_reached":23,"playtime":612,"items_purged":[],"score":445,"play_id":"b9866ecd-992e-4a3f-b1ce-84b118f5686b","local_time":"20210108152134","is_ascension_mode":true,"campfire_choices":[{"floor":10.0,"key":"REST"},{"floor":12.0,"key":"REST"},{"data":"BattleHymn","floor":15.0,"key":"SMITH"}],"circlet_count":0,"master_deck":["AscendersBane","Strike_P+1","Strike_P+1","Strike_P+1","Defend_P+1","Defend_P+1","Defend_P+1","Defend_P+1","Eruption","Vigilance","FlurryOfBlows","FollowUp","BattleHymn+1","WheelKick+1","Devotion","Brilliance","ClearTheMind","CutThroughFate","FlurryOfBlows","Devotion","Protect","Scrawl"],"relics":["PureWater","NeowsBlessing","Sundial","Whetstone","Bag of Marbles","Strawberry","Fusion Hammer","Pantograph"],"acts_visited":["Exordium","TheCity"],"potions_floor_usage":[22,22],"damage_taken":[{"damage":0.0,"enemies":"Jaw Worm","floor":1.0,"turns":1.0},{"damage":0.0,"enemies":"Small Slimes","floor":2.0,"turns":1.0},{"damage":0.0,"enemies":"Cultist","floor":3.0,"turns":1.0},{"damage":8.0,"enemies":"Blue Slaver","floor":5.0,"turns":3.0},{"damage":30.0,"enemies":"3 Sentries","floor":6.0,"turns":6.0},{"damage":0.0,"enemies":"Exordium Wildlife","floor":11.0,"turns":2.0},{"damage":0.0,"enemies":"Gremlin Nob","floor":13.0,"turns":2.0},{"damage":0.0,"enemies":"2 Fungi Beasts","floor":14.0,"turns":1.0},{"damage":7.0,"enemies":"The Guardian","floor":16.0,"turns":6.0},{"damage":3.0,"enemies":"2 Thieves","floor":18.0,"turns":2.0},{"damage":3.0,"enemies":"Spheric Guardian","floor":21.0,"turns":3.0},{"damage":14,"enemies":"Cultist and Chosen","floor":22,"turns":4},{"damage":47,"enemies":"Gremlin Leader","floor":23,"turns":3}],"seed_played":"8556361086265206920","potions_obtained":[{"floor":3.0,"key":"SteroidPotion"},{"floor":6.0,"key":"Fire Potion"},{"floor":13.0,"key":"Swift Potion"},{"floor":14.0,"key":"LiquidMemories"},{"floor":18.0,"key":"SteroidPotion"},{"floor":21.0,"key":"PowerPotion"}],"is_trial":false,"path_per_floor":["M","M","M","?","M","E","$","?","T","R","M","R","E","M","R","B",null,"M","?","?","M","M","E"],"character_chosen":"WATCHER","items_purchased":["Brilliance","Whetstone"],"campfire_rested":2,"item_purchase_floors":[7,7],"current_hp_per_floor":[61,61,61,50,42,12,12,12,12,32,32,52,59,59,59,52,69,66,66,66,63,49,2,2],"gold":157,"neow_bonus":"THREE_ENEMY_KILL","is_daily":false,"chose_seed":false,"campfire_upgraded":1,"win_rate":0.0,"timestamp":1610148094,"path_taken":["M","M","M","?","M","E","$","?","T","R","?","R","E","M","R","BOSS","M","?","?","M","M","E"],"items_purchased_type":["Card","Relic"],"build_version":"2020-12-18","purchased_purges":0,"victory":false,"max_hp_per_floor":[68,68,68,68,68,68,68,68,68,68,68,68,75,75,75,75,75,75,75,75,75,75,75,75],"card_choices":[{"not_picked":["InnerPeace","WaveOfTheHand"],"picked":"FlurryOfBlows","floor":1.0},{"not_picked":["Meditate","JustLucky"],"picked":"FollowUp","floor":2.0},{"not_picked":["CrushJoints","ThirdEye"],"picked":"BattleHymn","floor":3.0},{"not_picked":["WaveOfTheHand","Prostrate"],"picked":"WheelKick","floor":5.0},{"not_picked":["CrushJoints","BowlingBash"],"picked":"Devotion","floor":6.0},{"not_picked":["SashWhip","BowlingBash"],"picked":"ClearTheMind","floor":11.0},{"not_picked":["CrushJoints","BowlingBash"],"picked":"CutThroughFate","floor":13.0},{"not_picked":["CarveReality","PathToVictory"],"picked":"FlurryOfBlows","floor":14.0},{"not_picked":["Wish","Vault"],"picked":"Devotion","floor":16.0},{"not_picked":["FlyingSleeves","FlurryOfBlows"],"picked":"Protect","floor":18.0},{"not_picked":["EmptyFist","WaveOfTheHand","Consecrate"],"picked":"SKIP","floor":21.0},{"not_picked":["FlyingSleeves","Consecrate"],"picked":"Scrawl","floor":22}],"player_experience":850964,"relics_obtained":[{"floor":6.0,"key":"Sundial"},{"floor":9.0,"key":"Bag of Marbles"},{"floor":13.0,"key":"Strawberry"}],"event_choices":[{"damage_healed":0.0,"max_hp_gain":0.0,"max_hp_loss":0.0,"gold_gain":75.0,"event_name":"World of Goop","player_choice":"Gather Gold","floor":4.0,"gold_loss":0.0,"damage_taken":11.0},{"cards_removed":["Strike_P"],"damage_healed":0.0,"max_hp_gain":0.0,"max_hp_loss":0.0,"gold_gain":0.0,"event_name":"Purifier","player_choice":"Purged","floor":8.0,"gold_loss":0.0,"damage_taken":0.0},{"damage_healed":0.0,"max_hp_gain":0.0,"max_hp_loss":0.0,"gold_gain":0.0,"event_name":"Addict","player_choice":"Obtained Relic","floor":19.0,"gold_loss":85.0,"damage_taken":0.0,"relics_obtained":["Pantograph"]},{"damage_healed":0.0,"max_hp_gain":0.0,"max_hp_loss":0.0,"gold_gain":0.0,"event_name":"Back to Basics","player_choice":"Simplicity","floor":20.0,"gold_loss":0.0,"damage_taken":0.0,"cards_upgraded":["Strike_P","Strike_P","Defend_P","Defend_P","Defend_P","Defend_P"]}],"is_beta":true,"boss_relics":[{"not_picked":["Calling Bell","Coffee Dripper"],"picked":"Fusion Hammer"}],"items_purged_floors":[],"is_endless":false,"potions_floor_spawned":[3,6,13,14,18,21],"killed_by":"Gremlin Leader","ascension_level":19}}