{"host":"xe18zxp7krnsfrwn","time":1610146520,"event":{"mods":["BaseMod","BetterRewards","Colored Map","Downfall","Hubris","Infinite Spire","Minty Spire (QoL Compilation)","Replay The Spire","StSLib","The Animator","The Elementalist","The Runesmith","The Saiyan"],"gold_per_floor":[123,178,178,210,223,223,243,243,269,93,126,126,126,126,126,224,224,255,255,255,187,187,187,214,214,214,214,214,214,230,230,230],"floor_reached":31,"playtime":2706,"items_purged":[],"score":247,"play_id":"1265ff46-3775-4953-bd1b-a427e2610d13","local_time":"20210108145520","is_ascension_mode":false,"campfire_choices":[{"data":"Pot Of Greed","floor":6.0,"key":"SMITH"},{"floor":12.0,"key":"REST"},{"data":"Pot Of Greed","floor":15.0,"key":"SMITH"},{"data":"animator:QuestionMark","floor":23,"key":"SMITH"},{"floor":29,"key":"REST"}],"circlet_count":0,"master_deck":["animator:Strike_Fate","animator:Defend_Fate","animator:Strike","animator:Strike","animator:Defend","animator:Defend","animator:Alexander","animator:Rider","CurseOfTheBell","Pot Of Greed+1","animator:ShinjiMatou","Pot Of Greed+1","animator:Berserker","infinitespire:NeuralNetwork+1","animator:Elesis","animator:ElricAlphonse","animator:Hans","animator:Millim+1","animator:Togame+1","animator:UneriGinkaku+1","animator:Emonzaemon","animator:Nanami","animator:QuestionMark+1","Pot Of Greed","animator:Benimaru","animator:Tatsumaki"],"relics":["animator:TheMissingPiece","Calling Bell","Regal Pillow","The Courier","hubris:CuriousFeather","Grinning Jar","Bag of Marbles","Pet Ghost","Juzu Bracelet","hubris:Towel","Astrolabe","Golden Egg","Blue Candle","Ornamental Fan"],"acts_visited":["Exordium","TheCity"],"potions_floor_usage":[16,31],"damage_taken":[{"damage":2.0,"enemies":"Small Slimes","floor":1.0,"turns":4.0},{"damage":5.0,"enemies":"2 Louse","floor":4.0,"turns":3.0},{"damage":0.0,"enemies":"Cultist","floor":5.0,"turns":3.0},{"damage":5.0,"enemies":"3 Louse","floor":7.0,"turns":3.0},{"damage":22.0,"enemies":"Gremlin Nob","floor":11.0,"turns":5.0},{"damage":41,"enemies":"Slime Boss","floor":16,"turns":12},{"damage":10,"enemies":"Chosen","floor":18,"turns":5},{"damage":19,"enemies":"Replay:Snechameleon","floor":24,"turns":7},{"damage":12,"enemies":"Shell Parasite","floor":30,"turns":5},{"damage":27,"enemies":"Colosseum Slavers","floor":31,"turns":7},{"damage":35,"enemies":"Colosseum Nobs","floor":31,"turns":3}],"seed_played":"-276896851103186221","potions_obtained":[{"floor":5.0,"key":"SpeedPotion"},{"floor":7.0,"key":"Block Potion"},{"floor":24,"key":"Weak Potion"}],"is_trial":false,"path_per_floor":["M","?","?","M","M","R","M","?","T","$","E","R","?","?","R","B",null,"M","?","?","$","?","R","E","?","T","PTL","PTL","R","M","?"],"character_chosen":"THE_ANIMATOR","items_purchased":["Pet Ghost","animator:Elesis","animator:QuestionMark"],"campfire_rested":2,"item_purchase_floors":[10,10,21],"current_hp_per_floor":[64,64,64,59,60,60,55,40,40,40,18,53,53,53,53,12,67,57,57,57,57,57,57,38,38,38,38,38,67,56,0,0],"gold":230,"neow_bonus":"BOSS_RELIC","is_daily":false,"chose_seed":false,"campfire_upgraded":3,"win_rate":0.0,"timestamp":1610146520,"path_taken":["M","?","?","M","?","R","M","?","T","?","E","R","?","?","R","BOSS","M","?","?","$","?","R","E","?","T","PTL","PTL","R","M","?"],"items_purchased_type":["Relic","Card","Card"],"build_version":"2020-12-22","purchased_purges":0,"victory":false,"max_hp_per_floor":[66,66,66,66,67,67,67,67,67,67,67,67,67,67,67,67,67,67,67,67,67,67,67,67,67,67,67,67,67,68,68,68],"card_choices":[{"not_picked":["animator:Emonzaemon","animator:Azekura"],"picked":"animator:Genos","floor":1.0},{"not_picked":["animator:GazelDwargon","animator:Shion"],"picked":"animator:ShinjiMatou","floor":4.0},{"not_picked":["animator:Aqua","animator:TsurugaMeisai"],"picked":"animator:Berserker","floor":5.0},{"not_picked":["animator:Rider","animator:Alexander"],"picked":"animator:ShinjiMatou","floor":7.0},{"not_picked":["infinitespire:FutureSight","infinitespire:Fortify"],"picked":"infinitespire:NeuralNetwork","floor":8.0},{"not_picked":["animator:Elsword","animator:MumenRider"],"picked":"animator:ElricAlphonse","floor":11.0},{"not_picked":["animator:Eris","animator:Boros"],"picked":"animator:Hans","floor":16},{"not_picked":["animator:Konayuki","animator:Wiz"],"picked":"animator:Emonzaemon","floor":18},{"not_picked":["animator:Archer","animator:Caster"],"picked":"animator:Benimaru","floor":24},{"not_picked":["animator:Konayuki+1","animator:Raven"],"picked":"animator:Tatsumaki","floor":30}],"player_experience":473694,"relics_obtained":[{"floor":0.0,"key":"Regal Pillow"},{"floor":0.0,"key":"The Courier"},{"floor":0.0,"key":"hubris:CuriousFeather"},{"floor":9.0,"key":"Bag of Marbles"},{"floor":11.0,"key":"Juzu Bracelet"},{"floor":24,"key":"Golden Egg"},{"floor":26,"key":"Ornamental Fan"}],"event_choices":[{"damage_healed":0.0,"max_hp_gain":0.0,"max_hp_loss":0.0,"gold_gain":55.0,"event_name":"Golden Wing","player_choice":"Gained Gold","floor":2.0,"gold_loss":0.0,"damage_taken":0.0},{"cards_removed":["animator:Genos"],"damage_healed":0.0,"max_hp_gain":0.0,"max_hp_loss":0.0,"gold_gain":0.0,"event_name":"WeMeetAgain","player_choice":"Gave Card","floor":3.0,"gold_loss":0.0,"damage_taken":0.0,"relics_obtained":["Grinning Jar"]},{"damage_healed":0.0,"max_hp_gain":0.0,"max_hp_loss":0.0,"gold_gain":0.0,"event_name":"Upgrade Shrine","player_choice":"Upgraded","floor":14.0,"gold_loss":0.0,"damage_taken":0.0,"cards_upgraded":["infinitespire:NeuralNetwork"]},{"damage_healed":0,"gold_gain":0,"player_choice":"1 cards matched","damage_taken":0,"max_hp_gain":0,"max_hp_loss":0,"event_name":"Match and Keep!","floor":20,"gold_loss":0,"cards_obtained":["animator:Nanami"]},{"damage_healed":0,"gold_gain":0,"player_choice":"Ignored","damage_taken":0,"max_hp_gain":0,"max_hp_loss":0,"event_name":"Vampires","floor":22,"gold_loss":0},{"damage_healed":0,"gold_gain":0,"player_choice":"Fight","damage_taken":0,"max_hp_gain":0,"max_hp_loss":0,"event_name":"Colosseum","floor":31,"gold_loss":0},{"damage_healed":0,"gold_gain":0,"player_choice":"Fought Nobs","damage_taken":0,"max_hp_gain":0,"max_hp_loss":0,"event_name":"Colosseum","floor":31,"gold_loss":0}],"is_beta":false,"boss_relics":[{"not_picked":["Kintsugi","SacredBark"],"picked":"Astrolabe"}],"items_purged_floors":[],"is_endless":false,"potions_floor_spawned":[5,7,24],"killed_by":"Colosseum Nobs","ascension_level":0}}