{"host":"9jskdx4t2il7kdto","time":1610138233,"event":{"mods":["AchievementEnabler","Act Like it!","Bard","BaseMod","Card Forge","Colored Powertips","Downfall","Highlight Path","Jorbs\u0027s Wanderer Trilogy","Minty Spire (QoL Compilation)","Replay The Spire","StSLib","The Mystic","The Poker Player","UnlockEverythingMod"],"gold_per_floor":[111,130,130,149,163,101,101,139,139,163,186,186,205,224,224,343,343,356,369,369,369,369],"floor_reached":20,"playtime":1090,"items_purged":["Amnesia"],"score":180,"play_id":"9d609ac3-8f22-4516-b8fc-1bf4cc5acd24","local_time":"20210108143713","is_ascension_mode":false,"metric_token":978,"campfire_choices":[{"data":"PokerPlayerMod:Raise","floor":7,"key":"SMITH"},{"floor":15,"key":"REST"}],"circlet_count":0,"master_deck":["PokerPlayerMod:Diamond1","PokerPlayerMod:Diamond2","PokerPlayerMod:Diamond3","PokerPlayerMod:Diamond4","PokerPlayerMod:Diamond5","PokerPlayerMod:Spade1","PokerPlayerMod:Spade2","PokerPlayerMod:Spade3","PokerPlayerMod:Spade4","PokerPlayerMod:Club1","PokerPlayerMod:Club2","PokerPlayerMod:Heart2","PokerPlayerMod:TrumpStrike","PokerPlayerMod:BadJoker","PokerPlayerMod:Mulligan","PokerPlayerMod:Raise+1","PokerPlayerMod:ClubsClub","PokerPlayerMod:Club4","PokerPlayerMod:DiamondStrike","PokerPlayerMod:Club9","PokerPlayerMod:RoyalStrike","PokerPlayerMod:Sharpen","PokerPlayerMod:ClubStrike","PokerPlayerMod:HeartStrike+1","PokerPlayerMod:Spade6","PokerPlayerMod:StackedDeck","PokerPlayerMod:JackOfSpades","PokerPlayerMod:Diamond7"],"relics":["PokerPlayerMod:DeckCase","Hammer of Thor","Seething Fire","Anvil of the Gods","Golden Idol","ReplayTheSpireMod:CursedCoin","ReplayTheSpireMod:TigerMarble","Toy Ornithopter"],"acts_visited":["Exordium","TheCity"],"potions_floor_usage":[18],"damage_taken":[{"damage":7,"enemies":"Small Slimes","floor":1,"turns":4},{"damage":0,"enemies":"2 Louse","floor":2,"turns":3},{"damage":4,"enemies":"Jaw Worm","floor":4,"turns":3},{"damage":0,"enemies":"Lots of Slimes","floor":5,"turns":2},{"damage":9,"enemies":"3 Sentries","floor":8,"turns":2},{"damage":6,"enemies":"Blue Slaver","floor":10,"turns":2},{"damage":0,"enemies":"Looter","floor":11,"turns":1},{"damage":11,"enemies":"Red Slaver","floor":13,"turns":2},{"damage":26,"enemies":"Exordium Thugs","floor":14,"turns":4},{"damage":15,"enemies":"Hexaghost","floor":16,"turns":6},{"damage":0,"enemies":"Shell Parasite","floor":18,"turns":3},{"damage":5,"enemies":"3 Byrds","floor":19,"turns":2},{"damage":28,"enemies":"Centurion and Healer","floor":20,"turns":3}],"seed_played":"5223272949813509669","potions_obtained":[{"floor":2,"key":"Dexterity Potion"},{"floor":5,"key":"LiquidMemories"},{"floor":13,"key":"EssenceOfSteel"},{"floor":19,"key":"Weak Potion"}],"is_trial":false,"path_per_floor":["M","M","?","M","M","$","R","E","T","M","M","?","M","M","R","B",null,"M","M","M"],"character_chosen":"THE_POKER_PLAYER","items_purchased":["PokerPlayerMod:Club9","ReplayTheSpireMod:CursedCoin"],"campfire_rested":1,"item_purchase_floors":[6,6],"current_hp_per_floor":[45,49,48,44,48,48,48,39,39,33,33,33,29,11,25,23,48,48,43,15,15,15],"gold":369,"neow_bonus":"THREE_CARDS","is_daily":false,"chose_seed":false,"campfire_upgraded":1,"win_rate":0.0,"timestamp":1610138233,"path_taken":["M","M","?","M","M","$","R","E","T","M","M","?","M","?","R","BOSS","M","?","M"],"items_purchased_type":["Card","Relic"],"build_version":"2020-12-22","purchased_purges":1,"victory":false,"max_hp_per_floor":[52,52,48,48,48,48,48,48,48,48,48,48,48,48,48,48,48,48,48,48,48,48],"card_choices":[{"not_picked":["PokerPlayerMod:ClubDance","PokerPlayerMod:HeartStrike"],"picked":"PokerPlayerMod:MagicTrick","floor":0},{"not_picked":["PokerPlayerMod:Fold","PokerPlayerMod:Diamond3"],"picked":"PokerPlayerMod:Raise","floor":1},{"not_picked":["PokerPlayerMod:DiamondStrike","PokerPlayerMod:Diamond3"],"picked":"PokerPlayerMod:ClubsClub","floor":2},{"not_picked":["PokerPlayerMod:ClubsClub","PokerPlayerMod:Spade3"],"picked":"PokerPlayerMod:Club4","floor":4},{"not_picked":["PokerPlayerMod:MagicTrick","PokerPlayerMod:Club1"],"picked":"PokerPlayerMod:DiamondStrike","floor":5},{"not_picked":["PokerPlayerMod:Diamond3","PokerPlayerMod:Club3"],"picked":"PokerPlayerMod:RoyalStrike","floor":8},{"not_picked":["PokerPlayerMod:Heart2","PokerPlayerMod:Diamond4"],"picked":"PokerPlayerMod:Sharpen","floor":10},{"not_picked":["PokerPlayerMod:ClubDance","PokerPlayerMod:Diamond1"],"picked":"PokerPlayerMod:ClubStrike","floor":11},{"not_picked":["PokerPlayerMod:CloakAndDiamond","PokerPlayerMod:ClubDance","PokerPlayerMod:RiskyBet"],"picked":"SKIP","floor":13},{"not_picked":["PokerPlayerMod:Club4","PokerPlayerMod:DartThrow"],"picked":"PokerPlayerMod:Spade6","floor":14},{"not_picked":["PokerPlayerMod:Diamond10+","PokerPlayerMod:WildCard"],"picked":"PokerPlayerMod:StackedDeck","floor":16},{"not_picked":["PokerPlayerMod:Spade3","PokerPlayerMod:DartThrow"],"picked":"PokerPlayerMod:JackOfSpades","floor":18},{"not_picked":["PokerPlayerMod:ClubStrike","PokerPlayerMod:CloakAndDiamond"],"picked":"PokerPlayerMod:Diamond7","floor":19}],"player_experience":357936,"relics_obtained":[{"floor":8,"key":"ReplayTheSpireMod:TigerMarble"},{"floor":9,"key":"Toy Ornithopter"}],"event_choices":[{"damage_healed":0,"gold_gain":0,"player_choice":"Lose Max HP","damage_taken":0,"relics_obtained":["Golden Idol"],"max_hp_gain":0,"max_hp_loss":4,"event_name":"Golden Idol","floor":3,"gold_loss":0}],"is_beta":false,"boss_relics":[{"not_picked":["Painkiller Herb","Runic Dome","Honey Jar"]}],"items_purged_floors":[6],"is_endless":false,"potions_floor_spawned":[2,5,13,19],"killed_by":"Centurion and Healer","ascension_level":0}}