{"host":"o0q01dgb4z8zpo6o","time":1610068501,"event":{"mods":["BaseMod","GifTheSpireLib","Minty Spire (QoL Compilation)","Relic Stats","StSLib"],"gold_per_floor":[110,260,11,11,29,29,45,45,45,45,60,103,103,124,124,220,220,235,235,235,54,54,54,104,67,67,67,91,91,91],"floor_reached":29,"playtime":1033,"items_purged":["Doubt","Writhe"],"score":476,"play_id":"22fc79b9-57fc-48e2-a92c-c88eae8bb048","local_time":"20210107171501","is_ascension_mode":true,"campfire_choices":[{"data":"Chaos","floor":6.0,"key":"SMITH"},{"data":"Static Discharge","floor":8.0,"key":"SMITH"},{"data":"Barrage","floor":13.0,"key":"SMITH"},{"data":"Doom and Gloom","floor":15.0,"key":"SMITH"},{"data":"Heatsinks","floor":23.0,"key":"SMITH"},{"data":"Loop","floor":27,"key":"SMITH"}],"circlet_count":0,"master_deck":["AscendersBane","Strike_B","Strike_B","Strike_B","Defend_B","Defend_B","Defend_B","Defend_B","Zap","Dualcast","Echo Form","Cold Snap","Chaos+1","Static Discharge+1","Auto Shields","Barrage+1","Doom and Gloom+1","Ball Lightning","Sweeping Beam","Reboot","Heatsinks+1","White Noise","White Noise","Loop+1","Storm"],"relics":["FrozenCore","Golden Idol","Pocketwatch","White Beast Statue","Question Card","Meat on the Bone"],"acts_visited":["Exordium","TheCity"],"potions_floor_usage":[28,29],"damage_taken":[{"damage":4.0,"enemies":"2 Louse","floor":1.0,"turns":3.0},{"damage":11.0,"enemies":"Jaw Worm","floor":5.0,"turns":4.0},{"damage":4.0,"enemies":"Small Slimes","floor":7.0,"turns":4.0},{"damage":2.0,"enemies":"3 Louse","floor":11.0,"turns":2.0},{"damage":0.0,"enemies":"Gremlin Nob","floor":12.0,"turns":3.0},{"damage":1.0,"enemies":"Blue Slaver","floor":14.0,"turns":3.0},{"damage":8.0,"enemies":"Slime Boss","floor":16.0,"turns":6.0},{"damage":20.0,"enemies":"Shell Parasite","floor":18.0,"turns":5.0},{"damage":8,"enemies":"Spheric Guardian","floor":28,"turns":5},{"damage":43,"enemies":"Shelled Parasite and Fungi","floor":29,"turns":3}],"seed_played":"-2392999227082546436","potions_obtained":[{"floor":1.0,"key":"PowerPotion"},{"floor":7.0,"key":"Block Potion"},{"floor":14.0,"key":"SkillPotion"},{"floor":16.0,"key":"Energy Potion"},{"floor":18.0,"key":"Explosive Potion"},{"floor":28,"key":"Strength Potion"}],"is_trial":false,"path_per_floor":["M","?","$","?","M","R","M","R","T","?","M","E","R","M","R","B",null,"M","?","?","$","?","R","?","$","T","R","M","M"],"character_chosen":"DEFECT","items_purchased":["Chaos","Static Discharge","White Noise","Loop"],"campfire_rested":0,"item_purchase_floors":[3,3,21,25],"current_hp_per_floor":[60,60,60,60,49,49,45,45,45,45,43,43,43,42,42,34,57,37,37,37,37,37,37,37,37,37,37,41,0,0],"gold":91,"neow_bonus":"ONE_RANDOM_RARE_CARD","is_daily":false,"chose_seed":false,"campfire_upgraded":6,"win_rate":0.0,"timestamp":1610068501,"path_taken":["M","?","$","?","M","R","M","R","T","?","M","E","R","M","R","BOSS","M","?","?","$","?","R","?","$","T","R","M","?"],"items_purchased_type":["Card","Card","Card","Card"],"build_version":"2020-12-22","purchased_purges":2,"victory":false,"max_hp_per_floor":[71,71,71,64,64,64,64,64,64,64,64,64,64,64,64,64,64,64,64,64,64,64,64,64,64,64,64,64,64,64],"relic_stats":{"counters":[10,38],"Golden Idol":50,"Question Card":1,"obtain_stats":[{"Golden Idol":4,"Cracked Core":0,"Question Card":20,"White Beast Statue":12,"Pocketwatch":9,"FrozenCore":17,"Meat on the Bone":26},{"Golden Idol":1,"Cracked Core":0,"Question Card":8,"White Beast Statue":5,"Pocketwatch":3,"FrozenCore":7,"Meat on the Bone":8},{"Golden Idol":3,"Cracked Core":0,"Question Card":30,"White Beast Statue":16,"Pocketwatch":11,"FrozenCore":25,"Meat on the Bone":30}],"FrozenCore":[5],"Pocketwatch":[36],"Meat on the Bone":12},"card_choices":[{"not_picked":["Hello World","Redo"],"picked":"Cold Snap","floor":1.0},{"not_picked":["Static Discharge","Stack"],"picked":"Auto Shields","floor":5.0},{"not_picked":["Stack","Steam"],"picked":"Barrage","floor":7.0},{"not_picked":["Cold Snap","Beam Cell","Redo"],"picked":"SKIP","floor":11.0},{"not_picked":["Rebound","Cold Snap"],"picked":"Ball Lightning","floor":12.0},{"not_picked":["Gash","Hologram"],"picked":"Sweeping Beam","floor":14.0},{"not_picked":["Meteor Strike","Hyperbeam"],"picked":"Reboot","floor":16.0},{"not_picked":["Sweeping Beam","Go for the Eyes"],"picked":"Heatsinks","floor":18.0},{"not_picked":["Heatsinks","Rebound","Sweeping Beam"],"picked":"Storm","floor":28}],"player_experience":1063008,"relics_obtained":[{"floor":9.0,"key":"Pocketwatch"},{"floor":12.0,"key":"White Beast Statue"},{"floor":26,"key":"Meat on the Bone"}],"event_choices":[{"damage_healed":0.0,"max_hp_gain":0.0,"max_hp_loss":0.0,"gold_gain":150.0,"event_name":"Liars Game","player_choice":"AGREE","floor":2.0,"gold_loss":0.0,"damage_taken":0.0,"cards_obtained":["Doubt"]},{"damage_healed":0.0,"max_hp_gain":0.0,"max_hp_loss":7.0,"gold_gain":0.0,"event_name":"Golden Idol","player_choice":"Lose Max HP","floor":4.0,"gold_loss":0.0,"damage_taken":0.0,"relics_obtained":["Golden Idol"]},{"damage_healed":0.0,"max_hp_gain":0.0,"max_hp_loss":0.0,"gold_gain":0.0,"cards_transformed":["Strike_B"],"event_name":"Living Wall","player_choice":"Change","floor":10.0,"gold_loss":0.0,"damage_taken":0.0,"cards_obtained":["Doom and Gloom"]},{"damage_healed":0.0,"max_hp_gain":0.0,"max_hp_loss":0.0,"gold_gain":0.0,"event_name":"The Library","player_choice":"Read","floor":19.0,"gold_loss":0.0,"damage_taken":0.0,"cards_obtained":["White Noise"]},{"damage_healed":0.0,"max_hp_gain":0.0,"max_hp_loss":0.0,"gold_gain":0.0,"event_name":"The Mausoleum","player_choice":"Opened","floor":20.0,"gold_loss":0.0,"damage_taken":0.0,"relics_obtained":["Question Card"],"cards_obtained":["Writhe"]},{"damage_healed":0.0,"max_hp_gain":0.0,"max_hp_loss":0.0,"gold_gain":0.0,"event_name":"Cursed Tome","player_choice":"Ignored","floor":22.0,"gold_loss":0.0,"damage_taken":0.0},{"damage_healed":0,"gold_gain":100,"player_choice":"Bet on Murderer","damage_taken":0,"max_hp_gain":0,"max_hp_loss":0,"event_name":"The Joust","floor":24,"gold_loss":50}],"is_beta":false,"boss_relics":[{"not_picked":["Snecko Eye","Calling Bell"],"picked":"FrozenCore"}],"items_purged_floors":[3,21],"is_endless":false,"potions_floor_spawned":[1,7,14,16,18,28],"killed_by":"Shelled Parasite and Fungi","ascension_level":19}}