{"host":"q4axc00jr2bozlh9","time":1610104585,"event":{"mods":["AchievementEnabler","BaseMod","Bestiary","Colored Map","Colored Powertips","Curses Come First","Minty Spire (QoL Compilation)","Relic Stats","StSLib","SuperFastMode","UnlockEverythingMod"],"gold_per_floor":[112,112,112,131,306,338,338,12,12,42,67,67,77,90,90,192,492,482,407,322,322,346,346,376,392,392,491,180,192,292,312,312,312,312],"floor_reached":33,"playtime":1499,"items_purged":["Doubt","Strike_R"],"score":346,"play_id":"69827d3f-0607-4c73-a012-93297664753d","local_time":"20210108121625","is_ascension_mode":false,"campfire_choices":[{"data":"Intimidate","floor":7,"key":"SMITH"},{"data":"Armaments","floor":15,"key":"SMITH"},{"data":"Metamorphosis","floor":23,"key":"SMITH"},{"floor":32,"key":"REST"}],"circlet_count":0,"master_deck":["Strike_R+1","Strike_R","Defend_R","Defend_R","Defend_R+1","Defend_R","Bash","Ghostly Armor+1","Intimidate+1","Fire Breathing","Metamorphosis+1","Reaper","Combust","Armaments+1","Feed","CurseOfTheBell","Dark Embrace","Shockwave","Impervious","Metamorphosis","Discovery","Metallicize","Warcry+1"],"relics":["Burning Blood","NeowsBlessing","Orichalcum","Membership Card","Bottled Lightning","Juzu Bracelet","Strawberry","Calling Bell","Tiny Chest","Self Forming Clay","Old Coin","Omamori","PreservedInsect","Blood Vial","Mercury Hourglass","Gremlin Horn","Du-Vu Doll","Pear"],"acts_visited":["Exordium","TheCity"],"potions_floor_usage":[13,24,24,33,33],"damage_taken":[{"damage":0,"enemies":"Cultist","floor":1,"turns":1},{"damage":0,"enemies":"Small Slimes","floor":4,"turns":1},{"damage":0,"enemies":"3 Sentries","floor":6,"turns":1},{"damage":12,"enemies":"Lagavulin","floor":10,"turns":8},{"damage":3,"enemies":"Jaw Worm","floor":13,"turns":3},{"damage":9,"enemies":"Blue Slaver","floor":14,"turns":5},{"damage":46,"enemies":"The Guardian","floor":16,"turns":9},{"damage":16,"enemies":"2 Thieves","floor":18,"turns":4},{"damage":39,"enemies":"Slavers","floor":24,"turns":7},{"damage":26,"enemies":"Shell Parasite","floor":25,"turns":8},{"damage":11,"enemies":"Chosen and Byrds","floor":29,"turns":5},{"damage":18,"enemies":"Colosseum Slavers","floor":30,"turns":5},{"damage":1,"enemies":"Colosseum Nobs","floor":30,"turns":3},{"damage":39,"enemies":"Cultist and Chosen","floor":31,"turns":6},{"damage":90,"enemies":"Champ","floor":33,"turns":9}],"seed_played":"8464940833534949415","potions_obtained":[{"floor":1,"key":"Regen Potion"},{"floor":4,"key":"BlessingOfTheForge"},{"floor":10,"key":"Swift Potion"},{"floor":16,"key":"SteroidPotion"},{"floor":24,"key":"DuplicationPotion"}],"is_trial":false,"path_per_floor":["M","?","?","M","?","E","R","$","T","E","T","?","M","M","R","B",null,"M","?","?","?","T","R","E","M","T","?","$","M","?","M","R","B"],"character_chosen":"IRONCLAD","items_purchased":["Membership Card","Metamorphosis","Gremlin Horn","Metamorphosis","Discovery"],"campfire_rested":1,"item_purchase_floors":[8,8,28,28,28],"current_hp_per_floor":[80,64,64,70,70,76,76,76,76,70,77,77,84,84,84,50,87,77,77,77,77,77,77,67,49,49,49,49,46,62,41,72,0,0],"gold":312,"neow_bonus":"THREE_ENEMY_KILL","is_daily":false,"chose_seed":false,"campfire_upgraded":3,"win_rate":0.0,"timestamp":1610104585,"path_taken":["M","?","?","?","?","E","R","$","T","E","?","?","M","M","R","BOSS","M","?","?","?","?","R","E","M","T","?","$","M","?","M","R","BOSS"],"items_purchased_type":["Relic","Card","Relic","Card","Card"],"build_version":"2020-12-22","purchased_purges":2,"victory":false,"max_hp_per_floor":[80,80,80,80,80,80,80,80,80,80,87,87,87,87,87,87,87,87,87,87,87,87,87,91,91,91,91,91,91,104,104,104,104,104],"relic_stats":{"Blood Vial":12,"Gremlin Horn":[3,3],"counters":[15,75],"Self Forming Clay":[105],"Tiny Chest":1,"PreservedInsect":75,"Juzu Bracelet":1,"Orichalcum":[66],"obtain_stats":[{"Pear":30,"NeowsBlessing":0,"Gremlin Horn":28,"Self Forming Clay":17,"PreservedInsect":22,"Juzu Bracelet":10,"Omamori":20,"Orichalcum":6,"Burning Blood":0,"Old Coin":17,"Mercury Hourglass":26,"Calling Bell":17,"Blood Vial":24,"Du-Vu Doll":30,"Strawberry":11,"Tiny Chest":17,"Membership Card":8,"Bottled Lightning":9},{"Pear":13,"NeowsBlessing":0,"Gremlin Horn":10,"Self Forming Clay":7,"PreservedInsect":8,"Juzu Bracelet":4,"Omamori":8,"Orichalcum":3,"Burning Blood":0,"Old Coin":7,"Mercury Hourglass":10,"Calling Bell":7,"Blood Vial":9,"Du-Vu Doll":13,"Strawberry":4,"Tiny Chest":7,"Membership Card":3,"Bottled Lightning":3},{"Pear":60,"NeowsBlessing":0,"Gremlin Horn":47,"Self Forming Clay":28,"PreservedInsect":32,"Juzu Bracelet":11,"Omamori":32,"Orichalcum":3,"Burning Blood":0,"Old Coin":28,"Mercury Hourglass":47,"Calling Bell":28,"Blood Vial":39,"Du-Vu Doll":60,"Strawberry":11,"Tiny Chest":28,"Membership Card":3,"Bottled Lightning":3}],"Burning Blood":78,"Mercury Hourglass":[132]},"card_choices":[{"not_picked":["Pommel Strike","Body Slam"],"picked":"Ghostly Armor","floor":1},{"not_picked":["Pummel","Wild Strike"],"picked":"Intimidate","floor":4},{"not_picked":["Dark Embrace","Feel No Pain"],"picked":"Fire Breathing","floor":6},{"not_picked":["Body Slam","Sword Boomerang"],"picked":"Reaper","floor":10},{"not_picked":["Perfected Strike","Pommel Strike"],"picked":"Armaments","floor":13},{"not_picked":["Warcry","Havoc","Iron Wave"],"picked":"SKIP","floor":14},{"not_picked":["Offering","Immolate"],"picked":"Feed","floor":16},{"not_picked":["Body Slam","Clash+1"],"picked":"Dark Embrace","floor":18},{"not_picked":["Iron Wave","Cleave"],"picked":"Shockwave","floor":24},{"not_picked":["Wild Strike","Searing Blow+1"],"picked":"Impervious","floor":25},{"not_picked":["Twin Strike","Hemokinesis"],"picked":"Metallicize","floor":29},{"not_picked":["Pommel Strike+1","Armaments"],"picked":"Warcry+1","floor":30},{"not_picked":["Havoc","Headbutt+1","Pommel Strike"],"picked":"SKIP","floor":31}],"player_experience":207326,"relics_obtained":[{"floor":6,"key":"Orichalcum"},{"floor":9,"key":"Bottled Lightning"},{"floor":10,"key":"Juzu Bracelet"},{"floor":11,"key":"Strawberry"},{"floor":17,"key":"Tiny Chest"},{"floor":17,"key":"Self Forming Clay"},{"floor":17,"key":"Old Coin"},{"floor":22,"key":"PreservedInsect"},{"floor":24,"key":"Blood Vial"},{"floor":26,"key":"Mercury Hourglass"},{"floor":30,"key":"Du-Vu Doll"},{"floor":30,"key":"Pear"}],"event_choices":[{"damage_healed":0,"gold_gain":0,"player_choice":"Entered Light","damage_taken":16,"max_hp_gain":0,"max_hp_loss":0,"event_name":"Shining Light","floor":2,"gold_loss":0,"cards_upgraded":["Defend_R","Strike_R"]},{"damage_healed":0,"gold_gain":0,"player_choice":"Upgraded","damage_taken":0,"max_hp_gain":0,"max_hp_loss":0,"event_name":"Upgrade Shrine","floor":3,"gold_loss":0,"cards_upgraded":["Ghostly Armor"]},{"damage_healed":0,"gold_gain":175,"player_choice":"AGREE","damage_taken":0,"max_hp_gain":0,"max_hp_loss":0,"event_name":"Liars Game","floor":5,"gold_loss":0,"cards_obtained":["Doubt"]},{"damage_healed":0,"gold_gain":0,"cards_transformed":["Strike_R"],"player_choice":"Change","damage_taken":0,"max_hp_gain":0,"max_hp_loss":0,"event_name":"Living Wall","floor":12,"gold_loss":0,"cards_obtained":["Combust"]},{"cards_removed":["Strike_R"],"damage_healed":0,"gold_gain":0,"player_choice":"Gave Gold","damage_taken":0,"max_hp_gain":0,"max_hp_loss":0,"event_name":"Beggar","floor":19,"gold_loss":75},{"damage_healed":0,"gold_gain":0,"player_choice":"Obtained Relic","damage_taken":0,"relics_obtained":["Omamori"],"max_hp_gain":0,"max_hp_loss":0,"event_name":"Addict","floor":20,"gold_loss":85},{"damage_healed":0,"gold_gain":0,"player_choice":"Ignored","damage_taken":0,"max_hp_gain":0,"max_hp_loss":0,"event_name":"Ghosts","floor":21,"gold_loss":0},{"damage_healed":0,"gold_gain":99,"player_choice":"Stole From Cult","damage_taken":0,"max_hp_gain":0,"max_hp_loss":0,"event_name":"Nest","floor":27,"gold_loss":0},{"damage_healed":0,"gold_gain":0,"player_choice":"Fight","damage_taken":0,"max_hp_gain":0,"max_hp_loss":0,"event_name":"Colosseum","floor":30,"gold_loss":0},{"damage_healed":0,"gold_gain":0,"player_choice":"Fought Nobs","damage_taken":0,"max_hp_gain":0,"max_hp_loss":0,"event_name":"Colosseum","floor":30,"gold_loss":0}],"is_beta":false,"boss_relics":[{"not_picked":["Philosopher\u0027s Stone","Cursed Key"],"picked":"Calling Bell"}],"items_purged_floors":[8,28],"is_endless":false,"potions_floor_spawned":[1,4,10,16,24,30],"killed_by":"Champ","ascension_level":0}}