{"host":"s41rn2jhghpwfrvz","time":1610111892,"event":{"mods":["BaseMod","Minty Spire (QoL Compilation)","Quick Restart","Relic Stats","SuperFastMode"],"gold_per_floor":[109,34,34,34,48,48,80,80,80,94,108,142,142,161,161,233,233,246,246,266,104,104,133,153,178,178,203,203,203],"floor_reached":28,"playtime":600,"items_purged":["Coolheaded"],"score":622,"play_id":"370d14c9-e340-43be-9bd3-046c9ed4775e","local_time":"20210108151812","daily_mods":["SealedDeck","Diverse","DeadlyEvents"],"is_ascension_mode":true,"campfire_choices":[{"data":"Skewer","floor":6,"key":"SMITH"},{"data":"Coolheaded","floor":8,"key":"SMITH"},{"data":"Prostrate","floor":15,"key":"SMITH"}],"circlet_count":0,"master_deck":["AscendersBane","Skewer+1","Coolheaded+1","Masterful Stab","Recycle","Turbo","FTL+1","Prostrate+1","Core Surge+1","Backflip"],"relics":["Burning Blood","Ornamental Fan","Gremlin Horn","Whetstone","Art of War","Runic Dome","Sling","InkBottle","Potion Belt","Pantograph","Mercury Hourglass"],"acts_visited":["Exordium","TheCity"],"potions_floor_usage":[],"damage_taken":[{"damage":1,"enemies":"2 Louse","floor":1,"turns":3},{"damage":0,"enemies":"Cultist","floor":5,"turns":3},{"damage":25,"enemies":"3 Sentries","floor":7,"turns":9},{"damage":0,"enemies":"Small Slimes","floor":10,"turns":1},{"damage":3,"enemies":"Looter","floor":11,"turns":2},{"damage":0,"enemies":"Gremlin Nob","floor":12,"turns":2},{"damage":0,"enemies":"Blue Slaver","floor":14,"turns":2},{"damage":4,"enemies":"The Guardian","floor":16,"turns":4},{"damage":0,"enemies":"Chosen","floor":18,"turns":2},{"damage":0,"enemies":"Spheric Guardian","floor":20,"turns":2},{"damage":23,"enemies":"Book of Stabbing","floor":23,"turns":4},{"damage":16,"enemies":"Snake Plant","floor":24,"turns":2},{"damage":21,"enemies":"Slavers","floor":25,"turns":3},{"damage":24,"enemies":"Book of Stabbing","floor":27,"turns":3},{"damage":17,"enemies":"Shelled Parasite and Fungi","floor":28,"turns":1}],"seed_played":"8468168212008893386","potions_obtained":[{"floor":7,"key":"AttackPotion"},{"floor":10,"key":"SkillPotion"},{"floor":12,"key":"Strength Potion"},{"floor":27,"key":"Swift Potion"}],"is_trial":true,"path_per_floor":["M","$","?","?","M","R","E","R","T","M","M","E","T","M","R","B",null,"M","?","M","$","$","E","M","E","T","E","M"],"character_chosen":"IRONCLAD","items_purchased":["Sling"],"campfire_rested":0,"item_purchase_floors":[21],"current_hp_per_floor":[73,73,66,66,72,72,53,53,53,59,62,68,68,74,74,75,75,75,75,75,75,75,58,48,33,33,15,0,0],"gold":203,"neow_bonus":"","is_daily":false,"chose_seed":false,"campfire_upgraded":3,"win_rate":0.0,"timestamp":1610111892,"path_taken":["M","$","?","?","M","R","E","R","T","M","M","?","?","?","R","BOSS","M","?","M","?","$","E","M","E","T","E","M"],"items_purchased_type":["Relic"],"build_version":"2020-12-22","purchased_purges":1,"victory":false,"max_hp_per_floor":[75,75,75,75,75,75,75,75,75,75,75,75,75,75,75,75,75,75,75,75,75,75,75,75,75,75,75,75,75],"relic_stats":{"Gremlin Horn":[3,3],"counters":[15,43],"Ornamental Fan":[72],"Pantograph":0,"Art of War":[0],"Whetstone":["Core Surge","FTL"],"obtain_stats":[{"Potion Belt":25,"Runic Dome":17,"Gremlin Horn":9,"Ornamental Fan":7,"Pantograph":26,"Art of War":13,"Whetstone":12,"Sling":21,"Burning Blood":0,"InkBottle":23,"Mercury Hourglass":27},{"Potion Belt":13,"Runic Dome":8,"Gremlin Horn":3,"Ornamental Fan":3,"Pantograph":13,"Art of War":6,"Whetstone":6,"Sling":10,"Burning Blood":0,"InkBottle":11,"Mercury Hourglass":14},{"Potion Belt":39,"Runic Dome":26,"Gremlin Horn":15,"Ornamental Fan":15,"Pantograph":39,"Art of War":20,"Whetstone":20,"Sling":30,"Burning Blood":0,"InkBottle":34,"Mercury Hourglass":42}],"Burning Blood":71,"InkBottle":[4],"Mercury Hourglass":[3]},"card_choices":[{"not_picked":["Deflect","PiercingWail","Rebound"],"picked":"SKIP","floor":1},{"not_picked":["Crescendo","Barrage","Double Energy"],"picked":"SKIP","floor":5},{"not_picked":["Shockwave","Ghostly Armor"],"picked":"Core Surge","floor":7},{"not_picked":["Streamline","Distraction","Cloak And Dagger"],"picked":"SKIP","floor":10},{"not_picked":["Warcry","Thunderclap","Anger"],"picked":"SKIP","floor":11},{"not_picked":["A Thousand Cuts","ForeignInfluence","Coolheaded"],"picked":"SKIP","floor":12},{"not_picked":["Quick Slash","Flame Barrier","Poisoned Stab"],"picked":"SKIP","floor":14},{"not_picked":["Well Laid Plans","Blade Dance","WindmillStrike"],"picked":"SKIP","floor":18},{"not_picked":["Coolheaded","Lockon","Cloak And Dagger+1"],"picked":"SKIP","floor":20},{"not_picked":["Conclude","Twin Strike","Clothesline"],"picked":"SKIP","floor":23},{"not_picked":["FlurryOfBlows","Turbo","Clash+1"],"picked":"SKIP","floor":24},{"not_picked":["SignatureMove","Deadly Poison","PiercingWail"],"picked":"SKIP","floor":25},{"not_picked":["Iron Wave","Poisoned Stab"],"picked":"Backflip","floor":27}],"player_experience":1675391,"relics_obtained":[{"floor":7,"key":"Ornamental Fan"},{"floor":9,"key":"Gremlin Horn"},{"floor":12,"key":"Whetstone"},{"floor":13,"key":"Art of War"},{"floor":23,"key":"InkBottle"},{"floor":25,"key":"Potion Belt"},{"floor":26,"key":"Pantograph"},{"floor":27,"key":"Mercury Hourglass"}],"event_choices":[{"cards_removed":["BootSequence"],"damage_healed":0,"gold_gain":0,"player_choice":"Card Removal","damage_taken":7,"max_hp_gain":0,"max_hp_loss":0,"event_name":"Golden Wing","floor":3,"gold_loss":0},{"cards_removed":["Protect"],"damage_healed":0,"gold_gain":0,"player_choice":"Purged","damage_taken":0,"max_hp_gain":0,"max_hp_loss":0,"event_name":"Purifier","floor":4,"gold_loss":0},{"damage_healed":0,"gold_gain":0,"player_choice":"Ignored","damage_taken":0,"max_hp_gain":0,"max_hp_loss":0,"event_name":"Ghosts","floor":19,"gold_loss":0}],"is_beta":false,"boss_relics":[{"not_picked":["Empty Cage","Sozu"],"picked":"Runic Dome"}],"items_purged_floors":[2],"is_endless":false,"potions_floor_spawned":[7,10,12,14,16,20,24,27],"killed_by":"Shelled Parasite and Fungi","ascension_level":20}}