{"host":"ji1fk25fd1ga4ji1","time":1610120259,"event":{"mods":["2.2 Compatiblity","BaseMod","Colored Map","DeckTracker","Minty Spire (QoL Compilation)","Permanent Neow","Quick Restart","StSLib","SuperFastMode"],"gold_per_floor":[113,113,128,155,174,174,206,206,252,264,291,321,365,393,405,521,533,473,398,398,398,398,398,259,259,259,259,259,259,259,134,134,134,134,134,134,134,134,134,134,134,134,134,134,134,134,134,134,134,134],"floor_reached":51,"playtime":937,"items_purged":["Strike_R","Strike_R","Strike_R"],"score":732,"play_id":"864378bd-cf72-46fb-905b-eb0456675349","local_time":"20210109003739","is_ascension_mode":false,"campfire_choices":[{"data":"Spot Weakness","floor":6.0,"key":"SMITH"},{"data":"Bash","floor":8.0,"key":"SMITH"},{"data":"Fiend Fire","floor":10.0,"key":"SMITH"},{"data":"Double Tap","floor":15.0,"key":"SMITH"},{"data":"Limit Break","floor":25.0,"key":"SMITH"},{"data":"Heavy Blade","floor":28.0,"key":"SMITH"},{"data":"Sword Boomerang","floor":30.0,"key":"SMITH"},{"data":"Battle Trance","floor":32.0,"key":"SMITH"},{"floor":40.0,"key":"REST"},{"floor":44.0,"key":"REST"},{"floor":46,"key":"REST"},{"floor":49,"key":"REST"}],"circlet_count":0,"master_deck":["Defend_R","Defend_R","Defend_R","Bash+1","Fiend Fire+1","Evolve","Spot Weakness+1","Heavy Blade+1","Cleave","Double Tap+1","Limit Break+1","Battle Trance+1","Twin Strike","Sword Boomerang+1","Spot Weakness","Offering","Combust","Heavy Blade+1","Limit Break"],"relics":["Burning Blood","Red Skull","MawBank","Centennial Puzzle","Ectoplasm","Question Card","Bottled Tornado","Lantern","Black Star","Calipers","Strawberry","Charon\u0027s Ashes","MealTicket"],"acts_visited":["Exordium","TheCity","TheBeyond"],"potions_floor_usage":[50,50],"damage_taken":[{"damage":1.0,"enemies":"Jaw Worm","floor":1.0,"turns":3.0},{"damage":1.0,"enemies":"Cultist","floor":3.0,"turns":3.0},{"damage":4.0,"enemies":"Small Slimes","floor":5.0,"turns":4.0},{"damage":34.0,"enemies":"Gremlin Nob","floor":7.0,"turns":4.0},{"damage":7.0,"enemies":"3 Louse","floor":11.0,"turns":4.0},{"damage":14.0,"enemies":"2 Fungi Beasts","floor":12.0,"turns":4.0},{"damage":13.0,"enemies":"3 Sentries","floor":13.0,"turns":6.0},{"damage":0.0,"enemies":"Gremlin Gang","floor":14.0,"turns":4.0},{"damage":32.0,"enemies":"The Guardian","floor":16.0,"turns":9.0},{"damage":21.0,"enemies":"2 Thieves","floor":18.0,"turns":4.0},{"damage":13.0,"enemies":"3 Byrds","floor":20.0,"turns":5.0},{"damage":7.0,"enemies":"Book of Stabbing","floor":23.0,"turns":2.0},{"damage":21.0,"enemies":"Snake Plant","floor":27.0,"turns":3.0},{"damage":20.0,"enemies":"Collector","floor":33.0,"turns":4.0},{"damage":11.0,"enemies":"Orb Walker","floor":35.0,"turns":2.0},{"damage":36.0,"enemies":"2 Orb Walkers","floor":36.0,"turns":2.0},{"damage":21.0,"enemies":"3 Shapes","floor":38.0,"turns":3.0},{"damage":8.0,"enemies":"Maw","floor":39.0,"turns":3.0},{"damage":23.0,"enemies":"Sphere and 2 Shapes","floor":41.0,"turns":3.0},{"damage":11.0,"enemies":"4 Shapes","floor":42.0,"turns":6.0},{"damage":32,"enemies":"Giant Head","floor":45,"turns":3},{"damage":27,"enemies":"Writhing Mass","floor":47,"turns":2},{"damage":0,"enemies":"3 Darklings","floor":48,"turns":2},{"damage":61,"enemies":"Awakened One","floor":50,"turns":5}],"seed_played":"1906110481171435949","potions_obtained":[{"floor":1.0,"key":"SpeedPotion"},{"floor":7.0,"key":"FearPotion"},{"floor":12.0,"key":"BlessingOfTheForge"},{"floor":13.0,"key":"EssenceOfSteel"},{"floor":23.0,"key":"AttackPotion"},{"floor":33.0,"key":"Explosive Potion"},{"floor":35.0,"key":"DuplicationPotion"},{"floor":36.0,"key":"ElixirPotion"},{"floor":45,"key":"LiquidMemories"}],"is_trial":false,"path_per_floor":["M","?","M","T","M","R","E","R","T","R","M","M","E","M","R","B",null,"M","$","M","?","?","E","$","R","T","M","R","?","R","$","R","B",null,"M","?","?","M","M","R","M","M","T","R","E","R","M","M","R","B",null],"character_chosen":"IRONCLAD","items_purchased":["Spot Weakness"],"campfire_rested":4,"item_purchase_floors":[24],"current_hp_per_floor":[80,80,80,80,80,80,52,52,52,52,51,43,36,42,42,16,80,65,65,58,58,58,57,57,57,57,42,42,42,42,42,42,28,80,75,45,45,30,28,52,35,30,37,63,37,63,42,48,74,19],"gold":134,"neow_bonus":"ONE_RANDOM_RARE_CARD","is_daily":false,"chose_seed":false,"campfire_upgraded":8,"win_rate":0.0,"timestamp":1610120259,"path_taken":["M","?","M","?","M","R","E","R","T","R","?","M","E","M","R","BOSS","M","$","M","?","?","E","$","R","T","M","R","?","R","$","R","BOSS","M","?","?","M","?","R","M","M","T","R","E","R","M","?","R","BOSS"],"items_purchased_type":["Card"],"build_version":"2020-12-22","purchased_purges":3,"victory":true,"max_hp_per_floor":[80,80,80,80,80,80,80,80,80,80,80,80,80,80,80,80,80,80,80,80,80,80,80,80,80,80,80,80,80,80,80,80,80,80,80,80,80,80,80,80,80,80,87,87,87,87,87,87,87,87],"card_choices":[{"not_picked":["Dual Wield","Clothesline"],"picked":"Evolve","floor":1.0},{"not_picked":["Armaments","Sentinel"],"picked":"Spot Weakness","floor":3.0},{"not_picked":["Dual Wield","Clash","Perfected Strike"],"picked":"SKIP","floor":5.0},{"not_picked":["Rage","Clash","True Grit"],"picked":"SKIP","floor":7.0},{"not_picked":["Dual Wield","Reckless Charge","Intimidate"],"picked":"SKIP","floor":11.0},{"not_picked":["Rampage","Havoc"],"picked":"Heavy Blade","floor":12.0},{"not_picked":["Flex","Combust"],"picked":"Cleave","floor":13.0},{"not_picked":["Anger","Body Slam"],"picked":"Double Tap","floor":14.0},{"not_picked":["Fiend Fire","Exhume"],"picked":"Limit Break","floor":16.0},{"not_picked":["Wild Strike","Clash","Pummel"],"picked":"SKIP","floor":18.0},{"not_picked":["Hemokinesis+1","Sever Soul","Cleave"],"picked":"SKIP","floor":20.0},{"not_picked":["Thunderclap","Entrench+1"],"picked":"Sword Boomerang","floor":23.0},{"not_picked":["Havoc","Evolve","Double Tap","Reckless Charge"],"picked":"SKIP","floor":27.0},{"not_picked":["Immolate","Exhume","Bludgeon"],"picked":"Offering","floor":33.0},{"not_picked":["Anger+1","Flex","Metallicize+1","Heavy Blade"],"picked":"SKIP","floor":35.0},{"not_picked":["True Grit+1","Wild Strike","Pummel+1","Bloodletting+1"],"picked":"SKIP","floor":38.0},{"not_picked":["True Grit","Double Tap","Burning Pact","Anger"],"picked":"SKIP","floor":39.0},{"not_picked":["Reckless Charge","True Grit+1","Headbutt+1","Pommel Strike+1"],"picked":"SKIP","floor":41.0},{"not_picked":["Havoc","Armaments","Headbutt"],"picked":"Heavy Blade+1","floor":42.0},{"not_picked":["Twin Strike","Havoc","Heavy Blade+1","Flex+1"],"picked":"SKIP","floor":45},{"not_picked":["Pummel","Metallicize","Heavy Blade+1","Pommel Strike"],"picked":"SKIP","floor":47},{"not_picked":["Clothesline","Shrug It Off+1","Havoc"],"picked":"Limit Break","floor":48}],"player_experience":466404,"relics_obtained":[{"floor":7.0,"key":"Red Skull"},{"floor":9.0,"key":"MawBank"},{"floor":13.0,"key":"Centennial Puzzle"},{"floor":23.0,"key":"Question Card"},{"floor":26.0,"key":"Bottled Tornado"},{"floor":36.0,"key":"Calipers"},{"floor":43.0,"key":"Strawberry"},{"floor":45,"key":"Charon\u0027s Ashes"},{"floor":45,"key":"MealTicket"}],"event_choices":[{"damage_healed":0.0,"max_hp_gain":0.0,"max_hp_loss":0.0,"gold_gain":0.0,"event_name":"Liars Game","player_choice":"Ignored","floor":2.0,"gold_loss":0.0,"damage_taken":0.0},{"damage_healed":0.0,"max_hp_gain":0.0,"max_hp_loss":0.0,"gold_gain":0.0,"cards_transformed":["Strike_R","Defend_R"],"event_name":"Drug Dealer","player_choice":"Became Test Subject","floor":21.0,"gold_loss":0.0,"damage_taken":0.0,"cards_obtained":["Battle Trance","Twin Strike"]},{"damage_healed":0.0,"max_hp_gain":0.0,"max_hp_loss":0.0,"gold_gain":99.0,"event_name":"Nest","player_choice":"Stole From Cult","floor":22.0,"gold_loss":0.0,"damage_taken":0.0},{"damage_healed":0.0,"max_hp_gain":0.0,"max_hp_loss":0.0,"gold_gain":0.0,"event_name":"The Mausoleum","player_choice":"Opened","floor":29.0,"gold_loss":0.0,"damage_taken":0.0,"relics_obtained":["Lantern"]},{"damage_healed":0.0,"max_hp_gain":0.0,"max_hp_loss":0.0,"gold_gain":0.0,"event_name":"Mysterious Sphere","player_choice":"Fight","floor":36.0,"gold_loss":0.0,"damage_taken":0.0},{"damage_healed":0.0,"max_hp_gain":0.0,"max_hp_loss":0.0,"gold_gain":0.0,"cards_transformed":["Strike_R"],"event_name":"Transmorgrifier","player_choice":"Transformed","floor":37.0,"gold_loss":0.0,"damage_taken":0.0,"cards_obtained":["Combust"]}],"is_beta":false,"boss_relics":[{"not_picked":["Busted Crown","Coffee Dripper"],"picked":"Ectoplasm"},{"not_picked":["Runic Cube","Snecko Eye"],"picked":"Black Star"}],"items_purged_floors":[19,24,31],"is_endless":false,"potions_floor_spawned":[1,7,12,13,23,33,35,36,41,45,48],"ascension_level":0}}