{"host":"h5golg54dem4i27y","time":1610088695,"event":{"mods":["BaseMod","Colored Map","Colored Powertips","Minty Spire (QoL Compilation)","Replay The Spire","StSLib","SuperFastMode","The Hierophant"],"gold_per_floor":[114,114,114,133,133,133,165,185,185,200,230,2,19,19,19,116,116,130,43,62,62,162,162,173,173,173,184,3,19,118,118,118,215,215,233,248,248,20,31,31,65,99,99,162,142,142,173,173,173,207,207],"floor_reached":50,"playtime":4161,"items_purged":["Strike_G","Strike_G","Strike_G+1"],"score":906,"play_id":"105204ae-e3db-4344-be13-cee22643d061","local_time":"20210108155135","is_ascension_mode":true,"campfire_choices":[{"floor":6.0,"key":"REST"},{"data":"Calculated Gamble","floor":15.0,"key":"SMITH"},{"data":"Storm of Steel","floor":23.0,"key":"SMITH"},{"data":"Ghostly","floor":25.0,"key":"SMITH"},{"data":"Strike_G","floor":32.0,"key":"PURGE"},{"floor":40.0,"key":"REST"},{"floor":46.0,"key":"REST"},{"floor":49.0,"key":"REST"}],"circlet_count":0,"master_deck":["AscendersBane","Defend_G+1","Defend_G","Defend_G","Defend_G","Survivor","Neutralize","Flechettes+1","Blade Dance","Acrobatics","Backstab","Backflip","Calculated Gamble+1","Backflip","Underhanded Strike","Footwork","Storm of Steel+1","Well Laid Plans","Flash of Steel","Ghostly+1","Ghostly","Ghostly","Ghostly","Ghostly","Reflex","Terror","Ghostly+1","Night Terror","Acrobatics"],"relics":["Ring of the Snake","NeowsBlessing","InkBottle","Replay:Ringing Soul","Replay:Mystery Machine","Question Card","WristBlade","Darkstone Periapt","Fusion Hammer","Replay:Bandana","The Courier","Golden Egg","ReplayTheSpireMod:Ring of Collecting"],"acts_visited":["Exordium","TheCity","TheBeyond"],"potions_floor_usage":[50],"damage_taken":[{"damage":0.0,"enemies":"2 Louse","floor":1.0,"turns":1.0},{"damage":0.0,"enemies":"Jaw Worm","floor":4.0,"turns":1.0},{"damage":0.0,"enemies":"3 Sentries","floor":7.0,"turns":2.0},{"damage":0.0,"enemies":"Small Slimes","floor":8.0,"turns":2.0},{"damage":0.0,"enemies":"Gremlin Gang","floor":10.0,"turns":4.0},{"damage":8.0,"enemies":"Gremlin Nob","floor":11.0,"turns":3.0},{"damage":0.0,"enemies":"2 Fungi Beasts","floor":13.0,"turns":4.0},{"damage":45.0,"enemies":"Hexaghost","floor":16.0,"turns":12.0},{"damage":0.0,"enemies":"3 Byrds","floor":18.0,"turns":3.0},{"damage":12.0,"enemies":"2 Thieves","floor":20.0,"turns":3.0},{"damage":1.0,"enemies":"Snecko","floor":24.0,"turns":5.0},{"damage":5.0,"enemies":"Centurion and Healer","floor":27.0,"turns":3.0},{"damage":3.0,"enemies":"Snake Plant","floor":29.0,"turns":4.0},{"damage":2.0,"enemies":"Champ","floor":33.0,"turns":10.0},{"damage":1.0,"enemies":"Orb Walker","floor":35.0,"turns":3.0},{"damage":0.0,"enemies":"3 Darklings","floor":36.0,"turns":6.0},{"damage":3.0,"enemies":"Jaw Worm Horde","floor":39.0,"turns":4.0},{"damage":2.0,"enemies":"Giant Head","floor":41.0,"turns":9.0},{"damage":0.0,"enemies":"Sphere and 2 Shapes","floor":42.0,"turns":4.0},{"damage":8.0,"enemies":"Reptomancer","floor":44.0,"turns":3.0},{"damage":0.0,"enemies":"Maw","floor":47.0,"turns":8.0},{"damage":120,"enemies":"Replay:Hell Engine","floor":50,"turns":11}],"seed_played":"3809142462102560855","potions_obtained":[{"floor":4.0,"key":"Adrenaline Potion"},{"floor":7.0,"key":"Milkshake"},{"floor":10.0,"key":"Venom Potion"},{"floor":13.0,"key":"AttackPotion"},{"floor":16.0,"key":"Adrenaline Potion"},{"floor":18.0,"key":"BlessingOfTheForge"},{"floor":33.0,"key":"Ancient Potion"},{"floor":39.0,"key":"AttackPotion"},{"floor":45.0,"key":"LiquidBronze"}],"is_trial":false,"path_per_floor":["M","?","?","M","?","R","E","M","T","M","E","$","M","?","R","B",null,"M","$","M","?","?","R","M","R","T","M","$","M","?","?","R_BF","B",null,"M","M","?","$","M","R","E","M","T","E","?","R","M","?","R","B"],"character_chosen":"THE_SILENT","items_purchased":["Backflip","Underhanded Strike","Footwork","Flash of Steel","Terror","Acrobatics","Fire Potion"],"campfire_rested":4,"item_purchase_floors":[12,12,12,19,28,38,38],"current_hp_per_floor":[63,49,49,49,24,45,48,51,51,54,49,52,52,52,52,10,69,72,75,63,50,50,50,49,49,49,47,50,47,47,50,50,51,59,58,58,58,61,58,65,63,63,63,55,55,65,65,65,65,0,0],"gold":207,"neow_bonus":"THREE_ENEMY_KILL","is_daily":false,"chose_seed":false,"campfire_upgraded":3,"win_rate":0.0,"timestamp":1610088695,"path_taken":["M","?","?","?","?","R","E","M","T","M","E","$","M","?","R","BOSS","M","$","?","?","?","R","M","R","T","?","$","M","?","?","R_BF","BOSS","M","M","?","$","M","R","E","M","T","E","?","R","?","?","R","BOSS"],"items_purchased_type":["Card","Card","Card","Card","Card","Card","Potion"],"build_version":"2020-12-22","purchased_purges":3,"victory":false,"max_hp_per_floor":[70,70,70,70,70,70,73,76,76,79,82,85,85,85,85,88,88,91,94,94,50,50,50,50,50,50,53,56,56,56,59,59,62,62,62,62,62,65,65,65,65,65,65,65,65,65,65,65,65,65,65],"card_choices":[{"not_picked":["Poisoned Stab","Footwork","Concentrate"],"picked":"SKIP","floor":1.0},{"not_picked":["Flying Knee","Sucker Punch"],"picked":"Blade Dance","floor":4.0},{"not_picked":["Reflex","Dagger Throw"],"picked":"Acrobatics","floor":7.0},{"not_picked":["Slice","Underhanded Strike"],"picked":"Backstab","floor":8.0},{"not_picked":["Expertise","Flying Knee"],"picked":"Backflip","floor":10.0},{"not_picked":["Bouncing Flask","Predator"],"picked":"Calculated Gamble","floor":11.0},{"not_picked":["ReplayTheSpireMod:Exploit Weakness","Poisoned Stab","Atom Bomb","Deflect"],"picked":"SKIP","floor":13.0},{"not_picked":["A Thousand Cuts","Die Die Die","Replay:Bag of Tricks"],"picked":"Storm of Steel","floor":16.0},{"not_picked":["Backflip","Deadly Poison+1","Quick Slash"],"picked":"Well Laid Plans","floor":18.0},{"not_picked":["ReplayTheSpireMod:The Works","Acrobatics","Quick Slash","Riddle With Holes"],"picked":"SKIP","floor":20.0},{"not_picked":["Deadly Poison","Sucker Punch","Backflip","Poisoned Stab"],"picked":"SKIP","floor":24.0},{"not_picked":["Storm of Steel","Flechettes","Crippling Poison+1"],"picked":"Reflex","floor":27.0},{"not_picked":["Heel Hook","PiercingWail","Underhanded Strike","Concentrate+1"],"picked":"SKIP","floor":29.0},{"not_picked":["Doppelganger","Replay:Bag of Tricks","Glass Knife"],"picked":"Night Terror","floor":33.0},{"not_picked":["Footwork","Outmaneuver","Distraction","Underhanded Strike+1"],"picked":"SKIP","floor":35.0},{"not_picked":["Crippling Poison","PiercingWail+1","Caltrops","Dagger Throw"],"picked":"SKIP","floor":36.0},{"not_picked":["Crippling Poison","Hidden Blade","Terror+1","Distraction"],"picked":"SKIP","floor":39.0},{"not_picked":["Riddle With Holes","Underhanded Strike+1","Cloak And Dagger","Terror"],"picked":"SKIP","floor":41.0},{"not_picked":["Predator","Underhanded Strike+1","Dodge and Roll","Die Die Die"],"picked":"SKIP","floor":42.0},{"not_picked":["Masterful Stab","Underhanded Strike","All Out Attack","Slice+1"],"picked":"SKIP","floor":44.0},{"not_picked":["Acrobatics","Slice","PiercingWail","Quick Slash+1"],"picked":"SKIP","floor":47.0}],"player_experience":640884,"relics_obtained":[{"floor":7.0,"key":"Replay:Ringing Soul"},{"floor":9.0,"key":"Replay:Mystery Machine"},{"floor":11.0,"key":"Question Card"},{"floor":26.0,"key":"Darkstone Periapt"},{"floor":41.0,"key":"Replay:Bandana"},{"floor":43.0,"key":"The Courier"},{"floor":44.0,"key":"Golden Egg"},{"floor":48.0,"key":"ReplayTheSpireMod:Ring of Collecting"}],"event_choices":[{"damage_healed":0.0,"max_hp_gain":0.0,"max_hp_loss":0.0,"gold_gain":0.0,"event_name":"Shining Light","player_choice":"Entered Light","floor":2.0,"gold_loss":0.0,"damage_taken":14.0,"cards_upgraded":["Defend_G","Strike_G"]},{"damage_healed":0.0,"max_hp_gain":0.0,"max_hp_loss":0.0,"gold_gain":0.0,"event_name":"Scrap Ooze","player_choice":"Success","floor":5.0,"gold_loss":0.0,"damage_taken":25.0,"relics_obtained":["InkBottle"]},{"cards_removed":["Defend_G"],"damage_healed":0.0,"max_hp_gain":0.0,"max_hp_loss":0.0,"gold_gain":0.0,"event_name":"Wheel of Change","player_choice":"Card Removal","floor":14.0,"gold_loss":0.0,"damage_taken":0.0},{"damage_healed":0.0,"max_hp_gain":0.0,"max_hp_loss":47.0,"gold_gain":0.0,"event_name":"Ghosts","player_choice":"Became a Ghost","floor":21.0,"gold_loss":0.0,"damage_taken":0.0,"cards_obtained":["Ghostly","Ghostly","Ghostly","Ghostly","Ghostly"]},{"damage_healed":0.0,"max_hp_gain":0.0,"max_hp_loss":0.0,"gold_gain":100.0,"event_name":"Golden Shrine","player_choice":"Pray","floor":22.0,"gold_loss":0.0,"damage_taken":0.0},{"damage_healed":0.0,"max_hp_gain":0.0,"max_hp_loss":0.0,"gold_gain":99.0,"event_name":"Nest","player_choice":"Stole From Cult","floor":30.0,"gold_loss":0.0,"damage_taken":0.0},{"damage_healed":0.0,"max_hp_gain":0.0,"max_hp_loss":0.0,"gold_gain":0.0,"event_name":"Duplicator","player_choice":"Copied","floor":31.0,"gold_loss":0.0,"damage_taken":0.0,"cards_obtained":["Ghostly"]},{"damage_healed":0.0,"max_hp_gain":0.0,"max_hp_loss":0.0,"gold_gain":0.0,"event_name":"Tomb of Lord Red Mask","player_choice":"Ignored","floor":37.0,"gold_loss":0.0,"damage_taken":0.0},{"damage_healed":0.0,"max_hp_gain":0.0,"max_hp_loss":0.0,"gold_gain":0.0,"event_name":"The Woman in Blue","player_choice":"Bought 1 Potion","floor":45.0,"gold_loss":0.0,"damage_taken":0.0}],"is_beta":false,"boss_relics":[{"not_picked":["Busted Crown","Snecko Scales"],"picked":"WristBlade"},{"not_picked":["ChewingGum","Runic Dome"],"picked":"Fusion Hammer"}],"items_purged_floors":[12,28,38],"is_endless":false,"potions_floor_spawned":[4,7,10,13,16,18,33,39,42],"killed_by":"Replay:Hell Engine","ascension_level":12}}