{"host":"w3q5ijqu8eoknil3","time":1610076281,"event":{"mods":["AchievementEnabler","BaseMod","Block Reminder","Colored Powertips","Curses Come First","Minty Spire (QoL Compilation)","Quick Restart","Relic Stats","StSLib","ojb\u0027s Better Paths Mod","ojb\u0027s Info Mod","slay the spire mod where everything is the same but ironclad has a cowboy hat"],"gold_per_floor":[118,142,142,153,173,173,187,187,187,214,179,214,225,0,0,0,0],"floor_reached":16,"playtime":516,"items_purged":[],"score":204,"play_id":"6342f572-d635-4d2b-877f-c6709315bd35","local_time":"20210108032441","is_ascension_mode":true,"campfire_choices":[{"data":"Cloak And Dagger","floor":6,"key":"SMITH"},{"data":"Predator","floor":8,"key":"SMITH"},{"floor":15,"key":"REST"}],"circlet_count":0,"master_deck":["AscendersBane","Strike_G","Strike_G","Strike_G","Strike_G","Defend_G","Defend_G","Defend_G","Defend_G","Defend_G","Survivor","Neutralize","PiercingWail","Predator+1","Cloak And Dagger+1","All Out Attack","Endless Agony","Noxious Fumes","Outmaneuver"],"relics":["WristBlade","Juzu Bracelet","Girya","HornCleat","Gremlin Horn","Lantern"],"acts_visited":["Exordium"],"potions_floor_usage":[10,12,13],"damage_taken":[{"damage":6,"enemies":"Cultist","floor":1,"turns":4},{"damage":13,"enemies":"Jaw Worm","floor":4,"turns":8},{"damage":1,"enemies":"Small Slimes","floor":5,"turns":4},{"damage":11,"enemies":"Looter","floor":7,"turns":3},{"damage":17,"enemies":"Gremlin Nob","floor":10,"turns":4},{"damage":21,"enemies":"Lagavulin","floor":12,"turns":6},{"damage":0,"enemies":"Exordium Thugs","floor":13,"turns":3},{"damage":27,"enemies":"The Guardian","floor":16,"turns":12}],"seed_played":"1891419681498045588","potions_obtained":[{"floor":4,"key":"Swift Potion"},{"floor":10,"key":"Poison Potion"},{"floor":12,"key":"ColorlessPotion"}],"is_trial":false,"path_per_floor":["M","T","?","M","M","R","M","R","T","E","?","E","M","$","R","B"],"character_chosen":"THE_SILENT","items_purchased":["Lantern","Outmaneuver"],"campfire_rested":1,"item_purchase_floors":[14,14],"current_hp_per_floor":[53,53,53,40,39,39,28,28,28,11,27,6,6,6,25,0,0],"gold":0,"neow_bonus":"BOSS_RELIC","is_daily":false,"chose_seed":false,"campfire_upgraded":2,"win_rate":0.0,"timestamp":1610076281,"path_taken":["M","?","?","M","M","R","M","R","T","E","?","E","M","$","R","BOSS"],"items_purchased_type":["Relic","Card"],"build_version":"2020-12-22","purchased_purges":0,"victory":false,"max_hp_per_floor":[66,66,66,66,66,66,66,66,66,66,66,66,66,66,66,66,66],"relic_stats":{"Gremlin Horn":[1,1],"counters":[8,44],"Juzu Bracelet":2,"obtain_stats":[{"Girya":9,"Lantern":14,"HornCleat":10,"WristBlade":0,"Gremlin Horn":12,"Juzu Bracelet":2,"Ring of the Snake":0},{"Girya":4,"Lantern":7,"HornCleat":5,"WristBlade":0,"Gremlin Horn":6,"Juzu Bracelet":1,"Ring of the Snake":0},{"Girya":19,"Lantern":32,"HornCleat":23,"WristBlade":0,"Gremlin Horn":29,"Juzu Bracelet":4,"Ring of the Snake":0}]},"card_choices":[{"not_picked":["Underhanded Strike","Sucker Punch"],"picked":"PiercingWail","floor":1},{"not_picked":["Well Laid Plans","PiercingWail"],"picked":"Predator","floor":4},{"not_picked":["Backflip","Masterful Stab"],"picked":"Cloak And Dagger","floor":5},{"not_picked":["Sucker Punch","Heel Hook","Escape Plan"],"picked":"SKIP","floor":7},{"not_picked":["Reflex","PiercingWail"],"picked":"All Out Attack","floor":10},{"not_picked":["Backflip","Sucker Punch"],"picked":"Endless Agony","floor":12},{"not_picked":["Deflect","Deadly Poison"],"picked":"Noxious Fumes","floor":13}],"player_experience":956417,"relics_obtained":[{"floor":2,"key":"Juzu Bracelet"},{"floor":9,"key":"Girya"},{"floor":10,"key":"HornCleat"},{"floor":12,"key":"Gremlin Horn"}],"event_choices":[{"cards_removed":["Strike_G"],"damage_healed":0,"gold_gain":0,"player_choice":"Purged","damage_taken":0,"max_hp_gain":0,"max_hp_loss":0,"event_name":"Purifier","floor":3,"gold_loss":0},{"damage_healed":16,"gold_gain":0,"player_choice":"Healed","damage_taken":0,"max_hp_gain":0,"max_hp_loss":0,"event_name":"The Cleric","floor":11,"gold_loss":35}],"is_beta":false,"boss_relics":[],"items_purged_floors":[],"is_endless":false,"potions_floor_spawned":[4,10,12],"killed_by":"The Guardian","ascension_level":17}}