{"host":"w5ovz9boloi14a0g","time":1610087015,"event":{"mods":["BaseMod","Downfall","Googly Eyes","Minty Spire (QoL Compilation)","StSLib","SuperFastMode"],"gold_per_floor":[99,119,119,37,52,52,52,87,103,103,123,187,187,205,218,322,322,322,349,369,387,412,444,444,458,458,458,458,458],"floor_reached":27,"playtime":1052,"items_purged":[],"score":235,"play_id":"54f85c48-1f75-48ec-9812-d7e926a36888","local_time":"20210108002335","is_ascension_mode":false,"campfire_choices":[{"data":"hexamod:Defend","floor":1,"key":"SMITH"},{"data":"hexamod:BurningTouch","floor":6,"key":"SMITH"},{"data":"hexamod:SpectersWail","floor":10,"key":"SMITH"},{"data":"hexamod:InspiringFlames","floor":13,"key":"SMITH"},{"data":"hexamod:Defend","floor":18,"key":"SMITH"},{"floor":26,"key":"REST"}],"circlet_count":0,"master_deck":["hexamod:Strike","hexamod:Strike+1","hexamod:Strike","hexamod:Defend+1","hexamod:Defend+1","hexamod:Defend","hexamod:Defend","hexamod:Sear+1","hexamod:Float","hexamod:PhantomFireball","hexamod:BurningTouch+1","hexamod:ExtraCrispy","hexamod:SpectersWail+1","hexamod:InspiringFlames+1","hexamod:Incineration","hexamod:EmpoweredFlame","hexamod:SixthSeal","hexamod:FlamesFromBeyond"],"relics":["hexamod:SpiritBrand","Vajra","Pen Nib","CeramicFish","Busted Crown","Dream Catcher","Singing Bowl"],"acts_visited":["Exordium","TheCity"],"potions_floor_usage":[],"damage_taken":[{"damage":0,"enemies":"Cultist","floor":2,"turns":3},{"damage":0,"enemies":"downfall:FleeingMerchant","floor":4,"turns":4},{"damage":0,"enemies":"2 Louse","floor":5,"turns":3},{"damage":4,"enemies":"Gremlin Nob","floor":8,"turns":3},{"damage":0,"enemies":"Small Slimes","floor":9,"turns":3},{"damage":3,"enemies":"Large Slime","floor":11,"turns":5},{"damage":13,"enemies":"3 Sentries","floor":12,"turns":8},{"damage":11,"enemies":"Gremlin Gang","floor":14,"turns":4},{"damage":0,"enemies":"Exordium Wildlife","floor":15,"turns":4},{"damage":34,"enemies":"downfall:Silent","floor":16,"turns":9},{"damage":17,"enemies":"Spheric Guardian","floor":19,"turns":6},{"damage":0,"enemies":"Shell Parasite","floor":20,"turns":3},{"damage":8,"enemies":"Sentry and Sphere","floor":22,"turns":5},{"damage":29,"enemies":"Gremlin Leader","floor":23,"turns":7},{"damage":14,"enemies":"Snecko","floor":25,"turns":5},{"damage":31,"enemies":"Snake Plant","floor":27,"turns":2}],"seed_played":"3746480013423340370","potions_obtained":[{"floor":5,"key":"Ancient Potion"},{"floor":12,"key":"Fire Potion"},{"floor":15,"key":"EssenceOfSteel"}],"is_trial":false,"path_per_floor":["R","M","?","$","M","R","T","E","M","R","M","?","R","M","M","B",null,"R","M","M","?","M","E","T","M","R","M"],"character_chosen":"THE_SPIRIT","items_purchased":["hexamod:ExtraCrispy"],"campfire_rested":1,"item_purchase_floors":[4],"current_hp_per_floor":[70,70,70,70,70,70,70,66,66,66,63,50,50,39,39,5,70,70,53,53,53,45,16,16,4,27,0,0,0],"gold":458,"neow_bonus":"UPGRADE_CARD","is_daily":false,"chose_seed":false,"campfire_upgraded":5,"win_rate":0.0,"timestamp":1610087015,"path_taken":["R","M","?","?","M","R","T","E","M","R","M","?","R","M","M","BOSS","R","M","M","?","M","E","T","M","R","?"],"items_purchased_type":["Card"],"build_version":"2020-12-22","purchased_purges":0,"victory":false,"max_hp_per_floor":[70,70,70,70,70,70,70,70,70,70,70,70,70,70,70,70,70,70,70,70,70,70,70,70,72,74,74,74,74],"card_choices":[{"not_picked":["hexamod:AdvancingGuard","hexamod:NecessarySacrifice"],"picked":"hexamod:PhantomFireball","floor":2},{"not_picked":["hexamod:BacktrackSmack","hexamod:HauntingEcho"],"picked":"hexamod:BurningTouch","floor":4},{"not_picked":["hexamod:FastForward","hexamod:BurningTouch"],"picked":"hexamod:SpectersWail","floor":5},{"not_picked":["hexamod:Firestarter","hexamod:CatchUp","hexamod:FirstSeal"],"picked":"SKIP","floor":8},{"not_picked":["hexamod:HeatShield","hexamod:ShieldOfDarkness","hexamod:EtherealExpedition"],"picked":"SKIP","floor":9},{"not_picked":["hexamod:RecurringNightmare","hexamod:BurningTouch","hexamod:GhostflameInferno"],"picked":"SKIP","floor":11},{"not_picked":["hexamod:NightmareStrike","hexamod:FastForward"],"picked":"hexamod:InspiringFlames","floor":12},{"not_picked":["hexamod:ChargedBarrage","hexamod:BurningTouch","hexamod:Rewind"],"picked":"SKIP","floor":14},{"not_picked":["hexamod:InspiringFlames","hexamod:PhantomCloak","hexamod:FastForward"],"picked":"SKIP","floor":15},{"not_picked":[],"picked":"hexamod:Incineration","floor":19},{"not_picked":["hexamod:Haunt"],"picked":"SKIP","floor":20},{"not_picked":[],"picked":"hexamod:FlamesFromBeyond","floor":22},{"not_picked":["hexamod:Firestarter+1"],"picked":"SKIP","floor":23},{"not_picked":["hexamod:PowerFromBeyond"],"picked":"Singing Bowl","floor":25},{"not_picked":["hexamod:RainOfEmbers"],"picked":"Singing Bowl","floor":26}],"player_experience":76338,"relics_obtained":[{"floor":7,"key":"Vajra"},{"floor":8,"key":"Pen Nib"},{"floor":12,"key":"CeramicFish"},{"floor":23,"key":"Dream Catcher"},{"floor":24,"key":"Singing Bowl"}],"event_choices":[{"cards_removed":["hexamod:Strike"],"damage_healed":0,"gold_gain":0,"player_choice":"Offered Basic","damage_taken":0,"max_hp_gain":0,"max_hp_loss":0,"event_name":"Bonfire Elementals","floor":3,"gold_loss":0}],"is_beta":false,"boss_relics":[{"not_picked":["Tiny House","SacredBark"],"picked":"Busted Crown"}],"items_purged_floors":[],"is_endless":false,"potions_floor_spawned":[5,12,15,16,23],"killed_by":"Snake Plant","ascension_level":0}}