{"host":"dn6kke80v5f7isus","time":1610089292,"event":{"mods":["AchievementEnabler","Act Like it!","BaseMod","Colored Powertips","Custom Start","Defuse TimeMaze Blight","Downfall","Duelist Mod","Gremlin Skip","Highlight Path","Hubris","Infinite Spire","Minty Spire (QoL Compilation)","Rare Cards Sparkle","Replay The Spire","StSLib","Uncapped"],"gold_per_floor":[137,217,217,227,227,257,84,118,142,170,182,202,62,72,72,176,176,176,176],"floor_reached":18,"playtime":1148,"items_purged":["theDuelist:CastleWalls","theDuelist:CastleWalls"],"score":232,"play_id":"de3f6f64-7d48-49ab-acbd-9bfe5059ea98","local_time":"20210108020132","is_ascension_mode":true,"campfire_choices":[{"floor":15,"key":"REST"}],"circlet_count":0,"master_deck":["theDuelist:Biofalcon+1","theDuelist:DarkSparks+1","theDuelist:GreenGadget+1","theDuelist:Deskbot004+1","theDuelist:Deskbot004+1","theDuelist:Deskbot005+1","theDuelist:Deskbot005","theDuelist:PortableBatteryPack","theDuelist:YellowGadget","theDuelist:TurretWarrior"],"relics":["theDuelist:MillenniumPuzzle","theDuelist:CardPoolRelic","theDuelist:CardPoolBasicRelic","theDuelist:BoosterPackPoolRelic","theDuelist:CardPoolAddRelic","theDuelist:CardPoolMinusRelic","theDuelist:CardPoolSaveRelic","theDuelist:CardPoolOptionsRelic","theDuelist:NamelessPowerRelicB","theDuelist:DuelistTeaSet","hubris:Reverence","Dream Catcher","Bag of Marbles","hubris:HollowSoul"],"acts_visited":["Exordium","TheCity"],"potions_floor_usage":[6,6,7,12,12,16],"damage_taken":[{"damage":11.0,"enemies":"Cultist","floor":1.0,"turns":4.0},{"damage":0,"enemies":"Jaw Worm","floor":4,"turns":4},{"damage":10,"enemies":"3 Sentries","floor":6,"turns":11},{"damage":12,"enemies":"Lagavulin","floor":8,"turns":9},{"damage":19,"enemies":"3 Sentries","floor":10,"turns":10},{"damage":0,"enemies":"2 Louse","floor":11,"turns":1},{"damage":16,"enemies":"Lots of Slimes","floor":12,"turns":4},{"damage":7,"enemies":"Large Slime","floor":14,"turns":7},{"damage":47,"enemies":"Fading Forest","floor":16,"turns":11},{"damage":0,"enemies":"2 Thieves","floor":18,"turns":1}],"seed_played":"3715976055011072020","potions_obtained":[{"floor":1.0,"key":"theDuelist:GreasePot"},{"floor":4,"key":"SkillPotion"},{"floor":10,"key":"theDuelist:FlamingBottle"},{"floor":11,"key":"theDuelist:LavaBottle"},{"floor":12,"key":"Weak Potion"}],"is_trial":false,"path_per_floor":["M","?","?","M","?","E","$","E","T","E","M","M","$","M","R","B",null,"M"],"character_chosen":"THE_DUELIST","items_purchased":["Fruit Juice","theDuelist:PortableBatteryPack"],"campfire_rested":1,"item_purchase_floors":[7,13],"current_hp_per_floor":[77,77,96,96,96,86,91,79,79,60,60,44,44,37,69,42,108,108,108],"gold":176,"neow_bonus":"TEN_PERCENT_HP_BONUS","is_daily":false,"chose_seed":false,"campfire_upgraded":0,"win_rate":0.0,"timestamp":1610089292,"path_taken":["M","?","?","M","?","E","$","E","T","E","M","M","$","M","R","BOSS","M"],"items_purchased_type":["Potion","Card"],"build_version":"2020-12-22","purchased_purges":2,"victory":false,"max_hp_per_floor":[88,88,103,103,103,103,108,108,108,108,108,108,108,108,108,108,108,108,108],"card_choices":[{"not_picked":["theDuelist:Apoqliphort","theDuelist:SevenCompleted","theDuelist:GoldenBlastJuggler"],"picked":"SKIP","floor":1.0},{"not_picked":["theDuelist:MachineFactory","theDuelist:GravityAxe","theDuelist:CatapultTurtle","theDuelist:BlastingFuse","theDuelist:SwordsConcealing"],"picked":"SKIP","floor":4},{"not_picked":["theDuelist:Apoqliphort","theDuelist:PlatinumGadget","theDuelist:OrcustCrescendo","theDuelist:JinzoLord","theDuelist:GoldenBlastJuggler"],"picked":"SKIP","floor":6},{"not_picked":["theDuelist:GearGigant","theDuelist:AncientGearBox","theDuelist:Deskbot004","theDuelist:Deskbot003","theDuelist:RainbowBridge"],"picked":"SKIP","floor":8},{"not_picked":["theDuelist:FrontlineObserver","theDuelist:Biofalcon","theDuelist:YellowGadget","theDuelist:JunkKuriboh","theDuelist:RoboticKnight"],"picked":"SKIP","floor":10},{"not_picked":["theDuelist:IronhammerGiant","theDuelist:NightmareWheel","theDuelist:MachineKing"],"picked":"SKIP","floor":11},{"not_picked":["theDuelist:HeavyMetalRaiders","theDuelist:HeavyFreightTrainDerricane","theDuelist:HeavyMechSupportArmor","theDuelist:CyberneticOverflow","theDuelist:RevolvingSwitchyard"],"picked":"SKIP","floor":12},{"not_picked":["theDuelist:MetalDetector","theDuelist:IronDraw","theDuelist:ArtifactIgnition","theDuelist:AncientGearWorkshop","theDuelist:Tuningware"],"picked":"SKIP","floor":14},{"not_picked":["theDuelist:AncientGearGadjiltron","theDuelist:Mixeroid"],"picked":"theDuelist:YellowGadget","floor":15},{"not_picked":["theDuelist:SolemnStrike","theDuelist:Overworked","theDuelist:MachineKingPrototype","theDuelist:GravityLash"],"picked":"theDuelist:TurretWarrior","floor":16}],"player_experience":549131,"relics_obtained":[{"floor":6,"key":"theDuelist:DuelistTeaSet"},{"floor":8,"key":"hubris:Reverence"},{"floor":9,"key":"Dream Catcher"},{"floor":10,"key":"Bag of Marbles"}],"event_choices":[{"power_reward":3,"total_magic_score":22,"gold_gain":0,"duelist":true,"damage_taken":0,"relics_obtained":["theDuelist:NamelessPowerRelicB"],"points":7,"max_hp_gain":19,"max_hp_loss":4,"spent_points":{"magic":0,"greed":0,"war":0,"power":3,"hunger":4},"event_name":"Nameless Tomb","hunger_reward":4,"floor":3,"gold_loss":0,"cards_obtained":[]},{"cards_removed":["theDuelist:Sparks"],"damage_healed":0,"gold_gain":0,"player_choice":"Purged","damage_taken":0,"max_hp_gain":0,"max_hp_loss":0,"event_name":"Purifier","floor":5,"gold_loss":0}],"is_beta":false,"boss_relics":[{"not_picked":["Ectoplasm","Snecko Eye"],"picked":"hubris:HollowSoul"}],"items_purged_floors":[7,13],"is_endless":false,"potions_floor_spawned":[1,4,10,11,12],"killed_by":"2 Thieves","ascension_level":3}}