{"host":"8fnghcq8tvbg6z9e","time":1610108184,"event":{"mods":["Ascension Reborn","BaseMod","Minty Spire (QoL Compilation)","Quick Restart","Replay The Spire","StSLib"],"gold_per_floor":[112,112,125,50,0,0,33,33,59,59,79,79,92,122,122,122,122],"floor_reached":16,"playtime":569,"items_purged":["Defend_P"],"score":123,"play_id":"6b25cf84-7d55-4c7c-aabd-30583d7edec3","local_time":"20210108201624","is_ascension_mode":true,"campfire_choices":[{"data":"Eruption","floor":6,"key":"SMITH"},{"floor":8,"key":"RECALL"},{"data":"Adaptation","floor":10,"key":"SMITH"}],"circlet_count":0,"master_deck":["Strike_P","Strike_P","Strike_P","Defend_P","Defend_P","Eruption+1","Vigilance","Adaptation+1"],"relics":["PureWater","NeowsBlessing","Bronze Scales","Durian","Lantern"],"acts_visited":["Exordium"],"potions_floor_usage":[16],"damage_taken":[{"damage":0,"enemies":"Cultist","floor":1,"turns":1},{"damage":0,"enemies":"Small Slimes","floor":3,"turns":2},{"damage":0,"enemies":"Gremlin Nob","floor":7,"turns":1},{"damage":1,"enemies":"2 Louse","floor":11,"turns":3},{"damage":0,"enemies":"2 Fungi Beasts","floor":13,"turns":3},{"damage":98,"enemies":"Fading Forest","floor":16,"turns":11}],"seed_played":"1364878399971102427","potions_obtained":[{"floor":7,"key":"Flashbang"}],"is_trial":false,"path_per_floor":["M","?","M","$","?","R","E","R","T","R","M","?","M","?","R","B"],"character_chosen":"WATCHER","items_purchased":[],"campfire_rested":0,"item_purchase_floors":[],"current_hp_per_floor":[72,39,39,39,39,39,44,44,44,44,43,43,43,43,66,0,0],"gold":122,"neow_bonus":"THREE_ENEMY_KILL","is_daily":false,"chose_seed":false,"campfire_upgraded":2,"win_rate":0.0,"timestamp":1610108184,"path_taken":["M","?","M","$","?","R","E","R","T","R","M","?","M","?","R","BOSS"],"items_purchased_type":[],"build_version":"2020-12-22","purchased_purges":1,"victory":false,"max_hp_per_floor":[72,72,72,72,72,72,77,77,77,77,77,77,77,77,77,77,77],"card_choices":[{"not_picked":["FlurryOfBlows","InnerPeace"],"picked":"Adaptation","floor":1},{"not_picked":["Halt","CrushJoints","FlurryOfBlows"],"picked":"SKIP","floor":3},{"not_picked":["FlurryOfBlows","Meditate","FollowUp"],"picked":"SKIP","floor":7},{"not_picked":["Meditate","Evaluate","Study"],"picked":"SKIP","floor":11},{"not_picked":["EmptyFist","ClearTheMind","BattleHymn"],"picked":"SKIP","floor":13}],"player_experience":122722,"relics_obtained":[{"floor":7,"key":"Durian"},{"floor":9,"key":"Lantern"}],"event_choices":[{"damage_healed":0,"gold_gain":0,"player_choice":"Success","damage_taken":33,"relics_obtained":["Bronze Scales"],"max_hp_gain":0,"max_hp_loss":0,"event_name":"Scrap Ooze","floor":2,"gold_loss":0},{"cards_removed":["Strike_P"],"damage_healed":0,"gold_gain":0,"player_choice":"Card Removal","damage_taken":0,"max_hp_gain":0,"max_hp_loss":0,"event_name":"The Cleric","floor":5,"gold_loss":50},{"cards_removed":["Defend_P"],"damage_healed":0,"gold_gain":0,"player_choice":"Forget","damage_taken":0,"max_hp_gain":0,"max_hp_loss":0,"event_name":"Living Wall","floor":12,"gold_loss":0},{"damage_healed":0,"gold_gain":30,"player_choice":"Searched \u00271\u0027 times","damage_taken":0,"max_hp_gain":0,"max_hp_loss":0,"event_name":"Dead Adventurer","floor":14,"gold_loss":0}],"is_beta":false,"boss_relics":[],"items_purged_floors":[4],"is_endless":false,"potions_floor_spawned":[7],"killed_by":"Fading Forest","ascension_level":0}}