{"host":"19oeygk4edom25m1","time":1610125937,"event":{"mods":["2.2 Compatiblity","BaseMod","Better Note","Better Third Choice","Colored Map","Colored Powertips","Curses Come First","Downfall","Hermit","Highlight Path","Hubris","Infinite Spire","Minty Spire (QoL Compilation)","Rare Cards Sparkle","Replay The Spire","Shop Mod","StSLib","The Jungle","The Marked","The Mystic"],"gold_per_floor":[112,122,47,67,19,19,19,37,64,99,115,142,142,152,152,249,249,266,280,280,380,392,403,403,502,502,502,502,81,81,99,99,203,203,236,265,299,299,335,335,375,375,375],"floor_reached":42,"playtime":11885,"items_purged":["hubris:Envy"],"score":610,"play_id":"6f77dc1a-790b-4b02-b298-6f5f79bac730","local_time":"20210108151217","is_ascension_mode":false,"campfire_choices":[{"floor":7,"key":"REST"},{"data":"Sunder","floor":13,"key":"SMITH"},{"data":"Doom and Gloom","floor":15,"key":"SMITH"},{"floor":24,"key":"REST"},{"floor":27,"key":"REST"},{"floor":30,"key":"REST"},{"data":"Seek","floor":32,"key":"SMITH"},{"floor":40,"key":"REST"}],"circlet_count":0,"master_deck":["infinitespire:Fortify","Strike_B","Strike_B","Strike_B","Strike_B","Defend_B","Defend_B","Defend_B","Defend_B","Zap","Dualcast","Ball Lightning","Sunder+1","hubris:Ukulele","Compile Driver","infinitespire:Collect","Leap","Sweeping Beam","Gash","Core Surge","Doom and Gloom+1","Electrodynamics","Cold Snap","Fission","Sweeping Beam","Conserve Battery","Decay","Self Repair","Violence","Steam","Steam","Leap","Seek+1","BootSequence","Melter","Conserve Battery","Go for the Eyes","Reboot","Writhe","champ:Taunt","Amplify","expansioncontent:AwakenDeath","infinitespire:NeuralNetwork","Stack","BasicCrystalCard+1","Undo+1","Looming Evil","ReplayTheSpireMod:Splinters","Hologram+1","Sweeping Beam","Redo+1"],"relics":["Cracked Core","Pet Ghost","Boot","infinitespire:Lychee Nut","hubris:ScarierMask","Pear","Orrery","ReplayTheSpireMod:SealedPack","infinitespire:EvilPickle","Ring of Misfortune","ReplayTheSpireMod:Ring of Collecting","Replay:Mystery Machine"],"acts_visited":["Exordium","TheCity","TheBeyond"],"potions_floor_usage":[41],"damage_taken":[{"damage":5,"enemies":"2 Louse","floor":1,"turns":2},{"damage":6,"enemies":"Cultist","floor":2,"turns":3},{"damage":0,"enemies":"Small Slimes","floor":4,"turns":2},{"damage":4,"enemies":"Gremlin Gang","floor":8,"turns":3},{"damage":9,"enemies":"Replay:BlueRogue","floor":10,"turns":4},{"damage":0,"enemies":"Blue Slaver","floor":11,"turns":3},{"damage":5,"enemies":"3 Sentries","floor":12,"turns":4},{"damage":0,"enemies":"2 Fungi Beasts","floor":14,"turns":2},{"damage":26,"enemies":"Hexaghost","floor":16,"turns":7},{"damage":23,"enemies":"Shell Parasite","floor":18,"turns":5},{"damage":16,"enemies":"Spheric Guardian","floor":19,"turns":4},{"damage":20,"enemies":"Snake Plant","floor":22,"turns":7},{"damage":21,"enemies":"Shelled Parasite and Fungi","floor":23,"turns":11},{"damage":2,"enemies":"Centurion and Healer","floor":31,"turns":5},{"damage":76,"enemies":"Pondfish","floor":33,"turns":16},{"damage":15,"enemies":"3 Shapes","floor":35,"turns":4},{"damage":25,"enemies":"Orb Walker","floor":36,"turns":6},{"damage":11,"enemies":"3 Darklings","floor":37,"turns":4},{"damage":2,"enemies":"4 Shapes","floor":41,"turns":6},{"damage":120,"enemies":"Nightmare","floor":42,"turns":16}],"seed_played":"-4928397947742239553","potions_obtained":[{"floor":2,"key":"SkillPotion"},{"floor":4,"key":"LifebloodPotion"},{"floor":14,"key":"PowerPotion"},{"floor":19,"key":"hexamod:EctoCoolerPotion"},{"floor":37,"key":"Regen Potion"},{"floor":41,"key":"FocusPotion"}],"is_trial":false,"path_per_floor":["M","M","$","M","$","?","R","M","T","E","M","E","R","M","R","B",null,"M","M","?","?","M","M","R","?","T","R","?","$","R","M","R","B",null,"M","M","M","?","?","R","M","NM"],"character_chosen":"DEFECT","items_purchased":["Compile Driver","Self Repair","Violence","Steam","Orrery"],"campfire_rested":5,"item_purchase_floors":[5,29,29,29,29],"current_hp_per_floor":[84,78,78,78,78,56,82,78,78,69,69,64,64,66,66,41,66,46,36,36,36,22,7,26,26,36,58,58,58,76,76,76,1,76,64,45,40,40,40,62,76,0,0],"gold":375,"neow_bonus":"TWENTY_PERCENT_HP_BONUS","is_daily":false,"chose_seed":false,"campfire_upgraded":3,"win_rate":0.0,"timestamp":1610125937,"path_taken":["M","M","$","M","$","?","R","M","T","E","M","E","R","M","R","BOSS","M","M","?","?","?","M","R","?","T","R","?","$","R","M","R","BOSS","M","?","M","?","?","R","?","NM"],"items_purchased_type":["Card","Card","Card","Card","Relic"],"build_version":"2020-12-22","purchased_purges":1,"victory":false,"max_hp_per_floor":[89,89,89,89,89,89,89,89,89,89,89,66,66,66,66,66,66,66,66,66,66,66,66,66,66,76,76,76,76,76,76,76,76,76,76,76,76,76,76,76,76,76,76],"card_choices":[{"not_picked":["Stack","Redo"],"picked":"Ball Lightning","floor":1},{"not_picked":["ReplayTheSpireMod:GoodbyeWorld","ReplayTheSpireMod:Repulse"],"picked":"Sunder","floor":2},{"not_picked":["Beam Cell","BasicCrystalCard"],"picked":"hubris:Ukulele","floor":4},{"not_picked":["hubris:InfiniteBlow","infinitespire:NeuralNetwork"],"picked":"infinitespire:Collect","floor":6},{"not_picked":["Coolheaded","Gash"],"picked":"Leap","floor":8},{"not_picked":["Force Field","Skim"],"picked":"Sweeping Beam","floor":10},{"not_picked":["Beam Cell","BasicCrystalCard"],"picked":"Gash","floor":11},{"not_picked":["Scrape","Beam Cell"],"picked":"Core Surge","floor":12},{"not_picked":["ReplayTheSpireMod:System Scan","Reinforced Body"],"picked":"Doom and Gloom","floor":14},{"not_picked":["hubris:Prefetch","ReplayTheSpireMod:Fabricate Wheel"],"picked":"Electrodynamics","floor":16},{"not_picked":["Turbo+1","Ball Lightning"],"picked":"Cold Snap","floor":18},{"not_picked":["Beam Cell","FTL+1"],"picked":"Fission","floor":19},{"not_picked":["Blizzard+1","Steam"],"picked":"Sweeping Beam","floor":22},{"not_picked":["Go for the Eyes","Sweeping Beam"],"picked":"Conserve Battery","floor":23},{"not_picked":["Time Bomb","Cold Snap+1"],"picked":"Leap","floor":29},{"not_picked":["Loop+1","Chill"],"picked":"Seek","floor":29},{"not_picked":["BasicCrystalCard+1","hubris:Ukulele"],"picked":"BootSequence","floor":29},{"not_picked":["Lockon","Turbo"],"picked":"Melter","floor":29},{"not_picked":["ReplayTheSpireMod:GoodbyeWorld","Beam Cell+1"],"picked":"Conserve Battery","floor":29},{"not_picked":["Stack+1","Rebound"],"picked":"Go for the Eyes","floor":31},{"not_picked":["hubris:SpecializedCircuitry","Seek"],"picked":"Reboot","floor":33},{"not_picked":["hexamod:Sear","Dualcast"],"picked":"champ:Taunt","floor":34},{"not_picked":["ReplayRNGCard","Seek"],"picked":"Amplify","floor":34},{"not_picked":["Replay:Sssssssssstrike","Replay:SS_fish_2"],"picked":"expansioncontent:AwakenDeath","floor":34},{"not_picked":["infinitespire:Execution","hubris:Rewind"],"picked":"infinitespire:NeuralNetwork","floor":34},{"not_picked":["Consume+1","Electrodynamics"],"picked":"Stack","floor":35},{"not_picked":["Cold Snap+1","ReplayTheSpireMod:Repulse"],"picked":"BasicCrystalCard+1","floor":36},{"not_picked":["Cold Snap","Genetic Algorithm+1"],"picked":"Undo+1","floor":37},{"not_picked":["Rebound","Meteor Strike"],"picked":"Hologram+1","floor":39},{"not_picked":["Ball Lightning","Panic Button"],"picked":"Sweeping Beam","floor":39},{"not_picked":["Barrage+1","Lockon"],"picked":"Redo+1","floor":41}],"player_experience":275221,"relics_obtained":[{"floor":9,"key":"Pet Ghost"},{"floor":10,"key":"Boot"},{"floor":12,"key":"infinitespire:Lychee Nut"},{"floor":26,"key":"Pear"},{"floor":38,"key":"Ring of Misfortune"},{"floor":38,"key":"ReplayTheSpireMod:Ring of Collecting"},{"floor":39,"key":"Replay:Mystery Machine"}],"event_choices":[{"cards_removed":["Defend_B"],"damage_healed":0,"gold_gain":0,"player_choice":"Give","damage_taken":0,"max_hp_gain":0,"max_hp_loss":0,"event_name":"betterNote:BetterNote","floor":20,"gold_loss":0,"cards_obtained":["None"]},{"damage_healed":0,"gold_gain":100,"player_choice":"Pray","damage_taken":0,"max_hp_gain":0,"max_hp_loss":0,"event_name":"Golden Shrine","floor":21,"gold_loss":0},{"damage_healed":0,"gold_gain":99,"player_choice":"Steal","damage_taken":0,"max_hp_gain":0,"max_hp_loss":0,"event_name":"betterThird:BetterNest","floor":25,"gold_loss":0},{"damage_healed":0,"gold_gain":0,"player_choice":"Cursed","damage_taken":0,"max_hp_gain":0,"max_hp_loss":0,"event_name":"Wheel of Change","floor":28,"gold_loss":0,"cards_obtained":["Decay"]}],"is_beta":false,"boss_relics":[{"not_picked":["Coffee Dripper","Abe\u0027s Treasure"],"picked":"hubris:ScarierMask"},{"not_picked":["Replay:Wanted Poster","Calling Bell"],"picked":"ReplayTheSpireMod:SealedPack"}],"items_purged_floors":[3],"is_endless":false,"potions_floor_spawned":[2,4,14,19,33,37,41],"killed_by":"Nightmare","ascension_level":0}}