{"host":"g8ufh7m4frdlkxwv","time":1610135352,"event":{"mods":["AchievementEnabler","BaseMod","Colored Map","Dark Map","Minty Spire (QoL Compilation)","Relic Stats","StSLib","ojb\u0027s Info Mod"],"gold_per_floor":[119,119,135,204,218,218,218],"floor_reached":6,"playtime":520,"items_purged":[],"score":72,"play_id":"eca745fd-1ee1-4040-8b04-e320c90d61a1","local_time":"20210108204912","is_ascension_mode":true,"campfire_choices":[],"circlet_count":0,"master_deck":["AscendersBane","Strike_G","Strike_G","Strike_G","Defend_G","Defend_G","Defend_G","Defend_G","Survivor","Neutralize","Blade Dance+1","Distraction+1","Backstab+1","Infinite Blades","Endless Agony"],"relics":["Astrolabe","Happy Flower"],"acts_visited":["Exordium"],"potions_floor_usage":[6],"damage_taken":[{"damage":0.0,"enemies":"Cultist","floor":1.0,"turns":2.0},{"damage":2.0,"enemies":"2 Louse","floor":3.0,"turns":2.0},{"damage":0.0,"enemies":"Jaw Worm","floor":5.0,"turns":2.0},{"damage":63,"enemies":"Gremlin Nob","floor":6,"turns":4}],"seed_played":"-5004704836296132673","potions_obtained":[{"floor":1.0,"key":"Dexterity Potion"}],"is_trial":false,"path_per_floor":["M","?","M","?","M","E"],"character_chosen":"THE_SILENT","items_purchased":[],"campfire_rested":0,"item_purchase_floors":[],"current_hp_per_floor":[59,24,22,22,22,0,0],"gold":218,"neow_bonus":"BOSS_RELIC","is_daily":false,"chose_seed":false,"campfire_upgraded":0,"win_rate":0.0,"timestamp":1610135352,"path_taken":["M","?","M","?","M","E"],"items_purchased_type":[],"build_version":"2020-12-22","purchased_purges":0,"victory":false,"max_hp_per_floor":[66,66,66,66,66,66,66],"relic_stats":{"Happy Flower":[2],"counters":[4,10],"Astrolabe":["Blade Dance","Distraction","Backstab"],"obtain_stats":[{"Happy Flower":2,"Astrolabe":0,"Ring of the Snake":0},{"Happy Flower":1,"Astrolabe":0,"Ring of the Snake":0},{"Happy Flower":2,"Astrolabe":0,"Ring of the Snake":0}]},"card_choices":[{"not_picked":["Accuracy","Poisoned Stab"],"picked":"Infinite Blades","floor":1.0},{"not_picked":["Setup","Dodge and Roll","Deadly Poison"],"picked":"SKIP","floor":3.0},{"not_picked":["Setup","Dodge and Roll","Deadly Poison"],"picked":"SKIP","floor":3.0},{"not_picked":["Quick Slash","Flechettes"],"picked":"Endless Agony","floor":5.0}],"player_experience":1030192,"relics_obtained":[],"event_choices":[{"damage_healed":0.0,"max_hp_gain":0.0,"max_hp_loss":0.0,"gold_gain":0.0,"event_name":"Scrap Ooze","player_choice":"Success","floor":2.0,"gold_loss":0.0,"damage_taken":35.0,"relics_obtained":["Happy Flower"]},{"damage_healed":0.0,"max_hp_gain":0.0,"max_hp_loss":0.0,"gold_gain":69.0,"event_name":"Golden Wing","player_choice":"Gained Gold","floor":4.0,"gold_loss":0.0,"damage_taken":0.0}],"is_beta":false,"boss_relics":[],"items_purged_floors":[],"is_endless":false,"potions_floor_spawned":[1],"killed_by":"Gremlin Nob","ascension_level":20}}