{"host":"h4lp0eeso8a0ssq0","time":1610082843,"event":{"mods":["2.2 Compatiblity","AchievementEnabler","BaseMod","CapriCore","Colored Map","Minty Spire (QoL Compilation)","StSLib","SuperFastMode"],"gold_per_floor":[112,129,54,64,76,107,107,107,107,140,140,151,166,180,180,280,280,293,311,66,0,0,29,45,78,128,128,53,53,69,69,69,69,69],"floor_reached":33,"playtime":829,"items_purged":["Clumsy","Strike_R"],"score":322,"play_id":"c6010db1-2155-4aaf-b3d9-121ac0f107c0","local_time":"20210108141403","is_ascension_mode":false,"campfire_choices":[{"data":"Perfected Strike","floor":7.0,"key":"SMITH"},{"data":"Whirlwind","floor":11.0,"key":"SMITH"},{"data":"Perfected Strike","floor":15.0,"key":"SMITH"},{"data":"Perfected Strike","floor":27.0,"key":"SMITH"},{"data":"Perfected Strike","floor":29.0,"key":"SMITH"},{"data":"Perfected Strike","floor":32,"key":"SMITH"}],"circlet_count":0,"master_deck":["Strike_R","Strike_R","Strike_R","Strike_R","Defend_R","Defend_R","Defend_R","Defend_R","Bash","Battle Trance","Whirlwind+1","Shrug It Off","Feel No Pain","Hemokinesis","Perfected Strike+1","Burning Pact","Shrug It Off","Disarm","Perfected Strike+1","Twin Strike","Perfected Strike+1","Disarm","Corruption","Shrug It Off+1","Perfected Strike+1","Writhe","Perfected Strike+1","Wild Strike","True Grit+1","Burning Pact"],"relics":["Burning Blood","Prayer Wheel","Self Forming Clay","Ice Cream","Girya","Cursed Key","Anchor","Bronze Scales","InkBottle","Ancient Tea Set","MutagenicStrength"],"acts_visited":["Exordium","TheCity"],"potions_floor_usage":[33],"damage_taken":[{"damage":10.0,"enemies":"Cultist","floor":1.0,"turns":4.0},{"damage":6.0,"enemies":"Jaw Worm","floor":2.0,"turns":5.0},{"damage":0.0,"enemies":"Small Slimes","floor":4.0,"turns":2.0},{"damage":10.0,"enemies":"3 Louse","floor":5.0,"turns":3.0},{"damage":31.0,"enemies":"3 Sentries","floor":6.0,"turns":7.0},{"damage":16.0,"enemies":"Gremlin Nob","floor":10.0,"turns":4.0},{"damage":2.0,"enemies":"Looter","floor":12.0,"turns":4.0},{"damage":0.0,"enemies":"Exordium Wildlife","floor":13.0,"turns":3.0},{"damage":13.0,"enemies":"Blue Slaver","floor":14.0,"turns":3.0},{"damage":26.0,"enemies":"Hexaghost","floor":16.0,"turns":8.0},{"damage":12.0,"enemies":"Shell Parasite","floor":18.0,"turns":5.0},{"damage":16.0,"enemies":"2 Thieves","floor":19.0,"turns":3.0},{"damage":21.0,"enemies":"Slavers","floor":23.0,"turns":4.0},{"damage":0.0,"enemies":"Snake Plant","floor":24.0,"turns":3.0},{"damage":21.0,"enemies":"Book of Stabbing","floor":25.0,"turns":4.0},{"damage":6.0,"enemies":"3 Cultists","floor":30.0,"turns":3.0},{"damage":73,"enemies":"Automaton","floor":33,"turns":6}],"seed_played":"-4921939308831602079","potions_obtained":[{"floor":1.0,"key":"SkillPotion"},{"floor":6.0,"key":"SmokeBomb"},{"floor":12.0,"key":"Dexterity Potion"}],"is_trial":false,"path_per_floor":["M","M","$","M","M","E","R","?","T","E","R","M","M","M","R","B",null,"M","M","$","?","?","E","M","E","T","R","?","R","M","?","R","B"],"character_chosen":"IRONCLAD","items_purchased":["Anchor"],"campfire_rested":0,"item_purchase_floors":[20],"current_hp_per_floor":[76,76,76,80,76,51,51,51,51,41,41,45,51,44,44,24,80,74,64,64,64,64,49,55,40,40,40,40,40,40,40,40,0,0],"gold":69,"neow_bonus":"ONE_RARE_RELIC","is_daily":false,"chose_seed":false,"campfire_upgraded":6,"win_rate":0.0,"timestamp":1610082843,"path_taken":["M","M","$","M","M","E","R","?","T","E","R","?","M","M","R","BOSS","M","M","$","?","?","E","M","E","T","R","?","R","M","?","R","BOSS"],"items_purchased_type":["Relic"],"build_version":"2020-12-22","purchased_purges":2,"victory":false,"max_hp_per_floor":[80,80,80,80,80,80,80,80,80,80,80,80,80,80,80,80,80,80,80,80,80,80,80,80,80,80,80,80,80,80,80,80,80,80],"card_choices":[{"not_picked":["Searing Blow","Sword Boomerang"],"picked":"Battle Trance","floor":1.0},{"not_picked":["Warcry","Havoc","Wild Strike"],"picked":"SKIP","floor":1.0},{"not_picked":["Iron Wave","Sword Boomerang"],"picked":"Whirlwind","floor":2.0},{"not_picked":["Twin Strike","Iron Wave"],"picked":"Shrug It Off","floor":2.0},{"not_picked":["Armaments","Twin Strike"],"picked":"Feel No Pain","floor":4.0},{"not_picked":["Metallicize","Thunderclap","Anger"],"picked":"SKIP","floor":4.0},{"not_picked":["Sword Boomerang","Headbutt"],"picked":"Hemokinesis","floor":5.0},{"not_picked":["Brutality","Intimidate","Combust"],"picked":"SKIP","floor":5.0},{"not_picked":["Sword Boomerang","Whirlwind"],"picked":"Perfected Strike","floor":6.0},{"not_picked":["Clothesline","Cleave"],"picked":"Shrug It Off","floor":10.0},{"not_picked":["Flex","Armaments"],"picked":"Disarm","floor":12.0},{"not_picked":["Searing Blow","Cleave","Flex"],"picked":"SKIP","floor":12.0},{"not_picked":["Intimidate","Power Through"],"picked":"Perfected Strike","floor":13.0},{"not_picked":["Flame Barrier","Havoc"],"picked":"Twin Strike","floor":13.0},{"not_picked":["Body Slam","Havoc"],"picked":"Perfected Strike","floor":14.0},{"not_picked":["Clash","Second Wind"],"picked":"Disarm","floor":14.0},{"not_picked":["Immolate","Limit Break"],"picked":"Corruption","floor":16.0},{"not_picked":["Iron Wave+1","Armaments+1"],"picked":"Shrug It Off+1","floor":18.0},{"not_picked":["Anger+1","Clothesline"],"picked":"Perfected Strike","floor":18.0},{"not_picked":["Shrug It Off","Whirlwind","Clash"],"picked":"SKIP","floor":19.0},{"not_picked":["Power Through","Sever Soul+1","Carnage"],"picked":"SKIP","floor":19.0},{"not_picked":["Armaments","Impervious"],"picked":"Perfected Strike","floor":23.0},{"not_picked":["Pummel","Sentinel"],"picked":"Wild Strike","floor":24.0},{"not_picked":["Shrug It Off","Spot Weakness","Sentinel"],"picked":"SKIP","floor":24.0},{"not_picked":["Thunderclap","Entrench"],"picked":"True Grit+1","floor":25.0},{"not_picked":["Warcry","Flex"],"picked":"Burning Pact","floor":30.0},{"not_picked":["Dark Embrace","Warcry+1","Pommel Strike"],"picked":"SKIP","floor":30.0}],"player_experience":96901,"relics_obtained":[{"floor":6.0,"key":"Self Forming Clay"},{"floor":9.0,"key":"Ice Cream"},{"floor":10.0,"key":"Girya"},{"floor":23.0,"key":"InkBottle"},{"floor":25.0,"key":"Ancient Tea Set"}],"event_choices":[{"damage_healed":0.0,"max_hp_gain":0.0,"max_hp_loss":0.0,"gold_gain":0.0,"event_name":"Match and Keep!","player_choice":"1 cards matched","floor":8.0,"gold_loss":0.0,"damage_taken":0.0,"cards_obtained":["Burning Pact"]},{"damage_healed":0.0,"max_hp_gain":0.0,"max_hp_loss":0.0,"gold_gain":0.0,"event_name":"Masked Bandits","player_choice":"Paid Fearfully","floor":21.0,"gold_loss":66.0,"damage_taken":0.0},{"damage_healed":0.0,"max_hp_gain":0.0,"max_hp_loss":0.0,"gold_gain":0.0,"event_name":"The Mausoleum","player_choice":"Opened","floor":22.0,"gold_loss":0.0,"damage_taken":0.0,"relics_obtained":["Bronze Scales"],"cards_obtained":["Writhe"]},{"cards_removed":["Decay"],"damage_healed":0.0,"max_hp_gain":0.0,"max_hp_loss":0.0,"gold_gain":0.0,"event_name":"Beggar","player_choice":"Gave Gold","floor":28.0,"gold_loss":75.0,"damage_taken":0.0},{"damage_healed":0,"gold_gain":0,"player_choice":"Inject Mutagens","damage_taken":0,"relics_obtained":["MutagenicStrength"],"max_hp_gain":0,"max_hp_loss":0,"event_name":"Drug Dealer","floor":31,"gold_loss":0}],"is_beta":false,"boss_relics":[{"not_picked":["Black Blood","Pandora\u0027s Box"],"picked":"Cursed Key"}],"items_purged_floors":[3,20],"is_endless":false,"potions_floor_spawned":[1,6,12,13,19,23,30],"killed_by":"Automaton","ascension_level":0}}