{"host":"ig7tc0uedzltt2sr","time":1610067297,"event":{"mods":["BaseMod","Better Twitch Integration","Block Reminder","Colored Map","Colored Powertips","Communication Mod","Current Relic Mod","GifTheSpireLib","HexUI Lib","Minty Spire (QoL Compilation)","Quick Restart","Random Character Button","Rare Cards Sparkle","Relic Sorter","Relic Stats","Slay the Relics Exporter","StSLib","SuperFastMode","Synergy Search","Twitch Decklist","Twitch Utils","everything is the same but u backflip on backflip","slay the spire mod where everything is the same but ironclad has a cowboy hat"],"gold_per_floor":[110,75,87,33,33,62,62,62,62],"floor_reached":8,"playtime":43,"items_purged":[],"score":79,"play_id":"8b12080e-ea9d-4444-80ff-3334291a73f1","local_time":"20210107165457","is_ascension_mode":false,"campfire_choices":[{"floor":7,"key":"REST"}],"circlet_count":0,"master_deck":["Strike_R","Strike_R","Strike_R","Strike_R","Strike_R","Defend_R","Defend_R","Defend_R","Defend_R","Bash","Intimidate","Iron Wave","Warcry","Pommel Strike"],"relics":["Burning Blood","NeowsBlessing","Meat on the Bone"],"acts_visited":["Exordium"],"potions_floor_usage":[],"damage_taken":[{"damage":0,"enemies":"2 Louse","floor":1,"turns":2},{"damage":0,"enemies":"Small Slimes","floor":3,"turns":2},{"damage":0,"enemies":"Gremlin Nob","floor":6,"turns":1},{"damage":92,"enemies":"Lagavulin","floor":8,"turns":14}],"seed_played":"-7976945922467661333","potions_obtained":[],"is_trial":false,"path_per_floor":["M","?","M","$","?","E","R","E"],"character_chosen":"IRONCLAD","items_purchased":["Warcry"],"campfire_rested":1,"item_purchase_floors":[4],"current_hp_per_floor":[80,80,80,80,80,80,80,0,0],"gold":62,"neow_bonus":"THREE_ENEMY_KILL","is_daily":false,"chose_seed":false,"campfire_upgraded":0,"win_rate":0.0,"timestamp":1610067297,"path_taken":["M","?","M","$","?","E","R","E"],"items_purchased_type":["Card"],"build_version":"2020-12-22","purchased_purges":0,"victory":false,"max_hp_per_floor":[80,80,80,80,80,80,80,80,80],"relic_stats":{"counters":[4,19],"obtain_stats":[{"NeowsBlessing":0,"Burning Blood":0,"Meat on the Bone":6},{"NeowsBlessing":0,"Burning Blood":0,"Meat on the Bone":3},{"NeowsBlessing":0,"Burning Blood":0,"Meat on the Bone":5}],"Burning Blood":0,"Meat on the Bone":0},"card_choices":[{"not_picked":["Heavy Blade","Dual Wield"],"picked":"Intimidate","floor":1},{"not_picked":["Uppercut","Shrug It Off"],"picked":"Iron Wave","floor":3},{"not_picked":["Havoc","Shrug It Off"],"picked":"Pommel Strike","floor":6}],"player_experience":1465150,"relics_obtained":[{"floor":6,"key":"Meat on the Bone"}],"event_choices":[{"damage_healed":20,"gold_gain":0,"player_choice":"Healed","damage_taken":0,"max_hp_gain":0,"max_hp_loss":0,"event_name":"The Cleric","floor":2,"gold_loss":35},{"damage_healed":0,"gold_gain":0,"player_choice":"Ignored","damage_taken":0,"max_hp_gain":0,"max_hp_loss":0,"event_name":"Purifier","floor":5,"gold_loss":0}],"is_beta":false,"boss_relics":[],"items_purged_floors":[],"is_endless":false,"potions_floor_spawned":[],"killed_by":"Lagavulin","ascension_level":0}}