{"host":"19t2eyow02s954g8","time":1610119426,"event":{"mods":["BaseMod","Colored Map","DeckTracker","Minty Spire (QoL Compilation)","StSLib","SuperFastMode"],"gold_per_floor":[112,37,37,37,52,93,93,134,158,182,0,13,49,49,49,148,148,166,187,112,127,127,127,17,61,61,61,76,112,130,165,165,261,261,277,295,115,129,143,177,177,221,221,221,221,221,265,281,281,281,281,281],"floor_reached":51,"playtime":2598,"items_purged":["Strike_G","Defend_G"],"score":1626,"play_id":"f4df5999-9eba-4b56-8a26-8ad500dc13a7","local_time":"20210109002346","is_ascension_mode":true,"campfire_choices":[{"data":"Blade Dance","floor":7.0,"key":"SMITH"},{"data":"Accuracy","floor":15.0,"key":"SMITH"},{"floor":23.0,"key":"REST"},{"floor":27.0,"key":"REST"},{"floor":32.0,"key":"REST"},{"floor":41.0,"key":"REST"},{"floor":45.0,"key":"REST"},{"floor":49,"key":"REST"}],"circlet_count":0,"master_deck":["AscendersBane","Defend_G","Defend_G","Defend_G","Survivor","Neutralize","Crippling Poison","Blade Dance+1","Blade Dance","Bouncing Flask","Infinite Blades+1","Flash of Steel","Footwork","Accuracy+1","Corpse Explosion","Infinite Blades","Crippling Poison","Well Laid Plans","Blade Dance+1","Malaise","Calculated Gamble+1","Reflex"],"relics":["Ring of the Snake","NeowsBlessing","Golden Idol","Matryoshka","Ancient Tea Set","Blood Vial","Ornamental Fan","Oddly Smooth Stone","Strawberry","Empty Cage","Regal Pillow","Mercury Hourglass","Paper Crane","Bag of Preparation","Bag of Marbles","Fusion Hammer","Shuriken","The Courier","Singing Bowl","Ginger"],"acts_visited":["Exordium","TheCity","TheBeyond"],"potions_floor_usage":[],"damage_taken":[{"damage":0.0,"enemies":"Small Slimes","floor":1.0,"turns":1.0},{"damage":0.0,"enemies":"Jaw Worm","floor":5.0,"turns":1.0},{"damage":0.0,"enemies":"3 Sentries","floor":6.0,"turns":1.0},{"damage":6.0,"enemies":"Gremlin Nob","floor":8.0,"turns":4.0},{"damage":0.0,"enemies":"Cultist","floor":10.0,"turns":4.0},{"damage":7.0,"enemies":"Large Slime","floor":12.0,"turns":5.0},{"damage":12.0,"enemies":"3 Sentries","floor":13.0,"turns":9.0},{"damage":4.0,"enemies":"Hexaghost","floor":16.0,"turns":7.0},{"damage":14.0,"enemies":"2 Thieves","floor":18.0,"turns":3.0},{"damage":10.0,"enemies":"3 Byrds","floor":19.0,"turns":3.0},{"damage":37.0,"enemies":"Centurion and Healer","floor":21.0,"turns":6.0},{"damage":23.0,"enemies":"Gremlin Leader","floor":25.0,"turns":5.0},{"damage":10.0,"enemies":"Sentry and Sphere","floor":28.0,"turns":4.0},{"damage":3.0,"enemies":"Slavers","floor":29.0,"turns":2.0},{"damage":12.0,"enemies":"Snecko","floor":30.0,"turns":6.0},{"damage":24.0,"enemies":"Gremlin Leader","floor":31.0,"turns":6.0},{"damage":28.0,"enemies":"Collector","floor":33.0,"turns":7.0},{"damage":0.0,"enemies":"Orb Walker","floor":35.0,"turns":2.0},{"damage":0.0,"enemies":"3 Shapes","floor":36.0,"turns":1.0},{"damage":8.0,"enemies":"Sphere and 2 Shapes","floor":38.0,"turns":4.0},{"damage":5.0,"enemies":"Transient","floor":39.0,"turns":6.0},{"damage":12.0,"enemies":"Reptomancer","floor":40.0,"turns":5.0},{"damage":12.0,"enemies":"Giant Head","floor":42.0,"turns":5.0},{"damage":14.0,"enemies":"Reptomancer","floor":47.0,"turns":5.0},{"damage":18.0,"enemies":"Spire Growth","floor":48.0,"turns":4.0},{"damage":28,"enemies":"Donu and Deca","floor":50,"turns":5},{"damage":0,"enemies":"Time Eater","floor":51,"turns":1}],"seed_played":"-8946516348902440970","potions_obtained":[{"floor":5.0,"key":"GhostInAJar"},{"floor":6.0,"key":"SpeedPotion"},{"floor":8.0,"key":"Poison Potion"},{"floor":25.0,"key":"SteroidPotion"},{"floor":30.0,"key":"SteroidPotion"},{"floor":31.0,"key":"SkillPotion"},{"floor":33.0,"key":"Weak Potion"},{"floor":36.0,"key":"Swift Potion"},{"floor":39.0,"key":"EntropicBrew"},{"floor":42.0,"key":"SkillPotion"},{"floor":47.0,"key":"CunningPotion"}],"is_trial":false,"path_per_floor":["M","?","?","T","M","E","R","E","T","M","$","M","E","?","R","B",null,"M","M","$","M","?","R","?","E","T","R","M","E","M","E","R","B",null,"M","M","$","M","M","E","R","E","T","?","R","?","E","M","R","B","B"],"character_chosen":"THE_SILENT","items_purchased":["Infinite Blades","Flash of Steel","Reflex"],"campfire_rested":6,"item_purchase_floors":[11,11,37],"current_hp_per_floor":[59,59,36,36,36,36,36,30,30,32,32,27,24,17,17,15,59,47,39,39,4,19,40,40,19,19,55,47,46,36,14,50,24,61,63,65,65,59,56,46,73,61,61,61,73,69,57,43,73,45,47,47],"gold":281,"neow_bonus":"THREE_ENEMY_KILL","is_daily":false,"chose_seed":false,"campfire_upgraded":2,"win_rate":0.0,"timestamp":1610119426,"path_taken":["M","?","?","?","M","E","R","E","T","M","?","?","E","?","R","BOSS","M","M","$","M","?","R","?","E","T","R","M","E","M","E","R","BOSS","M","M","$","M","M","E","R","E","T","?","R","?","E","M","R","BOSS","BOSS"],"items_purchased_type":["Card","Card","Card"],"build_version":"2020-12-22","purchased_purges":2,"victory":false,"max_hp_per_floor":[66,66,66,66,66,66,66,66,66,66,66,66,73,73,73,73,73,73,73,73,73,73,73,73,73,73,73,73,73,73,73,73,73,73,73,73,73,73,73,73,73,73,73,73,73,69,71,73,73,73,73,73],"card_choices":[{"not_picked":["Quick Slash","Outmaneuver","Setup"],"picked":"SKIP","floor":1.0},{"not_picked":["Flechettes","Underhanded Strike"],"picked":"Crippling Poison","floor":5.0},{"not_picked":["Dagger Throw","Finisher"],"picked":"Blade Dance","floor":6.0},{"not_picked":["Underhanded Strike","Blur"],"picked":"Blade Dance","floor":8.0},{"not_picked":["Backflip","Blade Dance"],"picked":"Bouncing Flask","floor":10.0},{"not_picked":["Dagger Throw","Riddle With Holes"],"picked":"Footwork","floor":12.0},{"not_picked":["Skewer","Poisoned Stab"],"picked":"Accuracy","floor":13.0},{"not_picked":["Malaise","Wraith Form v2"],"picked":"Corpse Explosion","floor":16.0},{"not_picked":["Dagger Throw","Sucker Punch"],"picked":"Infinite Blades","floor":18.0},{"not_picked":["Poisoned Stab+1","Distraction"],"picked":"Crippling Poison","floor":19.0},{"not_picked":["Sucker Punch","Bane","Deadly Poison"],"picked":"SKIP","floor":21.0},{"not_picked":["Infinite Blades","Choke"],"picked":"PiercingWail","floor":25.0},{"not_picked":["Underhanded Strike","Dagger Throw","Eviscerate"],"picked":"SKIP","floor":28.0},{"not_picked":["Quick Slash","Dagger Throw"],"picked":"Well Laid Plans","floor":29.0},{"not_picked":["Expertise","Catalyst","Deflect"],"picked":"SKIP","floor":30.0},{"not_picked":["Envenom","Eviscerate+1"],"picked":"Blade Dance+1","floor":31.0},{"not_picked":["Unload","Wraith Form v2"],"picked":"Malaise","floor":33.0},{"not_picked":["Cloak And Dagger","Deflect"],"picked":"Calculated Gamble+1","floor":35.0},{"not_picked":["Backstab+1","Poisoned Stab","Dash+1"],"picked":"SKIP","floor":36.0},{"not_picked":["Infinite Blades","Underhanded Strike+1","Skewer"],"picked":"SKIP","floor":38.0},{"not_picked":["All Out Attack","Sucker Punch","Outmaneuver"],"picked":"SKIP","floor":39.0},{"not_picked":["Infinite Blades","Flying Knee+1","Sucker Punch"],"picked":"SKIP","floor":40.0},{"not_picked":["Dagger Spray","Deadly Poison","Concentrate"],"picked":"SKIP","floor":42.0},{"not_picked":["Dagger Throw","Quick Slash","Masterful Stab"],"picked":"Singing Bowl","floor":47.0},{"not_picked":["Leg Sweep","Caltrops","Accuracy"],"picked":"Singing Bowl","floor":48}],"player_experience":4204439,"relics_obtained":[{"floor":4.0,"key":"Matryoshka"},{"floor":6.0,"key":"Ancient Tea Set"},{"floor":8.0,"key":"Blood Vial"},{"floor":9.0,"key":"Ornamental Fan"},{"floor":9.0,"key":"Oddly Smooth Stone"},{"floor":13.0,"key":"Strawberry"},{"floor":25.0,"key":"Regal Pillow"},{"floor":26.0,"key":"Mercury Hourglass"},{"floor":26.0,"key":"Paper Crane"},{"floor":29.0,"key":"Bag of Preparation"},{"floor":31.0,"key":"Bag of Marbles"},{"floor":40.0,"key":"Shuriken"},{"floor":42.0,"key":"The Courier"},{"floor":43.0,"key":"Singing Bowl"},{"floor":47.0,"key":"Ginger"}],"event_choices":[{"cards_removed":["Strike_G"],"damage_healed":0.0,"max_hp_gain":0.0,"max_hp_loss":0.0,"gold_gain":0.0,"event_name":"The Cleric","player_choice":"Card Removal","floor":2.0,"gold_loss":75.0,"damage_taken":0.0},{"damage_healed":0.0,"max_hp_gain":0.0,"max_hp_loss":0.0,"gold_gain":0.0,"event_name":"Golden Idol","player_choice":"Take Damage","floor":3.0,"gold_loss":0.0,"damage_taken":23.0,"relics_obtained":["Golden Idol"]},{"cards_removed":["Strike_G"],"damage_healed":0.0,"max_hp_gain":0.0,"max_hp_loss":0.0,"gold_gain":0.0,"event_name":"Golden Wing","player_choice":"Card Removal","floor":14.0,"gold_loss":0.0,"damage_taken":7.0},{"damage_healed":15.0,"max_hp_gain":0.0,"max_hp_loss":0.0,"gold_gain":0.0,"event_name":"The Library","player_choice":"Heal","floor":22.0,"gold_loss":0.0,"damage_taken":0.0},{"cards_removed":["Defend_G"],"damage_healed":0.0,"max_hp_gain":0.0,"max_hp_loss":0.0,"gold_gain":0.0,"event_name":"Designer","player_choice":"Upgrade and Remove","floor":24.0,"gold_loss":110.0,"damage_taken":0.0,"cards_upgraded":["Infinite Blades"]},{"cards_removed":["PiercingWail"],"damage_healed":0.0,"max_hp_gain":0.0,"max_hp_loss":0.0,"gold_gain":0.0,"event_name":"Falling","player_choice":"Removed Skill","floor":44.0,"gold_loss":0.0,"damage_taken":0.0},{"damage_healed":0.0,"max_hp_gain":0.0,"max_hp_loss":4.0,"gold_gain":0.0,"event_name":"Winding Halls","player_choice":"Max HP","floor":46.0,"gold_loss":0.0,"damage_taken":0.0}],"is_beta":false,"boss_relics":[{"not_picked":["SlaversCollar","Astrolabe"],"picked":"Empty Cage"},{"not_picked":["Velvet Choker","Coffee Dripper"],"picked":"Fusion Hammer"}],"items_purged_floors":[20,37],"is_endless":false,"potions_floor_spawned":[5,6,8,25,30,31,33,36,39,42,47],"killed_by":"Time Eater","ascension_level":20}}