{"host":"1yemetsqamtkb9ct","time":1610111094,"event":{"mods":["AchievementEnabler","BaseMod","Colored Map","Custom Start","KOR Keyword Fix","Lobotomy","Minty Spire (QoL Compilation)","Quick Restart","Random Character Button","StSLib","SuperFastMode"],"gold_per_floor":[112,126,146,146,163,163,178,197,197,212,212,212,230,240,240,240,240],"floor_reached":16,"playtime":588,"items_purged":[],"score":98,"play_id":"163d9e84-302b-40fc-870f-e5024a4975ce","local_time":"20210108220454","is_ascension_mode":false,"campfire_choices":[{"floor":6.0,"key":"REST"},{"floor":12,"key":"REST"},{"data":"Disarm","floor":15,"key":"SMITH"}],"circlet_count":0,"master_deck":["Strike_R","Strike_R","Strike_R","Strike_R","Defend_R","Defend_R","Defend_R","Defend_R","Bash","Wellcheers","Disarm+1","WallGazer","OSAHOGD","PunishingBird","Murderer","ShyLook","LaLuna","Pommel Strike","VoidDream"],"relics":["Burning Blood","CogitoBucket","SkinProphecy","Blood Vial"],"acts_visited":[],"potions_floor_usage":[],"damage_taken":[{"damage":3.0,"enemies":"Small Slimes","floor":1.0,"turns":4.0},{"damage":6.0,"enemies":"2 Louse","floor":2.0,"turns":6.0},{"damage":33.0,"enemies":"Jaw Worm","floor":3.0,"turns":8.0},{"damage":18.0,"enemies":"3 Louse","floor":5.0,"turns":4.0},{"damage":23.0,"enemies":"Blue Slaver","floor":7.0,"turns":5.0},{"damage":41,"enemies":"Red Slaver","floor":8,"turns":10},{"damage":11,"enemies":"Exordium Wildlife","floor":10,"turns":5},{"damage":22,"enemies":"3 Louse","floor":13,"turns":5},{"damage":33,"enemies":"Lots of Slimes","floor":14,"turns":8},{"damage":121,"enemies":"Hexaghost","floor":16,"turns":9}],"seed_played":"2271460872225402541","potions_obtained":[{"floor":3.0,"key":"SteroidPotion"},{"floor":5.0,"key":"Ancient Potion"},{"floor":10,"key":"SneckoOil"}],"is_trial":false,"path_per_floor":["M","M","M","$","M","R","M","M","T","M","?","R","M","M","R","B"],"character_chosen":"IRONCLAD","items_purchased":[],"campfire_rested":2,"item_purchase_floors":[],"current_hp_per_floor":[80,80,56,56,44,68,51,25,25,22,22,46,31,21,21,0,0],"gold":240,"neow_bonus":"","is_daily":false,"chose_seed":false,"campfire_upgraded":1,"win_rate":0.0,"timestamp":1610111094,"path_taken":["M","M","M","$","M","R","M","M","T","M","?","R","M","M","R","BOSS"],"items_purchased_type":[],"build_version":"2020-12-22","purchased_purges":0,"victory":false,"max_hp_per_floor":[80,80,80,80,80,80,80,80,80,82,82,82,84,86,86,88,88],"card_choices":[{"not_picked":["LongBird","BeautyBeast"],"picked":"Wellcheers","floor":1.0},{"not_picked":["Disarm","Blood for Blood","Combust"],"picked":"SKIP","floor":1.0},{"not_picked":["Blood for Blood","Combust"],"picked":"Disarm","floor":1.0},{"not_picked":["OldLady","ShyLook"],"picked":"WallGazer","floor":2.0},{"not_picked":["Headbutt","Entrench","Thunderclap"],"picked":"SKIP","floor":2.0},{"not_picked":["GreedKing","MHz"],"picked":"OSAHOGD","floor":3.0},{"not_picked":["Entrench","Exhume","Havoc"],"picked":"SKIP","floor":3.0},{"not_picked":["Entrench","Exhume","Havoc"],"picked":"SKIP","floor":3.0},{"not_picked":["Blood for Blood","Headbutt","Havoc"],"picked":"SKIP","floor":5.0},{"not_picked":["GalaxyChild","BigBadWolf"],"picked":"PunishingBird","floor":7.0},{"not_picked":["Rage","Searing Blow","Intimidate"],"picked":"SKIP","floor":7.0},{"not_picked":["Rage","Searing Blow","Intimidate"],"picked":"SKIP","floor":7.0},{"not_picked":["UniverseFragment","Variant"],"picked":"Murderer","floor":8},{"not_picked":["Dropkick","Searing Blow","Clothesline"],"picked":"SKIP","floor":8},{"not_picked":["SingingMachine","SpiderBud"],"picked":"ShyLook","floor":10},{"not_picked":["Searing Blow","Dark Embrace","Armaments"],"picked":"SKIP","floor":10},{"not_picked":["SpiderBud","MHz"],"picked":"LaLuna","floor":13},{"not_picked":["Reckless Charge","Havoc"],"picked":"Pommel Strike","floor":13},{"not_picked":["Scorched","Porccubus"],"picked":"VoidDream","floor":14},{"not_picked":["Thunderclap","Barricade","Second Wind"],"picked":"SKIP","floor":14}],"player_experience":595604,"relics_obtained":[{"floor":9,"key":"Blood Vial"}],"event_choices":[{"cards_removed":["Strike_R"],"damage_healed":0,"gold_gain":0,"player_choice":"Forget","damage_taken":0,"max_hp_gain":0,"max_hp_loss":0,"event_name":"Living Wall","floor":11,"gold_loss":0}],"is_beta":false,"boss_relics":[],"items_purged_floors":[],"is_endless":false,"potions_floor_spawned":[3,5,10],"killed_by":"Hexaghost","ascension_level":0}}