{"host":"4qt77pm52ljaz00q","time":1610119854,"event":{"mods":["2.2 Compatiblity","Aspiration","Bard","BaseMod","Beaked The Cultist","BetterRewards","Challenge The Spire","ChefMod","Colored Map","Conspire","Friendly Minions","Glutton Mod","Halation","Hermit","Hubris","Infinite Spire","Jedi Mod","Mad Scientist","Marisa????????","Minty Spire (QoL Compilation)","Permanent Neow","Relic Sorter","Replay The Spire","Robot Space Explorer","Shade Mod","Shop Mod","Spires And Sneckos","StSLib","The Animator","The Bug Knight","The Construct","The Cursed","The Disciple","The Dragon Tamer","The Jungle","The Marked","The Mystic","The Necromancer","The Poker Player","The Runesmith","The Servant 0.9.4","Unknown Chances","Wandering Minibosses","vexMod"],"gold_per_floor":[135,154,154,191,221,221,254,276,276,276,276,304,304,350,350,489,489,505,0,13,37,56,88,88,88,88],"floor_reached":25,"playtime":1508,"items_purged":[],"score":235,"play_id":"b88398bd-bb56-4c3b-94f6-34bc9485b943","local_time":"20210108103054","is_ascension_mode":false,"campfire_choices":[{"data":"animator:Nanami","floor":6,"key":"SMITH"},{"data":"animator:Shiro","floor":10,"key":"SMITH"},{"data":"animator:Vesta","floor":15,"key":"SMITH"},{"data":"animator:HigakiRinne","floor":24,"key":"SMITH"}],"circlet_count":0,"master_deck":["animator:Strike_Konosuba","animator:Defend_Konosuba","animator:Strike","animator:Strike","animator:Strike","animator:Defend","animator:Defend","animator:Defend","animator:Kazuma","animator:Aqua","animator:Chris+1","animator:Nanami+1","animator:Megumin+7","animator:Darkness","animator:Shiro+1","animator:Biyorigo","animator:Vesta+1","hubris:Lust","animator:YunYun","animator:HigakiRinne+1","animator:DolaSchwi+1","animator:Jibril","animator:Rimuru"],"relics":["animator:LivingPicture","animator:TheMissingPiece","Akabeko","conspire:GiftBox","animator:AlchemistGlove","hubris:DisguiseKit","infinitespire:PuzzleCube","Philosopher\u0027s Stone","RobotSpaceExplorer:SlideRule","hubris:MysteriousPyramids"],"acts_visited":["Exordium","TheCity"],"potions_floor_usage":[14,16,16,23],"damage_taken":[{"damage":0,"enemies":"2 Louse","floor":1,"turns":3},{"damage":2,"enemies":"Small Slimes","floor":2,"turns":3},{"damage":0,"enemies":"Cultist","floor":4,"turns":3},{"damage":0,"enemies":"2 Fungi Beasts","floor":5,"turns":4},{"damage":19,"enemies":"Lagavulin","floor":7,"turns":5},{"damage":6,"enemies":"Exordium Wildlife","floor":8,"turns":3},{"damage":0,"enemies":"Gremlin Gang","floor":12,"turns":3},{"damage":28,"enemies":"3 Sentries","floor":14,"turns":5},{"damage":18,"enemies":"The Guardian","floor":16,"turns":7},{"damage":6,"enemies":"Chosen","floor":18,"turns":4},{"damage":17,"enemies":"3 Byrds","floor":20,"turns":2},{"damage":19,"enemies":"Centurion and Healer","floor":21,"turns":4},{"damage":0,"enemies":"Snake Plant","floor":22,"turns":2},{"damage":12,"enemies":"animator:HornedBat","floor":23,"turns":3},{"damage":28,"enemies":"Slavers","floor":25,"turns":2}],"seed_played":"5603845434691154215","potions_obtained":[{"floor":2,"key":"EssenceOfSteel"},{"floor":7,"key":"Elixir"},{"floor":11,"key":"DuplicationPotion"},{"floor":11,"key":"infinitespire:BlackPotion"},{"floor":11,"key":"LiquidBronze"},{"floor":16,"key":"SteroidPotion"},{"floor":18,"key":"Explosive Potion"},{"floor":22,"key":"ColorlessPotion"},{"floor":23,"key":"jedi:tentaclejuice"}],"is_trial":false,"path_per_floor":["M","M","?","M","M","R","E","M","T","R","?","M","?","E","R","B",null,"M","?","M","M","M","E","R","E"],"character_chosen":"THE_ANIMATOR","items_purchased":["animator:Chris+1"],"campfire_rested":0,"item_purchase_floors":[0],"current_hp_per_floor":[66,64,64,66,67,67,51,47,47,47,47,49,49,23,23,7,68,64,64,49,32,34,24,24,0,0],"gold":88,"neow_bonus":"","is_daily":false,"chose_seed":false,"campfire_upgraded":4,"win_rate":0.0,"timestamp":1610119854,"path_taken":["M","M","?","M","M","R","E","M","T","R","?","?","?","E","R","BOSS","M","?","?","M","M","E","R","E"],"items_purchased_type":["Card"],"build_version":"2020-12-22","purchased_purges":0,"victory":false,"max_hp_per_floor":[66,66,66,66,67,67,68,68,68,68,68,68,68,68,68,68,68,68,68,68,68,68,68,68,68,68],"card_choices":[{"not_picked":["animator:Verdia","animator:Emonzaemon"],"picked":"animator:Nanami","floor":1},{"not_picked":["animator:Souei","animator:Konayuki","animator:ElricEdward"],"picked":"SKIP","floor":2},{"not_picked":["animator:Nanami","animator:Tet"],"picked":"animator:Megumin","floor":4},{"not_picked":["animator:Verdia","animator:Vanir"],"picked":"animator:Darkness","floor":5},{"not_picked":["animator:Shichika","animator:Konayuki"],"picked":"animator:Shiro","floor":7},{"not_picked":["animator:Albedo","animator:GoblinSlayer"],"picked":"animator:Biyorigo","floor":7},{"not_picked":["animator:RoyMustang","animator:LizardPriest","animator:ElricEdward"],"picked":"SKIP","floor":8},{"not_picked":["animator:Jibril","animator:Demiurge"],"picked":"animator:Vesta","floor":12},{"not_picked":["animator:Aqua","animator:Verdia"],"picked":"animator:YunYun","floor":14},{"not_picked":["animator:Wiz","animator:Biyorigo","ReplayTheSpireMod:Omega Cannon"],"picked":"animator:HigakiRinne","floor":16},{"not_picked":["animator:Shuna","animator:Kazuma","Go for the Eyes"],"picked":"animator:Megumin","floor":18},{"not_picked":["animator:Shuna","animator:UneriGinkaku+1","jedi:blockon"],"picked":"animator:DolaSchwi+1","floor":20},{"not_picked":["animator:ZankiKiguchi+1","animator:DolaRiku","animator:Kaijin","Steam"],"picked":"SKIP","floor":21},{"not_picked":["animator:Tet","animator:IzunaHatsuse"],"picked":"animator:Jibril","floor":22},{"not_picked":["animator:Vesta","animator:Mitsurugi+1","Leap"],"picked":"animator:Rimuru","floor":23}],"player_experience":221512,"relics_obtained":[{"floor":3,"key":"Akabeko"},{"floor":7,"key":"conspire:GiftBox"},{"floor":9,"key":"animator:AlchemistGlove"},{"floor":14,"key":"infinitespire:PuzzleCube"},{"floor":23,"key":"hubris:MysteriousPyramids"}],"event_choices":[{"damage_healed":0,"gold_gain":0,"player_choice":"Got Potions","damage_taken":0,"max_hp_gain":0,"max_hp_loss":0,"event_name":"Lab","floor":11,"gold_loss":0}],"is_beta":false,"boss_relics":[{"not_picked":["Replay:Drink Me","vexMod:BigBerry"],"picked":"Philosopher\u0027s Stone"}],"items_purged_floors":[],"is_endless":false,"potions_floor_spawned":[2,7,16,18,22,23],"killed_by":"Slavers","ascension_level":0}}