{"host":"pz87x9dpp9bwa7hb","time":1610122836,"event":{"mods":["AchievementEnabler","BaseMod","BetterRewards","Colored Powertips","GifTheSpireLib","Minty Spire (QoL Compilation)","Quick Restart","StSLib","Stuff the Spire","SuperFastMode"],"gold_per_floor":[116,133,233,243,243,243,255,273,273,284,284,318,334,354,354,354,354],"floor_reached":16,"playtime":429,"items_purged":[],"score":106,"play_id":"e8e770c1-40e9-414b-a8fa-7284834e4fc8","local_time":"20210108182036","is_ascension_mode":false,"campfire_choices":[{"floor":6,"key":"REST"},{"floor":11,"key":"REST"},{"floor":15,"key":"REST"}],"circlet_count":0,"master_deck":["Strike_R","Strike_R+1","Strike_R","Strike_R","Strike_R","Defend_R","Defend_R","Defend_R+1","Defend_R+1","Bash","Rampage","Armaments+1","Anger","Dropkick","Pummel","Iron Wave","Wild Strike","Iron Wave","Warcry"],"relics":["Burning Blood","Blood Vial","War Paint"],"acts_visited":["Exordium"],"potions_floor_usage":[12,16],"damage_taken":[{"damage":7,"enemies":"2 Louse","floor":1,"turns":3},{"damage":5,"enemies":"Cultist","floor":2,"turns":4},{"damage":9,"enemies":"Small Slimes","floor":4,"turns":4},{"damage":8,"enemies":"2 Fungi Beasts","floor":7,"turns":3},{"damage":23,"enemies":"Lots of Slimes","floor":8,"turns":5},{"damage":23,"enemies":"Exordium Thugs","floor":10,"turns":6},{"damage":14,"enemies":"Gremlin Nob","floor":12,"turns":4},{"damage":15,"enemies":"3 Louse","floor":13,"turns":3},{"damage":7,"enemies":"Looter","floor":14,"turns":3},{"damage":84,"enemies":"Slime Boss","floor":16,"turns":11}],"seed_played":"-3563707850669396209","potions_obtained":[{"floor":1,"key":"AttackPotion"},{"floor":2,"key":"EssenceOfSteel"},{"floor":8,"key":"Swift Potion"}],"is_trial":false,"path_per_floor":["M","M","?","M","?","R","M","M","T","M","R","E","M","M","R","B"],"character_chosen":"IRONCLAD","items_purchased":[],"campfire_rested":3,"item_purchase_floors":[],"current_hp_per_floor":[87,88,88,85,67,88,86,69,69,54,80,74,67,68,88,4,4],"gold":354,"neow_bonus":"TEN_PERCENT_HP_BONUS","is_daily":false,"chose_seed":false,"campfire_upgraded":0,"win_rate":0.0,"timestamp":1610122836,"path_taken":["M","M","?","?","?","R","M","M","T","M","R","E","M","M","R","BOSS"],"items_purchased_type":[],"build_version":"2020-12-22","purchased_purges":0,"victory":false,"max_hp_per_floor":[88,88,88,88,88,88,88,88,88,88,88,88,88,88,88,88,88],"card_choices":[{"not_picked":["Dropkick","Havoc"],"picked":"Rampage","floor":1},{"not_picked":["StuffTheSpire:Slingshot","Second Wind"],"picked":"Armaments","floor":2},{"not_picked":["Feel No Pain","Rage"],"picked":"Anger","floor":4},{"not_picked":["Second Wind","Flex"],"picked":"Dropkick","floor":7},{"not_picked":["Body Slam","Havoc"],"picked":"Pummel","floor":8},{"not_picked":["Bloodletting","StuffTheSpire:RockThrow"],"picked":"Iron Wave","floor":10},{"not_picked":["Burning Pact","Body Slam"],"picked":"Wild Strike","floor":12},{"not_picked":["Whirlwind","Double Tap"],"picked":"Iron Wave","floor":13},{"not_picked":["Sever Soul","Dark Embrace"],"picked":"Warcry","floor":14}],"player_experience":56699,"relics_obtained":[{"floor":9,"key":"Blood Vial"},{"floor":12,"key":"War Paint"}],"event_choices":[{"damage_healed":0,"gold_gain":100,"player_choice":"Pray","damage_taken":0,"max_hp_gain":0,"max_hp_loss":0,"event_name":"Golden Shrine","floor":3,"gold_loss":0},{"damage_healed":0,"gold_gain":0,"player_choice":"Entered Light","damage_taken":18,"max_hp_gain":0,"max_hp_loss":0,"event_name":"Shining Light","floor":5,"gold_loss":0,"cards_upgraded":["Armaments","Strike_R"]}],"is_beta":false,"boss_relics":[],"items_purged_floors":[],"is_endless":false,"potions_floor_spawned":[1,2,8,13],"killed_by":"Slime Boss","ascension_level":0}}