{"host":"z16h96csw6gsetxl","time":1610116184,"event":{"mods":["BaseMod","Minty Spire (QoL Compilation)"],"gold_per_floor":[112,130,130,305,230,262,272,283,308,208,218,245,245,261,261,360,360,380,380,380],"floor_reached":19,"playtime":1049,"items_purged":["Doubt","Strike_R"],"score":204,"play_id":"e3cf607c-5902-406d-b007-ae4a9a6966fb","local_time":"20210108222944","is_ascension_mode":false,"campfire_choices":[{"floor":13,"key":"REST"},{"data":"Armaments","floor":15,"key":"SMITH"}],"circlet_count":0,"master_deck":["Strike_R","Strike_R","Strike_R","Strike_R+1","Defend_R","Defend_R","Defend_R","Defend_R","Bash+1","Armaments+1","Battle Trance","Burning Pact","Body Slam","Pommel Strike","Disarm","Double Tap","Barricade","Shockwave"],"relics":["Burning Blood","NeowsBlessing","Anchor","Omamori","PreservedInsect","Velvet Choker"],"acts_visited":["Exordium","TheCity"],"potions_floor_usage":[11,16],"damage_taken":[{"damage":0,"enemies":"Small Slimes","floor":1,"turns":1},{"damage":0,"enemies":"Jaw Worm","floor":2,"turns":1},{"damage":0,"enemies":"Gremlin Nob","floor":6,"turns":1},{"damage":1,"enemies":"Cultist","floor":7,"turns":3},{"damage":11,"enemies":"Red Slaver","floor":8,"turns":3},{"damage":11,"enemies":"Exordium Thugs","floor":11,"turns":6},{"damage":22,"enemies":"3 Sentries","floor":12,"turns":10},{"damage":0,"enemies":"Looter","floor":14,"turns":2},{"damage":52,"enemies":"Hexaghost","floor":16,"turns":10},{"damage":20,"enemies":"2 Thieves","floor":18,"turns":4},{"damage":13,"enemies":"3 Byrds","floor":19,"turns":3}],"seed_played":"5877156629618040956","potions_obtained":[{"floor":7,"key":"Energy Potion"},{"floor":11,"key":"SteroidPotion"},{"floor":12,"key":"Strength Potion"},{"floor":14,"key":"Explosive Potion"},{"floor":18,"key":"SpeedPotion"}],"is_trial":false,"path_per_floor":["M","M","?","?","$","E","M","M","T","$","M","E","R","M","R","B",null,"M","M"],"character_chosen":"IRONCLAD","items_purchased":[],"campfire_rested":1,"item_purchase_floors":[],"current_hp_per_floor":[80,80,64,64,64,70,75,70,70,70,65,49,73,79,79,33,80,66,53,53],"gold":380,"neow_bonus":"THREE_ENEMY_KILL","is_daily":false,"chose_seed":false,"campfire_upgraded":1,"win_rate":0.0,"timestamp":1610116184,"path_taken":["M","M","?","?","?","E","?","M","T","?","M","E","R","M","R","BOSS","M","M"],"items_purchased_type":[],"build_version":"2020-12-22","purchased_purges":2,"victory":false,"max_hp_per_floor":[80,80,80,80,80,80,80,80,80,80,80,80,80,80,80,80,80,80,80,80],"card_choices":[{"not_picked":["Sword Boomerang","Warcry"],"picked":"Armaments","floor":1},{"not_picked":["Armaments","Warcry","Reckless Charge"],"picked":"SKIP","floor":2},{"not_picked":["Armaments","Body Slam"],"picked":"Battle Trance","floor":6},{"not_picked":["Body Slam","Inflame"],"picked":"Burning Pact","floor":7},{"not_picked":["Evolve","Flex"],"picked":"Body Slam","floor":8},{"not_picked":["Metallicize","Iron Wave"],"picked":"Pommel Strike","floor":11},{"not_picked":["Sword Boomerang","Havoc"],"picked":"Disarm","floor":12},{"not_picked":["Bloodletting","Rage"],"picked":"Double Tap","floor":14},{"not_picked":["Reaper","Double Tap"],"picked":"Barricade","floor":16},{"not_picked":["Flame Barrier","Heavy Blade"],"picked":"Shockwave","floor":18}],"player_experience":31732,"relics_obtained":[{"floor":6,"key":"Anchor"},{"floor":9,"key":"Omamori"},{"floor":12,"key":"PreservedInsect"}],"event_choices":[{"damage_healed":0,"gold_gain":0,"player_choice":"Entered Light","damage_taken":16,"max_hp_gain":0,"max_hp_loss":0,"event_name":"Shining Light","floor":3,"gold_loss":0,"cards_upgraded":["Strike_R","Bash"]},{"damage_healed":0,"gold_gain":175,"player_choice":"AGREE","damage_taken":0,"max_hp_gain":0,"max_hp_loss":0,"event_name":"Liars Game","floor":4,"gold_loss":0,"cards_obtained":["Doubt"]}],"is_beta":false,"boss_relics":[{"not_picked":["Snecko Eye","Busted Crown"],"picked":"Velvet Choker"}],"items_purged_floors":[5,10],"is_endless":false,"potions_floor_spawned":[7,11,12,14,18],"killed_by":"3 Byrds","ascension_level":0}}