{"host":"avjwtc49fhlk6kym","time":1610078951,"event":{"mods":["AchievementEnabler","BaseMod","Better Match","Better Note","Better Third Choice","Colored Map","Colored Powertips","Displayed Cursed Tome","Highlight Path","Minty Spire (QoL Compilation)","Permanent Neow","Quick Restart","StSLib"],"gold_per_floor":[118,118,133,152,171,202,221,249,273,273,287,299,313,326,326,422,422,436,47,47,47,57,57,57,74,74,92,103,122,122,122,122,224,224,236,254,254,15,0,0,35,35,35],"floor_reached":42,"playtime":1572,"items_purged":["Defend_P"],"score":494,"play_id":"7ea4c8c9-b590-4147-8f62-b51fea389237","local_time":"20210107230911","is_ascension_mode":false,"campfire_choices":[{"data":"Eruption","floor":10.0,"key":"SMITH"},{"floor":15.0,"key":"REST"},{"data":"ReachHeaven","floor":23.0,"key":"SMITH"},{"data":"BattleHymn","floor":30.0,"key":"SMITH"},{"data":"Devotion","floor":32.0,"key":"SMITH"},{"floor":40.0,"key":"REST"}],"circlet_count":0,"master_deck":["Strike_P+1","Strike_P+1","Strike_P+1","Defend_P+1","Defend_P+1","Defend_P+1","Eruption+1","Vigilance+1","LessonLearned+1","Consecrate+1","CutThroughFate+1","CutThroughFate+1","ReachHeaven+1","Devotion+1","WheelKick+1","FollowUp","CrushJoints+1","BattleHymn+1","Protect","Brilliance","Evaluate","Bandage Up","FearNoEvil","Evaluate","Halt","CrushJoints+1","Conclude","MasterReality","Wireheading+1","CarveReality+1","HandOfGreed","Protect","LikeWater"],"relics":["PureWater","Pear","Gremlin Horn","Juzu Bracelet","Cursed Key","Oddly Smooth Stone","Bottled Tornado","Philosopher\u0027s Stone","Red Mask","Bag of Preparation"],"acts_visited":["Exordium","TheCity","TheBeyond"],"potions_floor_usage":[41],"damage_taken":[{"damage":0.0,"enemies":"Small Slimes","floor":1.0,"turns":2.0},{"damage":0.0,"enemies":"Jaw Worm","floor":3.0,"turns":4.0},{"damage":2.0,"enemies":"2 Louse","floor":4.0,"turns":4.0},{"damage":10.0,"enemies":"Lots of Slimes","floor":5.0,"turns":6.0},{"damage":0.0,"enemies":"Gremlin Nob","floor":6.0,"turns":2.0},{"damage":2.0,"enemies":"3 Louse","floor":7.0,"turns":4.0},{"damage":11.0,"enemies":"3 Sentries","floor":8.0,"turns":4.0},{"damage":0.0,"enemies":"2 Fungi Beasts","floor":11.0,"turns":2.0},{"damage":0.0,"enemies":"Gremlin Gang","floor":12.0,"turns":3.0},{"damage":0.0,"enemies":"Exordium Wildlife","floor":13.0,"turns":2.0},{"damage":7.0,"enemies":"Blue Slaver","floor":14.0,"turns":2.0},{"damage":10.0,"enemies":"The Guardian","floor":16.0,"turns":7.0},{"damage":2.0,"enemies":"Shell Parasite","floor":18.0,"turns":3.0},{"damage":0.0,"enemies":"3 Byrds","floor":22.0,"turns":3.0},{"damage":0.0,"enemies":"Centurion and Healer","floor":25.0,"turns":2.0},{"damage":0.0,"enemies":"3 Cultists","floor":27.0,"turns":2.0},{"damage":22.0,"enemies":"Snecko","floor":28.0,"turns":4.0},{"damage":3.0,"enemies":"Snake Plant","floor":29.0,"turns":3.0},{"damage":18.0,"enemies":"Champ","floor":33.0,"turns":4.0},{"damage":38.0,"enemies":"3 Darklings","floor":35.0,"turns":4.0},{"damage":16.0,"enemies":"Orb Walker","floor":36.0,"turns":3.0},{"damage":62,"enemies":"Reptomancer","floor":41,"turns":5},{"damage":6,"enemies":"Spire Growth","floor":42,"turns":3}],"seed_played":"3245633219568119130","potions_obtained":[{"floor":4.0,"key":"SpeedPotion"},{"floor":6.0,"key":"Swift Potion"},{"floor":7.0,"key":"SkillPotion"},{"floor":8.0,"key":"Dexterity Potion"},{"floor":11.0,"key":"SteroidPotion"},{"floor":20.0,"key":"BottledMiracle"},{"floor":20.0,"key":"DistilledChaos"},{"floor":20.0,"key":"Ambrosia"},{"floor":27.0,"key":"SteroidPotion"},{"floor":29.0,"key":"Regen Potion"},{"floor":33.0,"key":"Fruit Juice"},{"floor":36.0,"key":"SteroidPotion"}],"is_trial":false,"path_per_floor":["M","?","M","M","M","E","M","E","T","R","M","M","M","M","R","B",null,"M","$","?","?","M","R","?","M","T","M","M","M","R","?","R","B",null,"M","M","?","$","?","R","E","M"],"character_chosen":"WATCHER","items_purchased":["Bandage Up","Oddly Smooth Stone","FearNoEvil","HandOfGreed","Protect"],"campfire_rested":2,"item_purchase_floors":[19,19,19,38,38],"current_hp_per_floor":[72,58,58,56,46,56,54,43,43,43,43,43,43,36,60,50,82,80,80,80,80,82,82,82,82,82,82,60,61,61,61,61,59,82,49,33,33,33,33,59,1,0,0],"gold":35,"neow_bonus":"ONE_RANDOM_RARE_CARD","is_daily":false,"chose_seed":false,"campfire_upgraded":4,"win_rate":0.0,"timestamp":1610078951,"path_taken":["M","?","M","M","M","E","M","E","T","R","M","M","M","M","R","BOSS","M","$","?","?","M","R","?","M","T","M","M","M","R","?","R","BOSS","M","M","?","$","?","R","E","M"],"items_purchased_type":["Card","Relic","Card","Card","Card"],"build_version":"2020-12-22","purchased_purges":1,"victory":false,"max_hp_per_floor":[72,72,72,72,72,82,82,82,82,82,82,82,82,82,82,82,82,82,82,82,82,82,82,82,82,82,82,82,82,82,82,82,82,82,87,87,87,87,87,87,87,87,87],"card_choices":[{"not_picked":["CutThroughFate","EmptyBody"],"picked":"Consecrate","floor":1.0},{"not_picked":["EmptyFist","ClearTheMind","SashWhip"],"picked":"SKIP","floor":3.0},{"not_picked":["FlurryOfBlows","Halt"],"picked":"CutThroughFate","floor":4.0},{"not_picked":["EmptyBody","Consecrate"],"picked":"CutThroughFate","floor":5.0},{"not_picked":["EmptyBody","Study"],"picked":"ReachHeaven","floor":6.0},{"not_picked":["ThirdEye","PathToVictory"],"picked":"Devotion","floor":7.0},{"not_picked":["TalkToTheHand","CarveReality"],"picked":"WheelKick","floor":8.0},{"not_picked":["Protect","ForeignInfluence"],"picked":"FollowUp","floor":11.0},{"not_picked":["ClearTheMind","EmptyFist"],"picked":"CrushJoints","floor":12.0},{"not_picked":["FlyingSleeves","Wallop"],"picked":"BattleHymn","floor":13.0},{"not_picked":["ClearTheMind","WreathOfFlame"],"picked":"Protect","floor":14.0},{"not_picked":["SpiritShield","Omniscience"],"picked":"Brilliance","floor":16.0},{"not_picked":["Tantrum","CarveReality"],"picked":"Evaluate","floor":18.0},{"not_picked":["EmptyMind","Tantrum","ClearTheMind"],"picked":"SKIP","floor":22.0},{"not_picked":["Consecrate+1","ClearTheMind"],"picked":"Evaluate","floor":25.0},{"not_picked":["CutThroughFate","WaveOfTheHand"],"picked":"Halt","floor":27.0},{"not_picked":["Halt+1","Protect"],"picked":"CrushJoints+1","floor":28.0},{"not_picked":["Halt","Wish"],"picked":"Conclude","floor":29.0},{"not_picked":["Wish","Devotion"],"picked":"MasterReality","floor":33.0},{"not_picked":["Pray+1","ClearTheMind+1"],"picked":"Wireheading+1","floor":35.0},{"not_picked":["Evaluate","Prostrate"],"picked":"CarveReality+1","floor":36.0},{"not_picked":["WaveOfTheHand","SignatureMove"],"picked":"LikeWater","floor":41}],"player_experience":363589,"relics_obtained":[{"floor":6.0,"key":"Pear"},{"floor":8.0,"key":"Gremlin Horn"},{"floor":9.0,"key":"Juzu Bracelet"},{"floor":26.0,"key":"Bottled Tornado"},{"floor":41,"key":"Bag of Preparation"}],"event_choices":[{"damage_healed":72.0,"max_hp_gain":0.0,"max_hp_loss":72.0,"gold_gain":0.0,"event_name":"betterThird:BetterShining","player_choice":"Upgrade","floor":2.0,"gold_loss":0.0,"damage_taken":14.0,"cards_upgraded":["Vigilance","LessonLearned"]},{"damage_healed":0.0,"max_hp_gain":0.0,"max_hp_loss":0.0,"gold_gain":0.0,"event_name":"Lab","player_choice":"Got Potions","floor":20.0,"gold_loss":0.0,"damage_taken":0.0},{"cards_removed":["Strike_P"],"damage_healed":0.0,"max_hp_gain":0.0,"max_hp_loss":0.0,"gold_gain":0.0,"event_name":"betterNote:BetterNote","player_choice":"Give","floor":21.0,"gold_loss":0.0,"damage_taken":0.0,"cards_obtained":["Defend_P"]},{"cards_removed":["Strike_P"],"damage_healed":0.0,"max_hp_gain":0.0,"max_hp_loss":0.0,"gold_gain":0.0,"event_name":"Bonfire Elementals","player_choice":"Offered Basic","floor":24.0,"gold_loss":0.0,"damage_taken":0.0},{"damage_healed":0.0,"max_hp_gain":0.0,"max_hp_loss":0.0,"gold_gain":0.0,"event_name":"Ghosts","player_choice":"Ignored","floor":31.0,"gold_loss":0.0,"damage_taken":0.0},{"cards_removed":["Injury"],"damage_healed":0.0,"max_hp_gain":0.0,"max_hp_loss":0.0,"gold_gain":0.0,"event_name":"Fountain of Cleansing","player_choice":"Removed Curses","floor":37.0,"gold_loss":0.0,"damage_taken":0.0},{"damage_healed":0.0,"max_hp_gain":0.0,"max_hp_loss":0.0,"gold_gain":0.0,"event_name":"Tomb of Lord Red Mask","player_choice":"Paid","floor":39.0,"gold_loss":15.0,"damage_taken":0.0,"relics_obtained":["Red Mask"]}],"is_beta":false,"boss_relics":[{"not_picked":["Coffee Dripper","Velvet Choker"],"picked":"Cursed Key"},{"not_picked":["Busted Crown","Runic Pyramid"],"picked":"Philosopher\u0027s Stone"}],"items_purged_floors":[19],"is_endless":false,"potions_floor_spawned":[4,6,7,8,11,27,29,33,36],"killed_by":"Spire Growth","ascension_level":0}}