{"host":"c5452fuijzdtmpqe","time":1610150163,"event":{"mods":["Aspiration","BaseMod","Better Third Choice","BetterRewards","Colored Map","Colored Powertips","Downfall","Evolution","Googly Eyes","Highlight Path","Minty Spire (QoL Compilation)","Shop Mod","StSLib","SuperFastMode"],"gold_per_floor":[113,62,72,72,90,122,122,142,142,156,169,185,204,223,223,325,325,344,372,384,402,121,121,146,163,163,163,194,204,204,224,224,328,328,341,341,356,128,147,147,177,177,257,1,14,31,31,58,58,58,58,58,58,90,90,90],"floor_reached":55,"playtime":1458,"items_purged":[],"score":1075,"play_id":"4854002d-d7dd-4958-af89-1bcdb31d04ce","local_time":"20210108185603","is_ascension_mode":false,"campfire_choices":[{"data":"Glass Knife","floor":7.0,"key":"SMITH"},{"floor":15.0,"key":"RECALL"},{"data":"Infinite Blades","floor":23.0,"key":"SMITH"},{"data":"Infinite Blades","floor":30.0,"key":"SMITH"},{"data":"Accuracy","floor":32.0,"key":"SMITH"},{"data":"Blade Dance","floor":40.0,"key":"SMITH"},{"data":"Adrenaline","floor":42.0,"key":"SMITH"},{"data":"After Image","floor":47.0,"key":"SMITH"},{"data":"Cloak And Dagger","floor":49.0,"key":"SMITH"},{"data":"Deflect","floor":52.0,"key":"SMITH"}],"circlet_count":0,"master_deck":["Dagger Throw","Dagger Throw","Strike_G","Strike_G","Strike_G","Defend_G","Defend_G","Defend_G","Defend_G","Defend_G","Survivor","Neutralize","Deflect+1","Deflect","Cloak And Dagger+1","Glass Knife+1","Blade Dance+1","Backstab+1","Endless Agony+1","Backstab+1","Infinite Blades+1","After Image+1","Accuracy+1","Infinite Blades+1","RitualDagger+1","Adrenaline+1","CurseOfTheBell","Blade Dance+1","Finisher+1","Accuracy+1","Backstab+1"],"relics":["Ring of the Snake","EVO:Axolotl","Vajra","MealTicket","Molten Egg 2","WristBlade","Red Mask","Mummified Hand","Du-Vu Doll","FossilizedHelix","Calling Bell","Pen Nib","Sundial","aspiration:AnachronicSnailShell","Strange Spoon","Mercury Hourglass","HornCleat","Shuriken","Smiling Mask","aspiration:FrozenJewel"],"acts_visited":["Exordium","TheCity","TheBeyond","TheEnding"],"potions_floor_usage":[55],"damage_taken":[{"damage":0.0,"enemies":"Jaw Worm","floor":1.0,"turns":2.0},{"damage":0.0,"enemies":"Cultist","floor":3.0,"turns":3.0},{"damage":0.0,"enemies":"2 Louse","floor":5.0,"turns":2.0},{"damage":10.0,"enemies":"Lagavulin","floor":6.0,"turns":8.0},{"damage":0.0,"enemies":"Looter","floor":8.0,"turns":1.0},{"damage":0.0,"enemies":"Red Slaver","floor":10.0,"turns":1.0},{"damage":0.0,"enemies":"Exordium Thugs","floor":11.0,"turns":3.0},{"damage":0.0,"enemies":"Looter","floor":12.0,"turns":1.0},{"damage":0.0,"enemies":"Large Slime","floor":13.0,"turns":1.0},{"damage":0.0,"enemies":"Exordium Thugs","floor":14.0,"turns":3.0},{"damage":0.0,"enemies":"Slime Boss","floor":16.0,"turns":7.0},{"damage":0.0,"enemies":"Chosen","floor":18.0,"turns":2.0},{"damage":0.0,"enemies":"Masked Bandits","floor":19.0,"turns":3.0},{"damage":7.0,"enemies":"Shell Parasite","floor":20.0,"turns":2.0},{"damage":0.0,"enemies":"Chosen and Byrds","floor":21.0,"turns":4.0},{"damage":0.0,"enemies":"Gremlin Leader","floor":24.0,"turns":5.0},{"damage":0.0,"enemies":"3 Cultists","floor":25.0,"turns":3.0},{"damage":2.0,"enemies":"Slavers","floor":28.0,"turns":3.0},{"damage":0.0,"enemies":"Snecko","floor":29.0,"turns":2.0},{"damage":5.0,"enemies":"Snake Plant","floor":31.0,"turns":2.0},{"damage":15.0,"enemies":"Champ","floor":33.0,"turns":5.0},{"damage":10.0,"enemies":"3 Shapes","floor":35.0,"turns":2.0},{"damage":0.0,"enemies":"Orb Walker","floor":37.0,"turns":1.0},{"damage":0.0,"enemies":"Transient","floor":39.0,"turns":5.0},{"damage":0.0,"enemies":"Reptomancer","floor":41.0,"turns":4.0},{"damage":0.0,"enemies":"Maw","floor":45.0,"turns":4.0},{"damage":0.0,"enemies":"Sphere and 2 Shapes","floor":46.0,"turns":2.0},{"damage":0.0,"enemies":"Nemesis","floor":48.0,"turns":3.0},{"damage":21.0,"enemies":"Awakened One","floor":50.0,"turns":7.0},{"damage":0.0,"enemies":"Shield and Spear","floor":54.0,"turns":3.0},{"damage":71,"enemies":"The Heart","floor":55,"turns":5}],"seed_played":"-772485035041385513","potions_obtained":[{"floor":3.0,"key":"Guardian:BlockOnCardUsePotion"},{"floor":8.0,"key":"Block Potion"},{"floor":10.0,"key":"BlessingOfTheForge"},{"floor":24.0,"key":"Strength Potion"},{"floor":28.0,"key":"Strength Potion"},{"floor":35.0,"key":"Weak Potion"},{"floor":39.0,"key":"SpeedPotion"}],"is_trial":false,"path_per_floor":["M","$","M","?","M","E","R","M","T","M","M","M","M","M","R","B",null,"M","?","M","M","$","R","E","M","T","?","E","M","R","M","R","B",null,"M","?","M","$","M","R","E","R","T","$","M","M","R","E","R","B",null,"R","$","E","B"],"character_chosen":"THE_SILENT","items_purchased":["Vajra","Deflect","Cloak And Dagger","Mummified Hand","Infinite Blades","Strange Spoon","Finisher+1","Shuriken"],"campfire_rested":0,"item_purchase_floors":[0,0,2,22,22,38,38,44],"current_hp_per_floor":[70,70,70,70,70,60,60,60,60,60,60,60,60,60,60,60,70,70,70,63,63,70,70,70,70,70,64,62,62,62,57,57,42,70,60,60,60,70,70,70,70,70,70,70,70,70,70,70,70,49,70,70,70,70,0,0],"gold":90,"neow_bonus":"","is_daily":false,"chose_seed":false,"campfire_upgraded":9,"win_rate":0.0,"timestamp":1610150163,"path_taken":["M","$","M","?","M","E","R","M","T","M","M","M","M","M","R","BOSS","M","?","M","M","$","R","E","M","T","?","E","M","R","M","R","BOSS","M","?","?","$","M","R","E","R","T","$","M","M","R","E","R","BOSS","R","$","E","BOSS"],"items_purchased_type":["Relic","Card","Card","Relic","Card","Relic","Card","Relic"],"build_version":"2020-12-22","purchased_purges":0,"victory":false,"max_hp_per_floor":[70,70,70,70,70,70,70,70,70,70,70,70,70,70,70,70,70,70,70,70,70,70,70,70,70,70,70,70,70,70,70,70,70,70,70,70,70,70,70,70,70,70,70,70,70,70,70,70,70,70,70,70,70,70,70,70],"card_choices":[{"not_picked":["Acrobatics","Backflip"],"picked":"Deflect","floor":1.0},{"not_picked":["Deadly Poison","Prepared"],"picked":"Glass Knife","floor":3.0},{"not_picked":["Acrobatics","Flying Knee","Riddle With Holes"],"picked":"SKIP","floor":5.0},{"not_picked":["Flying Knee","Acrobatics"],"picked":"Blade Dance","floor":6.0},{"not_picked":["Eviscerate","Deflect","Dodge and Roll"],"picked":"SKIP","floor":8.0},{"not_picked":["Masterful Stab+1","Prepared"],"picked":"Backstab+1","floor":10.0},{"not_picked":["Finisher+1","Dagger Spray+1"],"picked":"Endless Agony+1","floor":11.0},{"not_picked":["Deadly Poison","Blur"],"picked":"Backstab+1","floor":12.0},{"not_picked":["Outmaneuver","Acrobatics"],"picked":"Infinite Blades","floor":13.0},{"not_picked":["Distraction","Noxious Fumes","Backflip"],"picked":"SKIP","floor":14.0},{"not_picked":["Wraith Form v2","Unload+1"],"picked":"After Image","floor":16.0},{"not_picked":["Distraction","Acrobatics+1"],"picked":"Accuracy","floor":18.0},{"not_picked":["Flying Knee+1","Backflip","Dagger Spray+1"],"picked":"SKIP","floor":20.0},{"not_picked":["Calculated Gamble+1","Dagger Throw+1","Catalyst+1"],"picked":"SKIP","floor":21.0},{"not_picked":["Flying Knee+1","Well Laid Plans+1","Unload+1"],"picked":"SKIP","floor":24.0},{"not_picked":["Quick Slash+1","Bane+1","Skewer+1"],"picked":"SKIP","floor":25.0},{"not_picked":["Sucker Punch+1","Dagger Throw+1","PiercingWail"],"picked":"SKIP","floor":28.0},{"not_picked":["Masterful Stab+1","PiercingWail","Well Laid Plans"],"picked":"SKIP","floor":29.0},{"not_picked":["PiercingWail","Bane+1","Dagger Spray+1"],"picked":"SKIP","floor":31.0},{"not_picked":["Phantasmal Killer","Die Die Die+1"],"picked":"Adrenaline","floor":33.0},{"not_picked":["Noxious Fumes","Bane+1","Outmaneuver+1"],"picked":"SKIP","floor":35.0},{"not_picked":["Deflect","Outmaneuver"],"picked":"Blade Dance+1","floor":37.0},{"not_picked":["Catalyst","Dagger Spray+1","Well Laid Plans"],"picked":"SKIP","floor":39.0},{"not_picked":["Flechettes+1","Quick Slash+1","Bane+1"],"picked":"SKIP","floor":41.0},{"not_picked":["Doppelganger","Deflect+1"],"picked":"Accuracy+1","floor":45.0},{"not_picked":["PiercingWail+1","Well Laid Plans+1","Finisher+1"],"picked":"SKIP","floor":46.0},{"not_picked":["Deadly Poison","Outmaneuver+1","Dagger Throw+1"],"picked":"SKIP","floor":48.0},{"not_picked":["Catalyst","Caltrops+1"],"picked":"Backstab+1","floor":54.0}],"player_experience":509092,"relics_obtained":[{"floor":6.0,"key":"MealTicket"},{"floor":9.0,"key":"Molten Egg 2"},{"floor":19.0,"key":"Red Mask"},{"floor":24.0,"key":"Du-Vu Doll"},{"floor":28.0,"key":"FossilizedHelix"},{"floor":34.0,"key":"Pen Nib"},{"floor":34.0,"key":"Sundial"},{"floor":34.0,"key":"aspiration:AnachronicSnailShell"},{"floor":41.0,"key":"Mercury Hourglass"},{"floor":43.0,"key":"HornCleat"},{"floor":48.0,"key":"Smiling Mask"},{"floor":54.0,"key":"aspiration:FrozenJewel"}],"event_choices":[{"damage_healed":0.0,"max_hp_gain":0.0,"max_hp_loss":0.0,"gold_gain":0.0,"event_name":"NoteForYourself","player_choice":"Ignored","floor":4.0,"gold_loss":0.0,"damage_taken":0.0},{"damage_healed":0.0,"max_hp_gain":0.0,"max_hp_loss":0.0,"gold_gain":0.0,"event_name":"Masked Bandits","player_choice":"Fought Bandits","floor":19.0,"gold_loss":0.0,"damage_taken":0.0},{"damage_healed":0.0,"max_hp_gain":0.0,"max_hp_loss":0.0,"gold_gain":0.0,"event_name":"betterThird:BetterNest","player_choice":"Dagger","floor":27.0,"gold_loss":0.0,"damage_taken":6.0,"cards_obtained":["RitualDagger"]},{"damage_healed":0.0,"max_hp_gain":0.0,"max_hp_loss":0.0,"gold_gain":0.0,"event_name":"Transmorgrifier","player_choice":"Ignored","floor":36.0,"gold_loss":0.0,"damage_taken":0.0}],"is_beta":false,"boss_relics":[{"not_picked":["Snecko Eye","Pandora\u0027s Box"],"picked":"WristBlade"},{"not_picked":["Velvet Choker","Astrolabe"],"picked":"Calling Bell"}],"items_purged_floors":[],"is_endless":false,"potions_floor_spawned":[3,8,10,12,16,19,21,24,28,29,35,39,41,46,48],"killed_by":"The Heart","ascension_level":0}}