{"host":"aav8addp4mncoxty","time":1610120483,"event":{"mods":["AchievementEnabler","Act Like it!","BaseMod","CapriCore","GungeonMod","Hallownest","Hermit","Koishi","Lobotomy","Marisa£¨Ùöéë¡¡Øª×âÞÞ£©","Minty Spire (QoL Compilation)","Reimu£¨ÚÏ???£©","Replay The Spire","StSLib","Td1madao Mod","The Animator","The Bug Knight","The Cursed","The Jungle","The Runesmith","WarShipGirlsR/??á´Ò³R mod"],"gold_per_floor":[279,204,90,125,190,190,200,200,200,200,251,265,299,299,299,403,403,417,417,417,153,168,168,184,184,211,211,211,238,250,262,274,435,447,474,486,515,588,297,297,316,316,341,56,70,70,70,57,57,57],"floor_reached":51,"playtime":5785,"items_purged":[],"score":620,"play_id":"fe4be81f-468c-405b-b367-9e45206192d1","local_time":"20210109004123","is_ascension_mode":false,"campfire_choices":[{"floor":15.0,"key":"REST"},{"floor":40,"key":"RECALL"},{"data":"1","floor":49,"key":"LIFT"}],"circlet_count":0,"master_deck":["SpecialBullet","SpecialBullet","SpecialBullet","SpecialBullet","SpecialBullet","SpecialBullet","SpecialBullet","InformationCode","ControlCode","TrainingCode","Harmony","OldLady","Noise+1","Lamp+13","Penitence","Rudolta","SecurityCode","Horn","OSAHOGD","Amita","Bloodbath","Harvest","ReplayTheSpireMod:Brewmster+1","UniverseFragment","ParadiseLost","Penitence+1","Wellcheers","InTheNameOfLoveAndHate+1","Good Instincts","Wingbeat","WallGazer","BlackSwan_ego","Pinks","Justitia","WristCuter+1","TodaysExpression","Pot Of Greed+1","Pot Of Greed","Pot Of Greed","Pot Of Greed","Twilight","Flash of Steel","TT2Protocol","RedEyes"],"relics":["CogitoBucket","Hallownest:BankAccountRelic","DemoMod:GnawedKey","Girya","Blue Candle","Ancient Tea Set","Garlic","Fusion Hammer","ChangeAnything","Vajra","ReplayFunnel","MawBank","ReplayTheSpireMod:Ring of Challenge","Ring of Searing","DemoMod:PoisonVial","Calling Bell","Runesmith:Locket","Snack Pack","Bag of Marbles","Runesmith:AutoHammer","Toy Ornithopter","Grinning Jar","War Paint","Sundial"],"acts_visited":["Exordium","TheCity","TheBeyond"],"potions_floor_usage":[18,18,18,18,18,18,18,18,22,24,29,33,33,33,33,35,35,35,35,35,35,35,41,47,50,50,50,50,50,50,51,51,51,51,51,51,51,51,51,51,51],"damage_taken":[{"damage":8.0,"enemies":"2_ Uuma","floor":1.0,"turns":4.0},{"damage":16.0,"enemies":"Hallownest:eliteMossKnight","floor":4.0,"turns":4.0},{"damage":8.0,"enemies":"Hallownest:2_Baldur","floor":7.0,"turns":2.0},{"damage":4.0,"enemies":"Hallownest:2_MossCreeps","floor":12.0,"turns":4.0},{"damage":29.0,"enemies":"Hallownest:eliteMossKnight","floor":13.0,"turns":7.0},{"damage":33.0,"enemies":"Hallownest:BossHornet","floor":16.0,"turns":10.0},{"damage":32,"enemies":"2 Thieves","floor":18,"turns":11},{"damage":13,"enemies":"Shell Parasite","floor":22,"turns":4},{"damage":8,"enemies":"Shelled Parasite and Fungi","floor":24,"turns":3},{"damage":20,"enemies":"Replay:Snechameleon","floor":29,"turns":4},{"damage":93,"enemies":"Automaton","floor":33,"turns":11},{"damage":56,"enemies":"3 Shapes","floor":35,"turns":9},{"damage":10,"enemies":"3 Darklings","floor":37,"turns":3},{"damage":5,"enemies":"Jaw Worm Horde","floor":41,"turns":2},{"damage":5,"enemies":"Writhing Mass","floor":45,"turns":2},{"damage":17,"enemies":"R_Hoarder","floor":47,"turns":4},{"damage":63,"enemies":"Replay:Hell Engine","floor":50,"turns":7},{"damage":63,"enemies":"Malkuth","floor":51,"turns":6},{"damage":76,"enemies":"Netzach","floor":51,"turns":10}],"seed_played":"-50460492775096556","potions_obtained":[{"floor":1.0,"key":"SteroidPotion"},{"floor":12.0,"key":"AttackPotion"},{"floor":13.0,"key":"Adrenaline Potion"},{"floor":24,"key":"AttackPotion"},{"floor":29,"key":"Strength Potion"},{"floor":38,"key":"Doom Potion"},{"floor":45,"key":"BlessingOfTheForge"},{"floor":47,"key":"SkillPotion"}],"is_trial":false,"path_per_floor":["M","?","$","?","?","R","M","R","T","R","T","M","E","?","R","B",null,"M","?","?","$","M","R","M","R","T","R","?","E","?","T","R","B",null,"M","?","M","?","$","R","M","R","T","$","M","R","E","$","R","B",null],"character_chosen":"Angela","items_purchased":["DemoMod:GnawedKey","Noise+1","Vajra","Adrenaline Potion","Good Instincts","Toy Ornithopter","DemoMod:LeadSkinPotion","Grinning Jar","Twilight","War Paint","Flash of Steel","RedEyes"],"campfire_rested":1,"item_purchase_floors":[3,3,21,21,21,39,39,39,44,44,44,48],"current_hp_per_floor":[62,62,62,46,46,46,38,38,38,38,38,42,21,21,42,21,70,54,54,54,54,62,62,70,70,70,70,70,70,70,70,70,48,70,70,70,70,70,70,70,70,70,70,70,70,70,70,70,70,70],"gold":57,"neow_bonus":"TRANSFORM_CARD","is_daily":false,"chose_seed":false,"campfire_upgraded":0,"win_rate":0.0,"timestamp":1610120483,"path_taken":["M","?","$","?","?","R","M","R","T","R","?","?","E","?","R","BOSS","M","?","?","$","M","R","?","R","T","R","?","E","?","?","R","BOSS","M","?","M","?","$","R","M","R","T","?","?","R","E","$","R","BOSS"],"items_purchased_type":["Relic","Card","Relic","Potion","Card","Relic","Undefined","Relic","Card","Relic","Card","Card"],"build_version":"2020-12-22","purchased_purges":0,"victory":true,"max_hp_per_floor":[70,70,70,70,70,70,70,70,70,70,70,70,70,70,70,70,70,70,70,70,70,70,70,70,70,70,70,70,70,70,70,70,70,70,70,70,70,70,70,70,70,70,70,70,70,70,70,70,70,70],"card_choices":[{"not_picked":["BlackSwan","SpiderBud"],"picked":"OldLady","floor":1.0},{"not_picked":["TodaysExpression","Logging"],"picked":"SKIP","floor":1.0},{"not_picked":["Soda"],"picked":"Lamp","floor":4.0},{"not_picked":["RedEyes"],"picked":"Penitence","floor":7.0},{"not_picked":["MeatLantern","SpiderBud"],"picked":"Rudolta","floor":7.0},{"not_picked":["Twilight"],"picked":"Horn","floor":12.0},{"not_picked":["ShyLook","VoidDream"],"picked":"OSAHOGD","floor":12.0},{"not_picked":["SomewhereSpear"],"picked":"Amita","floor":13.0},{"not_picked":["WhitesApple","VoidDream"],"picked":"Bloodbath","floor":13.0},{"not_picked":["SomewhereSpear"],"picked":"Harvest","floor":14.0},{"not_picked":["Panacea"],"picked":"ReplayTheSpireMod:Brewmster","floor":14.0},{"not_picked":["VoidDream","MHz"],"picked":"UniverseFragment","floor":16.0},{"not_picked":["Twilight"],"picked":"ParadiseLost","floor":16.0},{"not_picked":["Pleasure"],"picked":"Penitence+1","floor":18},{"not_picked":["CherryBlossoms","MHz"],"picked":"Wellcheers","floor":18},{"not_picked":["TheSmile"],"picked":"Wingbeat","floor":22},{"not_picked":["VoidDream","FairyFestival"],"picked":"WallGazer","floor":22},{"not_picked":["TodaysExpression"],"picked":"BlackSwan_ego","floor":24},{"not_picked":["BlackSwan_ego"],"picked":"Pinks","floor":29},{"not_picked":["SoundOfStar"],"picked":"Justitia","floor":33},{"not_picked":["CUTE+1"],"picked":"WristCuter+1","floor":35},{"not_picked":["FeatherOfHonor","Christmas"],"picked":"SKIP","floor":37},{"not_picked":["CherryBlossom+1"],"picked":"TodaysExpression","floor":38},{"not_picked":["SolemnVow","Tough"],"picked":"SKIP","floor":41},{"not_picked":["SolemnVow","Tough"],"picked":"SKIP","floor":41},{"not_picked":["Reverberation","Harmony"],"picked":"SKIP","floor":45},{"not_picked":["Mimicry","WristCuter+1"],"picked":"SKIP","floor":47}],"player_experience":212324,"relics_obtained":[{"floor":4.0,"key":"Girya"},{"floor":9.0,"key":"Blue Candle"},{"floor":11.0,"key":"Ancient Tea Set"},{"floor":13.0,"key":"Garlic"},{"floor":26,"key":"ReplayFunnel"},{"floor":29,"key":"MawBank"},{"floor":30,"key":"ReplayTheSpireMod:Ring of Challenge"},{"floor":30,"key":"Ring of Searing"},{"floor":31,"key":"DemoMod:PoisonVial"},{"floor":34,"key":"Runesmith:Locket"},{"floor":34,"key":"Snack Pack"},{"floor":34,"key":"Bag of Marbles"},{"floor":38,"key":"Runesmith:AutoHammer"},{"floor":47,"key":"Sundial"}],"event_choices":[{"damage_healed":0,"gold_gain":0,"player_choice":"Read","damage_taken":0,"max_hp_gain":0,"max_hp_loss":0,"event_name":"The Library","floor":19,"gold_loss":0,"cards_obtained":["InTheNameOfLoveAndHate"]},{"damage_healed":0,"gold_gain":0,"player_choice":"Upgraded","damage_taken":0,"max_hp_gain":0,"max_hp_loss":0,"event_name":"Upgrade Shrine","floor":20,"gold_loss":0,"cards_upgraded":["ReplayTheSpireMod:Brewmster"]},{"damage_healed":0,"gold_gain":0,"player_choice":"Ignored","damage_taken":0,"max_hp_gain":0,"max_hp_loss":0,"event_name":"Tomb of Lord Red Mask","floor":36,"gold_loss":0}],"is_beta":false,"boss_relics":[{"not_picked":["Replay:Fungal Core","Replay:Wanted Poster"],"picked":"Fusion Hammer"},{"not_picked":["Snecko Eye","ReplayTheSpireMod:DimensionalGlitch"],"picked":"Calling Bell"}],"items_purged_floors":[],"is_endless":false,"potions_floor_spawned":[1,12,13,24,29,33,45,47],"ascension_level":0}}