{"host":"njruw0b0uprlitpx","time":1610102350,"event":{"mods":["2.2 Compatiblity","Bartender","BaseMod","Better Altar","Better Match","Better Note","Better Sensory Stone","Better Skull","Better Third Choice","BetterRewards","Block Reminder","Colored Map","Colored Powertips","Energized Spire","Jedi Mod","Keyboard Shortcuts","Minty Spire (QoL Compilation)","Quick Restart","Rare Cards Sparkle","Relic Stats","Replay The Spire","SacredBarkPlus","Shade Mod","Spicy Shops","StSLib","SuperFastMode","The Blackbeard","The Bug Knight","The Construct","The Dragon Tamer","The Forsaken","The Gatherer","The Mystic","The Runesmith","Wandering Minibosses"],"gold_per_floor":[118,118,136,7,26,26,26,54,54,82,94,94,4,20,20,115,115,130,150,39,39,39,39,39,39,39,39,39,39,39,39,39,39,39,39,84,100,115,26,54,66,66,144,69,84,84,137,149,149,149],"floor_reached":51,"playtime":1863,"items_purged":["betterMatch:CurseCard"],"score":1530,"play_id":"e074964d-8a67-46da-9258-c25dc5390571","local_time":"20210108043910","is_ascension_mode":true,"campfire_choices":[{"data":"theForsaken:FuryStrikes","floor":6,"key":"SMITH"},{"floor":12,"key":"REST"},{"data":"theForsaken:SacredOath","floor":15,"key":"SMITH"},{"data":"theForsaken:Horror","floor":23,"key":"SMITH"},{"data":"theForsaken:Eulogy","floor":23,"key":"SMITH"},{"data":"theForsaken:Confusion","floor":32,"key":"SMITH"},{"data":"theForsaken:SacrificeSoul","floor":32,"key":"SMITH"},{"floor":42,"key":"REST"},{"floor":46,"key":"REST"},{"floor":49,"key":"REST"}],"circlet_count":0,"master_deck":["theForsaken:TheForsaken_Strike+1","theForsaken:TheForsaken_Strike","theForsaken:TheForsaken_Strike+1","theForsaken:TheForsaken_Strike","theForsaken:TheForsaken_Defend","theForsaken:TheForsaken_Defend","theForsaken:TheForsaken_Defend","theForsaken:TheForsaken_Defend","theForsaken:Smite","theForsaken:Penitence","Flash of Steel","theForsaken:AncientWords","theForsaken:ScorchingSunlight","theForsaken:FuryStrikes+1","theForsaken:Eulogy+1","theForsaken:Tranquility+1","theForsaken:ShieldCharge","theForsaken:SacredOath+1","theForsaken:SacrificeSoul+1","theForsaken:CowardsBrand","theForsaken:Horror+1","theForsaken:Thunderbolt","theForsaken:PreciseStrike","theForsaken:FuryStrikes+1","theForsaken:LightRoll+1","theForsaken:Retribution","Shade:PotionOfRestlessness","Doubt","theForsaken:CleansingLight","theForsaken:Confusion+1","theForsaken:Prudence","theForsaken:FatRoll","Regret","theForsaken:Mantra","theForsaken:ScorchingSunlight+1","theForsaken:InspiringBlow+1"],"relics":["theForsaken:ScalesOfTruth","jedi:kaleidoscope","jedi:archwizardhat","ReplayTheSpireMod:CursedCoin","jedi:firstaidkit","Gremlin Food","CultistMask","Bag of Marbles","Blue Candle","Pantograph","Strawberry","jedi:ominousloannote","Replay:Arrowhead","Counterbalance","Orrery","Ring of Hypnosis","Replay:Baseball","Bronze Scales","Toy Ornithopter","Dream Catcher","Sozu","theForsaken:Kindling","Pear","Boot"],"acts_visited":["Exordium","TheCity","TheBeyond"],"potions_floor_usage":[8,10,16,16,24,33,41],"damage_taken":[{"damage":0,"enemies":"2 Louse","floor":1,"turns":2},{"damage":0,"enemies":"Cultist","floor":3,"turns":2},{"damage":0,"enemies":"Jaw Worm","floor":5,"turns":2},{"damage":10,"enemies":"3 Sentries","floor":8,"turns":3},{"damage":20,"enemies":"Lagavulin","floor":10,"turns":5},{"damage":0,"enemies":"Exordium Thugs","floor":11,"turns":2},{"damage":1,"enemies":"Red Slaver","floor":14,"turns":2},{"damage":0,"enemies":"Slime Boss","floor":16,"turns":3},{"damage":0,"enemies":"Chosen","floor":18,"turns":1},{"damage":20,"enemies":"3 Byrds","floor":19,"turns":4},{"damage":32,"enemies":"Slavers","floor":24,"turns":4},{"damage":1,"enemies":"Gremlin Leader","floor":27,"turns":4},{"damage":8,"enemies":"Snecko","floor":29,"turns":3},{"damage":21,"enemies":"Snake Plant","floor":30,"turns":4},{"damage":1,"enemies":"Sentry and Sphere","floor":31,"turns":3},{"damage":28,"enemies":"Champ","floor":33,"turns":4},{"damage":6,"enemies":"Orb Walker","floor":35,"turns":2},{"damage":1,"enemies":"3 Darklings","floor":37,"turns":4},{"damage":11,"enemies":"Maw","floor":38,"turns":5},{"damage":46,"enemies":"Nemesis","floor":40,"turns":5},{"damage":12,"enemies":"Sphere and 2 Shapes","floor":41,"turns":3},{"damage":21,"enemies":"Spire Growth","floor":45,"turns":3},{"damage":3,"enemies":"Maw","floor":48,"turns":6},{"damage":62,"enemies":"Awakened One","floor":50,"turns":11}],"seed_played":"-4428004046835125303","potions_obtained":[{"floor":1,"key":"GamblersBrew"},{"floor":7,"key":"CultistPotion"},{"floor":7,"key":"jedi:StrikingPotion"},{"floor":8,"key":"Reflective Coating"},{"floor":10,"key":"SkillPotion"},{"floor":16,"key":"ColorlessPotion"},{"floor":19,"key":"jedi:mysterypotion"},{"floor":24,"key":"Doom Potion"},{"floor":27,"key":"SpeedPotion"},{"floor":30,"key":"Venom Potion"}],"is_trial":false,"path_per_floor":["M","?","M","$","M","R","?","E","T","E","M","R","$","M","R","B",null,"M","M","$","?","?","R","E","T","T","E","$","M","M","M","R","B",null,"M","?","M","M","$","E","M","R","T","?","M","R","T","M","R","B",null],"character_chosen":"THE_FORSAKEN","items_purchased":["Flash of Steel","theForsaken:AncientWords","PowerPotion","jedi:archwizardhat","theForsaken:ScorchingSunlight","ReplayTheSpireMod:CursedCoin","theForsaken:FuryStrikes","jedi:firstaidkit","Gremlin Food","theForsaken:Tranquility+1","Bag of Marbles","theForsaken:SacrificeSoul","theForsaken:CowardsBrand","jedi:ominousloannote","Replay:Arrowhead","Counterbalance","Orrery","theForsaken:Mantra"],"campfire_rested":4,"item_purchase_floors":[0,0,0,0,0,0,0,0,0,4,4,13,13,20,20,20,20,39],"current_hp_per_floor":[61,61,63,63,63,63,63,57,57,52,52,72,72,71,71,72,72,72,71,71,71,71,71,56,56,56,55,55,47,58,57,57,48,66,60,60,59,48,48,9,2,28,38,38,20,51,51,53,85,53],"gold":149,"neow_bonus":"","is_daily":false,"chose_seed":false,"campfire_upgraded":6,"win_rate":0.0,"timestamp":1610102350,"path_taken":["M","?","?","$","M","R","?","E","T","E","?","R","?","M","R","BOSS","M","M","$","?","?","R","E","?","T","E","$","M","M","M","R","BOSS","M","?","M","?","$","E","M","R","T","?","M","R","?","M","R","BOSS"],"items_purchased_type":["Card","Card","Potion","Relic","Card","Relic","Card","Relic","Relic","Card","Relic","Card","Card","Relic","Relic","Relic","Relic","Card"],"build_version":"2020-12-22","purchased_purges":1,"victory":true,"max_hp_per_floor":[65,65,65,65,65,65,65,65,65,72,72,72,72,72,72,72,72,72,72,72,72,72,72,72,72,72,72,72,72,72,72,72,72,72,72,72,72,72,72,72,72,77,87,87,87,92,92,92,97,97],"relic_stats":{"Sozu":3,"Dream Catcher":3,"counters":[45,181],"Blue Candle":[14],"Pantograph":28,"Bronze Scales":[126],"Boot":[0],"obtain_stats":[{"Lantern":10,"Regal Pillow":46,"Vajra":19,"Juzu Bracelet":26,"jedi:archwizardhat":0,"PrismaticShard":5,"Boot":47,"jedi:shrinkray":29,"Replay:Wanted Poster":34,"Sozu":34,"Frozen Eye":38,"Replay:Bandana":41,"Dream Catcher":27,"jedi:firstaidkit":0,"theForsaken:Kindling":40,"Gambling Chip":0,"Pantograph":9,"Strawberry":10,"Genji_Glove":41,"Chemical X":0,"Kunai":19,"Toxic Egg 2":9,"Gremlin Food":0,"BargainBundle":41,"Pear":6,"Ring of Hypnosis":22,"ReplayTheSpireMod:CursedCoin":0,"Astrolabe":17,"Blue Candle":8,"Counterbalance":20,"jedi:gremlinknob":38,"Eternal Feather":24,"theForsaken:ScalesOfTruth":17,"Replay:Arrowhead":20,"Replay:Baseball":41,"jedi:kaleidoscope":0,"jedi:ominousloannote":20,"Bronze Scales":25,"Orrery":20,"CultistMask":2,"Snack Pack":45,"Bag of Marbles":4,"theForsaken:JudgementScales":0,"Toy Ornithopter":26},{"Lantern":5,"Regal Pillow":18,"Vajra":11,"Juzu Bracelet":12,"jedi:archwizardhat":21,"PrismaticShard":2,"Boot":43,"jedi:shrinkray":14,"Replay:Wanted Poster":16,"Sozu":37,"Frozen Eye":17,"Replay:Bandana":17,"Dream Catcher":33,"jedi:firstaidkit":21,"theForsaken:Kindling":41,"Gambling Chip":0,"Pantograph":25,"Strawberry":26,"Genji_Glove":17,"Chemical X":0,"Kunai":11,"Toxic Egg 2":5,"Gremlin Food":21,"BargainBundle":17,"Pear":3,"Ring of Hypnosis":31,"ReplayTheSpireMod:CursedCoin":21,"Astrolabe":10,"Blue Candle":25,"Counterbalance":31,"jedi:gremlinknob":17,"Eternal Feather":12,"theForsaken:ScalesOfTruth":29,"Replay:Arrowhead":31,"Replay:Baseball":17,"jedi:kaleidoscope":21,"jedi:ominousloannote":31,"Bronze Scales":32,"Orrery":31,"CultistMask":22,"Snack Pack":17,"Bag of Marbles":23,"theForsaken:JudgementScales":0,"Toy Ornithopter":32},{"Lantern":14,"Regal Pillow":81,"Vajra":43,"Juzu Bracelet":48,"jedi:archwizardhat":94,"PrismaticShard":7,"Boot":164,"jedi:shrinkray":58,"Replay:Wanted Poster":71,"Sozu":142,"Frozen Eye":76,"Replay:Bandana":76,"Dream Catcher":128,"jedi:firstaidkit":94,"theForsaken:Kindling":158,"Gambling Chip":0,"Pantograph":103,"Strawberry":108,"Genji_Glove":76,"Chemical X":0,"Kunai":43,"Toxic Egg 2":14,"Gremlin Food":94,"BargainBundle":76,"Pear":11,"Ring of Hypnosis":120,"ReplayTheSpireMod:CursedCoin":94,"Astrolabe":36,"Blue Candle":103,"Counterbalance":120,"jedi:gremlinknob":76,"Eternal Feather":48,"theForsaken:ScalesOfTruth":115,"Replay:Arrowhead":120,"Replay:Baseball":76,"jedi:kaleidoscope":94,"jedi:ominousloannote":120,"Bronze Scales":124,"Orrery":120,"CultistMask":96,"Snack Pack":76,"Bag of Marbles":98,"theForsaken:JudgementScales":0,"Toy Ornithopter":124}],"Toy Ornithopter":5},"card_choices":[{"not_picked":["theForsaken:PowerUp","theForsaken:RainingSunlight"],"picked":"theForsaken:Eulogy","floor":1},{"not_picked":["theForsaken:HorrifyingStrike","theForsaken:CreepingInfection","theForsaken:BindingThorns"],"picked":"SKIP","floor":3},{"not_picked":["theForsaken:Backlash","theForsaken:CreepingInfection"],"picked":"theForsaken:ShieldCharge","floor":5},{"not_picked":["theForsaken:HymnOfPatience","theForsaken:Eulogy","theForsaken:Backlash"],"picked":"SKIP","floor":8},{"not_picked":["theForsaken:CleansingLight","theForsaken:CorruptedWord"],"picked":"theForsaken:SacredOath","floor":10},{"not_picked":["theForsaken:Devotion","theForsaken:ChargeAttack","theForsaken:CreepingInfection"],"picked":"SKIP","floor":11},{"not_picked":["theForsaken:PowerUp","theForsaken:HymnOfPatience","theForsaken:HorrifyingStrike"],"picked":"SKIP","floor":14},{"not_picked":["theForsaken:SacredOath","theForsaken:SpreadingPlague"],"picked":"theForsaken:Horror","floor":16},{"not_picked":["theForsaken:PowerUp","theForsaken:ShieldCharge"],"picked":"theForsaken:Thunderbolt","floor":18},{"not_picked":["theForsaken:Eulogy","theForsaken:HorrifyingStrike"],"picked":"theForsaken:PreciseStrike","floor":19},{"not_picked":["theForsaken:PowerUp","theForsaken:Backlash"],"picked":"theForsaken:FuryStrikes+1","floor":20},{"not_picked":["theForsaken:BottledPlague","theForsaken:PanicDive+1"],"picked":"theForsaken:LightRoll","floor":20},{"not_picked":["theForsaken:SpinAttack","theForsaken:ScorchingSunlight"],"picked":"theForsaken:Retribution","floor":20},{"not_picked":["theForsaken:BlindFaith+1","theForsaken:ShieldCharge","theForsaken:SolarFlare"],"picked":"SKIP","floor":24},{"not_picked":["theForsaken:Backlash+1","theForsaken:NobleSacrifice"],"picked":"theForsaken:CleansingLight","floor":27},{"not_picked":["theForsaken:CreepingInfection+1","theForsaken:Parry","theForsaken:Eulogy"],"picked":"SKIP","floor":29},{"not_picked":["theForsaken:Preservation","theForsaken:RainingSunlight","theForsaken:HymnOfPatience"],"picked":"SKIP","floor":30},{"not_picked":["theForsaken:HealingLight+1","theForsaken:WardingHymn"],"picked":"theForsaken:Confusion","floor":31},{"not_picked":["theForsaken:Confusion","theForsaken:FountainOfLife"],"picked":"theForsaken:Prudence","floor":33},{"not_picked":["theForsaken:ShieldCharge+1","theForsaken:HorrifyingStrike+1"],"picked":"theForsaken:FatRoll","floor":35},{"not_picked":["theForsaken:BottledPlague+1","theForsaken:StoreUp","theForsaken:Parry+1"],"picked":"SKIP","floor":37},{"not_picked":["theForsaken:MagicWeapon+1","theForsaken:HorrifyingStrike+1","theForsaken:RainingSunlight+1"],"picked":"SKIP","floor":38},{"not_picked":["theForsaken:PanicDive+1","theForsaken:CorruptDeck","theForsaken:ScorchingSunlight"],"picked":"SKIP","floor":40},{"not_picked":["theForsaken:RainingSunlight","theForsaken:LightRoll+1","theForsaken:Preservation"],"picked":"SKIP","floor":41},{"not_picked":["theForsaken:HymnOfPatience+1","theForsaken:Backlash+1"],"picked":"theForsaken:ScorchingSunlight+1","floor":44},{"not_picked":["theForsaken:Parry+1","theForsaken:StoreUp","theForsaken:CreepingInfection+1"],"picked":"SKIP","floor":45},{"not_picked":["theForsaken:Backlash","theForsaken:CorruptedForm"],"picked":"theForsaken:InspiringBlow","floor":48}],"player_experience":1751696,"relics_obtained":[{"floor":8,"key":"Blue Candle"},{"floor":9,"key":"Pantograph"},{"floor":10,"key":"Strawberry"},{"floor":22,"key":"Ring of Hypnosis"},{"floor":24,"key":"Replay:Baseball"},{"floor":25,"key":"Bronze Scales"},{"floor":26,"key":"Toy Ornithopter"},{"floor":27,"key":"Dream Catcher"},{"floor":40,"key":"theForsaken:Kindling"},{"floor":43,"key":"Pear"},{"floor":47,"key":"Boot"}],"event_choices":[{"damage_healed":0,"gold_gain":0,"player_choice":"Trade","damage_taken":0,"relics_obtained":["CultistMask"],"max_hp_gain":0,"max_hp_loss":0,"event_name":"FaceTrader","floor":2,"gold_loss":0},{"damage_healed":0,"gold_gain":0,"player_choice":"Got Potions","damage_taken":0,"max_hp_gain":0,"max_hp_loss":0,"event_name":"Lab","floor":7,"gold_loss":0},{"cards_removed":["theForsaken:SacredOath"],"damage_healed":0,"gold_gain":0,"player_choice":"Take \u0026 Give","damage_taken":0,"max_hp_gain":0,"max_hp_loss":0,"event_name":"betterNote:BetterNote","floor":21,"gold_loss":0,"cards_obtained":["Shade:PotionOfRestlessness"]},{"damage_healed":0,"gold_gain":275,"player_choice":"Desecrate","damage_taken":0,"max_hp_gain":0,"max_hp_loss":0,"event_name":"Golden Shrine","floor":36,"gold_loss":0,"cards_obtained":["Regret"]},{"damage_healed":0,"gold_gain":0,"player_choice":"2","damage_taken":0,"max_hp_gain":0,"max_hp_loss":0,"event_name":"betterMatch:BetterMatch","floor":44,"gold_loss":0,"cards_obtained":["betterMatch:CommonCard"]}],"is_beta":false,"boss_relics":[{"not_picked":["SacredBark","jedi:hotpepper"],"picked":"theForsaken:ScalesOfTruth"},{"not_picked":["Tiny House","SlaversCollar"],"picked":"Sozu"}],"items_purged_floors":[0],"is_endless":false,"potions_floor_spawned":[1,8,10,16,19,24,27,30,37,40,41],"ascension_level":9}}