{"host":"30p6vp5e6xgjixv6","time":1610069081,"event":{"mods":["AchievementEnabler","BaseMod","Better Match","Better Note","BetterRewards","Colored Map","Colored Powertips","Downfall","Gremlin Skip","Minty Spire (QoL Compilation)","Quick Restart","Rare Cards Sparkle","Relic Filter","StSLib","The IronCluck"],"gold_per_floor":[99,119,119,119,3,14,14,27,47,60,76,102,102,128,147,245,245,170,182,201,201,201,201,201,235,246,346,37,50,50,68,84,183,183,108,126,126,145,163,188,214,233,233,247,247,261,186,219,237,237],"floor_reached":51,"playtime":3174,"items_purged":["Pain"],"score":720,"play_id":"2adc8f92-b232-434c-b0d4-2c7a920ad199","local_time":"20210107202441","is_ascension_mode":false,"campfire_choices":[{"data":"Guardian:TwinSlam","floor":1,"key":"SMITH"},{"data":"Guardian:Repulse","floor":13,"key":"SMITH"},{"data":"Guardian:SpikerProtocol","floor":18,"key":"SMITH"},{"floor":23,"key":"RECALL"},{"data":"Guardian:SpikerProtocol","floor":30,"key":"SMITH"},{"data":"Guardian:ArmoredProtocol","floor":35,"key":"SMITH"},{"data":"expansioncontent:DefensiveStance","floor":47,"key":"SMITH"}],"circlet_count":0,"master_deck":["Guardian:Strike_Guardian","Guardian:Strike_Guardian","Guardian:Strike_Guardian","Guardian:Defend_Guardian","Guardian:Defend_Guardian","Guardian:Defend_Guardian","Guardian:Defend_Guardian","Guardian:CurlUp","Guardian:TwinSlam+1","Guardian:SentryBeam","Guardian:Repulse+1","Guardian:CrystalBeam","Guardian:PrimingBeam","Guardian:PiercingHide","Guardian:SpikerProtocol+1","Guardian:ArmoredProtocol+1","Guardian:Planning","Guardian:RevengeProtocol","Guardian:Recover","Guardian:TimeCapacitor","Guardian:SpikerProtocol+1","Guardian:Repulse","Guardian:FuturePlans","Guardian:AncientConstruct","Guardian:RollAttack+1","expansioncontent:DefensiveStance+1","Guardian:DonusPower+1"],"relics":["Guardian:ModeShifter","Bird Faced Urn","Unceasing Top","WarpedTongs","Akabeko","Matryoshka","Anchor","Black Star","downfall:HeartBlessingGreen","Juzu Bracelet","Mummified Hand","PreservedInsect","InkBottle","Torii","Philosopher\u0027s Stone","downfall:HeartBlessingRed","Happy Flower","Gremlin Horn","Bronze Scales","PrismaticShard","downfall:HeartBlessingBlue","Vajra","Potion Belt"],"acts_visited":["Exordium","TheCity","TheBeyond"],"potions_floor_usage":[12,12,16,16,32,33,33,40,48],"damage_taken":[{"damage":0,"enemies":"Jaw Worm","floor":2,"turns":3},{"damage":2,"enemies":"downfall:FleeingMerchant","floor":5,"turns":4},{"damage":0,"enemies":"2 Louse","floor":6,"turns":2},{"damage":6,"enemies":"Cultist","floor":8,"turns":3},{"damage":0,"enemies":"2 Fungi Beasts","floor":9,"turns":3},{"damage":5,"enemies":"Exordium Thugs","floor":10,"turns":4},{"damage":5,"enemies":"Exordium Wildlife","floor":11,"turns":4},{"damage":11,"enemies":"Gremlin Nob","floor":12,"turns":5},{"damage":2,"enemies":"Lagavulin","floor":14,"turns":5},{"damage":0,"enemies":"Blue Slaver","floor":15,"turns":2},{"damage":13,"enemies":"downfall:Defect","floor":16,"turns":7},{"damage":5,"enemies":"Shell Parasite","floor":19,"turns":5},{"damage":9,"enemies":"Chosen","floor":20,"turns":6},{"damage":16,"enemies":"Slavers","floor":25,"turns":7},{"damage":0,"enemies":"Centurion and Healer","floor":26,"turns":7},{"damage":0,"enemies":"downfall:FleeingMerchant","floor":28,"turns":4},{"damage":1,"enemies":"Snake Plant","floor":29,"turns":3},{"damage":1,"enemies":"Snecko","floor":31,"turns":5},{"damage":8,"enemies":"Shelled Parasite and Fungi","floor":32,"turns":5},{"damage":48,"enemies":"downfall:Watcher","floor":33,"turns":11},{"damage":0,"enemies":"3 Shapes","floor":36,"turns":4},{"damage":0,"enemies":"Orb Walker","floor":38,"turns":3},{"damage":0,"enemies":"Transient","floor":39,"turns":5},{"damage":1,"enemies":"Giant Head","floor":40,"turns":6},{"damage":0,"enemies":"Sphere and 2 Shapes","floor":42,"turns":3},{"damage":0,"enemies":"Maw","floor":44,"turns":6},{"damage":6,"enemies":"Jaw Worm Horde","floor":46,"turns":4},{"damage":1,"enemies":"Nemesis","floor":48,"turns":5},{"damage":11,"enemies":"4 Shapes","floor":49,"turns":4},{"damage":39,"enemies":"downfall:Silent","floor":50,"turns":10}],"seed_played":"716211649978931283","potions_obtained":[{"floor":6,"key":"Guardian:AcceleratePotion"},{"floor":9,"key":"SpeedPotion"},{"floor":11,"key":"Regen Potion"},{"floor":12,"key":"PowerPotion"},{"floor":15,"key":"champ:CounterPotion"},{"floor":25,"key":"LiquidMemories"},{"floor":26,"key":"ColorlessPotion"},{"floor":29,"key":"Guardian:BlockOnCardUsePotion"},{"floor":32,"key":"champ:CounterPotion"},{"floor":36,"key":"AttackPotion"},{"floor":39,"key":"FearPotion"},{"floor":42,"key":"AttackPotion"},{"floor":48,"key":"PowerPotion"},{"floor":49,"key":"FearPotion"}],"is_trial":false,"path_per_floor":["R","M","?","?","$","M","T","M","M","M","M","E","R","E","M","B",null,"R","M","M","?","?","R","T","E","M","?","$","M","R","M","M","B",null,"R","M","?","M","M","E","T","M","?","M","T","M","R","E","M","B",null],"character_chosen":"GUARDIAN","items_purchased":["Guardian:CrystalBeam","Torii"],"campfire_rested":0,"item_purchase_floors":[5,28],"current_hp_per_floor":[72,72,69,69,67,67,67,61,63,60,61,67,67,72,72,61,72,72,71,63,63,63,63,63,57,65,65,72,72,72,72,70,32,72,72,72,72,72,72,72,72,72,72,72,72,72,82,82,82,54],"gold":237,"neow_bonus":"ONE_RARE_RELIC","is_daily":false,"chose_seed":false,"campfire_upgraded":6,"win_rate":0.0,"timestamp":1610069081,"path_taken":["R","M","?","?","$","M","T","M","?","M","M","E","R","E","M","BOSS","R","M","M","?","?","R","T","E","M","?","$","M","R","M","M","BOSS","R","M","?","M","M","E","T","M","?","M","?","M","R","E","M","BOSS"],"items_purchased_type":["Card","Relic"],"build_version":"2020-12-22","purchased_purges":1,"victory":true,"max_hp_per_floor":[72,72,72,72,72,72,72,72,72,72,72,72,72,72,72,72,72,72,72,72,72,72,72,72,72,72,72,72,72,72,72,72,72,72,72,72,72,72,72,72,72,72,72,72,72,72,82,82,82,82],"card_choices":[{"not_picked":["Guardian:WalkerClaw","Guardian:Gem_Cyan"],"picked":"Guardian:SentryBeam","floor":2},{"not_picked":["Guardian:Incinerate","Guardian:ChargeCore"],"picked":"Guardian:Repulse","floor":5},{"not_picked":["Guardian:TemporalStrike","Guardian:WalkerClaw"],"picked":"Guardian:PrimingBeam","floor":6},{"not_picked":["Guardian:StasisStrike","Guardian:Reroute"],"picked":"Guardian:PiercingHide","floor":8},{"not_picked":["Guardian:FloatingOrbs","Guardian:TemporalShield"],"picked":"Guardian:SpikerProtocol","floor":9},{"not_picked":["Guardian:WalkerClaw","Guardian:EvasiveProtocol"],"picked":"Guardian:ArmoredProtocol","floor":10},{"not_picked":["Guardian:GuardianWhirl","Guardian:PiercingHide"],"picked":"Guardian:Planning","floor":11},{"not_picked":["Guardian:Recover","Guardian:MultiBeam"],"picked":"Guardian:RevengeProtocol","floor":12},{"not_picked":["Guardian:TimeBomb","Guardian:ShieldCharger"],"picked":"Guardian:Recover","floor":14},{"not_picked":["Guardian:Incinerate","Guardian:Gem_Fragmented"],"picked":"Guardian:TimeCapacitor","floor":15},{"not_picked":["Guardian:CrystalBeam","Guardian:PiercingHide","Guardian:TemporalStrike"],"picked":"SKIP","floor":19},{"not_picked":["Guardian:Recover+1","Guardian:SentryBeam"],"picked":"Guardian:Gem_Red","floor":20},{"not_picked":["Guardian:Gem_Cyan","Guardian:Gem_Purple"],"picked":"Guardian:SpikerProtocol","floor":25},{"not_picked":["Guardian:Incinerate","Guardian:ChargeUp"],"picked":"Guardian:Gem_Yellow","floor":26},{"not_picked":["Guardian:Suspension","Guardian:Clone"],"picked":"Guardian:Repulse","floor":28},{"not_picked":["Guardian:TemporalStrike","Guardian:PrimingBeam","Guardian:TemporalShield"],"picked":"SKIP","floor":29},{"not_picked":["Guardian:EvasiveProtocol","Guardian:Recover","Guardian:Clone"],"picked":"SKIP","floor":31},{"not_picked":["Guardian:ChargeCore","Guardian:WalkerClaw"],"picked":"Guardian:FuturePlans","floor":32},{"not_picked":["Guardian:HyperBeam_Guardian","Guardian:StasisField"],"picked":"Guardian:AncientConstruct","floor":33},{"not_picked":["Guardian:Preprogram","Guardian:ChargeUp+1","Guardian:PrimingBeam"],"picked":"SKIP","floor":36},{"not_picked":["Guardian:SentryBeam+1","Guardian:BronzeArmor+1"],"picked":"Guardian:Gem_White","floor":38},{"not_picked":["Guardian:Planning","Guardian:FuturePlans+1"],"picked":"Guardian:RollAttack+1","floor":39},{"not_picked":["Guardian:Suspension","Guardian:TimeBomb"],"picked":"Guardian:Gem_Cyan","floor":40},{"not_picked":["Guardian:ShieldCharger","Guardian:TemporalStrike+1","Guardian:Preprogram+1"],"picked":"SKIP","floor":42},{"not_picked":["expansioncontent:DarkVoid","expansioncontent:DecasProtection"],"picked":"expansioncontent:DefensiveStance","floor":43},{"not_picked":["Guardian:Gem_Green","Guardian:ShieldCharger+1"],"picked":"Guardian:Gem_Orange","floor":44},{"not_picked":["Guardian:TemporalStrike+1","sneckomod:Unknown1Cost+1","champ:BladeFlurry+1"],"picked":"SKIP","floor":46},{"not_picked":["Rip and Tear+1","FollowUp","Slimebound:Prepare+1"],"picked":"SKIP","floor":48},{"not_picked":["champ:IronFortress","hexamod:SkipABeat"],"picked":"Guardian:DonusPower+1","floor":49}],"player_experience":193547,"relics_obtained":[{"floor":7,"key":"Akabeko"},{"floor":12,"key":"Matryoshka"},{"floor":14,"key":"Anchor"},{"floor":24,"key":"Juzu Bracelet"},{"floor":24,"key":"Mummified Hand"},{"floor":25,"key":"PreservedInsect"},{"floor":25,"key":"InkBottle"},{"floor":40,"key":"Happy Flower"},{"floor":40,"key":"Gremlin Horn"},{"floor":41,"key":"Bronze Scales"},{"floor":45,"key":"PrismaticShard"},{"floor":48,"key":"Vajra"},{"floor":48,"key":"Potion Belt"}],"event_choices":[{"damage_healed":0,"gold_gain":0,"player_choice":"Success","damage_taken":3,"relics_obtained":["Unceasing Top"],"max_hp_gain":0,"max_hp_loss":0,"event_name":"Scrap Ooze","floor":3,"gold_loss":0},{"damage_healed":0,"gold_gain":0,"player_choice":"Ignored","damage_taken":0,"max_hp_gain":0,"max_hp_loss":0,"event_name":"betterNote:BetterNote","floor":21,"gold_loss":0,"cards_obtained":["sneckomod:Unknown"]},{"cards_removed":["Guardian:Strike_Guardian"],"damage_healed":0,"gold_gain":0,"player_choice":"Elegance","damage_taken":0,"max_hp_gain":0,"max_hp_loss":0,"event_name":"Back to Basics","floor":22,"gold_loss":0}],"is_beta":false,"boss_relics":[{"not_picked":["Snecko Eye","SlaversCollar"],"picked":"Black Star"},{"not_picked":["Pandora\u0027s Box","SacredBark"],"picked":"Philosopher\u0027s Stone"}],"items_purged_floors":[5],"is_endless":false,"potions_floor_spawned":[6,9,11,12,15,25,26,29,32,36,39,42,48,49],"ascension_level":0}}