{"host":"uv231blk40vjdojr","time":1610138005,"event":{"mods":["AchievementEnabler","BaseMod","Bestiary","Minty Spire (QoL Compilation)","Relic Stats"],"gold_per_floor":[16,16,37,8,8,8,31,74,74,74,95,95,8,31,31,127,127,150,150,200,224,224,224,242,73,119,159,172,172,40,40,40,117,117,127,145,4,15,15,49,49,83,106,156,156,191,205,235,235,235,235],"floor_reached":52,"playtime":3469,"items_purged":["Strike_G","Strike_G"],"score":2197,"play_id":"2054d1b0-b4a3-4e19-97eb-18efdd856618","local_time":"20210108213325","is_ascension_mode":true,"campfire_choices":[{"data":"Neutralize","floor":6.0,"key":"SMITH"},{"data":"Footwork","floor":15.0,"key":"SMITH"},{"floor":23.0,"key":"REST"},{"floor":29.0,"key":"REST"},{"data":"Noxious Fumes","floor":32.0,"key":"SMITH"},{"data":"Well Laid Plans","floor":41.0,"key":"SMITH"},{"data":"Dash","floor":45.0,"key":"SMITH"},{"data":"Choke","floor":49,"key":"SMITH"}],"circlet_count":0,"master_deck":["AscendersBane","Strike_G","Defend_G","Defend_G","Defend_G","Defend_G","Defend_G","Survivor","Neutralize+1","Apotheosis+1","Quick Slash","Noxious Fumes+1","Deadly Poison","Footwork+1","Leg Sweep+1","Backflip+1","Bullet Time+1","Crippling Poison+1","Bouncing Flask+1","After Image","Blade Dance+1","Bullet Time+1","Catalyst+1","Choke+1","Backflip+1","Doppelganger+1","Well Laid Plans+1","Dash+1","Blur+1","Acrobatics+1"],"relics":["Ring of the Serpent","Bloody Idol","Toxic Egg 2","StrikeDummy","Snecko Eye","Lantern","CaptainsWheel","Bronze Scales","PreservedInsect","Bag of Marbles","Vajra","Bottled Lightning","Smiling Mask"],"acts_visited":["Exordium","TheCity","TheBeyond"],"potions_floor_usage":[51],"damage_taken":[{"damage":0.0,"enemies":"2 Louse","floor":1.0,"turns":3.0},{"damage":12.0,"enemies":"Jaw Worm","floor":3.0,"turns":4.0},{"damage":2.0,"enemies":"Small Slimes","floor":7.0,"turns":3.0},{"damage":18.0,"enemies":"Gremlin Nob","floor":8.0,"turns":4.0},{"damage":8.0,"enemies":"Exordium Wildlife","floor":11.0,"turns":4.0},{"damage":1.0,"enemies":"Red Slaver","floor":14.0,"turns":5.0},{"damage":32.0,"enemies":"Slime Boss","floor":16.0,"turns":14.0},{"damage":1.0,"enemies":"Chosen","floor":18.0,"turns":4.0},{"damage":14.0,"enemies":"Spheric Guardian","floor":21.0,"turns":5.0},{"damage":5.0,"enemies":"Snake Plant","floor":24.0,"turns":4.0},{"damage":12.0,"enemies":"Gremlin Leader","floor":27.0,"turns":5.0},{"damage":1.0,"enemies":"Centurion and Healer","floor":28.0,"turns":5.0},{"damage":0.0,"enemies":"Automaton","floor":33.0,"turns":6.0},{"damage":5.0,"enemies":"3 Darklings","floor":35.0,"turns":4.0},{"damage":0.0,"enemies":"Orb Walker","floor":36.0,"turns":2.0},{"damage":0.0,"enemies":"Transient","floor":38.0,"turns":6.0},{"damage":0.0,"enemies":"Reptomancer","floor":40.0,"turns":5.0},{"damage":0.0,"enemies":"Giant Head","floor":42.0,"turns":5.0},{"damage":7.0,"enemies":"Nemesis","floor":46.0,"turns":3.0},{"damage":0.0,"enemies":"4 Shapes","floor":47.0,"turns":5.0},{"damage":0,"enemies":"Reptomancer","floor":48,"turns":5},{"damage":16,"enemies":"Time Eater","floor":50,"turns":10},{"damage":17,"enemies":"Awakened One","floor":51,"turns":12}],"seed_played":"-2025711053445491436","potions_obtained":[{"floor":1.0,"key":"Swift Potion"},{"floor":8.0,"key":"Block Potion"},{"floor":28.0,"key":"BlessingOfTheForge"},{"floor":42.0,"key":"BlessingOfTheForge"}],"is_trial":false,"path_per_floor":["M","?","M","$","?","R","M","E","T","?","M","$","$","M","R","B",null,"M","?","?","M","?","R","M","$","T","E","M","R","$","?","R","B",null,"M","M","$","M","?","E","R","E","T","T","R","E","M","E","R","B","B",null],"character_chosen":"THE_SILENT","items_purchased":["Deadly Poison","Leg Sweep+1","Bullet Time+1","Catalyst+1","PowerPotion","Dash"],"campfire_rested":2,"item_purchase_floors":[4,13,25,25,30,37],"current_hp_per_floor":[59,59,47,47,47,47,45,27,27,47,39,39,39,38,38,6,47,46,46,46,32,32,50,45,45,45,33,32,50,50,50,50,55,59,59,60,60,60,60,60,60,60,60,60,60,58,60,60,60,44,27],"gold":235,"neow_bonus":"RANDOM_COLORLESS_2","is_daily":false,"chose_seed":false,"campfire_upgraded":6,"win_rate":0.0,"timestamp":1610138005,"path_taken":["M","?","M","$","?","R","M","E","T","?","?","?","$","M","R","BOSS","M","?","?","M","?","R","?","$","T","E","?","R","$","?","R","BOSS","M","M","$","M","?","E","R","E","T","?","R","E","M","E","R","BOSS","BOSS"],"items_purchased_type":["Card","Card","Card","Card","Potion","Card"],"build_version":"2020-12-22","purchased_purges":2,"victory":true,"max_hp_per_floor":[66,60,60,60,60,60,60,60,60,60,60,60,60,60,60,60,60,60,60,60,60,60,60,60,60,60,60,60,60,60,60,60,60,60,60,60,60,60,60,60,60,60,60,60,60,60,60,60,60,60,60],"relic_stats":{"counters":[23,123],"Bloody Idol":18,"Bronze Scales":[139],"Snecko Eye":[208,181,181,161],"PreservedInsect":112,"Smiling Mask":0,"obtain_stats":[{"Lantern":26,"Golden Idol":2,"Vajra":44,"PreservedInsect":42,"Smiling Mask":48,"CaptainsWheel":27,"Bloody Idol":31,"Bronze Scales":40,"Snecko Eye":17,"Bag of Marbles":43,"Bottled Lightning":46,"Toxic Egg 2":8,"StrikeDummy":9,"Ring of the Serpent":34,"Ring of the Snake":0},{"Lantern":10,"Golden Idol":1,"Vajra":18,"PreservedInsect":18,"Smiling Mask":21,"CaptainsWheel":11,"Bloody Idol":12,"Bronze Scales":17,"Snecko Eye":7,"Bag of Marbles":18,"Bottled Lightning":19,"Toxic Egg 2":4,"StrikeDummy":4,"Ring of the Serpent":13,"Ring of the Snake":0},{"Lantern":50,"Golden Idol":3,"Vajra":88,"PreservedInsect":88,"Smiling Mask":101,"CaptainsWheel":55,"Bloody Idol":60,"Bronze Scales":83,"Snecko Eye":37,"Bag of Marbles":88,"Bottled Lightning":91,"Toxic Egg 2":14,"StrikeDummy":14,"Ring of the Serpent":66,"Ring of the Snake":0}]},"card_choices":[{"not_picked":["Secret Technique","Transmutation"],"picked":"Apotheosis","floor":0.0},{"not_picked":["Prepared","Acrobatics"],"picked":"Quick Slash","floor":1.0},{"not_picked":["Underhanded Strike","Sucker Punch"],"picked":"Noxious Fumes","floor":3.0},{"not_picked":["Outmaneuver","Eviscerate","Tactician"],"picked":"SKIP","floor":7.0},{"not_picked":["Bane","Deflect+1"],"picked":"Footwork","floor":8.0},{"not_picked":["Sucker Punch","Escape Plan+1","Underhanded Strike"],"picked":"SKIP","floor":11.0},{"not_picked":["Backstab","Tactician+1"],"picked":"Backflip+1","floor":14.0},{"not_picked":["Night Terror+1","Tools of the Trade"],"picked":"Bullet Time+1","floor":16.0},{"not_picked":["Footwork","Dagger Throw"],"picked":"Crippling Poison+1","floor":18.0},{"not_picked":["Well Laid Plans","Acrobatics+1"],"picked":"Bouncing Flask+1","floor":21.0},{"not_picked":["Caltrops","Flying Knee"],"picked":"All Out Attack","floor":24.0},{"not_picked":["All Out Attack","Cloak And Dagger+1"],"picked":"Choke","floor":27.0},{"not_picked":["Deadly Poison+1","Prepared+1"],"picked":"Backflip+1","floor":28.0},{"not_picked":["Corpse Explosion+1","Burst+1"],"picked":"Doppelganger+1","floor":33.0},{"not_picked":["Quick Slash","Infinite Blades"],"picked":"Well Laid Plans","floor":35.0},{"not_picked":["Slice","Acrobatics+1","Deflect+1"],"picked":"SKIP","floor":36.0},{"not_picked":["Footwork","Riddle With Holes+1"],"picked":"Blur+1","floor":38.0},{"not_picked":["Deadly Poison+1","Choke+1"],"picked":"Acrobatics+1","floor":40.0},{"not_picked":["Grand Finale","Backflip+1","Slice"],"picked":"SKIP","floor":42.0},{"not_picked":["Deadly Poison+1","Dagger Throw+1","Well Laid Plans"],"picked":"SKIP","floor":46.0},{"not_picked":["PiercingWail+1","Envenom","Sucker Punch+1"],"picked":"SKIP","floor":47.0},{"not_picked":["Heel Hook","Underhanded Strike","Quick Slash"],"picked":"SKIP","floor":48}],"player_experience":611026,"relics_obtained":[{"floor":8.0,"key":"Toxic Egg 2"},{"floor":9.0,"key":"StrikeDummy"},{"floor":26.0,"key":"Lantern"},{"floor":27.0,"key":"CaptainsWheel"},{"floor":40.0,"key":"Bronze Scales"},{"floor":42.0,"key":"PreservedInsect"},{"floor":43.0,"key":"Bag of Marbles"},{"floor":44.0,"key":"Vajra"},{"floor":46.0,"key":"Bottled Lightning"},{"floor":48,"key":"Smiling Mask"}],"event_choices":[{"damage_healed":0.0,"max_hp_gain":0.0,"max_hp_loss":6.0,"gold_gain":0.0,"event_name":"Golden Idol","player_choice":"Lose Max HP","floor":2.0,"gold_loss":0.0,"damage_taken":0.0,"relics_obtained":["Golden Idol"]},{"damage_healed":0.0,"max_hp_gain":0.0,"max_hp_loss":0.0,"gold_gain":0.0,"event_name":"Living Wall","player_choice":"Grow","floor":5.0,"gold_loss":0.0,"damage_taken":0.0,"cards_upgraded":["Apotheosis"]},{"damage_healed":20.0,"max_hp_gain":0.0,"max_hp_loss":0.0,"gold_gain":0.0,"event_name":"Big Fish","player_choice":"Banana","floor":10.0,"gold_loss":0.0,"damage_taken":0.0},{"damage_healed":0.0,"max_hp_gain":0.0,"max_hp_loss":0.0,"gold_gain":0.0,"event_name":"The Mausoleum","player_choice":"Ignored","floor":19.0,"gold_loss":0.0,"damage_taken":0.0},{"damage_healed":0.0,"max_hp_gain":0.0,"max_hp_loss":0.0,"gold_gain":50.0,"event_name":"Nest","player_choice":"Stole From Cult","floor":20.0,"gold_loss":0.0,"damage_taken":0.0},{"damage_healed":0.0,"max_hp_gain":0.0,"max_hp_loss":0.0,"gold_gain":0.0,"cards_transformed":["Strike_G","Strike_G"],"event_name":"Drug Dealer","player_choice":"Became Test Subject","floor":22.0,"gold_loss":0.0,"damage_taken":0.0,"cards_obtained":["After Image","Blade Dance"]},{"damage_healed":0.0,"max_hp_gain":0.0,"max_hp_loss":0.0,"gold_gain":0.0,"event_name":"Forgotten Altar","player_choice":"Gave Idol","floor":31.0,"relics_lost":["Golden Idol"],"gold_loss":0.0,"damage_taken":0.0,"relics_obtained":["Bloody Idol"]},{"cards_removed":["All Out Attack"],"damage_healed":0.0,"max_hp_gain":0.0,"max_hp_loss":0.0,"gold_gain":0.0,"event_name":"Falling","player_choice":"Removed Attack","floor":39.0,"gold_loss":0.0,"damage_taken":0.0}],"is_beta":false,"boss_relics":[{"not_picked":["SacredBark","Tiny House"],"picked":"Snecko Eye"},{"not_picked":["Pandora\u0027s Box","Velvet Choker"],"picked":"Ring of the Serpent"}],"items_purged_floors":[30,37],"is_endless":false,"potions_floor_spawned":[1,8,11,16,28,33,35,36,38,42],"ascension_level":20}}