{"host":"w4b7hmige5bnqipq","time":1610084450,"event":{"mods":["2.2 Compatiblity","BaseMod","Colored Map","DeckTracker","Keyboard Shortcuts","Minty Spire (QoL Compilation)","Permanent Neow","Rare Cards Sparkle","SuperFastMode","everything is the same but u backflip on backflip","slay the spire mod where everything is the same but ironclad has a cowboy hat"],"gold_per_floor":[10,21,32,48,48,48,79,79,79,79,79,92,119,136,136,210,210,221,146,163,174,174,174,174],"floor_reached":23,"playtime":654,"items_purged":["Strike_G"],"score":406,"play_id":"4bff30ce-7a9c-4672-aacb-63f725479490","local_time":"20210108144050","is_ascension_mode":true,"campfire_choices":[{"data":"Sadistic Nature","floor":6.0,"key":"SMITH"},{"data":"Glass Knife","floor":8.0,"key":"SMITH"},{"data":"Bane","floor":11.0,"key":"SMITH"},{"data":"Deadly Poison","floor":15.0,"key":"SMITH"}],"circlet_count":0,"master_deck":["AscendersBane","Strike_G","Strike_G","Strike_G","Strike_G","Defend_G","Defend_G","Defend_G","Defend_G","Defend_G","Survivor","Neutralize","Sadistic Nature+1","Blur","Bane+1","Deadly Poison+1","Glass Knife+1","Well Laid Plans","After Image","Cloak And Dagger","Accuracy","Blur"],"relics":["Ring of the Snake","Pear","Shuriken","Mummified Hand","Sozu"],"acts_visited":["Exordium","TheCity"],"potions_floor_usage":[],"damage_taken":[{"damage":8.0,"enemies":"Small Slimes","floor":1.0,"turns":6.0},{"damage":2.0,"enemies":"Jaw Worm","floor":2.0,"turns":8.0},{"damage":0.0,"enemies":"Cultist","floor":3.0,"turns":4.0},{"damage":8.0,"enemies":"Blue Slaver","floor":4.0,"turns":6.0},{"damage":40.0,"enemies":"Lagavulin","floor":7.0,"turns":8.0},{"damage":0.0,"enemies":"2 Fungi Beasts","floor":12.0,"turns":2.0},{"damage":5.0,"enemies":"3 Sentries","floor":13.0,"turns":6.0},{"damage":0.0,"enemies":"Lots of Slimes","floor":14.0,"turns":4.0},{"damage":24.0,"enemies":"The Guardian","floor":16.0,"turns":9.0},{"damage":12.0,"enemies":"2 Thieves","floor":18.0,"turns":3.0},{"damage":1.0,"enemies":"Chosen","floor":20.0,"turns":4.0},{"damage":22.0,"enemies":"Snecko","floor":21.0,"turns":5.0},{"damage":25,"enemies":"Book of Stabbing","floor":23,"turns":4}],"seed_played":"5812545020925525866","potions_obtained":[{"floor":4.0,"key":"Fire Potion"},{"floor":7.0,"key":"Fire Potion"},{"floor":14.0,"key":"EssenceOfSteel"}],"is_trial":false,"path_per_floor":["M","M","M","M","?","R","E","R","T","?","R","M","E","M","R","B",null,"M","$","M","M","?","E"],"character_chosen":"THE_SILENT","items_purchased":[],"campfire_rested":0,"item_purchase_floors":[],"current_hp_per_floor":[51,49,49,41,41,41,11,11,11,36,36,36,31,31,31,7,59,47,47,46,24,24,0,0],"gold":174,"neow_bonus":"RANDOM_COLORLESS_2","is_daily":false,"chose_seed":false,"campfire_upgraded":4,"win_rate":0.0,"timestamp":1610084450,"path_taken":["M","M","M","M","?","R","E","R","T","?","R","M","E","M","R","BOSS","M","$","M","M","?","E"],"items_purchased_type":[],"build_version":"2020-12-22","purchased_purges":1,"victory":false,"max_hp_per_floor":[66,66,66,66,66,66,76,76,76,76,76,76,76,76,76,76,76,76,76,76,76,76,76,76],"card_choices":[{"not_picked":["Mayhem","Apotheosis"],"picked":"Sadistic Nature","floor":0.0},{"not_picked":["Flying Knee","Cloak And Dagger"],"picked":"Blur","floor":1.0},{"not_picked":["Bane","Slice","Catalyst"],"picked":"SKIP","floor":2.0},{"not_picked":["Catalyst","Deflect"],"picked":"Bane","floor":3.0},{"not_picked":["Leg Sweep","Bane"],"picked":"Deadly Poison","floor":4.0},{"not_picked":["Slice","Setup"],"picked":"Glass Knife","floor":7.0},{"not_picked":["Riddle With Holes","Quick Slash","Cloak And Dagger"],"picked":"SKIP","floor":12.0},{"not_picked":["All Out Attack","Concentrate","Dagger Throw"],"picked":"SKIP","floor":13.0},{"not_picked":["Deflect","Dagger Spray"],"picked":"Well Laid Plans","floor":14.0},{"not_picked":["Grand Finale","Burst"],"picked":"After Image","floor":16.0},{"not_picked":["Underhanded Strike","Flying Knee"],"picked":"Cloak And Dagger","floor":18.0},{"not_picked":["Endless Agony","Deadly Poison"],"picked":"Accuracy","floor":20.0},{"not_picked":["Setup","Dagger Throw"],"picked":"Blur","floor":21.0}],"player_experience":480106,"relics_obtained":[{"floor":7.0,"key":"Pear"},{"floor":9.0,"key":"Shuriken"},{"floor":13.0,"key":"Mummified Hand"}],"event_choices":[{"damage_healed":0.0,"max_hp_gain":0.0,"max_hp_loss":0.0,"gold_gain":0.0,"event_name":"Liars Game","player_choice":"Ignored","floor":5.0,"gold_loss":0.0,"damage_taken":0.0},{"damage_healed":25.0,"max_hp_gain":0.0,"max_hp_loss":0.0,"gold_gain":0.0,"event_name":"Big Fish","player_choice":"Banana","floor":10.0,"gold_loss":0.0,"damage_taken":0.0},{"damage_healed":0,"gold_gain":0,"player_choice":"Ignored","damage_taken":0,"max_hp_gain":0,"max_hp_loss":0,"event_name":"The Mausoleum","floor":22,"gold_loss":0}],"is_beta":false,"boss_relics":[{"not_picked":["Philosopher\u0027s Stone","Busted Crown"],"picked":"Sozu"}],"items_purged_floors":[19],"is_endless":false,"potions_floor_spawned":[4,7,12,14,18,21],"killed_by":"Book of Stabbing","ascension_level":20}}