{"host":"bpkhhmvsfrvlto2l","time":1610074122,"event":{"mods":["2.2 Compatiblity","AchievementEnabler","Act Like it!","AlwaysNeverKeys","Aspiration","BaseMod","Better Silent Start","Challenge The Spire","Colored Map","Colored Powertips","Custom Start","Downfall","Energized Spire","Friendly Minions","GifTheSpireLib","Halation","Hubris","Infinite Spire","Ironclad Rager","Mimic Mod","Minty Spire (QoL Compilation)","Permanent Neow","Quick Restart","Random Character Button","Relic Sorter","Replay The Spire","Spikes Relics","StSLib","Stuff the Spire","Swap Starting Deck Mod","Trackpad"],"gold_per_floor":[117,127,127,144,144,27,41,7,32,51,65,81,58,58,58],"floor_reached":14,"playtime":241,"items_purged":[],"score":105,"play_id":"cb35656a-f844-4773-9e73-b046f398c12f","local_time":"20210107214842","is_ascension_mode":true,"campfire_choices":[],"circlet_count":0,"master_deck":["Strike_B","Strike_B","Strike_B","Defend_B","Defend_B","Defend_B","Defend_B","Zap","Dualcast","StuffTheSpire:Plugnplay","Ball Lightning+1","Storm","Ball Lightning","White Noise","Ball Lightning"],"relics":["Cracked Core","Mirror","Vajra"],"acts_visited":["Exordium"],"potions_floor_usage":[7,7,12,14],"damage_taken":[{"damage":4,"enemies":"Small Slimes","floor":1,"turns":3},{"damage":7,"enemies":"Jaw Worm","floor":2,"turns":4},{"damage":1,"enemies":"Cultist","floor":4,"turns":3},{"damage":20,"enemies":"Gremlin Gang","floor":7,"turns":3},{"damage":6,"enemies":"Looter","floor":10,"turns":2},{"damage":12,"enemies":"3 Louse","floor":11,"turns":2},{"damage":16,"enemies":"Large Slime","floor":12,"turns":4},{"damage":0,"enemies":"Lagavulin","floor":14,"turns":2}],"seed_played":"-5893708630798785738","potions_obtained":[{"floor":4,"key":"LiquidMemories"},{"floor":7,"key":"EntropicBrew"}],"is_trial":false,"path_per_floor":["M","M","?","M","T","$","M","$","T","M","M","M","$","E"],"character_chosen":"DEFECT","items_purchased":["Storm","Ball Lightning","White Noise","Ball Lightning"],"campfire_rested":0,"item_purchase_floors":[6,6,8,13],"current_hp_per_floor":[71,64,64,63,63,63,43,43,43,37,25,9,9,9,9],"gold":58,"neow_bonus":"RANDOM_EVENT","is_daily":false,"chose_seed":false,"campfire_upgraded":0,"win_rate":0.0,"timestamp":1610074122,"path_taken":["M","M","?","M","?","$","M","?","T","M","?","?","$","E"],"items_purchased_type":["Card","Card","Card","Card"],"build_version":"2020-12-22","purchased_purges":0,"victory":false,"max_hp_per_floor":[75,75,75,75,75,75,75,75,75,75,75,75,75,75,75],"card_choices":[],"player_experience":40637,"relics_obtained":[{"floor":5,"key":"Mirror"},{"floor":9,"key":"Vajra"}],"event_choices":[],"is_beta":false,"boss_relics":[],"items_purged_floors":[],"is_endless":false,"potions_floor_spawned":[4,7],"killed_by":"Lagavulin","ascension_level":5}}