{"host":"rmsq46plbpwfbxcc","time":1610125926,"event":{"mods":["AchievementEnabler","BaseMod","Colored Map","Colored Powertips","DeckTracker","KOR Keyword Fix","Minty Spire (QoL Compilation)","Permanent Neow","Quick Restart","SuperFastMode"],"gold_per_floor":[119,130,142,159,159,159,184,184,184,213,213,213,288,305,305,407,407,418,451,451,465,380,380,393,393,393,418,205,231,231,69,69,173,173,184,234,249,249,269,269,301,301,301,333,351,351,251,303,303,303,303,303,28,56,56],"floor_reached":56,"playtime":1839,"items_purged":["Strike_G","Defend_G","Strike_G"],"score":1499,"play_id":"2b3fca78-0534-4ecb-b09b-70dd723148d0","local_time":"20210109021206","is_ascension_mode":true,"campfire_choices":[{"floor":6.0,"key":"REST"},{"data":"Blade Dance","floor":8.0,"key":"SMITH"},{"data":"Cloak And Dagger","floor":12.0,"key":"SMITH"},{"data":"Accuracy","floor":15.0,"key":"SMITH"},{"data":"Envenom","floor":23,"key":"SMITH"},{"data":"Terror","floor":25,"key":"SMITH"},{"data":"After Image","floor":32,"key":"SMITH"},{"data":"After Image","floor":40,"key":"SMITH"},{"data":"Finisher","floor":42,"key":"SMITH"},{"floor":46,"key":"RECALL"},{"data":"Phantasmal Killer","floor":49,"key":"SMITH"},{"data":"Neutralize","floor":52,"key":"SMITH"}],"circlet_count":0,"master_deck":["Strike_G","Strike_G","Defend_G","Defend_G","Defend_G","Survivor","Neutralize+1","Blade Dance+1","Terror+1","Cloak And Dagger+1","Backflip","Accuracy+1","Envenom+1","Finisher+1","Flash of Steel","PiercingWail","After Image+1","After Image+1","Acrobatics","Tactician","Phantasmal Killer+1","Footwork+1"],"relics":["Black Star","MealTicket","Kunai","White Beast Statue","Vajra","Nunchaku","Akabeko","Red Mask","MutagenicStrength","Omamori","Happy Flower","Unceasing Top","Singing Bowl","Orichalcum","Empty Cage","Ginger","InkBottle","Meat on the Bone","Tough Bandages","Potion Belt","Shuriken","Mango","Medical Kit","Gambling Chip","Lizard Tail"],"acts_visited":["Exordium","TheCity","TheBeyond","TheEnding"],"potions_floor_usage":[21,24,27,27,33,33,36,37,39,41,44,48,50,50,55,55,55,55,55,55,55],"damage_taken":[{"damage":2.0,"enemies":"Cultist","floor":1.0,"turns":4.0},{"damage":3.0,"enemies":"2 Louse","floor":2.0,"turns":4.0},{"damage":11.0,"enemies":"Small Slimes","floor":3.0,"turns":5.0},{"damage":7.0,"enemies":"Blue Slaver","floor":4.0,"turns":4.0},{"damage":10.0,"enemies":"3 Sentries","floor":7.0,"turns":11.0},{"damage":16.0,"enemies":"Gremlin Nob","floor":10.0,"turns":3.0},{"damage":0.0,"enemies":"Large Slime","floor":14.0,"turns":4.0},{"damage":0.0,"enemies":"Slime Boss","floor":16.0,"turns":3.0},{"damage":0.0,"enemies":"Chosen","floor":18.0,"turns":4.0},{"damage":5.0,"enemies":"Masked Bandits","floor":19.0,"turns":5.0},{"damage":4,"enemies":"3 Byrds","floor":21,"turns":5},{"damage":14,"enemies":"Shelled Parasite and Fungi","floor":24,"turns":3},{"damage":16,"enemies":"Book of Stabbing","floor":27,"turns":5},{"damage":0,"enemies":"Slavers","floor":29,"turns":4},{"damage":3,"enemies":"Champ","floor":33,"turns":7},{"damage":7,"enemies":"Orb Walker","floor":35,"turns":3},{"damage":0,"enemies":"Mind Bloom Boss Battle","floor":36,"turns":5},{"damage":0,"enemies":"3 Darklings","floor":37,"turns":7},{"damage":2,"enemies":"4 Shapes","floor":39,"turns":9},{"damage":12,"enemies":"Giant Head","floor":41,"turns":7},{"damage":3,"enemies":"Reptomancer","floor":44,"turns":6},{"damage":1,"enemies":"Spire Growth","floor":45,"turns":3},{"damage":10,"enemies":"2 Orb Walkers","floor":48,"turns":5},{"damage":40,"enemies":"Time Eater","floor":50,"turns":9},{"damage":3,"enemies":"Shield and Spear","floor":54,"turns":6},{"damage":21,"enemies":"The Heart","floor":55,"turns":5}],"seed_played":"2574941920931533086","potions_obtained":[{"floor":3.0,"key":"BlessingOfTheForge"},{"floor":4.0,"key":"SteroidPotion"},{"floor":10.0,"key":"AttackPotion"},{"floor":14.0,"key":"LiquidMemories"},{"floor":16.0,"key":"Strength Potion"},{"floor":18.0,"key":"EntropicBrew"},{"floor":19.0,"key":"Poison Potion"},{"floor":21,"key":"Ancient Potion"},{"floor":24,"key":"AttackPotion"},{"floor":27,"key":"Weak Potion"},{"floor":29,"key":"SteroidPotion"},{"floor":33,"key":"Explosive Potion"},{"floor":35,"key":"ColorlessPotion"},{"floor":36,"key":"PowerPotion"},{"floor":37,"key":"LiquidMemories"},{"floor":39,"key":"BlessingOfTheForge"},{"floor":41,"key":"Block Potion"},{"floor":44,"key":"EssenceOfSteel"},{"floor":45,"key":"Weak Potion"},{"floor":48,"key":"Swift Potion"},{"floor":54,"key":"Weak Potion"}],"is_trial":false,"path_per_floor":["M","M","M","M","?","R","E","R","T","E","?","R","?","M","R","B",null,"M","?","?","M","?","R","M","R","T","E","$","E","?","$","R","B",null,"M","?","M","?","M","R","E","R","T","E","M","R","$","?","R","B",null,"R","$","E","B",null],"character_chosen":"THE_SILENT","items_purchased":["Flash of Steel","PiercingWail","After Image","Medical Kit"],"campfire_rested":1,"item_purchase_floors":[28,28,31,53],"current_hp_per_floor":[68,65,54,47,29,50,40,40,40,24,29,29,18,18,18,18,75,75,70,70,66,66,66,52,52,52,36,51,53,39,54,54,51,82,77,79,81,81,81,81,71,71,71,68,67,67,82,86,86,58,106,106,106,103,82],"gold":56,"neow_bonus":"BOSS_RELIC","is_daily":false,"chose_seed":false,"campfire_upgraded":10,"win_rate":0.0,"timestamp":1610125926,"path_taken":["M","M","M","?","?","R","E","R","T","E","?","R","?","M","R","BOSS","M","?","?","M","?","R","?","R","T","E","$","E","?","$","R","BOSS","M","?","M","?","?","R","E","R","T","E","M","R","$","?","R","BOSS","R","$","E","BOSS"],"items_purchased_type":["Card","Card","Card","Relic"],"build_version":"2020-12-22","purchased_purges":3,"victory":true,"max_hp_per_floor":[70,70,70,70,70,70,70,70,70,70,75,75,75,75,75,75,75,75,75,75,75,75,75,75,75,75,75,75,77,82,82,82,82,82,84,86,88,88,90,90,92,92,92,92,92,92,92,106,106,106,106,106,106,106,106],"card_choices":[{"not_picked":["Blur","Backflip"],"picked":"Blade Dance","floor":1.0},{"not_picked":["Prepared","Quick Slash"],"picked":"Terror","floor":2.0},{"not_picked":["Bane","Deflect","Setup"],"picked":"SKIP","floor":3.0},{"not_picked":["Quick Slash","Sucker Punch","Deadly Poison"],"picked":"SKIP","floor":4.0},{"not_picked":["Quick Slash","Acrobatics"],"picked":"Cloak And Dagger","floor":7.0},{"not_picked":["Corpse Explosion","Deadly Poison"],"picked":"Backflip","floor":10.0},{"not_picked":["Underhanded Strike","Quick Slash"],"picked":"Accuracy","floor":14.0},{"not_picked":["Burst","Tools of the Trade"],"picked":"Envenom","floor":16.0},{"not_picked":["Dagger Throw","Outmaneuver"],"picked":"Finisher","floor":18.0},{"not_picked":["Backflip","Outmaneuver+1","Deflect+1"],"picked":"SKIP","floor":21},{"not_picked":["Dagger Throw","Dagger Spray","Finisher"],"picked":"SKIP","floor":24},{"not_picked":["Blade Dance","Catalyst","Masterful Stab"],"picked":"SKIP","floor":27},{"not_picked":["Prepared+1","Heel Hook","Envenom"],"picked":"Singing Bowl","floor":29},{"not_picked":["Glass Knife","Tools of the Trade"],"picked":"After Image","floor":33},{"not_picked":["Flying Knee","Bane","Poisoned Stab"],"picked":"Singing Bowl","floor":35},{"not_picked":["Setup+1","Blade Dance","Deadly Poison"],"picked":"Singing Bowl","floor":36},{"not_picked":["Dagger Spray","Backflip","Catalyst+1"],"picked":"Singing Bowl","floor":37},{"not_picked":["Quick Slash+1","Dodge and Roll+1","Underhanded Strike"],"picked":"Singing Bowl","floor":39},{"not_picked":["All Out Attack","Venomology","Quick Slash+1"],"picked":"Singing Bowl","floor":41},{"not_picked":["Deadly Poison","Crippling Poison+1"],"picked":"Acrobatics","floor":44},{"not_picked":["Deflect","Leg Sweep+1"],"picked":"Tactician","floor":45},{"not_picked":["Deadly Poison","Sucker Punch"],"picked":"Phantasmal Killer","floor":48},{"not_picked":["Concentrate+1","Flying Knee+1"],"picked":"Footwork+1","floor":54}],"player_experience":636486,"relics_obtained":[{"floor":7.0,"key":"Kunai"},{"floor":7.0,"key":"White Beast Statue"},{"floor":9.0,"key":"Vajra"},{"floor":10.0,"key":"Nunchaku"},{"floor":10.0,"key":"Akabeko"},{"floor":19.0,"key":"Red Mask"},{"floor":27,"key":"Happy Flower"},{"floor":27,"key":"Unceasing Top"},{"floor":29,"key":"Singing Bowl"},{"floor":29,"key":"Orichalcum"},{"floor":36,"key":"Ginger"},{"floor":41,"key":"InkBottle"},{"floor":41,"key":"Meat on the Bone"},{"floor":43,"key":"Tough Bandages"},{"floor":44,"key":"Potion Belt"},{"floor":44,"key":"Shuriken"},{"floor":48,"key":"Mango"},{"floor":54,"key":"Gambling Chip"},{"floor":54,"key":"Lizard Tail"}],"event_choices":[{"damage_healed":0.0,"max_hp_gain":0.0,"max_hp_loss":0.0,"gold_gain":0.0,"event_name":"Scrap Ooze","player_choice":"Success","floor":5.0,"gold_loss":0.0,"damage_taken":18.0,"relics_obtained":["MealTicket"]},{"damage_healed":0.0,"max_hp_gain":5.0,"max_hp_loss":0.0,"gold_gain":0.0,"event_name":"Big Fish","player_choice":"Donut","floor":11.0,"gold_loss":0.0,"damage_taken":0.0},{"damage_healed":0.0,"max_hp_gain":0.0,"max_hp_loss":0.0,"gold_gain":75.0,"event_name":"World of Goop","player_choice":"Gather Gold","floor":13.0,"gold_loss":0.0,"damage_taken":11.0},{"damage_healed":0.0,"max_hp_gain":0.0,"max_hp_loss":0.0,"gold_gain":0.0,"event_name":"Masked Bandits","player_choice":"Fought Bandits","floor":19.0,"gold_loss":0.0,"damage_taken":0.0},{"damage_healed":0,"gold_gain":0,"player_choice":"Inject Mutagens","damage_taken":0,"relics_obtained":["MutagenicStrength"],"max_hp_gain":0,"max_hp_loss":0,"event_name":"Drug Dealer","floor":20,"gold_loss":0},{"damage_healed":0,"gold_gain":0,"player_choice":"Obtained Relic","damage_taken":0,"relics_obtained":["Omamori"],"max_hp_gain":0,"max_hp_loss":0,"event_name":"Addict","floor":22,"gold_loss":85},{"damage_healed":0,"gold_gain":0,"player_choice":"Shed Blood","damage_taken":19,"max_hp_gain":5,"max_hp_loss":0,"event_name":"Forgotten Altar","floor":30,"gold_loss":0},{"damage_healed":0,"gold_gain":0,"player_choice":"Fight","damage_taken":0,"max_hp_gain":0,"max_hp_loss":0,"event_name":"MindBloom","floor":36,"gold_loss":0},{"damage_healed":0,"gold_gain":0,"player_choice":"Bought 0 Potions","damage_taken":0,"max_hp_gain":0,"max_hp_loss":0,"event_name":"The Woman in Blue","floor":38,"gold_loss":0},{"damage_healed":0,"gold_gain":0,"player_choice":"Fight","damage_taken":0,"max_hp_gain":0,"max_hp_loss":0,"event_name":"Mysterious Sphere","floor":48,"gold_loss":0}],"is_beta":false,"boss_relics":[{"not_picked":["Pandora\u0027s Box","Runic Dome","Velvet Choker"]},{"not_picked":["Calling Bell","HoveringKite"],"picked":"Empty Cage"}],"items_purged_floors":[28,47,53],"is_endless":false,"potions_floor_spawned":[3,4,10,14,16,18,19,21,24,27,29,33,35,36,37,39,41,44,45,48,54],"ascension_level":2}}