{"host":"jrmqsbok61y7b34d","time":1610134940,"event":{"mods":["BaseMod","Better Skull","Challenge The Spire","Colored Map","Colored Powertips","Emptier Cage","Minty Spire (QoL Compilation)","Permanent Neow","Quick Restart","Relic Stats","StSLib","Unceasing Turn Reminder"],"gold_per_floor":[113,127,138,34,34,34,66,66,66,66,80,114,124,49,49,126,126,137,137,35,35,54,83,83,117,117,117,128,144,164,183,183,257,257,268,279,292,302,124,124,137,137,137,164,164,164,176,29,29,29,29,29,4,37,37,37],"floor_reached":55,"playtime":6307,"items_purged":["Strike_G","Strike_G"],"score":1220,"play_id":"f874a066-414b-468f-bb51-f696450387c9","local_time":"20210108194220","is_ascension_mode":true,"campfire_choices":[{"data":"Neutralize","floor":6.0,"key":"SMITH"},{"data":"Noxious Fumes","floor":8.0,"key":"SMITH"},{"data":"Cloak And Dagger","floor":10.0,"key":"SMITH"},{"floor":15.0,"key":"REST"},{"data":"Caltrops","floor":24.0,"key":"SMITH"},{"data":"Wraith Form v2","floor":27.0,"key":"SMITH"},{"data":"Catalyst","floor":32.0,"key":"SMITH"},{"data":"Well Laid Plans","floor":40.0,"key":"SMITH"},{"data":"Malaise","floor":42.0,"key":"SMITH"},{"data":"Noxious Fumes","floor":46.0,"key":"SMITH"},{"floor":49.0,"key":"RECALL"},{"data":"After Image","floor":52.0,"key":"SMITH"}],"circlet_count":0,"master_deck":["AscendersBane","Strike_G","Strike_G","Strike_G","Defend_G","Defend_G","Defend_G","Defend_G","Defend_G","Survivor","Neutralize+1","After Image","Sucker Punch","Dagger Spray","Noxious Fumes+1","Blur","Cloak And Dagger+1","Blade Dance+1","Malaise+1","Caltrops+1","RitualDagger","Blade Dance","Noxious Fumes+1","Infinite Blades","Wraith Form v2+1","Well Laid Plans+1","After Image+1","Catalyst+1","Adrenaline","Backflip","Crippling Poison","Acrobatics+1","Accuracy","Backflip+1","Blade Dance","Caltrops+1","Catalyst"],"relics":["Ring of the Snake","The Specimen","Gremlin Horn","Bird Faced Urn","Coffee Dripper","Tiny Chest","Pear","Question Card","Blood Vial","Philosopher\u0027s Stone","Calipers","Membership Card","War Paint"],"acts_visited":["Exordium","TheCity","TheBeyond","TheEnding"],"potions_floor_usage":[55],"damage_taken":[{"damage":5.0,"enemies":"Small Slimes","floor":1.0,"turns":4.0},{"damage":4.0,"enemies":"Cultist","floor":2.0,"turns":6.0},{"damage":0.0,"enemies":"Jaw Worm","floor":3.0,"turns":4.0},{"damage":13.0,"enemies":"Gremlin Nob","floor":7.0,"turns":5.0},{"damage":18.0,"enemies":"Exordium Wildlife","floor":11.0,"turns":7.0},{"damage":6.0,"enemies":"Lagavulin","floor":12.0,"turns":9.0},{"damage":3.0,"enemies":"Lots of Slimes","floor":13.0,"turns":3.0},{"damage":19.0,"enemies":"The Guardian","floor":16.0,"turns":11.0},{"damage":0.0,"enemies":"3 Byrds","floor":18.0,"turns":5.0},{"damage":5.0,"enemies":"Shell Parasite","floor":22.0,"turns":8.0},{"damage":23.0,"enemies":"Slavers","floor":23.0,"turns":5.0},{"damage":15.0,"enemies":"Book of Stabbing","floor":25.0,"turns":7.0},{"damage":1.0,"enemies":"Snecko","floor":28.0,"turns":6.0},{"damage":19.0,"enemies":"Snake Plant","floor":29.0,"turns":5.0},{"damage":15.0,"enemies":"Centurion and Healer","floor":30.0,"turns":8.0},{"damage":0.0,"enemies":"Shelled Parasite and Fungi","floor":31.0,"turns":7.0},{"damage":21.0,"enemies":"Champ","floor":33.0,"turns":12.0},{"damage":8.0,"enemies":"3 Shapes","floor":35.0,"turns":8.0},{"damage":0.0,"enemies":"Orb Walker","floor":36.0,"turns":5.0},{"damage":27.0,"enemies":"Spire Growth","floor":37.0,"turns":7.0},{"damage":18.0,"enemies":"Sphere and 2 Shapes","floor":38.0,"turns":3.0},{"damage":4.0,"enemies":"4 Shapes","floor":41.0,"turns":6.0},{"damage":11.0,"enemies":"Nemesis","floor":44.0,"turns":9.0},{"damage":34.0,"enemies":"Maw","floor":47.0,"turns":8.0},{"damage":34.0,"enemies":"Time Eater","floor":50.0,"turns":11.0},{"damage":87.0,"enemies":"Shield and Spear","floor":54.0,"turns":7.0},{"damage":76,"enemies":"The Heart","floor":55,"turns":5}],"seed_played":"5070876181132327683","potions_obtained":[{"floor":2.0,"key":"BlessingOfTheForge"},{"floor":3.0,"key":"EntropicBrew"},{"floor":22.0,"key":"Weak Potion"},{"floor":23.0,"key":"AttackPotion"},{"floor":28.0,"key":"PowerPotion"},{"floor":37.0,"key":"Fruit Juice"},{"floor":38.0,"key":"Swift Potion"}],"is_trial":false,"path_per_floor":["M","M","M","$","?","R","E","R","T","R","M","E","M","$","R","B",null,"M","?","$","?","M","E","R","E","T","R","M","M","M","M","R","B",null,"M","M","M","M","$","R","M","R","T","E","?","R","M","$","R","B",null,"R","$","E","B"],"character_chosen":"THE_SILENT","items_purchased":["Noxious Fumes","Blur","Blade Dance","Noxious Fumes","Accuracy","Membership Card","Weak Potion"],"campfire_rested":1,"item_purchase_floors":[4,4,20,20,39,48,53],"current_hp_per_floor":[58,54,54,54,58,58,45,45,45,45,27,21,22,22,43,28,60,64,58,58,58,61,56,56,51,51,51,60,57,58,74,74,73,78,80,80,70,64,64,64,76,76,76,85,81,81,63,63,63,51,74,74,74,8,0,0],"gold":37,"neow_bonus":"ONE_RANDOM_RARE_CARD","is_daily":false,"chose_seed":false,"campfire_upgraded":10,"win_rate":0.0,"timestamp":1610134940,"path_taken":["M","M","M","$","?","R","E","R","T","R","M","E","M","?","R","BOSS","M","?","$","?","M","E","R","E","T","R","M","M","M","?","R","BOSS","M","?","M","M","$","R","M","R","T","E","?","R","M","$","R","BOSS","R","$","E","BOSS"],"items_purchased_type":["Card","Card","Card","Card","Card","Relic","Potion"],"build_version":"2020-12-22","purchased_purges":2,"victory":false,"max_hp_per_floor":[70,70,70,70,70,70,70,70,70,70,70,70,70,70,70,70,70,70,70,70,70,70,80,80,80,80,80,80,80,80,80,80,80,80,80,80,85,85,85,85,85,85,85,85,81,81,81,81,81,81,81,81,81,81,81,81],"relic_stats":{"Blood Vial":24,"Gremlin Horn":[19,19],"counters":[27,181],"Bird Faced Urn":[237],"Tiny Chest":0,"War Paint":["Backflip","Blade Dance"],"Question Card":13,"obtain_stats":[{"Pear":23,"Calipers":44,"The Specimen":7,"Gremlin Horn":9,"War Paint":54,"Question Card":25,"Blood Vial":26,"Bird Faced Urn":12,"Tiny Chest":21,"Philosopher\u0027s Stone":34,"Coffee Dripper":17,"Membership Card":48,"Ring of the Snake":0},{"Pear":11,"Calipers":23,"The Specimen":4,"Gremlin Horn":4,"War Paint":26,"Question Card":12,"Blood Vial":12,"Bird Faced Urn":6,"Tiny Chest":9,"Philosopher\u0027s Stone":17,"Coffee Dripper":8,"Membership Card":24,"Ring of the Snake":0},{"Pear":67,"Calipers":150,"The Specimen":19,"Gremlin Horn":19,"War Paint":176,"Question Card":74,"Blood Vial":74,"Bird Faced Urn":35,"Tiny Chest":54,"Philosopher\u0027s Stone":112,"Coffee Dripper":49,"Membership Card":158,"Ring of the Snake":0}],"Ring of the Snake":[54]},"card_choices":[{"not_picked":["Prepared","Outmaneuver","Dodge and Roll"],"picked":"SKIP","floor":1.0},{"not_picked":["Outmaneuver","Prepared"],"picked":"Sucker Punch","floor":2.0},{"not_picked":["Leg Sweep","Prepared"],"picked":"Dagger Spray","floor":3.0},{"not_picked":["Escape Plan","Dodge and Roll"],"picked":"Cloak And Dagger","floor":7.0},{"not_picked":["Reflex","Concentrate","Acrobatics"],"picked":"SKIP","floor":11.0},{"not_picked":["Flying Knee","Dodge and Roll"],"picked":"Blade Dance","floor":12.0},{"not_picked":["Grand Finale","Sucker Punch"],"picked":"Escape Plan","floor":13.0},{"not_picked":["Burst","Phantasmal Killer"],"picked":"Malaise","floor":16.0},{"not_picked":["All Out Attack","Cloak And Dagger"],"picked":"Caltrops","floor":18.0},{"not_picked":["Slice","Cloak And Dagger","Deflect"],"picked":"SKIP","floor":22.0},{"not_picked":["Flechettes","Noxious Fumes"],"picked":"Infinite Blades","floor":23.0},{"not_picked":["Expertise","Infinite Blades"],"picked":"Wraith Form v2","floor":25.0},{"not_picked":["Noxious Fumes","Cloak And Dagger+1","Quick Slash"],"picked":"Well Laid Plans","floor":28.0},{"not_picked":["Outmaneuver","Backflip","Dagger Spray"],"picked":"After Image","floor":29.0},{"not_picked":["Underhanded Strike+1","Prepared","Outmaneuver"],"picked":"Catalyst","floor":30.0},{"not_picked":["Poisoned Stab","Flying Knee","Underhanded Strike","Choke"],"picked":"SKIP","floor":31.0},{"not_picked":["Envenom","Die Die Die","Grand Finale"],"picked":"Adrenaline","floor":33.0},{"not_picked":["Outmaneuver","PiercingWail","Dodge and Roll+1"],"picked":"Backflip","floor":35.0},{"not_picked":["Finisher","Predator","Outmaneuver+1"],"picked":"Crippling Poison","floor":36.0},{"not_picked":["Dodge and Roll","Slice","Dagger Spray","Underhanded Strike"],"picked":"SKIP","floor":37.0},{"not_picked":["Prepared+1","Dagger Throw","A Thousand Cuts"],"picked":"Acrobatics+1","floor":38.0},{"not_picked":["Cloak And Dagger","Dagger Throw","Sucker Punch"],"picked":"Backflip","floor":41.0},{"not_picked":["Poisoned Stab","Backstab","Concentrate"],"picked":"Blade Dance","floor":44.0},{"not_picked":["Tactician","Quick Slash","Flechettes"],"picked":"Caltrops+1","floor":47.0},{"not_picked":["Blade Dance","Quick Slash+1","Adrenaline"],"picked":"Catalyst","floor":54.0}],"player_experience":1020899,"relics_obtained":[{"floor":7.0,"key":"The Specimen"},{"floor":9.0,"key":"Gremlin Horn"},{"floor":12.0,"key":"Bird Faced Urn"},{"floor":23.0,"key":"Pear"},{"floor":25.0,"key":"Question Card"},{"floor":26.0,"key":"Blood Vial"},{"floor":44.0,"key":"Calipers"},{"floor":54.0,"key":"War Paint"}],"event_choices":[{"damage_healed":4.0,"max_hp_gain":0.0,"max_hp_loss":0.0,"gold_gain":0.0,"event_name":"betterSkull:BetterSkull","player_choice":"LEAVE ","floor":5.0,"gold_loss":0.0,"damage_taken":0.0,"cards_upgraded":[],"relics_obtained":[]},{"damage_healed":0.0,"max_hp_gain":0.0,"max_hp_loss":0.0,"gold_gain":0.0,"event_name":"Nest","player_choice":"Joined the Cult","floor":19.0,"gold_loss":0.0,"damage_taken":6.0,"cards_obtained":["RitualDagger"]},{"cards_removed":["Escape Plan"],"damage_healed":0.0,"max_hp_gain":0.0,"max_hp_loss":0.0,"gold_gain":0.0,"event_name":"WeMeetAgain","player_choice":"Gave Card","floor":21.0,"gold_loss":0.0,"damage_taken":0.0,"relics_obtained":["Tiny Chest"]},{"damage_healed":0.0,"max_hp_gain":0.0,"max_hp_loss":4.0,"gold_gain":0.0,"event_name":"Winding Halls","player_choice":"Max HP","floor":45.0,"gold_loss":0.0,"damage_taken":0.0}],"is_beta":false,"boss_relics":[{"not_picked":["Snecko Eye","Pandora\u0027s Box"],"picked":"Coffee Dripper"},{"not_picked":["Sozu","Fusion Hammer"],"picked":"Philosopher\u0027s Stone"}],"items_purged_floors":[14,39],"is_endless":false,"potions_floor_spawned":[2,3,7,12,22,23,28,31,37,38,44],"killed_by":"The Heart","ascension_level":13}}