{"host":"zksvs3x2ysy9npnz","time":1610070596,"event":{"mods":["Aspiration","BaseMod","Beaked The Cultist","BetterRewards","Clockwork Mod","Colored Map","Conspire","Downfall","Duelist Mod","Ekko","Halation","Highlight Path","Hubris","Hunter ??","Infinite Spire","Jedi Mod","JesterMod","Minty Spire (QoL Compilation)","Permanent Neow","Quick Restart","Relic Stats","Replay The Spire","Retaliation","Shade Mod","Shop Mod","StSLib"],"gold_per_floor":[99,115,134,18,34,34,85,85,105,116,133,133,153,153,173,244,244,244,244,264,264,280,280,280,295,295,337,359,284,312,330,330,330],"floor_reached":32,"playtime":3751,"items_purged":[],"score":509,"play_id":"9a1854b6-1963-4ceb-bd89-bb8beac40e5a","local_time":"20210108024956","is_ascension_mode":true,"campfire_choices":[{"data":"Guardian:StasisEngine","floor":1,"key":"SMITH"},{"data":"expansioncontent:CaCaw","floor":8,"key":"SMITH"},{"data":"Guardian:CurlUp","floor":12,"key":"SMITH"},{"data":"Guardian:Suspension","floor":18,"key":"SMITH"},{"floor":23,"key":"REST"},{"floor":26,"key":"REST"},{"data":"Guardian:Harden","floor":29,"key":"SMITH"}],"circlet_count":0,"master_deck":["AscendersBane","Guardian:Strike_Guardian","Guardian:Strike_Guardian","Guardian:Strike_Guardian","Guardian:Strike_Guardian","Guardian:Defend_Guardian","Guardian:Defend_Guardian","Guardian:Defend_Guardian","Guardian:CurlUp+1","Guardian:TwinSlam","Guardian:StasisEngine+1","Guardian:Suspension+1","Guardian:Harden+1","Guardian:AncientConstruct","expansioncontent:CaCaw+1","Guardian:RollAttack+1","Guardian:Recover","Guardian:Suspension+1","Guardian:Clone","Guardian:RevengeProtocol","Guardian:Emergency","Guardian:TimeCapacitor","Guardian:PiercingHide","Guardian:Gem_Cyan"],"relics":["Guardian:ModeShifter","Oddly Smooth Stone","SlaversCollar","hubris:PeanutButter","CeramicFish","downfall:HeartBlessingGreen"],"acts_visited":["Exordium","TheCity"],"potions_floor_usage":[13,13,13,16,16,22,27,31],"damage_taken":[{"damage":0,"enemies":"Cultist","floor":2,"turns":5},{"damage":9,"enemies":"Small Slimes","floor":3,"turns":7},{"damage":0,"enemies":"downfall:FleeingMerchant","floor":4,"turns":4},{"damage":13,"enemies":"Jaw Worm","floor":5,"turns":5},{"damage":13,"enemies":"Gremlin Gang","floor":9,"turns":4},{"damage":6,"enemies":"3 Louse","floor":10,"turns":4},{"damage":4,"enemies":"2 Fungi Beasts","floor":11,"turns":3},{"damage":0,"enemies":"Large Slime","floor":13,"turns":8},{"damage":0,"enemies":"2 Fungi Beasts","floor":15,"turns":4},{"damage":13,"enemies":"downfall:Silent","floor":16,"turns":11},{"damage":14,"enemies":"Shell Parasite","floor":20,"turns":8},{"damage":15,"enemies":"Snecko","floor":22,"turns":7},{"damage":23,"enemies":"Centurion and Healer","floor":25,"turns":10},{"damage":0,"enemies":"Nightmare","floor":27,"turns":9},{"damage":28,"enemies":"Sentry and Sphere","floor":28,"turns":8},{"damage":0,"enemies":"Cultist and Chosen","floor":30,"turns":5},{"damage":7,"enemies":"Shelled Parasite and Fungi","floor":31,"turns":6},{"damage":19,"enemies":"3 Cultists","floor":32,"turns":5}],"seed_played":"7315455430627621886","potions_obtained":[{"floor":3,"key":"EntropicBrew"},{"floor":9,"key":"DistilledChaos"},{"floor":15,"key":"Guardian:DefensiveModePotion"},{"floor":16,"key":"DuplicationPotion"},{"floor":20,"key":"SkillPotion"},{"floor":25,"key":"DDmod:CleansePotion"},{"floor":27,"key":"Languid Potion"}],"is_trial":false,"path_per_floor":["R","M","M","$","M","?","T","R","M","M","M","R","M","?","M","B",null,"R","?","M","?","M","R","T","M","R","NM","M","R","M","M","M"],"character_chosen":"GUARDIAN","items_purchased":["expansioncontent:CaCaw"],"campfire_rested":2,"item_purchase_floors":[4],"current_hp_per_floor":[65,65,56,56,43,43,43,43,30,24,20,20,20,20,20,7,56,56,56,42,46,31,52,52,29,50,50,22,22,22,15,0,0],"gold":330,"neow_bonus":"ONE_RANDOM_RARE_CARD","is_daily":false,"chose_seed":false,"campfire_upgraded":5,"win_rate":0.0,"timestamp":1610070596,"path_taken":["R","M","M","?","?","?","T","R","M","M","M","R","M","?","M","BOSS","R","?","?","?","M","R","T","M","R","NM","M","R","M","M","M"],"items_purchased_type":["Card"],"build_version":"2020-12-22","purchased_purges":0,"victory":false,"max_hp_per_floor":[72,72,72,72,72,72,72,72,72,72,72,72,72,72,72,72,72,72,72,72,72,72,72,72,72,72,72,72,72,72,72,72,72],"relic_stats":{"counters":[18,113],"CeramicFish":27,"obtain_stats":[{"SlaversCollar":17,"downfall:BrokenWingStatue":14,"CeramicFish":27,"Guardian:ModeShifter":0,"Oddly Smooth Stone":7,"hubris:PeanutButter":24,"downfall:HeartBlessingGreen":29},{"SlaversCollar":10,"downfall:BrokenWingStatue":8,"CeramicFish":14,"Guardian:ModeShifter":0,"Oddly Smooth Stone":4,"hubris:PeanutButter":12,"downfall:HeartBlessingGreen":15},{"SlaversCollar":55,"downfall:BrokenWingStatue":40,"CeramicFish":89,"Guardian:ModeShifter":0,"Oddly Smooth Stone":21,"hubris:PeanutButter":70,"downfall:HeartBlessingGreen":97}]},"card_choices":[{"not_picked":["Guardian:Reroute","Guardian:Gem_Green"],"picked":"Guardian:Suspension","floor":2},{"not_picked":["Guardian:Gem_Lightblue","Guardian:Incinerate"],"picked":"Guardian:Harden","floor":3},{"not_picked":["Guardian:SentryBeam","Guardian:TemporalShield"],"picked":"Guardian:AncientConstruct","floor":4},{"not_picked":["Guardian:MultiBeam","Guardian:FloatingOrbs"],"picked":"Guardian:Gem_Cyan","floor":5},{"not_picked":["Guardian:Gem_Cyan","Guardian:AncientConstruct"],"picked":"Guardian:Recover","floor":9},{"not_picked":["Guardian:PrimingBeam","Guardian:TemporalStrike"],"picked":"Guardian:Gem_Purple","floor":10},{"not_picked":["Guardian:Gem_Crimson","Guardian:SentryBeam"],"picked":"Guardian:Suspension","floor":11},{"not_picked":["Guardian:PrimingBeam","Guardian:Gem_Red"],"picked":"Guardian:Clone","floor":13},{"not_picked":["Guardian:TemporalStrike","Guardian:ShieldCharger"],"picked":"Guardian:Gem_Synthetic","floor":15},{"not_picked":["Guardian:Gem_Synthetic","Guardian:SphericShield"],"picked":"Guardian:RevengeProtocol","floor":16},{"not_picked":["Guardian:VentSteam","Guardian:Planning+1"],"picked":"Guardian:Emergency","floor":20},{"not_picked":["Guardian:Gem_Green","Guardian:GuardianWhirl+1"],"picked":"Guardian:TimeCapacitor","floor":22},{"not_picked":["Guardian:DonusPower","Guardian:Suspension","Guardian:GuardianWhirl"],"picked":"SKIP","floor":25},{"not_picked":["Guardian:Repulse","Guardian:Reroute"],"picked":"Guardian:Gem_Cyan","floor":27},{"not_picked":["Guardian:Gem_Red","Guardian:Clone+1"],"picked":"Guardian:PiercingHide","floor":28},{"not_picked":["Guardian:GemFire","Guardian:Suspension"],"picked":"Guardian:Gem_Cyan","floor":30},{"not_picked":["Guardian:Preprogram","Guardian:PrimingBeam","Guardian:Suspension"],"picked":"SKIP","floor":31}],"player_experience":1830803,"relics_obtained":[{"floor":7,"key":"Oddly Smooth Stone"},{"floor":24,"key":"hubris:PeanutButter"},{"floor":27,"key":"CeramicFish"}],"event_choices":[],"is_beta":false,"boss_relics":[{"not_picked":["jedi:battlestandard","hubris:VirtuousBlindfold"],"picked":"SlaversCollar"}],"items_purged_floors":[],"is_endless":false,"potions_floor_spawned":[3,9,11,15,16,20,25,27],"killed_by":"3 Cultists","ascension_level":16}}