{"host":"ig7tc0uedzltt2sr","time":1610068564,"event":{"mods":["BaseMod","Better Twitch Integration","Block Reminder","Colored Map","Colored Powertips","Communication Mod","Current Relic Mod","GifTheSpireLib","HexUI Lib","Minty Spire (QoL Compilation)","Quick Restart","Random Character Button","Rare Cards Sparkle","Relic Sorter","Relic Stats","Slay the Relics Exporter","StSLib","SuperFastMode","Synergy Search","Twitch Decklist","Twitch Utils","everything is the same but u backflip on backflip","slay the spire mod where everything is the same but ironclad has a cowboy hat"],"gold_per_floor":[116,116,116,191,203,238,238,254,281,281,300,300,300],"floor_reached":12,"playtime":73,"items_purged":[],"score":103,"play_id":"1b2778e5-5de3-4335-9ed7-597f2dc99c65","local_time":"20210107171604","is_ascension_mode":false,"campfire_choices":[{"floor":7,"key":"RECALL"}],"circlet_count":0,"master_deck":["Strike_R+1","Strike_R","Strike_R","Strike_R","Strike_R","Defend_R","Defend_R+1","Defend_R","Defend_R","Bash","Combust","Havoc","Evolve","Thunderclap","Inflame"],"relics":["Burning Blood","NeowsBlessing","PreservedInsect"],"acts_visited":["Exordium"],"potions_floor_usage":[],"damage_taken":[{"damage":0,"enemies":"Jaw Worm","floor":1,"turns":1},{"damage":0,"enemies":"Small Slimes","floor":5,"turns":2},{"damage":0,"enemies":"3 Sentries","floor":6,"turns":3},{"damage":7,"enemies":"2 Louse","floor":8,"turns":5},{"damage":13,"enemies":"Large Slime","floor":11,"turns":10},{"damage":62,"enemies":"Lagavulin","floor":12,"turns":8}],"seed_played":"-9106018567189330794","potions_obtained":[{"floor":5,"key":"SteroidPotion"},{"floor":6,"key":"ColorlessPotion"}],"is_trial":false,"path_per_floor":["M","?","$","?","M","E","R","M","T","$","M","E"],"character_chosen":"IRONCLAD","items_purchased":[],"campfire_rested":0,"item_purchase_floors":[],"current_hp_per_floor":[80,64,64,53,59,65,65,64,64,64,57,0,0],"gold":300,"neow_bonus":"THREE_ENEMY_KILL","is_daily":false,"chose_seed":false,"campfire_upgraded":0,"win_rate":0.0,"timestamp":1610068564,"path_taken":["M","?","$","?","M","E","R","M","T","$","M","E"],"items_purchased_type":[],"build_version":"2020-12-22","purchased_purges":0,"victory":false,"max_hp_per_floor":[80,80,80,80,80,80,80,80,80,80,80,80,80],"relic_stats":{"counters":[6,29],"PreservedInsect":28,"obtain_stats":[{"NeowsBlessing":0,"PreservedInsect":6,"Burning Blood":0},{"NeowsBlessing":0,"PreservedInsect":3,"Burning Blood":0},{"NeowsBlessing":0,"PreservedInsect":6,"Burning Blood":0}],"Burning Blood":24},"card_choices":[{"not_picked":["Heavy Blade","Anger"],"picked":"Combust","floor":1},{"not_picked":["Perfected Strike","Flex"],"picked":"Havoc","floor":5},{"not_picked":["Wild Strike","Sever Soul"],"picked":"Evolve","floor":6},{"not_picked":["True Grit","Anger"],"picked":"Thunderclap","floor":8},{"not_picked":["Twin Strike","Disarm"],"picked":"Inflame","floor":11}],"player_experience":1466067,"relics_obtained":[{"floor":6,"key":"PreservedInsect"}],"event_choices":[{"damage_healed":0,"gold_gain":0,"player_choice":"Entered Light","damage_taken":16,"max_hp_gain":0,"max_hp_loss":0,"event_name":"Shining Light","floor":2,"gold_loss":0,"cards_upgraded":["Defend_R","Strike_R"]},{"damage_healed":0,"gold_gain":75,"player_choice":"Gather Gold","damage_taken":11,"max_hp_gain":0,"max_hp_loss":0,"event_name":"World of Goop","floor":4,"gold_loss":0}],"is_beta":false,"boss_relics":[],"items_purged_floors":[],"is_endless":false,"potions_floor_spawned":[5,6],"killed_by":"Lagavulin","ascension_level":0}}