{"host":"gfr9dk7hxbf4u708","time":1610126328,"event":{"mods":["AchievementEnabler","BaseMod","Better Third Choice","Colored Map","Downfall","Googly Eyes","Hermit","Hubris","Infinite Spire","Minty Spire (QoL Compilation)","Permanent Neow","Quick Restart","Random Character Button","Replay The Spire","StSLib","The Bug Knight","The Factory","The Hierophant","The Jungle","The Runesmith"],"gold_per_floor":[109,127,127,127,52,52,85,85,85,111,60,60,60,34,34,132,132,150,150,162,162,182,211,225,225,225,225,321,331,331,346,346,441,491,509,509,521,14,14,14,40,58,58,21,56,72,91,102,102,102],"floor_reached":51,"playtime":3210,"items_purged":["HollowMod:NailStrikeStart","Slimebound:Icky","HollowMod:NailStrikeStart"],"score":691,"play_id":"3d87941b-f26a-469b-9eb1-1541bd0b8fe4","local_time":"20210108191848","is_ascension_mode":true,"campfire_choices":[{"data":"HollowMod:FocusHealStart","floor":6,"key":"SMITH"},{"data":"HollowMod:AbyssShriek","floor":8,"key":"SMITH"},{"data":"HollowMod:VengefulVoid","floor":12,"key":"SMITH"},{"floor":15,"key":"REST"},{"data":"HollowMod:DescendingDark","floor":25,"key":"SMITH"},{"floor":30,"key":"REST"},{"data":"HollowMod:DescendingDark","floor":32,"key":"SMITH"},{"data":"HollowMod:AbyssShriek","floor":40,"key":"SMITH"},{"floor":49,"key":"REST"}],"circlet_count":0,"master_deck":["HollowMod:NailStrikeStart","HollowMod:NailStrikeStart","HollowMod:QuickDashStart+1","HollowMod:QuickDashStart+1","HollowMod:QuickDashStart","HollowMod:QuickDashStart","HollowMod:FocusHealStart+1","HollowMod:PogoStrike","AbeCurse","HollowMod:DescendingDark+1","HollowMod:CloakDash+1","HollowMod:AbyssShriek+1","HollowMod:CloakDash+1","HollowMod:VengefulVoid+1","HollowMod:WraithStrike+1","HollowMod:LordofShades","Dodge and Roll","HollowMod:DescendingDark+1","HollowMod:SiblingsSouls","HollowMod:PerfectDash+1","HollowMod:VengefulVoid","HollowMod:SiblingsSouls+1","HollowMod:AbyssShriek+1","HollowMod:HuntersJournal+1","HollowMod:VoidDash","HollowMod:BlackTendrils","HollowMod:DescendingDark","HollowMod:VengefulVoid+1"],"relics":["Abe\u0027s Treasure","hubris:Icosahedron","Replay:Bottled Steam","ReplayFunnel","hubris:Spice","hubris:DisguiseKit","SlaversCollar","War Paint","Mirror","hubris:MysteriousPyramids","Replay:Blank Codex","Tiny House","Membership Card","Replay:Rubber Ducky","hubris:TinFlute","War Paint","Bottled Flame","Bronze Scales"],"acts_visited":["Exordium","TheCity","TheBeyond"],"potions_floor_usage":[16,23,33,50,50,50],"damage_taken":[{"damage":0,"enemies":"Jaw Worm","floor":1,"turns":2},{"damage":1,"enemies":"Cultist","floor":2,"turns":3},{"damage":35,"enemies":"Replay:BlueRogue","floor":7,"turns":7},{"damage":40,"enemies":"Lagavulin","floor":10,"turns":5},{"damage":5,"enemies":"Slime Boss","floor":16,"turns":6},{"damage":9,"enemies":"Chosen","floor":18,"turns":4},{"damage":0,"enemies":"3 Byrds","floor":20,"turns":3},{"damage":2,"enemies":"Sentry and Sphere","floor":22,"turns":3},{"damage":27,"enemies":"Book of Stabbing","floor":23,"turns":5},{"damage":7,"enemies":"Shelled Parasite and Fungi","floor":24,"turns":3},{"damage":14,"enemies":"Cultist and Chosen","floor":29,"turns":3},{"damage":0,"enemies":"3 Cultists","floor":31,"turns":2},{"damage":10,"enemies":"HollowMod:NKGrimm","floor":33,"turns":6},{"damage":2,"enemies":"3 Shapes","floor":35,"turns":2},{"damage":0,"enemies":"3 Darklings","floor":37,"turns":1},{"damage":36,"enemies":"Nemesis","floor":41,"turns":5},{"damage":37,"enemies":"Writhing Mass","floor":42,"turns":5},{"damage":1,"enemies":"Giant Head","floor":45,"turns":6},{"damage":0,"enemies":"Spire Growth","floor":46,"turns":4},{"damage":16,"enemies":"4 Shapes","floor":47,"turns":1},{"damage":14,"enemies":"3 Darklings","floor":48,"turns":2},{"damage":47,"enemies":"hubris:GrandSnecko","floor":50,"turns":7}],"seed_played":"-2757202027057136038","potions_obtained":[{"floor":10,"key":"Swift Potion"},{"floor":16,"key":"hexamod:EctoCoolerPotion"},{"floor":20,"key":"LiquidBronze"},{"floor":23,"key":"Dexterity Potion"},{"floor":24,"key":"BlessingOfTheForge"},{"floor":31,"key":"Languid Potion"},{"floor":33,"key":"CultistPotion"},{"floor":34,"key":"PowerPotion"}],"is_trial":false,"path_per_floor":["M","M","?","?","$","R","E","R","T","E","$","R","?","$","R","B",null,"M","AVR","M","?","M","E","M","R","T","?","?","M","R","M","R","B",null,"M","?","M","$","?","R","E","M","T","$","E","M","M","M","R","B",null],"character_chosen":"THE_BUGKNIGHT","items_purchased":["HollowMod:VengefulVoid","HollowMod:WraithStrike","HollowMod:AbyssShriek","Membership Card","HollowMod:HuntersJournal","Replay:Rubber Ducky","hubris:TinFlute","HollowMod:VoidDash"],"campfire_rested":3,"item_purchase_floors":[11,14,38,38,38,38,38,44],"current_hp_per_floor":[75,74,74,74,74,74,51,51,51,29,29,29,29,29,53,60,77,74,74,83,83,81,64,67,67,67,51,18,10,34,40,40,36,76,80,80,80,80,80,80,54,27,27,27,38,53,37,26,52,14],"gold":102,"neow_bonus":"BOSS_RELIC","is_daily":false,"chose_seed":false,"campfire_upgraded":6,"win_rate":0.0,"timestamp":1610126328,"path_taken":["M","M","?","?","?","R","E","R","T","E","$","R","?","$","R","BOSS","M","AVR","M","?","?","E","M","R","T","?","?","M","R","M","R","BOSS","M","?","M","$","?","R","E","M","T","?","E","M","?","M","R","BOSS"],"items_purchased_type":["Card","Card","Card","Relic","Card","Relic","Relic","Card"],"build_version":"2020-12-22","purchased_purges":3,"victory":true,"max_hp_per_floor":[75,75,75,75,75,75,75,75,75,83,83,83,83,83,83,83,83,83,83,83,83,83,83,83,83,83,83,83,83,83,83,83,83,88,88,88,88,88,88,88,88,88,88,88,88,88,88,88,88,88],"card_choices":[{"not_picked":["HollowMod:RecoilStrike","HollowMod:CornifersMapStart"],"picked":"HollowMod:DescendingDark","floor":1},{"not_picked":["HollowMod:RecoilStrike","HollowMod:ChannelNail"],"picked":"HollowMod:CloakDash","floor":2},{"not_picked":["HollowMod:DesolateDive","HollowMod:SoulStrike"],"picked":"HollowMod:AbyssShriek","floor":7},{"not_picked":["HollowMod:TaintedHusks","HollowMod:SoulMaster"],"picked":"HollowMod:CloakDash","floor":10},{"not_picked":["HollowMod:WhiteLadysBlessing","HollowMod:SoulMaster","Venomology"],"picked":"HollowMod:LordofShades","floor":16},{"not_picked":["HollowMod:ChannelNail+1","HollowMod:NewJinnsSoul","HollowMod:MantisMark","Hidden Blade"],"picked":"SKIP","floor":18},{"not_picked":["HollowMod:HeavyBlow+1","HollowMod:TaintedHusks","HollowMod:CornifersMapStart"],"picked":"Dodge and Roll","floor":20},{"not_picked":["HollowMod:WraithStrike","HollowMod:CornifersMapStart","Calculated Gamble"],"picked":"HollowMod:DescendingDark","floor":22},{"not_picked":["HollowMod:GoodIntentions","HollowMod:NewJinnsSoul","Slice"],"picked":"HollowMod:SiblingsSouls","floor":23},{"not_picked":["HollowMod:GrimmsGift","HollowMod:InfectedCysts","Blade Dance"],"picked":"HollowMod:PerfectDash+1","floor":24},{"not_picked":["HollowMod:CycloneSlash","HollowMod:SharpenedShadows","Envenom"],"picked":"HollowMod:VengefulVoid","floor":28},{"not_picked":["HollowMod:Grubsong+1","HollowMod:DesolateDive+1","HollowMod:LifebloodCocoon+1","Slice"],"picked":"SKIP","floor":29},{"not_picked":["HollowMod:SharpenedNail","HollowMod:HowlingWraiths","HollowMod:NewLittleFool+1","Deadly Poison"],"picked":"SKIP","floor":31},{"not_picked":["HollowMod:WraithStrike+1","HollowMod:CycloneSlash+1","HollowMod:SharpenedNail+1","Sucker Punch"],"picked":"SKIP","floor":35},{"not_picked":["HollowMod:HeavyBlow","HollowMod:SoulSplash+1","Deflect"],"picked":"HollowMod:SiblingsSouls+1","floor":37},{"not_picked":["HollowMod:DreamGate+1","HollowMod:GreatSlash+1","HollowMod:DoubleDash+1","PiercingWail"],"picked":"SKIP","floor":41},{"not_picked":["HollowMod:RadiancesLament","HollowMod:SharpenedShadows+1","HollowMod:SiblingsSouls","Endless Agony"],"picked":"SKIP","floor":42},{"not_picked":["HollowMod:Grubsong+1","HollowMod:DashSlash+1","Deflect"],"picked":"HollowMod:BlackTendrils","floor":45},{"not_picked":["HollowMod:WraithStrike+1","HollowMod:SharpenedNail+1","HollowMod:GoodIntentions+1","Hidden Blade"],"picked":"SKIP","floor":46},{"not_picked":["HollowMod:LifebloodCocoon+1","HollowMod:DashSlash+1","Hidden Blade"],"picked":"HollowMod:DescendingDark","floor":47},{"not_picked":["HollowMod:HerrahsAnger","HollowMod:DoubleDash+1","Backflip"],"picked":"HollowMod:VengefulVoid+1","floor":48}],"player_experience":317027,"relics_obtained":[{"floor":7,"key":"Replay:Bottled Steam"},{"floor":9,"key":"ReplayFunnel"},{"floor":10,"key":"hubris:Spice"},{"floor":23,"key":"Mirror"},{"floor":26,"key":"hubris:MysteriousPyramids"},{"floor":27,"key":"Replay:Blank Codex"},{"floor":41,"key":"War Paint"},{"floor":43,"key":"Bottled Flame"},{"floor":45,"key":"Bronze Scales"}],"event_choices":[{"damage_healed":0,"gold_gain":0,"player_choice":"Forge","damage_taken":0,"max_hp_gain":0,"max_hp_loss":0,"event_name":"Accursed Blacksmith","floor":21,"gold_loss":0,"cards_upgraded":["HollowMod:WraithStrike"]},{"damage_healed":0,"gold_gain":0,"player_choice":"Obtained Book","damage_taken":16,"max_hp_gain":0,"max_hp_loss":0,"event_name":"Cursed Tome","floor":27,"gold_loss":0},{"damage_healed":0,"gold_gain":0,"player_choice":"Memory 1","damage_taken":0,"max_hp_gain":0,"max_hp_loss":0,"event_name":"SensoryStone","floor":36,"gold_loss":0}],"is_beta":false,"boss_relics":[{"not_picked":["Pandora\u0027s Box","Astrolabe"],"picked":"SlaversCollar"},{"not_picked":["hubris:CrackedHourglass","Sozu"],"picked":"Tiny House"}],"items_purged_floors":[5,19,38],"is_endless":false,"potions_floor_spawned":[10,16,20,23,24,31,33,37,45,47],"ascension_level":5}}