{"host":"p4v0hquynnreu717","time":1610120660,"event":{"mods":["BaseMod","Better Vampires","DeckTracker","Googly Eyes","Minty Spire (QoL Compilation)","Quick Restart","StSLib","SuperFastMode"],"gold_per_floor":[113,113,113,38,49,77,77,92,142,142,176,176,189,222,222,301,301,313,324,76,93,18,18,51,51,104,131,131,160,160,160,160,239,239,255,280,296,315,315,349,349,376,399,119,147,147,161,11,11,11,11,11,11,36,36],"floor_reached":56,"playtime":2023,"items_purged":["Defend_P","Strike_P","Strike_P","BowlingBash"],"score":2419,"play_id":"c2394569-132d-4655-96d6-910727bf8dc0","local_time":"20210108234420","is_ascension_mode":true,"campfire_choices":[{"data":"Eruption","floor":7.0,"key":"SMITH"},{"data":"Study","floor":10.0,"key":"SMITH"},{"data":"Ragnarok","floor":15.0,"key":"SMITH"},{"data":"Vault","floor":23.0,"key":"SMITH"},{"data":"TalkToTheHand","floor":28.0,"key":"SMITH"},{"data":"TalkToTheHand","floor":30.0,"key":"SMITH"},{"data":"TalkToTheHand","floor":32.0,"key":"SMITH"},{"data":"MasterReality","floor":41.0,"key":"SMITH"},{"floor":49.0,"key":"RECALL"},{"data":"Omniscience","floor":52,"key":"SMITH"}],"circlet_count":0,"master_deck":["AscendersBane","Strike_P+1","Defend_P","Eruption+1","Vigilance","SandsOfTime","FlurryOfBlows","TalkToTheHand+1","Study+1","TalkToTheHand+1","Ragnarok+1","Vault+1","DeceiveReality","Wallop+1","Ghostly","Ghostly","Ghostly","TalkToTheHand+1","MasterReality+1","Prostrate","ThirdEye","Omniscience+1","Vault+1"],"relics":["PureWater","NeowsBlessing","Damaru","CaptainsWheel","Bottled Tornado","Pocketwatch","Black Star","Vajra","CloakClasp","Pear","Bronze Scales","Lizard Tail","Bag of Marbles","Torii","Turnip","Sozu","Unceasing Top","Shuriken","Calipers","Whetstone","Bottled Flame","Omamori","Anchor","Bottled Lightning","Blood Vial","Ginger","Thread and Needle"],"acts_visited":["Exordium","TheCity","TheBeyond","TheEnding"],"potions_floor_usage":[],"damage_taken":[{"damage":0.0,"enemies":"Small Slimes","floor":1.0,"turns":1.0},{"damage":0.0,"enemies":"Jaw Worm","floor":5.0,"turns":1.0},{"damage":0.0,"enemies":"3 Sentries","floor":6.0,"turns":1.0},{"damage":0.0,"enemies":"2 Louse","floor":8.0,"turns":1.0},{"damage":20.0,"enemies":"Lagavulin","floor":11.0,"turns":5.0},{"damage":9.0,"enemies":"Blue Slaver","floor":13.0,"turns":3.0},{"damage":9.0,"enemies":"Gremlin Nob","floor":14.0,"turns":4.0},{"damage":4.0,"enemies":"Hexaghost","floor":16.0,"turns":6.0},{"damage":12.0,"enemies":"Chosen","floor":18.0,"turns":3.0},{"damage":0.0,"enemies":"3 Byrds","floor":19.0,"turns":4.0},{"damage":0.0,"enemies":"Sentry and Sphere","floor":21.0,"turns":3.0},{"damage":44.0,"enemies":"Slavers","floor":24.0,"turns":4.0},{"damage":0.0,"enemies":"Book of Stabbing","floor":27.0,"turns":6.0},{"damage":0.0,"enemies":"Slavers","floor":29.0,"turns":3.0},{"damage":101.0,"enemies":"Automaton","floor":33.0,"turns":10.0},{"damage":0.0,"enemies":"3 Darklings","floor":35.0,"turns":4.0},{"damage":0.0,"enemies":"Mind Bloom Boss Battle","floor":36.0,"turns":6.0},{"damage":6.0,"enemies":"3 Shapes","floor":37.0,"turns":4.0},{"damage":0.0,"enemies":"Spire Growth","floor":38.0,"turns":6.0},{"damage":0.0,"enemies":"Reptomancer","floor":40.0,"turns":6.0},{"damage":0.0,"enemies":"Giant Head","floor":42.0,"turns":6.0},{"damage":1.0,"enemies":"Nemesis","floor":45.0,"turns":6.0},{"damage":0.0,"enemies":"4 Shapes","floor":47.0,"turns":6.0},{"damage":1,"enemies":"Time Eater","floor":50,"turns":7},{"damage":0,"enemies":"Shield and Spear","floor":54,"turns":6},{"damage":0,"enemies":"The Heart","floor":55,"turns":10}],"seed_played":"7307754545263227842","potions_obtained":[{"floor":6.0,"key":"FairyPotion"},{"floor":11.0,"key":"SkillPotion"},{"floor":24.0,"key":"Explosive Potion"},{"floor":27.0,"key":"SteroidPotion"}],"is_trial":false,"path_per_floor":["M","?","?","$","M","E","R","M","T","R","E","T","M","E","R","B",null,"M","M","$","M","?","R","E","?","T","E","R","E","R","?","R","B",null,"M","?","M","M","?","E","R","E","T","$","E","?","M","$","R","B",null,"R","$","E","B",null],"character_chosen":"WATCHER","items_purchased":["Vajra","Anchor"],"campfire_rested":0,"item_purchase_floors":[20,44],"current_hp_per_floor":[61,61,54,54,54,54,54,54,54,54,34,34,25,16,16,12,54,42,42,42,42,42,42,30,30,30,30,30,30,30,30,30,19,34,34,34,28,28,28,28,28,28,28,28,27,27,29,29,29,30,35,35,35,37,37],"gold":36,"neow_bonus":"THREE_ENEMY_KILL","is_daily":false,"chose_seed":false,"campfire_upgraded":9,"win_rate":0.0,"timestamp":1610120660,"path_taken":["M","?","?","$","M","E","R","M","T","R","E","?","M","E","R","BOSS","BOSS","M","M","$","M","?","R","E","?","T","E","R","E","R","?","R","BOSS","M","?","M","M","?","E","R","E","T","?","E","?","M","$","R","BOSS","R","$","E","BOSS"],"items_purchased_type":["Relic","Relic"],"build_version":"2020-12-22","purchased_purges":4,"victory":true,"max_hp_per_floor":[68,68,68,68,68,68,68,68,68,68,68,68,68,68,68,68,68,68,68,68,68,68,68,78,39,39,39,39,39,39,39,39,39,39,39,39,39,39,37,37,37,37,37,37,37,37,37,37,37,37,37,37,37,37,37],"card_choices":[{"not_picked":["PathToVictory","ThirdEye","Halt"],"picked":"SKIP","floor":1.0},{"not_picked":["MentalFortress","SandsOfTime"],"picked":"FlurryOfBlows","floor":5.0},{"not_picked":["ReachHeaven","Prostrate"],"picked":"TalkToTheHand","floor":6.0},{"not_picked":["FlurryOfBlows","CarveReality"],"picked":"Study","floor":8.0},{"not_picked":["Ragnarok","EmptyBody","FollowUp"],"picked":"SKIP","floor":11.0},{"not_picked":["FollowUp","Prostrate"],"picked":"TalkToTheHand","floor":13.0},{"not_picked":["EmptyFist","FlyingSleeves"],"picked":"Ragnarok","floor":14.0},{"not_picked":["Judgement","SpiritShield"],"picked":"Vault","floor":16.0},{"not_picked":["JustLucky","ClearTheMind","Protect"],"picked":"SKIP","floor":18.0},{"not_picked":["Evaluate","SashWhip"],"picked":"BowlingBash","floor":19.0},{"not_picked":["Prostrate","Collect"],"picked":"DeceiveReality","floor":21.0},{"not_picked":["DevaForm","Wireheading+1"],"picked":"Wallop","floor":24.0},{"not_picked":["Halt","Protect"],"picked":"TalkToTheHand","floor":27.0},{"not_picked":["Prostrate","Swivel+1","SashWhip"],"picked":"SKIP","floor":29.0},{"not_picked":["LessonLearned","ConjureBlade"],"picked":"MasterReality","floor":33.0},{"not_picked":["ThirdEye+1","ClearTheMind"],"picked":"Prostrate","floor":35.0},{"not_picked":["EmptyBody","ThirdEye","DeceiveReality"],"picked":"SKIP","floor":37.0},{"not_picked":["Study","Alpha"],"picked":"ThirdEye","floor":38.0},{"not_picked":["Crescendo+1","Prostrate+1","MentalFortress"],"picked":"SKIP","floor":40.0},{"not_picked":["WheelKick+1","FlurryOfBlows","BowlingBash"],"picked":"SKIP","floor":42.0},{"not_picked":["BattleHymn","Protect"],"picked":"Omniscience","floor":45.0},{"not_picked":["Prostrate","CrushJoints+1","FlurryOfBlows"],"picked":"SKIP","floor":47.0},{"not_picked":["SashWhip+1","CarveReality","CutThroughFate"],"picked":"SKIP","floor":54}],"player_experience":770441,"relics_obtained":[{"floor":6.0,"key":"Damaru"},{"floor":11.0,"key":"CaptainsWheel"},{"floor":12.0,"key":"Bottled Tornado"},{"floor":14.0,"key":"Pocketwatch"},{"floor":24.0,"key":"CloakClasp"},{"floor":24.0,"key":"Pear"},{"floor":26.0,"key":"Bronze Scales"},{"floor":27.0,"key":"Lizard Tail"},{"floor":27.0,"key":"Bag of Marbles"},{"floor":29.0,"key":"Torii"},{"floor":29.0,"key":"Turnip"},{"floor":36.0,"key":"Unceasing Top"},{"floor":40.0,"key":"Shuriken"},{"floor":40.0,"key":"Calipers"},{"floor":42.0,"key":"Whetstone"},{"floor":42.0,"key":"Bottled Flame"},{"floor":43.0,"key":"Omamori"},{"floor":45.0,"key":"Bottled Lightning"},{"floor":45.0,"key":"Blood Vial"},{"floor":54,"key":"Ginger"},{"floor":54,"key":"Thread and Needle"}],"event_choices":[{"damage_healed":0.0,"max_hp_gain":0.0,"max_hp_loss":0.0,"gold_gain":0.0,"cards_transformed":["Defend_P"],"event_name":"Living Wall","player_choice":"Change","floor":2.0,"gold_loss":0.0,"damage_taken":0.0,"cards_obtained":["SandsOfTime"]},{"cards_removed":["Defend_P"],"damage_healed":0.0,"max_hp_gain":0.0,"max_hp_loss":0.0,"gold_gain":0.0,"event_name":"Golden Wing","player_choice":"Card Removal","floor":3.0,"gold_loss":0.0,"damage_taken":7.0},{"cards_removed":["Strike_P"],"damage_healed":0.0,"max_hp_gain":0.0,"max_hp_loss":0.0,"gold_gain":0.0,"event_name":"Beggar","player_choice":"Gave Gold","floor":22.0,"gold_loss":75.0,"damage_taken":0.0},{"damage_healed":0.0,"max_hp_gain":0.0,"max_hp_loss":39.0,"gold_gain":0.0,"event_name":"Ghosts","player_choice":"Became a Ghost","floor":25.0,"gold_loss":0.0,"damage_taken":0.0,"cards_obtained":["Ghostly","Ghostly","Ghostly"]},{"damage_healed":0.0,"max_hp_gain":0.0,"max_hp_loss":0.0,"gold_gain":0.0,"event_name":"The Mausoleum","player_choice":"Ignored","floor":31.0,"gold_loss":0.0,"damage_taken":0.0},{"damage_healed":0.0,"max_hp_gain":0.0,"max_hp_loss":0.0,"gold_gain":0.0,"event_name":"MindBloom","player_choice":"Fight","floor":36.0,"gold_loss":0.0,"damage_taken":0.0},{"damage_healed":0.0,"max_hp_gain":0.0,"max_hp_loss":2.0,"gold_gain":0.0,"event_name":"Winding Halls","player_choice":"Max HP","floor":39.0,"gold_loss":0.0,"damage_taken":0.0},{"damage_healed":0.0,"max_hp_gain":0.0,"max_hp_loss":0.0,"gold_gain":0.0,"event_name":"Duplicator","player_choice":"Copied","floor":46.0,"gold_loss":0.0,"damage_taken":0.0,"cards_obtained":["Vault"]}],"is_beta":false,"boss_relics":[{"not_picked":["SlaversCollar","Busted Crown"],"picked":"Black Star"},{"not_picked":["SacredBark","Pandora\u0027s Box"],"picked":"Sozu"}],"items_purged_floors":[4,20,44,48],"is_endless":false,"potions_floor_spawned":[6,11,16,18,24,27,36,40,47],"ascension_level":15}}