{"host":"36mulxq349byzoa2","time":1610119107,"event":{"mods":["AchievementEnabler","BaseMod","Better Match","Block Reminder","Colored Map","Colored Powertips","Minty Spire (QoL Compilation)","Rare Cards Sparkle","StSLib","SuperFastMode"],"gold_per_floor":[110,110,137,212,224,252,252,269,294,294,304,304,304,334,334,334,334],"floor_reached":16,"playtime":238,"items_purged":[],"score":259,"play_id":"36abf0fa-f3b6-4b68-9206-8e8e52ede0db","local_time":"20210108101827","is_ascension_mode":true,"campfire_choices":[{"data":"Sucker Punch","floor":7,"key":"SMITH"},{"data":"Neutralize","floor":10,"key":"SMITH"},{"data":"Predator","floor":12,"key":"SMITH"},{"data":"Dash","floor":15,"key":"SMITH"}],"circlet_count":0,"master_deck":["AscendersBane","Strike_G","Strike_G","Strike_G","Strike_G","Strike_G","Defend_G","Defend_G","Defend_G","Defend_G","Defend_G","Survivor","Neutralize+1","Sucker Punch+1","Dash+1","PiercingWail","Backstab","Predator+1"],"relics":["Ring of the Snake","NeowsBlessing","Akabeko","Vajra","Bag of Preparation","WingedGreaves"],"acts_visited":["Exordium"],"potions_floor_usage":[16,16],"damage_taken":[{"damage":0,"enemies":"2 Louse","floor":1,"turns":1},{"damage":0,"enemies":"Jaw Worm","floor":5,"turns":1},{"damage":0,"enemies":"Lagavulin","floor":6,"turns":1},{"damage":4,"enemies":"Small Slimes","floor":8,"turns":3},{"damage":0,"enemies":"Red Slaver","floor":11,"turns":2},{"damage":6,"enemies":"Gremlin Nob","floor":14,"turns":3},{"damage":48,"enemies":"Slime Boss","floor":16,"turns":11}],"seed_played":"7422004135403541548","potions_obtained":[{"floor":5,"key":"Weak Potion"},{"floor":8,"key":"GhostInAJar"}],"is_trial":false,"path_per_floor":["M","?","T","?","M","E","R","M","T","R","M","R","?","E","R","B"],"character_chosen":"THE_SILENT","items_purchased":[],"campfire_rested":0,"item_purchase_floors":[],"current_hp_per_floor":[59,64,64,53,53,53,53,49,49,49,49,49,49,43,43,0,0],"gold":334,"neow_bonus":"THREE_ENEMY_KILL","is_daily":false,"chose_seed":false,"campfire_upgraded":4,"win_rate":0.0,"timestamp":1610119107,"path_taken":["M","?","?","?","M","E","R","M","T","R","M","R","?","E","R","BOSS"],"items_purchased_type":[],"build_version":"2020-12-22","purchased_purges":0,"victory":false,"max_hp_per_floor":[66,71,71,71,71,71,71,71,71,71,71,71,71,71,71,71,71],"card_choices":[{"not_picked":["Acrobatics","Riddle With Holes"],"picked":"Sucker Punch","floor":1},{"not_picked":["Blur","Catalyst"],"picked":"Dash","floor":5},{"not_picked":["Bane","Dash"],"picked":"PiercingWail","floor":6},{"not_picked":["Calculated Gamble","Accuracy"],"picked":"Backstab","floor":8},{"not_picked":["Deadly Poison","Deflect"],"picked":"Predator","floor":11},{"not_picked":["Dodge and Roll","Endless Agony","Predator"],"picked":"SKIP","floor":14}],"player_experience":1021022,"relics_obtained":[{"floor":3,"key":"Akabeko"},{"floor":6,"key":"Vajra"},{"floor":9,"key":"Bag of Preparation"},{"floor":14,"key":"WingedGreaves"}],"event_choices":[{"damage_healed":0,"gold_gain":0,"player_choice":"Donut","damage_taken":0,"max_hp_gain":5,"max_hp_loss":0,"event_name":"Big Fish","floor":2,"gold_loss":0},{"damage_healed":0,"gold_gain":75,"player_choice":"Gather Gold","damage_taken":11,"max_hp_gain":0,"max_hp_loss":0,"event_name":"World of Goop","floor":4,"gold_loss":0},{"damage_healed":0,"gold_gain":0,"player_choice":"Ignored","damage_taken":0,"max_hp_gain":0,"max_hp_loss":0,"event_name":"Liars Game","floor":13,"gold_loss":0}],"is_beta":false,"boss_relics":[],"items_purged_floors":[],"is_endless":false,"potions_floor_spawned":[5,8,14],"killed_by":"Slime Boss","ascension_level":19}}