{"host":"3qkmyeoym75lj4wn","time":1610138169,"event":{"mods":["2.2 Compatiblity","BaseMod","Block Reminder","Colored Powertips","Highlight Path","Minty Spire (QoL Compilation)","Permanent Neow","Potion Indicator Mod","Rare Cards Sparkle","Relic Stats","StSLib"],"gold_per_floor":[116,16,291,311,12,38,38,52,52,87,87,107,107,107,107,186,186,202,13,13,29,39,72,72,92,92,122,122,80,355,365,365,441,441,455,471,480,499,555,581,581,581,661,661,686,686,223,223,223,223,223,223,223,28,62,62],"floor_reached":57,"playtime":4137,"items_purged":["Regret","Outmaneuver+1","Regret"],"score":2802,"play_id":"71112c09-3341-424c-af15-e3c01b781aeb","local_time":"20210108203609","is_ascension_mode":true,"campfire_choices":[{"data":"Noxious Fumes","floor":7.0,"key":"SMITH"},{"data":"Neutralize","floor":11.0,"key":"SMITH"},{"data":"Dagger Spray","floor":15.0,"key":"SMITH"},{"data":"Wraith Form v2","floor":24.0,"key":"SMITH"},{"floor":28.0,"key":"REST"},{"data":"Footwork","floor":32.0,"key":"SMITH"},{"floor":42.0,"key":"RECALL"},{"floor":44.0,"key":"REST"},{"data":"Noxious Fumes","floor":46.0,"key":"SMITH"},{"data":"Footwork","floor":49.0,"key":"SMITH"},{"floor":53.0,"key":"REST"}],"circlet_count":0,"master_deck":["AscendersBane","Survivor","Neutralize+1","Slice","Noxious Fumes+1","Dagger Spray+1","Backstab","Dash","Masterful Stab+1","Glass Knife+1","Adrenaline+1","Backstab+1","Acrobatics+1","Escape Plan+1","Wraith Form v2+1","Choke+1","Well Laid Plans","Glass Knife+1","Venomology+1","Night Terror+1","PiercingWail+1","Noxious Fumes","Adrenaline+1","Cloak And Dagger+1","Cloak And Dagger+1","Backflip+1","Malaise+1","Footwork+1","Footwork+1","CurseOfTheBell","Neutralize+1","Cloak And Dagger+1","Noxious Fumes+1","Leg Sweep+1","Noxious Fumes","Finesse+1"],"relics":["Ring of the Snake","NeowsBlessing","Happy Flower","Toxic Egg 2","Molten Egg 2","Blue Candle","Pear","Pandora\u0027s Box","Darkstone Periapt","Potion Belt","Lizard Tail","Calling Bell","CeramicFish","Letter Opener","FossilizedHelix","Mango","Shuriken","StrikeDummy","Membership Card","Tingsha","Tough Bandages","Pantograph"],"acts_visited":["Exordium","TheCity","TheBeyond","TheEnding"],"potions_floor_usage":[56,56],"damage_taken":[{"damage":0.0,"enemies":"Small Slimes","floor":1.0,"turns":1.0},{"damage":0.0,"enemies":"Cultist","floor":4.0,"turns":1.0},{"damage":0.0,"enemies":"Gremlin Nob","floor":6.0,"turns":1.0},{"damage":0.0,"enemies":"2 Louse","floor":8.0,"turns":3.0},{"damage":15.0,"enemies":"Lagavulin","floor":10.0,"turns":5.0},{"damage":0.0,"enemies":"Exordium Wildlife","floor":12.0,"turns":3.0},{"damage":3.0,"enemies":"Slime Boss","floor":16.0,"turns":5.0},{"damage":0.0,"enemies":"Chosen","floor":18.0,"turns":2.0},{"damage":1.0,"enemies":"Shell Parasite","floor":21.0,"turns":2.0},{"damage":0.0,"enemies":"Snake Plant","floor":22.0,"turns":1.0},{"damage":12.0,"enemies":"Slavers","floor":23.0,"turns":5.0},{"damage":14.0,"enemies":"Centurion and Healer","floor":25.0,"turns":2.0},{"damage":0.0,"enemies":"Gremlin Leader","floor":27.0,"turns":5.0},{"damage":0.0,"enemies":"Chosen and Byrds","floor":31.0,"turns":5.0},{"damage":24.0,"enemies":"Collector","floor":33.0,"turns":9.0},{"damage":0.0,"enemies":"3 Shapes","floor":35.0,"turns":3.0},{"damage":2.0,"enemies":"3 Darklings","floor":36.0,"turns":5.0},{"damage":4.0,"enemies":"Spire Growth","floor":38.0,"turns":5.0},{"damage":0.0,"enemies":"2 Orb Walkers","floor":39.0,"turns":5.0},{"damage":24.0,"enemies":"Giant Head","floor":40.0,"turns":9.0},{"damage":5.0,"enemies":"Writhing Mass","floor":45.0,"turns":5.0},{"damage":65.0,"enemies":"Donu and Deca","floor":50.0,"turns":10.0},{"damage":18.0,"enemies":"Awakened One","floor":51.0,"turns":11.0},{"damage":95.0,"enemies":"Shield and Spear","floor":55.0,"turns":9.0},{"damage":35,"enemies":"The Heart","floor":56,"turns":13}],"seed_played":"-3928389072356192990","potions_obtained":[{"floor":8.0,"key":"SteroidPotion"},{"floor":10.0,"key":"Explosive Potion"},{"floor":16.0,"key":"CultistPotion"},{"floor":25.0,"key":"Block Potion"},{"floor":35.0,"key":"SteroidPotion"},{"floor":38.0,"key":"LiquidBronze"},{"floor":45.0,"key":"PowerPotion"}],"is_trial":false,"path_per_floor":["M","$","?","M","$","E","R","M","T","E","R","M","T","?","R","B",null,"M","$","?","M","M","E","R","M","T","E","R","$","?","M","R","B",null,"M","M","?","M","?","E","T","R","T","R","M","R","$","?","R","B","B",null,"R","$","E","B",null],"character_chosen":"THE_SILENT","items_purchased":["Noxious Fumes","Dagger Spray","Happy Flower","Poison Potion","Noxious Fumes","Footwork","Membership Card","Tingsha","Noxious Fumes","Finesse+1","Tough Bandages","Dexterity Potion"],"campfire_rested":3,"item_purchase_floors":[2,2,5,5,19,29,47,47,47,47,54,54],"current_hp_per_floor":[59,59,59,59,59,59,59,59,59,44,44,44,54,54,54,51,70,70,70,70,69,69,57,57,43,43,43,65,65,71,71,71,47,79,79,77,77,73,87,63,63,63,63,93,88,88,88,88,88,38,20,82,102,102,7,48],"gold":62,"neow_bonus":"THREE_ENEMY_KILL","is_daily":false,"chose_seed":false,"campfire_upgraded":7,"win_rate":0.0,"timestamp":1610138169,"path_taken":["M","$","?","M","?","E","R","M","T","E","R","?","?","?","R","BOSS","M","$","?","M","?","E","R","M","T","E","R","?","?","M","R","BOSS","M","?","?","?","?","E","?","R","T","R","M","R","$","?","R","BOSS","BOSS","R","$","E","BOSS"],"items_purchased_type":["Card","Card","Relic","Potion","Card","Card","Relic","Relic","Card","Card","Relic","Potion"],"build_version":"2020-12-22","purchased_purges":3,"victory":true,"max_hp_per_floor":[66,66,66,66,66,66,66,66,66,66,66,66,76,76,76,76,76,76,76,76,76,76,76,76,76,76,76,76,76,82,82,82,82,88,88,88,88,88,102,102,102,102,102,102,102,102,102,102,102,102,102,102,102,102,102,102],"relic_stats":{"Darkstone Periapt":12,"Happy Flower":[41],"counters":[25,125],"Blue Candle":[1],"CeramicFish":54,"Tingsha":[12],"Letter Opener":[172],"Lizard Tail":51,"Tough Bandages":[9],"Shuriken":[26],"Pantograph":25,"Pandora\u0027s Box":["Backstab","Acrobatics","Escape Plan","Wraith Form v2","Choke","Outmaneuver","Well Laid Plans","Glass Knife","Venomology","Night Terror"],"obtain_stats":[{"Darkstone Periapt":23,"Potion Belt":26,"Pear":13,"NeowsBlessing":0,"Happy Flower":5,"Blue Candle":10,"CeramicFish":34,"Mango":39,"Tingsha":47,"Letter Opener":34,"Calling Bell":34,"Lizard Tail":27,"Tough Bandages":54,"Shuriken":40,"Pantograph":55,"Molten Egg 2":9,"Pandora\u0027s Box":17,"Membership Card":47,"Toxic Egg 2":6,"StrikeDummy":43,"FossilizedHelix":34,"Ring of the Snake":0},{"Darkstone Periapt":11,"Potion Belt":12,"Pear":6,"NeowsBlessing":0,"Happy Flower":2,"Blue Candle":5,"CeramicFish":15,"Mango":19,"Tingsha":21,"Letter Opener":15,"Calling Bell":15,"Lizard Tail":13,"Tough Bandages":23,"Shuriken":20,"Pantograph":24,"Molten Egg 2":4,"Pandora\u0027s Box":7,"Membership Card":21,"Toxic Egg 2":3,"StrikeDummy":20,"FossilizedHelix":15,"Ring of the Snake":0},{"Darkstone Periapt":29,"Potion Belt":31,"Pear":14,"NeowsBlessing":0,"Happy Flower":2,"Blue Candle":11,"CeramicFish":50,"Mango":68,"Tingsha":82,"Letter Opener":50,"Calling Bell":50,"Lizard Tail":36,"Tough Bandages":103,"Shuriken":77,"Pantograph":112,"Molten Egg 2":6,"Pandora\u0027s Box":19,"Membership Card":82,"Toxic Egg 2":3,"StrikeDummy":77,"FossilizedHelix":50,"Ring of the Snake":0}],"Ring of the Snake":[50]},"card_choices":[{"not_picked":["Cloak And Dagger","Acrobatics"],"picked":"Slice","floor":1.0},{"not_picked":["Flying Knee","Dagger Throw"],"picked":"Backstab","floor":4.0},{"not_picked":["Flying Knee","Underhanded Strike"],"picked":"Dash","floor":6.0},{"not_picked":["Sucker Punch","Flechettes","Setup+1"],"picked":"SKIP","floor":8.0},{"not_picked":["Finisher+1","Skewer+1"],"picked":"Masterful Stab+1","floor":10.0},{"not_picked":["Leg Sweep+1","Flying Knee+1"],"picked":"Glass Knife+1","floor":12.0},{"not_picked":["Wraith Form v2","Doppelganger+1"],"picked":"Adrenaline+1","floor":16.0},{"not_picked":["Outmaneuver+1","Infinite Blades"],"picked":"PiercingWail+1","floor":18.0},{"not_picked":["All Out Attack+1","Slice+1"],"picked":"Cloak And Dagger+1","floor":21.0},{"not_picked":["Flying Knee+1","Deflect+1"],"picked":"Cloak And Dagger+1","floor":22.0},{"not_picked":["Choke+1","Outmaneuver+1","Venomology+1"],"picked":"SKIP","floor":23.0},{"not_picked":["Sucker Punch+1","Poisoned Stab+1"],"picked":"Backflip+1","floor":25.0},{"not_picked":["Prepared+1","Bane+1"],"picked":"Malaise+1","floor":27.0},{"not_picked":["Outmaneuver+1","Reflex+1"],"picked":"Footwork","floor":31.0},{"not_picked":["Quick Slash+1","Catalyst+1","Dagger Throw+1"],"picked":"SKIP","floor":35.0},{"not_picked":["Calculated Gamble+1","Bane+1","Slice+1"],"picked":"SKIP","floor":36.0},{"not_picked":["Slice+1","A Thousand Cuts"],"picked":"Cloak And Dagger+1","floor":38.0},{"not_picked":["Accuracy","Deadly Poison+1"],"picked":"Noxious Fumes","floor":39.0},{"not_picked":["Finisher+1","Distraction+1","Bane+1"],"picked":"SKIP","floor":40.0},{"not_picked":["Catalyst+1","Deflect+1"],"picked":"Leg Sweep+1","floor":45.0},{"not_picked":["Burst+1","Concentrate+1","Flying Knee+1"],"picked":"SKIP","floor":55.0}],"player_experience":1651488,"relics_obtained":[{"floor":6.0,"key":"Toxic Egg 2"},{"floor":9.0,"key":"Molten Egg 2"},{"floor":10.0,"key":"Blue Candle"},{"floor":13.0,"key":"Pear"},{"floor":23.0,"key":"Darkstone Periapt"},{"floor":26.0,"key":"Potion Belt"},{"floor":27.0,"key":"Lizard Tail"},{"floor":34.0,"key":"CeramicFish"},{"floor":34.0,"key":"Letter Opener"},{"floor":34.0,"key":"FossilizedHelix"},{"floor":39.0,"key":"Mango"},{"floor":40.0,"key":"Shuriken"},{"floor":43.0,"key":"StrikeDummy"},{"floor":55.0,"key":"Pantograph"}],"event_choices":[{"damage_healed":0.0,"max_hp_gain":0.0,"max_hp_loss":0.0,"gold_gain":275.0,"event_name":"Golden Shrine","player_choice":"Desecrate","floor":3.0,"gold_loss":0.0,"damage_taken":0.0,"cards_obtained":["Regret"]},{"damage_healed":0.0,"max_hp_gain":0.0,"max_hp_loss":0.0,"gold_gain":0.0,"event_name":"Shining Light","player_choice":"Ignored","floor":14.0,"gold_loss":0.0,"damage_taken":0.0},{"damage_healed":0.0,"max_hp_gain":0.0,"max_hp_loss":0.0,"gold_gain":0.0,"event_name":"Duplicator","player_choice":"Copied","floor":20.0,"gold_loss":0.0,"damage_taken":0.0,"cards_obtained":["Adrenaline"]},{"damage_healed":0.0,"max_hp_gain":0.0,"max_hp_loss":0.0,"gold_gain":275.0,"event_name":"Golden Shrine","player_choice":"Desecrate","floor":30.0,"gold_loss":0.0,"damage_taken":0.0,"cards_obtained":["Regret"]},{"damage_healed":0.0,"max_hp_gain":0.0,"max_hp_loss":0.0,"gold_gain":0.0,"event_name":"Match and Keep!","player_choice":"1 cards matched","floor":37.0,"gold_loss":0.0,"damage_taken":0.0,"cards_obtained":["Neutralize"]},{"damage_healed":0.0,"max_hp_gain":0.0,"max_hp_loss":0.0,"gold_gain":0.0,"event_name":"Mysterious Sphere","player_choice":"Fight","floor":39.0,"gold_loss":0.0,"damage_taken":0.0},{"damage_healed":0.0,"max_hp_gain":0.0,"max_hp_loss":0.0,"gold_gain":0.0,"event_name":"SensoryStone","player_choice":"Memory 1","floor":48.0,"gold_loss":0.0,"damage_taken":0.0}],"is_beta":false,"boss_relics":[{"not_picked":["Busted Crown","Fusion Hammer"],"picked":"Pandora\u0027s Box"},{"not_picked":["WristBlade","Empty Cage"],"picked":"Calling Bell"}],"items_purged_floors":[5,19,47],"is_endless":false,"potions_floor_spawned":[8,10,16,21,23,25,35,38,45],"ascension_level":20}}