{"host":"2hlhnd4tei6r1t0s","time":1610074714,"event":{"mods":["ATMod(阿瑾Mod)","Act Like it!","Arknights The Spire","Aspiration","Astrologer","BaseMod","Conspire","Downfall","Evolution","Friendly Minions","Gensokyo","Gremlin Mod","Hallownest","Hermit","HumanHunterMod(怪物杀人mod)","Jedi Mod","Jorbs\u0027s Wanderer Trilogy","Koishi","Luminous","Mari Mod (Legacy)","Mari\u0027s V1 Patch","Marisa（F雨　魔理沙）","Minty Spire (QoL Compilation)","MostiFishMod","Pale of the Ancients","Potionbrewer","Prisma Mod","Quick Restart","Replay The Spire","Robot Space Explorer","RumiaBox-露米娅的神秘盒子","Spicy Shops","StSLib","TestMod","The Administrix","The Alterego","The Construct","The Cursed","The Hayseed","The Marked","The Mystic","The Runesmith","The Servant 0.9.4","TheWitcher","Uncapped","WarShipGirlsR/战舰少女R mod","Yakumo Yukari mod","[地精首领爬塔]The Maniac","noobMod","vexMod","【功能Mod】混沌之环修复补丁","【功能Mod】聪明的最终Boss","【遗物卡牌】REMEMod","残留之物"],"gold_per_floor":[114,189,100000000,99998767,99998779,99998810,99998810,99998810,99998835,99998849,99998880,99998880,99998880,99997171,99997171,99996979,99996979,99996724,99996724,99996639,99995305,99995317,99995462,99995207,99995260,99995260,99995005,99995005,99993571,99993720,99992207,99992207,99992422,99992422,99992331,99991172,99991322,99991322,99991372,99991519,99991264,99991392,99991392,99991442,99991442,99990158,99990296,99990319,99990319,99990509],"floor_reached":51,"playtime":5134,"items_purged":["Decay","Regret","construct:DefenseMode","construct:Defend_Gold","Doubt","construct:Construct_Overclock","construct:Stasis","construct:Reinforce","construct:Defend_Gold"],"score":1133,"play_id":"d97e6a34-a9ca-49e3-9825-0978c469996a","local_time":"20210108105834","is_ascension_mode":true,"campfire_choices":[{"data":"construct:Enhance","floor":8,"key":"SMITH"},{"data":"construct:Enhance","floor":12,"key":"SMITH"},{"floor":15,"key":"REST"},{"data":"construct:ForceCore","floor":28,"key":"SMITH"},{"data":"1","floor":32,"key":"LIFT"},{"data":"2","floor":49,"key":"LIFT"}],"circlet_count":0,"master_deck":["construct:FierceBash","construct:ScrapCannon","construct:Strike_Gold","construct:Strike_Gold","construct:Strike_Gold","construct:Defend_Gold+1","construct:Defend_Gold","construct:Defend_Gold","construct:AttackMode","AT_KingSlayer+1","Gremlin:Exacerbate","construct:Versatility","construct:Chainstrike","construct:SiegeForm+1","construct:Backfire","construct:Enhance+1","construct:Analyze","construct:ForceCore+1","construct:ShiftStrike","construct:Enhance+1","construct:ShiftStrike","construct:Chainstrike","construct:ClusterMines","construct:SaveState","construct:SaveState","construct:HyperBeam+1","construct:ScopeCore","construct:ClusterMines","construct:Overcharge+1","construct:Accumulate","construct:Backfire","construct:ReactiveShield+1","construct:Backfire","construct:SweepLaser+1","construct:Backfire","construct:Missile","construct:HyperBeam+1","construct:SuppressiveFire","construct:FierceBash","construct:FlakBarrage","testmod-BackupPower","construct:FocusedBeam+1","construct:ShiftStrike","construct:MemoryTap","construct:ScrapCannon","MostiFishMod:Pointsdynamics+1","Consecrate","REME_Flogging+1","testmod-ComboMaster","construct:Electrocute","construct:ChargeShot","ReplayTheSpireMod:Omega Cannon","alterego_mod:Lift+1","PrismaMod:MiyuCommonAOEAttack","astrologer:Radiance+1","alterego_mod:TrashNCrash+1","construct:HammerDown","construct:FocusedBeam","Trip","SnafuTest:CurseBurningStake","PlaceholderMod:GrowthForm+1","MariMod:Mari_Approved","maniac:Scruple"],"relics":["construct:Cogwheel","EVO:Axolotl","ice","testmod-TestBox","DaveBox","AT_ATBox","Transparent","testmod-Justice","NeowsBlessing","SynthV:TestCard","AT_SunfireAegis","vexMod:FocusSash","Vajra","potionbrewer:RamsHorn","Technique","Gremlin Food","Toy Ornithopter","Bronze Scales","AT_TheCollector","MagicDraw4","testmod-BalancedPeriapt","BirthdayGift-Icosahedron","AT_EbonyIvory","Frozen Egg 2","REME_OnlineShoppingPlatform","TakeMeEscape","Pet Ghost","Iron Hammer","CaptainsWheel","jedi:matchstick","potionbrewer:SalesContract","Oddly Smooth Stone","Orrery","GodSword6","jedi:shrinkray","Mirror","SynthV","Pocketwatch","Kunai","TimeFreeze","jedi:crownofsimplicity","Bottled Flame","aspiration:HiddenCompartment","PrismaticShard","testmod-OneHitWonder","Lantern","vexMod:BarristanHead","Girya","vexMod:PaidLearning","HaiYi:Twilight","PlaceholderMod:DeVermisMysteriis","Happy Flower","Membership Card","ChiLing","Chi","Ling","WingedGreaves","PlanX","aspiration:AnachronicSnailShell","REME_ComplimentaryCards","Anchor","Question Card","Nunchaku","jedi:HeartOfTheCards","ReplayTheSpireMod:Ring of Challenge","Ring of Greed","Replay:Wax Seal","Golden Idol","Divine Protection","AT_ImmortalShieldbow","aspiration:StickyExplosives","REME_PuzzleBoxRelic","BirthdayGift-Tetrahedron","Blue Doll"],"acts_visited":["Exordium","TheCity","TheBeyond"],"potions_floor_usage":[6,16,16,16,16,16,16,16,16,16,16,16,16,16,16,16,16,35,35,35,35,35,35,35,35],"damage_taken":[{"damage":8,"enemies":"Cultist","floor":1,"turns":1},{"damage":8,"enemies":"2 Louse","floor":3,"turns":1},{"damage":8,"enemies":"Jaw Worm","floor":5,"turns":1},{"damage":78,"enemies":"Gremlin Nob","floor":6,"turns":5},{"damage":114,"enemies":"Blue Slaver","floor":10,"turns":6},{"damage":21,"enemies":"Lagavulin","floor":11,"turns":2},{"damage":93,"enemies":"Slime Boss","floor":16,"turns":9},{"damage":0,"enemies":"Chosen","floor":18,"turns":1},{"damage":4,"enemies":"Spheric Guardian","floor":22,"turns":1},{"damage":146,"enemies":"Book of Stabbing","floor":23,"turns":5},{"damage":0,"enemies":"Centurion and Healer","floor":24,"turns":1},{"damage":828,"enemies":"REME_1_Revenger","floor":25,"turns":3},{"damage":0,"enemies":"Chosen and Byrds","floor":27,"turns":1},{"damage":4374,"enemies":"Slavers","floor":30,"turns":4},{"damage":0,"enemies":"conspire:MysteriousRune","floor":33,"turns":1},{"damage":11381,"enemies":"3 Shapes","floor":35,"turns":6},{"damage":16320,"enemies":"Mind Bloom Boss Battle","floor":37,"turns":4},{"damage":39870,"enemies":"Nemesis","floor":40,"turns":5},{"damage":1,"enemies":"Orb Walker","floor":41,"turns":1},{"damage":1,"enemies":"R_Hoarder","floor":42,"turns":1},{"damage":47094,"enemies":"Giant Head","floor":47,"turns":6},{"damage":17191,"enemies":"Writhing Mass","floor":48,"turns":2},{"damage":145352,"enemies":"Donu and Deca","floor":50,"turns":6}],"seed_played":"-7224731283480556651","potions_obtained":[{"floor":3,"key":"testmod-TestPotion"},{"floor":6,"key":"testmod-SpacePotion"},{"floor":11,"key":"LifebloodPotion"}],"is_trial":false,"path_per_floor":["M","?","M","$","M","E","?","R","T","M","E","R","?","$","R","B",null,"M","?","?","$","M","E","M","E","T","M","R","$","E","$","R","B",null,"M","$","?","?","T","E","M","E","T","?","?","$","E","M","R","B",null],"character_chosen":"THE_CONSTRUCT_MOD","items_purchased":["AT_SunfireAegis","vexMod:FocusSash","Vajra","potionbrewer:RamsHorn","construct:SiegeForm","construct:Backfire","Technique","construct:Chainstrike","construct:ClusterMines","MagicDraw4","testmod-BalancedPeriapt","BirthdayGift-Icosahedron","AT_EbonyIvory","Frozen Egg 2","REME_OnlineShoppingPlatform","construct:SaveState","Iron Hammer","CaptainsWheel","jedi:matchstick","potionbrewer:SalesContract","Oddly Smooth Stone","construct:ClusterMines","Orrery","SynthV","Pocketwatch","Kunai","TimeFreeze","jedi:crownofsimplicity","Bottled Flame","construct:FierceBash","construct:FlakBarrage","testmod-BackupPower","PrismaticShard","testmod-OneHitWonder","Lantern","vexMod:BarristanHead","Girya","construct:ShiftStrike","construct:MemoryTap","vexMod:PaidLearning","construct:ScrapCannon","PlaceholderMod:DeVermisMysteriis","Happy Flower","Membership Card","ChiLing","WingedGreaves","PlanX","REME_Flogging+1","testmod-ComboMaster","construct:Electrocute","construct:ChargeShot","Divine Protection","AT_ImmortalShieldbow","aspiration:StickyExplosives","REME_PuzzleBoxRelic","BirthdayGift-Tetrahedron","construct:HammerDown","construct:FocusedBeam","Trip"],"campfire_rested":1,"item_purchase_floors":[4,4,4,4,4,4,4,14,14,14,14,14,14,14,14,14,21,21,21,21,21,21,21,29,29,29,29,29,29,29,29,29,31,31,31,31,31,31,31,31,31,36,36,36,36,36,36,36,36,36,36,46,46,46,46,46,46,46,46],"current_hp_per_floor":[85,74,85,85,85,85,85,85,85,89,89,89,89,89,89,92,94,94,94,94,94,94,644,644,1019,1019,1019,1019,1019,2450,2450,2450,2450,2450,5141,5141,7720,7720,7720,10206,10206,10206,10206,10206,10206,10206,15948,16931,16931,34968],"gold":99990509,"neow_bonus":"THREE_ENEMY_KILL","is_daily":false,"chose_seed":false,"campfire_upgraded":3,"win_rate":0.0,"timestamp":1610074714,"path_taken":["M","?","M","$","M","E","?","R","T","?","E","R","?","$","R","BOSS","M","?","?","$","M","E","M","E","T","M","R","$","E","?","R","BOSS","M","$","?","?","?","E","?","E","T","?","?","$","E","M","R","BOSS"],"items_purchased_type":["Relic","Relic","Relic","Relic","Card","Card","Relic","Card","Card","Relic","Relic","Relic","Relic","Relic","Relic","Card","Relic","Relic","Relic","Relic","Relic","Card","Relic","Relic","Relic","Relic","Relic","Relic","Relic","Card","Card","Card","Relic","Relic","Relic","Relic","Relic","Card","Card","Relic","Card","Relic","Relic","Relic","Relic","Relic","Relic","Card","Card","Card","Card","Relic","Relic","Relic","Relic","Relic","Card","Card","Card"],"build_version":"2020-12-22","purchased_purges":9,"victory":true,"max_hp_per_floor":[85,85,85,85,85,85,85,85,85,89,89,89,89,89,89,94,94,94,94,94,94,94,644,644,1019,1019,1019,1019,1019,2450,2450,2450,2450,2450,5141,5141,7720,7720,7720,10206,10206,10206,10206,10206,10206,10206,15948,16931,16931,34968],"card_choices":[{"not_picked":["construct:SaveState","construct:ScrapCannon"],"picked":"construct:Versatility","floor":1},{"not_picked":["construct:CriticalHit","construct:VentSteam","construct:Synchronize","construct:ScrapCannon"],"picked":"construct:Chainstrike","floor":3},{"not_picked":["construct:Backfire","construct:Chainstrike","construct:SuppressiveFire","construct:ScopeCore"],"picked":"construct:Enhance","floor":5},{"not_picked":["construct:SpinDrive","construct:Anticipate","construct:Disrupt","construct:ModeShift"],"picked":"construct:Analyze","floor":6},{"not_picked":["construct:Tumble","construct:FierceBash","construct:Anticipate","construct:Reinforce"],"picked":"construct:Enhance","floor":10},{"not_picked":["construct:FierceBash","construct:LaserCore","construct:HardReboot","construct:Anticipate"],"picked":"construct:ShiftStrike","floor":11},{"not_picked":["construct:Reserves","construct:Bunker+1","construct:ShieldBurst","construct:HastyRepair"],"picked":"construct:HyperBeam","floor":16},{"not_picked":["construct:Failsafe+1","construct:HeavyBolt","construct:SaveState","construct:LaserCore+1"],"picked":"construct:ScopeCore","floor":18},{"not_picked":["construct:Forcefield+1","construct:Autoturret+1","construct:Anticipate","construct:ModeShift+1"],"picked":"construct:Overcharge+1","floor":21},{"not_picked":["construct:SaveState","construct:QuickAttack+1","construct:Tumble","construct:MassProduction"],"picked":"construct:Accumulate","floor":21},{"not_picked":["construct:GuardCore","construct:Accumulate+1","construct:SweepLaser","construct:Versatility"],"picked":"construct:Backfire","floor":21},{"not_picked":["construct:SyphonStrike","construct:Hazardproof","construct:Impenetrable","construct:Zapper+1"],"picked":"construct:ReactiveShield+1","floor":21},{"not_picked":["construct:Overcharge+1","construct:CripplingShot","construct:FocusedBeam","construct:PointDefense+1"],"picked":"construct:Backfire","floor":21},{"not_picked":["construct:Forcefield","construct:GoldenBullet","construct:Boost+1","construct:Accumulate"],"picked":"construct:SweepLaser+1","floor":22},{"not_picked":["construct:ReactiveShield+1","construct:QuickAttack","construct:MetalShell","construct:ElectricArmor"],"picked":"construct:Backfire","floor":23},{"not_picked":["construct:Forcefield","construct:FocusedBeam","construct:PointDefense+1","construct:FlameCore"],"picked":"construct:Missile","floor":24},{"not_picked":["construct:FlameCore","construct:GuardCore","construct:UnbalancingBlast","construct:Construct_Overclock+1"],"picked":"construct:HyperBeam","floor":25},{"not_picked":["construct:Anticipate","construct:ReactiveShield+1","construct:Forcefield","construct:ScrapCannon+1"],"picked":"construct:SuppressiveFire","floor":27},{"not_picked":["construct:Reserves","construct:Zapper+1","construct:SuppressiveFire","construct:Backup"],"picked":"construct:FocusedBeam+1","floor":30},{"not_picked":["MostiFishMod:KingOfFree","All For One","hexamod:VolcanoVisage+1","AT_MyraUnstableElement"],"picked":"MostiFishMod:Pointsdynamics+1","floor":33},{"not_picked":["PrismaMod:IllyaPoisonTippedWeapons+1","Guardian:VentSteam","mysticmod:PureInstinct+1","EnergyRecoil"],"picked":"Consecrate","floor":35},{"not_picked":["champ:FanOfKnives+1","astrologer:TheEmperor+1","champ:Circumvent+1","TheSimpletonMod:KeenEdge"],"picked":"ReplayTheSpireMod:Omega Cannon","floor":37},{"not_picked":["Guardian:Gem_Red","alterego_mod:BoobPocket+1","MariMod:Mari_Self_Care+1","RobotSpaceExplorer:StarLightning+1"],"picked":"PrismaMod:MiyuCommonAOEAttack","floor":40},{"not_picked":["PrismaMod:IllyaGrailKun","Desolation","PrismaMod:IllyaStunPoison","hexamod:NightmareStrike","Guardian:BronzeArmor+1"],"picked":"astrologer:Radiance+1","floor":41},{"not_picked":["ats:Hammer On+1","maniac:Confront+1","Sentinel","PrismaMod:MiyuUncommonDefend","sneckomod:UnknownStrike+1"],"picked":"alterego_mod:TrashNCrash+1","floor":42},{"not_picked":["Panic Button","6A+1","MariMod:Mari_Collect_Thoughts","theMarked:SwordAndMagic+1","Runesmith:RuneHurl"],"picked":"PlaceholderMod:GrowthForm+1","floor":47},{"not_picked":["MariMod:Mari_Defiance","jedi:fear","mysticmod:DiviningBlow","maniac:Recollect+1","RobotSpaceExplorer:Probe+1"],"picked":"MariMod:Mari_Approved","floor":48}],"player_experience":51144,"relics_obtained":[{"floor":1,"key":"SynthV:TestCard"},{"floor":6,"key":"Gremlin Food"},{"floor":9,"key":"Toy Ornithopter"},{"floor":11,"key":"Bronze Scales"},{"floor":23,"key":"GodSword6"},{"floor":25,"key":"jedi:shrinkray"},{"floor":26,"key":"Mirror"},{"floor":30,"key":"aspiration:HiddenCompartment"},{"floor":37,"key":"aspiration:AnachronicSnailShell"},{"floor":39,"key":"Anchor"},{"floor":40,"key":"Question Card"},{"floor":42,"key":"Nunchaku"},{"floor":43,"key":"jedi:HeartOfTheCards"},{"floor":44,"key":"ReplayTheSpireMod:Ring of Challenge"},{"floor":44,"key":"Ring of Greed"},{"floor":44,"key":"Replay:Wax Seal"},{"floor":44,"key":"Golden Idol"},{"floor":47,"key":"Blue Doll"}],"event_choices":[{"damage_healed":0,"gold_gain":75,"player_choice":"Gather Gold","damage_taken":11,"max_hp_gain":0,"max_hp_loss":0,"event_name":"World of Goop","floor":2,"gold_loss":0},{"damage_healed":0,"gold_gain":0,"player_choice":"Box","damage_taken":0,"relics_obtained":["AT_TheCollector"],"max_hp_gain":0,"max_hp_loss":0,"event_name":"Big Fish","floor":13,"gold_loss":0,"cards_obtained":["Regret"]},{"damage_healed":0,"gold_gain":0,"player_choice":"Leave","damage_taken":0,"max_hp_gain":0,"max_hp_loss":0,"event_name":"conspire:Investor","floor":19,"gold_loss":0},{"damage_healed":0,"gold_gain":0,"player_choice":"Obtained Relic","damage_taken":0,"relics_obtained":["Pet Ghost"],"max_hp_gain":0,"max_hp_loss":0,"event_name":"Addict","floor":20,"gold_loss":85},{"damage_healed":0,"gold_gain":0,"player_choice":"Fight","damage_taken":0,"max_hp_gain":0,"max_hp_loss":0,"event_name":"MindBloom","floor":37,"gold_loss":0},{"damage_healed":0,"gold_gain":0,"player_choice":"Swap Relic","damage_taken":0,"relics_obtained":["REME_ComplimentaryCards"],"max_hp_gain":0,"max_hp_loss":0,"event_name":"给自己的盒子","floor":38,"relics_lost":["REME_ComplimentaryCards"],"gold_loss":0},{"damage_healed":0,"gold_gain":0,"player_choice":"Ignored","damage_taken":0,"max_hp_gain":0,"max_hp_loss":0,"event_name":"The Moai Head","floor":45,"gold_loss":0}],"is_beta":false,"boss_relics":[{"not_picked":["ChewingGum","Busted Crown"],"picked":"TakeMeEscape"},{"not_picked":["Painkiller Herb","AddBug"],"picked":"HaiYi:Twilight"}],"items_purged_floors":[4,14,21,21,29,31,31,36,46],"is_endless":false,"potions_floor_spawned":[3,6,11,16,23,25,30,33,35,40],"ascension_level":1}}