{"host":"df48i9djcn92c5sx","time":1610114500,"event":{"mods":["BaseMod","Downfall","Marisa£®ÏF”Í°°ƒß¿Ì…≥£©","Minty Spire (QoL Compilation)","READ ME - Guardian Mod","READ ME - Snecko Mod","Reimu£®≤©¿ˆ¡È√Œ£©","Remilia£®¿Ÿ√◊¿Ú—«£©","Replay The Spire","Shop Mod","StSLib","The Jungle","The Servant 0.9.4"],"gold_per_floor":[114,126,126,144,144,144,180,300,324,365,365,395,395,430,430,542,542,570,570,570,609,94,143,143,203,228,228,228,228,65,98,98,191,191,224,249,290,19,21,21],"floor_reached":39,"playtime":1310,"items_purged":["Strike_G","Writhe"],"score":790,"play_id":"87bb6236-6ce0-4e2c-8fca-c102dc768124","local_time":"20210108220140","is_ascension_mode":true,"campfire_choices":[{"data":"Deadly Poison","floor":6.0,"key":"SMITH"},{"data":"Deadly Poison","floor":11,"key":"SMITH"},{"data":"Bane","floor":13,"key":"SMITH"},{"data":"Toxin Wave","floor":15,"key":"SMITH"},{"data":"After Image","floor":27,"key":"SMITH"},{"floor":29,"key":"REST"},{"floor":32,"key":"REST"}],"circlet_count":0,"master_deck":["AscendersBane","Strike_G","Strike_G","Defend_G","Defend_G+1","Defend_G","Defend_G","Defend_G","Survivor","Neutralize+1","Footwork","Toxin Wave+1","Deadly Poison+1","Deadly Poison+1","Cloak And Dagger+1","Bane+1","Night Terror","Fluid Movement","After Image+1","Adrenaline+1","Backstab","Noxious Fumes","Toxin Wave","Replay:Bag of Tricks+1","Caltrops+1","ReplayTheSpireMod:Necrosis","After Image+1"],"relics":["Ring of the Serpent","NeowsBlessing","Golden Idol","Vajra","War Paint","Potion Belt","Replay:Bandana","Painkiller Herb","Mirror","Toy Ornithopter","sneckomod:BlankCard","Replay:Bottled Snecko","Replay:Mystery Machine","Pen Nib","Guide Book","DollysMirror"],"acts_visited":["Exordium","TheCity","TheBeyond"],"potions_floor_usage":[16,23,23,23,23,39],"damage_taken":[{"damage":0.0,"enemies":"Jaw Worm","floor":1.0,"turns":1.0},{"damage":0.0,"enemies":"Small Slimes","floor":2.0,"turns":1.0},{"damage":0.0,"enemies":"2 Louse","floor":4.0,"turns":1.0},{"damage":13.0,"enemies":"Lagavulin","floor":7.0,"turns":8.0},{"damage":7.0,"enemies":"Gremlin Nob","floor":10.0,"turns":3.0},{"damage":1,"enemies":"2 Fungi Beasts","floor":12,"turns":4},{"damage":8,"enemies":"Exordium Wildlife","floor":14,"turns":4},{"damage":19,"enemies":"Slime Boss","floor":16,"turns":8},{"damage":23,"enemies":"2 Thieves","floor":18,"turns":5},{"damage":4,"enemies":"Chosen","floor":21,"turns":5},{"damage":11,"enemies":"Book of Stabbing","floor":23,"turns":4},{"damage":15,"enemies":"Slavers","floor":25,"turns":5},{"damage":2,"enemies":"Centurion and Healer","floor":31,"turns":5},{"damage":15,"enemies":"Champ","floor":33,"turns":11},{"damage":0,"enemies":"Orb Walker","floor":35,"turns":4},{"damage":21,"enemies":"3 Shapes","floor":36,"turns":7},{"damage":27,"enemies":"Spire Growth","floor":37,"turns":4},{"damage":19,"enemies":"Jaw Worm Horde","floor":39,"turns":2}],"seed_played":"4596256010463066591","potions_obtained":[{"floor":2.0,"key":"Explosive Potion"},{"floor":7.0,"key":"ColorlessPotion"},{"floor":12,"key":"Explosive Potion"},{"floor":21,"key":"Explosive Potion"},{"floor":33,"key":"FearPotion"}],"is_trial":false,"path_per_floor":["M","M","?","M","?","R","E","?","T","E","R","M","R","M","R","B",null,"?","?","T","?","T","E","?","E","T","T","?","T","T","?","T","B",null,"?","?","?","T","?"],"character_chosen":"THE_SILENT","items_purchased":["Noxious Fumes","Toy Ornithopter","FearPotion","EssenceOfSteel","Poison Potion","Guide Book","DollysMirror"],"campfire_rested":2,"item_purchase_floors":[22,22,22,22,22,30,38],"current_hp_per_floor":[59,59,59,59,59,59,46,46,46,39,39,38,38,30,30,11,48,25,25,25,21,21,30,30,15,15,15,9,27,27,25,43,28,52,52,31,4,4,0,0],"gold":21,"neow_bonus":"THREE_ENEMY_KILL","is_daily":false,"chose_seed":false,"campfire_upgraded":5,"win_rate":0.0,"timestamp":1610114500,"path_taken":["M","M","?","M","?","R","E","?","T","E","R","M","R","M","R","BOSS","?","?","?","?","T","E","?","E","T","T","?","T","T","?","T","BOSS","?","?","?","T","?"],"items_purchased_type":["Card","Relic","Potion","Potion","Potion","Relic","Relic"],"build_version":"2020-12-22","purchased_purges":2,"victory":false,"max_hp_per_floor":[66,66,60,60,60,60,60,60,60,60,60,60,60,60,60,60,60,60,60,60,60,60,60,60,60,60,60,60,60,60,60,60,60,60,60,60,60,60,60,60],"card_choices":[{"not_picked":["PiercingWail","Quick Slash"],"picked":"Footwork","floor":1.0},{"not_picked":["Deadly Poison","Escape Plan"],"picked":"Toxin Wave","floor":2.0},{"not_picked":["Replay:Poison Smokescreen","Expertise"],"picked":"Deadly Poison","floor":4.0},{"not_picked":["Dodge and Roll","Leg Sweep","Choke"],"picked":"SKIP","floor":7.0},{"not_picked":["Deflect","Poisoned Stab"],"picked":"Deadly Poison","floor":8.0},{"not_picked":["Leg Sweep","Prepared"],"picked":"Cloak And Dagger","floor":8.0},{"not_picked":["Poisoned Stab","Quick Slash","ReplayTheSpireMod:Exploit Weakness"],"picked":"SKIP","floor":10.0},{"not_picked":["Underhanded Strike","Toxin Wave"],"picked":"Bane","floor":12},{"not_picked":["Hidden Blade","Bane","Quick Slash"],"picked":"SKIP","floor":14},{"not_picked":["Atom Bomb","ReplayTheSpireMod:From All Sides"],"picked":"Night Terror","floor":16},{"not_picked":["Bane","Predator"],"picked":"Fluid Movement","floor":18},{"not_picked":["Poisoned Stab","Caltrops+1"],"picked":"Backstab","floor":21},{"not_picked":["Fluid Movement","Poisoned Stab","Toxin Wave"],"picked":"SKIP","floor":23},{"not_picked":["Fluid Movement","Poisoned Stab"],"picked":"Toxin Wave","floor":23},{"not_picked":["Dagger Throw","Poisoned Stab"],"picked":"Replay:Bag of Tricks","floor":25},{"not_picked":["ReplayTheSpireMod:Shiv Toss","Prepared"],"picked":"Caltrops+1","floor":31},{"not_picked":["Corpse Explosion","Tools of the Trade"],"picked":"ReplayTheSpireMod:Necrosis","floor":33},{"not_picked":["Poisoned Stab","Cloak And Dagger","Deflect+1"],"picked":"SKIP","floor":35},{"not_picked":["Dagger Spray+1","Expertise+1","Hidden Blade"],"picked":"SKIP","floor":36},{"not_picked":["Dagger Spray+1","Expertise+1","Hidden Blade"],"picked":"SKIP","floor":36},{"not_picked":["Masterful Stab+1","Acrobatics","Eviscerate"],"picked":"SKIP","floor":37}],"player_experience":1408633,"relics_obtained":[{"floor":7.0,"key":"Vajra"},{"floor":8.0,"key":"War Paint"},{"floor":9.0,"key":"Potion Belt"},{"floor":10.0,"key":"Replay:Bandana"},{"floor":20,"key":"Mirror"},{"floor":23,"key":"sneckomod:BlankCard"},{"floor":25,"key":"Replay:Mystery Machine"},{"floor":26,"key":"Pen Nib"}],"event_choices":[{"damage_healed":0.0,"max_hp_gain":0.0,"max_hp_loss":6.0,"gold_gain":0.0,"event_name":"Golden Idol","player_choice":"Lose Max HP","floor":3.0,"gold_loss":0.0,"damage_taken":0.0,"relics_obtained":["Golden Idol"]},{"damage_healed":0.0,"max_hp_gain":0.0,"max_hp_loss":0.0,"gold_gain":0.0,"event_name":"Living Wall","player_choice":"Grow","floor":5.0,"gold_loss":0.0,"damage_taken":0.0,"cards_upgraded":["Neutralize"]},{"damage_healed":0,"gold_gain":0,"cards_transformed":["Strike_G","Strike_G"],"player_choice":"Became Test Subject","damage_taken":0,"max_hp_gain":0,"max_hp_loss":0,"event_name":"Drug Dealer","floor":19,"gold_loss":0,"cards_obtained":["After Image","Adrenaline"]},{"damage_healed":0,"gold_gain":0,"player_choice":"Opened","damage_taken":0,"relics_obtained":["Replay:Bottled Snecko"],"max_hp_gain":0,"max_hp_loss":0,"event_name":"The Mausoleum","floor":24,"gold_loss":0,"cards_obtained":["Writhe"]},{"damage_healed":0,"gold_gain":0,"player_choice":"","damage_taken":6,"max_hp_gain":0,"max_hp_loss":0,"event_name":"Knowing Skull","floor":28,"potions_obtained":[],"gold_loss":0,"cards_obtained":[]}],"is_beta":false,"boss_relics":[{"not_picked":["Replay:Bronze Core","Kintsugi"],"picked":"Painkiller Herb"},{"not_picked":["Black Star","Empty Cage"],"picked":"Ring of the Serpent"}],"items_purged_floors":[22,38],"is_endless":false,"potions_floor_spawned":[2,7,12,21,33],"killed_by":"Jaw Worm Horde","ascension_level":17}}