{"host":"qgrlfjrqk9z96gfi","time":1610076431,"event":{"mods":["BaseMod","Block Reminder","Colored Map","DeckTracker","Minty Spire (QoL Compilation)"],"gold_per_floor":[112,112,112,127,140,140,175,175,175,200,170,170,135,146,146,220,220,230,230,20,39,59,89,89,121,121,121,156,81,81,97,97,169,169,189,26,26,37,37,71,90,90,90,102,21,41,41,41,41,41,41],"floor_reached":52,"playtime":1855,"items_purged":["Writhe"],"score":1896,"play_id":"80e5f7cc-52b5-4991-94ba-72b05a6127f6","local_time":"20210107172711","is_ascension_mode":true,"campfire_choices":[{"data":"Neutralize","floor":6.0,"key":"SMITH"},{"data":"Deadly Poison","floor":8.0,"key":"SMITH"},{"floor":12.0,"key":"REST"},{"data":"Dagger Throw","floor":15.0,"key":"SMITH"},{"floor":24.0,"key":"REST"},{"floor":27.0,"key":"REST"},{"floor":32.0,"key":"REST"},{"floor":42.0,"key":"REST"},{"data":"1","floor":49.0,"key":"LIFT"}],"circlet_count":0,"master_deck":["AscendersBane","Defend_G+1","Defend_G+1","Defend_G+1","Defend_G+1","Defend_G+1","Survivor+1","Neutralize+1","Cloak And Dagger+1","Deadly Poison+1","Blade Dance+1","Sucker Punch+1","Dagger Throw+1","Corpse Explosion+1","Dodge and Roll+1","Malaise+1","Die Die Die+1","PiercingWail+1","Noxious Fumes+1","Deadly Poison+1","Calculated Gamble+1","Adrenaline+1","Panacea+1","Catalyst+1","Acrobatics+1","Leg Sweep+1","Crippling Poison+1"],"relics":["Ring of the Snake","NeowsBlessing","Paper Crane","Bronze Scales","Darkstone Periapt","Gremlin Horn","Astrolabe","ClockworkSouvenir","Girya","Pantograph","FossilizedHelix","Turnip","Philosopher\u0027s Stone","Membership Card","Boot","White Beast Statue","Mark of the Bloom"],"acts_visited":["Exordium","TheCity","TheBeyond"],"potions_floor_usage":[51,51],"damage_taken":[{"damage":0.0,"enemies":"Small Slimes","floor":1.0,"turns":1.0},{"damage":0.0,"enemies":"Cultist","floor":4.0,"turns":1.0},{"damage":0.0,"enemies":"2 Louse","floor":5.0,"turns":1.0},{"damage":21.0,"enemies":"Lagavulin","floor":7.0,"turns":7.0},{"damage":16.0,"enemies":"Gremlin Nob","floor":10.0,"turns":4.0},{"damage":6.0,"enemies":"Exordium Thugs","floor":11.0,"turns":4.0},{"damage":4.0,"enemies":"Gremlin Gang","floor":14.0,"turns":4.0},{"damage":7.0,"enemies":"Hexaghost","floor":16.0,"turns":9.0},{"damage":0.0,"enemies":"3 Byrds","floor":18.0,"turns":5.0},{"damage":4.0,"enemies":"Shell Parasite","floor":21.0,"turns":5.0},{"damage":8.0,"enemies":"Cultist and Chosen","floor":22.0,"turns":4.0},{"damage":37.0,"enemies":"Gremlin Leader","floor":23.0,"turns":5.0},{"damage":21.0,"enemies":"Book of Stabbing","floor":25.0,"turns":7.0},{"damage":19.0,"enemies":"Slavers","floor":28.0,"turns":4.0},{"damage":0.0,"enemies":"Snake Plant","floor":31.0,"turns":4.0},{"damage":62.0,"enemies":"Collector","floor":33.0,"turns":9.0},{"damage":13.0,"enemies":"3 Darklings","floor":35.0,"turns":3.0},{"damage":22.0,"enemies":"3 Shapes","floor":38.0,"turns":2.0},{"damage":27.0,"enemies":"Nemesis","floor":40.0,"turns":9.0},{"damage":3.0,"enemies":"Maw","floor":41.0,"turns":7.0},{"damage":27.0,"enemies":"Transient","floor":44.0,"turns":6.0},{"damage":0.0,"enemies":"Sphere and 2 Shapes","floor":46.0,"turns":6.0},{"damage":23.0,"enemies":"Time Eater","floor":50.0,"turns":10.0},{"damage":30,"enemies":"Awakened One","floor":51,"turns":21}],"seed_played":"-5904485406572243735","potions_obtained":[{"floor":1.0,"key":"Weak Potion"},{"floor":7.0,"key":"LiquidBronze"},{"floor":18.0,"key":"DistilledChaos"},{"floor":21.0,"key":"Strength Potion"},{"floor":31.0,"key":"EntropicBrew"},{"floor":44.0,"key":"Dexterity Potion"},{"floor":46.0,"key":"Swift Potion"}],"is_trial":false,"path_per_floor":["M","?","?","M","M","R","E","R","T","E","M","R","?","M","R","B",null,"M","?","$","M","M","E","R","E","T","R","E","?","?","M","R","B",null,"M","$","?","M","?","E","M","R","T","M","$","M","?","?","R","B","B",null],"character_chosen":"THE_SILENT","items_purchased":["Noxious Fumes","ClockworkSouvenir","Membership Card","Regen Potion"],"campfire_rested":5,"item_purchase_floors":[20,20,36,45],"current_hp_per_floor":[59,54,54,54,54,54,33,33,33,17,11,30,46,42,42,35,58,58,58,58,54,46,9,28,7,7,26,7,7,20,20,39,2,50,37,37,37,15,34,7,4,25,25,19,19,34,59,59,59,36,6],"gold":41,"neow_bonus":"THREE_ENEMY_KILL","is_daily":false,"chose_seed":false,"campfire_upgraded":3,"win_rate":0.0,"timestamp":1610076431,"path_taken":["M","?","?","M","?","R","E","R","T","E","M","R","?","M","R","BOSS","M","?","?","M","?","E","R","E","T","R","E","?","?","M","R","BOSS","M","$","?","M","?","E","M","R","T","M","$","M","?","?","R","BOSS","BOSS"],"items_purchased_type":["Card","Relic","Relic","Potion"],"build_version":"2020-12-22","purchased_purges":1,"victory":true,"max_hp_per_floor":[66,66,66,66,66,66,66,66,66,66,66,66,66,66,66,66,66,66,66,66,66,66,66,66,66,66,66,66,66,66,66,66,66,66,66,66,66,66,72,72,72,72,72,72,72,72,59,59,59,59,59],"card_choices":[{"not_picked":["Choke","Backflip"],"picked":"Cloak And Dagger","floor":1.0},{"not_picked":["Choke","Leg Sweep"],"picked":"Deadly Poison","floor":4.0},{"not_picked":["Backstab","Infinite Blades"],"picked":"Blade Dance","floor":5.0},{"not_picked":["Cloak And Dagger","Catalyst"],"picked":"Sucker Punch","floor":7.0},{"not_picked":["Caltrops","Setup","Slice"],"picked":"SKIP","floor":10.0},{"not_picked":["Quick Slash","Acrobatics","Sucker Punch"],"picked":"SKIP","floor":11.0},{"not_picked":["Blur","Quick Slash"],"picked":"Dagger Throw","floor":14.0},{"not_picked":["Glass Knife","Phantasmal Killer"],"picked":"Corpse Explosion","floor":16.0},{"not_picked":["Well Laid Plans","Slice"],"picked":"PiercingWail","floor":18.0},{"not_picked":["Outmaneuver","Prepared","Poisoned Stab"],"picked":"SKIP","floor":21.0},{"not_picked":["Blade Dance","Slice"],"picked":"Deadly Poison+1","floor":22.0},{"not_picked":["Deflect","Acrobatics"],"picked":"Calculated Gamble+1","floor":23.0},{"not_picked":["Dagger Spray+1","Backstab","Quick Slash"],"picked":"SKIP","floor":25.0},{"not_picked":["Noxious Fumes","Quick Slash","Endless Agony"],"picked":"SKIP","floor":28.0},{"not_picked":["Quick Slash","Sucker Punch","Dagger Spray"],"picked":"SKIP","floor":31.0},{"not_picked":["Grand Finale","Phantasmal Killer"],"picked":"Adrenaline","floor":33.0},{"not_picked":["Cloak And Dagger","Slice","Terror"],"picked":"SKIP","floor":35.0},{"not_picked":["Blind","Mayhem"],"picked":"Panacea","floor":37.0},{"not_picked":["Dash","Underhanded Strike"],"picked":"Catalyst","floor":38.0},{"not_picked":["Underhanded Strike","Expertise"],"picked":"Acrobatics","floor":40.0},{"not_picked":["Flying Knee","Slice","Eviscerate+1"],"picked":"SKIP","floor":41.0},{"not_picked":["Sucker Punch","Backflip"],"picked":"Leg Sweep","floor":44.0},{"not_picked":["Prepared","Dagger Throw"],"picked":"Crippling Poison+1","floor":46.0}],"player_experience":977646,"relics_obtained":[{"floor":7.0,"key":"Bronze Scales"},{"floor":9.0,"key":"Darkstone Periapt"},{"floor":10.0,"key":"Gremlin Horn"},{"floor":23.0,"key":"Girya"},{"floor":25.0,"key":"Pantograph"},{"floor":26.0,"key":"FossilizedHelix"},{"floor":28.0,"key":"Turnip"},{"floor":40.0,"key":"Boot"},{"floor":43.0,"key":"White Beast Statue"}],"event_choices":[{"damage_healed":0.0,"max_hp_gain":0.0,"max_hp_loss":0.0,"gold_gain":0.0,"event_name":"Scrap Ooze","player_choice":"Success","floor":2.0,"gold_loss":0.0,"damage_taken":5.0,"relics_obtained":["Paper Crane"]},{"cards_removed":["Strike_G"],"damage_healed":0.0,"max_hp_gain":0.0,"max_hp_loss":0.0,"gold_gain":0.0,"event_name":"Bonfire Elementals","player_choice":"Offered Basic","floor":3.0,"gold_loss":0.0,"damage_taken":0.0},{"damage_healed":16.0,"max_hp_gain":0.0,"max_hp_loss":0.0,"gold_gain":0.0,"event_name":"The Cleric","player_choice":"Healed","floor":13.0,"gold_loss":35.0,"damage_taken":0.0},{"damage_healed":0.0,"max_hp_gain":0.0,"max_hp_loss":0.0,"gold_gain":0.0,"event_name":"Vampires","player_choice":"Ignored","floor":19.0,"gold_loss":0.0,"damage_taken":0.0},{"cards_removed":["Strike_G"],"damage_healed":0.0,"max_hp_gain":0.0,"max_hp_loss":0.0,"gold_gain":0.0,"event_name":"Beggar","player_choice":"Gave Gold","floor":29.0,"gold_loss":75.0,"damage_taken":0.0},{"damage_healed":13.0,"max_hp_gain":0.0,"max_hp_loss":0.0,"gold_gain":0.0,"event_name":"The Library","player_choice":"Heal","floor":30.0,"gold_loss":0.0,"damage_taken":0.0},{"damage_healed":0.0,"max_hp_gain":0.0,"max_hp_loss":0.0,"gold_gain":0.0,"event_name":"SensoryStone","player_choice":"Memory 1","floor":37.0,"gold_loss":0.0,"damage_taken":0.0},{"damage_healed":13.0,"max_hp_gain":0.0,"max_hp_loss":0.0,"gold_gain":0.0,"event_name":"Winding Halls","player_choice":"Writhe","floor":39.0,"gold_loss":0.0,"damage_taken":0.0,"cards_obtained":["Writhe"]},{"damage_healed":59.0,"max_hp_gain":0.0,"max_hp_loss":13.0,"gold_gain":0.0,"event_name":"The Moai Head","player_choice":"Heal","floor":47.0,"gold_loss":0.0,"damage_taken":0.0},{"damage_healed":0.0,"max_hp_gain":0.0,"max_hp_loss":0.0,"gold_gain":0.0,"event_name":"MindBloom","player_choice":"Upgrade","floor":48.0,"gold_loss":0.0,"damage_taken":0.0,"cards_upgraded":["Defend_G","Defend_G","Defend_G","Defend_G","Defend_G","Survivor","Cloak And Dagger","Blade Dance","Sucker Punch","Corpse Explosion","PiercingWail","Noxious Fumes","Adrenaline","Panacea","Catalyst","Acrobatics","Leg Sweep"],"relics_obtained":["Mark of the Bloom"]}],"is_beta":false,"boss_relics":[{"not_picked":["Empty Cage","Runic Pyramid"],"picked":"Astrolabe"},{"not_picked":["Runic Dome","Calling Bell"],"picked":"Philosopher\u0027s Stone"}],"items_purged_floors":[45],"is_endless":false,"potions_floor_spawned":[1,7,11,14,18,21,31,35,44,46],"ascension_level":20}}