{"host":"j3h0p3l2xgzxhnx7","time":1610115989,"event":{"mods":["BaseMod","Luminous","Marisa????????","Minty Spire (QoL Compilation)","Remilia??????","StSLib","The Bug Knight","The Cursed","The Servant 0.9.4"],"gold_per_floor":[117,192,203,203,203,203,239,252,252,283,296,15,36,55,55,183,183,198,198,198,212,230,274,298,46,46,87,87,131,131,150,150,270,333,358,378,119,134,203,203,203,203,227,258,9,9,9,23,23,23,23],"floor_reached":50,"playtime":2591,"items_purged":["Strike_G","Wrath_TH"],"score":643,"play_id":"56bf816c-80dc-4e50-bf4e-aad5378b8f96","local_time":"20210108222629","is_ascension_mode":true,"campfire_choices":[{"data":"Backflip","floor":6,"key":"SMITH"},{"data":"Envenom","floor":15,"key":"SMITH"},{"floor":28,"key":"REST"},{"data":"Backflip","floor":30,"key":"SMITH"},{"floor":32,"key":"REST"},{"floor":40,"key":"REST"},{"floor":41,"key":"REST"},{"floor":42,"key":"REST"},{"data":"Tools of the Trade","floor":47,"key":"SMITH"},{"floor":49,"key":"REST"}],"circlet_count":0,"master_deck":["Strike_G","Strike_G","Defend_G","Defend_G","Defend_G+1","Defend_G+1","Defend_G","Survivor","Neutralize","Backflip+1","All Out Attack+1","Eviscerate","Poisoned Stab","Heel Hook+1","Backflip+1","Dagger Throw+1","Dash+1","Envenom+1","Glass Knife+1","Dagger Throw+1","EndlessPower+1","Dash+1","Backflip+1","Flying Knee+1","Footwork+1","Masterful Stab+1","Noxious Fumes","Dagger Spray+1","Tools of the Trade+1","Leg Sweep+1","Blade Dance+1","Sucker Punch+1","Sucker Punch+1","Finisher+1","Footwork+1","Neutralize+1","Poisoned Stab+1"],"relics":["HoveringKite","Golden Idol","Spirit Poop","CaptainsWheel","Molten Egg 2","Bottled Lightning","Centennial Puzzle","Empty Cage","Du-Vu Doll","Lee\u0027s Waffle","Pantograph","ScarletDevilRocket","War Paint","Tiny House","InkBottle","WingedGreaves","Ancient Tea Set","Mercury Hourglass","White Beast Statue"],"acts_visited":["Exordium","TheCity","TheBeyond"],"potions_floor_usage":[7,16,16,16,22,23,23,23,27,27,33,39,39,50],"damage_taken":[{"damage":2,"enemies":"Small Slimes","floor":1,"turns":6},{"damage":0,"enemies":"2 Louse","floor":3,"turns":3},{"damage":13,"enemies":"HollowMod:MossKnight","floor":7,"turns":16},{"damage":0,"enemies":"Cultist","floor":8,"turns":4},{"damage":7,"enemies":"Lagavulin","floor":10,"turns":6},{"damage":0,"enemies":"Lots of Slimes","floor":11,"turns":3},{"damage":0,"enemies":"3 Louse","floor":13,"turns":1},{"damage":0,"enemies":"Looter","floor":14,"turns":2},{"damage":22,"enemies":"Slime Boss","floor":16,"turns":7},{"damage":0,"enemies":"Chosen","floor":18,"turns":4},{"damage":4,"enemies":"2 Thieves","floor":21,"turns":3},{"damage":0,"enemies":"3 Cultists","floor":22,"turns":5},{"damage":30,"enemies":"Slavers","floor":23,"turns":5},{"damage":18,"enemies":"Cultist and Chosen","floor":24,"turns":6},{"damage":30,"enemies":"Gremlin Leader","floor":27,"turns":9},{"damage":29,"enemies":"Slavers","floor":29,"turns":6},{"damage":5,"enemies":"Snecko","floor":31,"turns":2},{"damage":44,"enemies":"Champ","floor":33,"turns":8},{"damage":28,"enemies":"3 Darklings","floor":35,"turns":6},{"damage":0,"enemies":"3 Shapes","floor":36,"turns":5},{"damage":23,"enemies":"3 Darklings","floor":38,"turns":6},{"damage":45,"enemies":"2 Orb Walkers","floor":39,"turns":7},{"damage":37,"enemies":"Giant Head","floor":44,"turns":8},{"damage":0,"enemies":"Sphere and 2 Shapes","floor":48,"turns":4},{"damage":87,"enemies":"Awakened One","floor":50,"turns":10}],"seed_played":"2271246807405546669","potions_obtained":[{"floor":3,"key":"PowerPotion"},{"floor":10,"key":"SkillPotion"},{"floor":11,"key":"SteroidPotion"},{"floor":13,"key":"DuplicationPotion"},{"floor":20,"key":"EntropicBrew"},{"floor":20,"key":"Weak Potion"},{"floor":20,"key":"Strength Potion"},{"floor":24,"key":"Block Potion"},{"floor":29,"key":"Energy Potion"},{"floor":33,"key":"SteroidPotion"},{"floor":34,"key":"BlessingOfTheForge"},{"floor":36,"key":"DistilledChaos"},{"floor":48,"key":"Strength Potion"}],"is_trial":false,"path_per_floor":["M","?","M","?","?","R","E","M","T","E","M","$","M","M","R","B",null,"M","?","?","M","M","E","M","$","T","E","R","E","R","M","R","B",null,"M","M","$","M","?","R","R","R","T","E","$","?","R","M","R","B"],"character_chosen":"THE_SILENT","items_purchased":["Dagger Throw+1","Centennial Puzzle","Lee\u0027s Waffle","InkBottle","White Beast Statue"],"campfire_rested":6,"item_purchase_floors":[12,12,25,37,45],"current_hp_per_floor":[68,57,57,57,57,57,44,44,44,37,37,37,37,37,37,15,70,70,70,70,66,66,36,18,77,77,47,70,41,41,36,59,33,82,54,54,54,31,15,39,63,82,82,45,45,45,45,45,69,0,0],"gold":23,"neow_bonus":"BOSS_RELIC","is_daily":false,"chose_seed":false,"campfire_upgraded":4,"win_rate":0.0,"timestamp":1610115989,"path_taken":["M","?","M","?","?","R","E","?","T","E","?","$","M","M","R","BOSS","M","?","?","M","?","E","M","$","T","E","R","E","R","M","R","BOSS","M","M","$","M","?","R","R","R","T","E","$","?","R","M","R","BOSS"],"items_purchased_type":["Card","Relic","Relic","Relic","Relic"],"build_version":"2020-12-22","purchased_purges":2,"victory":false,"max_hp_per_floor":[70,70,70,70,70,70,70,70,70,70,70,70,70,70,70,70,70,70,70,70,70,70,70,70,77,77,77,77,77,77,77,77,77,82,82,82,82,82,82,82,82,82,82,82,82,82,82,82,82,82,82],"card_choices":[{"not_picked":["Prepared","Well Laid Plans"],"picked":"Backflip","floor":1},{"not_picked":["Deadly Poison","Poisoned Stab"],"picked":"All Out Attack","floor":3},{"not_picked":["Deadly Poison","Outmaneuver"],"picked":"Eviscerate","floor":7},{"not_picked":["Bane","Finisher"],"picked":"Poisoned Stab","floor":8},{"not_picked":["Adrenaline","Backflip"],"picked":"Heel Hook+1","floor":10},{"not_picked":["PiercingWail","Tactician"],"picked":"Backflip","floor":11},{"not_picked":["Acrobatics","Flying Knee+1"],"picked":"Dash+1","floor":13},{"not_picked":["Deadly Poison","Backflip"],"picked":"Envenom","floor":14},{"not_picked":["Corpse Explosion","Wraith Form v2"],"picked":"Glass Knife+1","floor":16},{"not_picked":["Well Laid Plans","Prepared"],"picked":"Dagger Throw+1","floor":18},{"not_picked":["Distraction","Skewer+1"],"picked":"Dash+1","floor":21},{"not_picked":["Deflect","Acrobatics+1"],"picked":"Backflip+1","floor":22},{"not_picked":["Dagger Throw+1","Dodge and Roll"],"picked":"Flying Knee+1","floor":23},{"not_picked":["Masterful Stab+1","Slice+1"],"picked":"Footwork+1","floor":24},{"not_picked":["Endless Agony+1","Poisoned Stab+1"],"picked":"Masterful Stab+1","floor":27},{"not_picked":["Well Laid Plans","Endless Agony+1"],"picked":"Noxious Fumes","floor":29},{"not_picked":["Noxious Fumes","Deadly Poison"],"picked":"Dagger Spray+1","floor":31},{"not_picked":["Corpse Explosion","Doppelganger"],"picked":"Tools of the Trade","floor":33},{"not_picked":["Underhanded Strike+1","Prepared"],"picked":"Leg Sweep+1","floor":34},{"not_picked":["Deflect","Slice+1"],"picked":"Blade Dance+1","floor":35},{"not_picked":["Reflex+1","Leg Sweep"],"picked":"Sucker Punch+1","floor":36},{"not_picked":["Dagger Throw+1","Crippling Poison"],"picked":"Sucker Punch+1","floor":38},{"not_picked":["Sucker Punch+1","Crippling Poison"],"picked":"Finisher+1","floor":39},{"not_picked":["Blade Dance+1","After Image"],"picked":"Footwork+1","floor":44},{"not_picked":["Slice+1","Dagger Spray+1"],"picked":"Poisoned Stab+1","floor":48}],"player_experience":108037,"relics_obtained":[{"floor":7,"key":"CaptainsWheel"},{"floor":9,"key":"Molten Egg 2"},{"floor":10,"key":"Bottled Lightning"},{"floor":23,"key":"Du-Vu Doll"},{"floor":26,"key":"Pantograph"},{"floor":27,"key":"ScarletDevilRocket"},{"floor":29,"key":"War Paint"},{"floor":39,"key":"WingedGreaves"},{"floor":43,"key":"Ancient Tea Set"},{"floor":44,"key":"Mercury Hourglass"}],"event_choices":[{"damage_healed":0,"gold_gain":75,"player_choice":"Gather Gold","damage_taken":11,"max_hp_gain":0,"max_hp_loss":0,"event_name":"World of Goop","floor":2,"gold_loss":0},{"damage_healed":0,"gold_gain":0,"player_choice":"Take Wound","damage_taken":0,"relics_obtained":["Golden Idol"],"max_hp_gain":0,"max_hp_loss":0,"event_name":"Golden Idol","floor":4,"gold_loss":0,"cards_obtained":["Injury"]},{"cards_removed":["Injury"],"damage_healed":0,"gold_gain":0,"player_choice":"Offered Curse","damage_taken":0,"relics_obtained":["Spirit Poop"],"max_hp_gain":0,"max_hp_loss":0,"event_name":"Bonfire Elementals","floor":5,"gold_loss":0},{"damage_healed":0,"gold_gain":0,"player_choice":"Got Potions","damage_taken":0,"max_hp_gain":0,"max_hp_loss":0,"event_name":"Lab","floor":20,"gold_loss":0},{"damage_healed":0,"gold_gain":0,"player_choice":"Fight","damage_taken":0,"max_hp_gain":0,"max_hp_loss":0,"event_name":"Mysterious Sphere","floor":39,"gold_loss":0},{"damage_healed":0,"gold_gain":0,"player_choice":"Copied","damage_taken":0,"max_hp_gain":0,"max_hp_loss":0,"event_name":"Duplicator","floor":46,"gold_loss":0,"cards_obtained":["Neutralize"]}],"is_beta":false,"boss_relics":[{"not_picked":["Runic Dome","Snecko Eye"],"picked":"Empty Cage"},{"not_picked":["Coffee Dripper","WristBlade"],"picked":"Tiny House"}],"items_purged_floors":[12,25],"is_endless":false,"potions_floor_spawned":[3,10,11,13,21,24,29,33,36,38,48],"killed_by":"Awakened One","ascension_level":2}}