{"host":"lyzyr6cv4ove76ms","time":1610073833,"event":{"mods":["BaseMod","Colored Map","Infinite Spire","Minty Spire (QoL Compilation)","Replay The Spire","StSLib"],"gold_per_floor":[116,116,116,116,116,147,147,182,230,230,254,279,279,299,299,396,396,396],"floor_reached":17,"playtime":1224,"items_purged":[],"score":230,"play_id":"2f0138df-7d1d-433b-bbd8-26c4495946e4","local_time":"20210108034353","is_ascension_mode":true,"campfire_choices":[{"data":"Survivor","floor":7,"key":"SMITH"},{"data":"Neutralize","floor":10,"key":"SMITH"},{"floor":15,"key":"RECALL"}],"circlet_count":0,"master_deck":["Strike_G+1","Strike_G","Strike_G","Strike_G","Strike_G","Defend_G+1","Defend_G+1","Defend_G","Defend_G","Defend_G","Survivor+1","Neutralize+1","Adrenaline"],"relics":["NeowsBlessing","Sizzling Blood","Orichalcum","Boot","Bag of Preparation","Odd Mushroom","ReplayTheSpireMod:Ninjato","infinitespire:Cupcake"],"acts_visited":["Exordium","TheCity"],"potions_floor_usage":[],"damage_taken":[{"damage":0,"enemies":"Small Slimes","floor":1,"turns":1},{"damage":0,"enemies":"Lagavulin","floor":6,"turns":1},{"damage":0,"enemies":"Replay:BlueRogue","floor":8,"turns":1},{"damage":27,"enemies":"The Mushroom Lair","floor":11,"turns":9},{"damage":9,"enemies":"3 Sentries","floor":12,"turns":13},{"damage":0,"enemies":"Jaw Worm","floor":14,"turns":4},{"damage":49,"enemies":"Fading Forest","floor":16,"turns":11}],"seed_played":"-2646845865613888843","potions_obtained":[{"floor":1,"key":"Languid Potion"},{"floor":6,"key":"Doom Potion"},{"floor":8,"key":"Energy Potion"}],"is_trial":false,"path_per_floor":["M","?","$","?","$","E","R","E","T","R","?","E","?","M","R","B",null],"character_chosen":"THE_SILENT","items_purchased":[],"campfire_rested":0,"item_purchase_floors":[],"current_hp_per_floor":[70,74,74,59,59,63,63,67,67,67,44,39,39,43,43,18,74,74],"gold":396,"neow_bonus":"THREE_ENEMY_KILL","is_daily":false,"chose_seed":false,"campfire_upgraded":2,"win_rate":0.0,"timestamp":1610073833,"path_taken":["M","?","$","?","?","E","R","E","T","R","?","E","?","M","R","BOSS"],"items_purchased_type":[],"build_version":"2020-12-22","purchased_purges":0,"victory":false,"max_hp_per_floor":[70,74,74,74,74,74,74,74,74,74,74,74,74,74,74,74,74,74],"card_choices":[{"not_picked":["Dodge and Roll","Heel Hook","Deflect"],"picked":"SKIP","floor":1},{"not_picked":["Poisoned Stab","Backflip","Blade Dance"],"picked":"SKIP","floor":6},{"not_picked":["Dodge and Roll","Hidden Blade","Caltrops"],"picked":"SKIP","floor":8},{"not_picked":["Predator","Crippling Poison","Cloak And Dagger"],"picked":"SKIP","floor":12},{"not_picked":["Flechettes","Predator","Sucker Punch"],"picked":"SKIP","floor":14},{"not_picked":["ReplayTheSpireMod:From All Sides","A Thousand Cuts"],"picked":"Adrenaline","floor":16}],"player_experience":582950,"relics_obtained":[{"floor":6,"key":"Orichalcum"},{"floor":8,"key":"Boot"},{"floor":9,"key":"Bag of Preparation"},{"floor":11,"key":"Odd Mushroom"},{"floor":12,"key":"ReplayTheSpireMod:Ninjato"}],"event_choices":[{"damage_healed":0,"gold_gain":0,"player_choice":"Entered Light","damage_taken":15,"max_hp_gain":0,"max_hp_loss":0,"event_name":"Shining Light","floor":4,"gold_loss":0,"cards_upgraded":["Strike_G","Defend_G"]},{"damage_healed":0,"gold_gain":0,"player_choice":"Fought Mushrooms","damage_taken":0,"max_hp_gain":0,"max_hp_loss":0,"event_name":"Mushrooms","floor":11,"gold_loss":0},{"damage_healed":0,"gold_gain":0,"player_choice":"Grow","damage_taken":0,"max_hp_gain":0,"max_hp_loss":0,"event_name":"Living Wall","floor":13,"gold_loss":0,"cards_upgraded":["Defend_G"]}],"is_beta":false,"boss_relics":[{"not_picked":["Snecko Eye","Replay:Grab Bag"],"picked":"infinitespire:Cupcake"}],"items_purged_floors":[],"is_endless":false,"potions_floor_spawned":[1,6,8],"ascension_level":1}}