{"host":"h2zaclyrd1q1i31f","time":1610084451,"event":{"mods":["BaseMod","Colored Map","Downfall","Hermit","Minty Spire (QoL Compilation)","Permanent Neow","Replay The Spire","StSLib","SuperFastMode","The Hierophant","The Mystic"],"gold_per_floor":[109,24,42,54,73,99,99,148,148,148,148,161,161,176,176,273,273,284,284,54,72,35,63,63,63,63,96,110,127,143,163,163,260,260,270,281,301,312,69,97,42,54,54,54,81,81,81,92,103,103,103,103],"floor_reached":53,"playtime":2683,"items_purged":["Strike_R"],"score":758,"play_id":"6219fde0-a9a1-47c5-9d70-a912c9cec24f","local_time":"20210107234051","is_ascension_mode":false,"campfire_choices":[{"data":"Bash","floor":7,"key":"SMITH"},{"data":"Hemokinesis","floor":10,"key":"SMITH"},{"data":"ReplayTheSpireMod:Strike From Hell","floor":15,"key":"SMITH"},{"data":"Abandon","floor":25,"key":"SMITH"},{"data":"Havoc","floor":32,"key":"SMITH"},{"data":"Havoc","floor":46,"key":"SMITH"},{"floor":51,"key":"REST"}],"circlet_count":0,"master_deck":["Strike_R","Strike_R","Strike_R","Defend_R+1","Defend_R","Defend_R","Defend_R","Bash+1","ReplayTheSpireMod:Strike From Hell","ReplayTheSpireMod:Private Reserves","Hemokinesis","Hemokinesis+1","ReplayTheSpireMod:Strike From Hell+1","Defy Death","Pommel Strike","Abandon+1","Metallicize","Immolate","Warcry","Uppercut","Havoc+1","Wild Strike","Havoc+1","Replay:Undeath\u0027s Touch+1","Run Through+1","Exhume","Hemogenesis","ReplayTheSpireMod:Stacked+1","ReplayTheSpireMod:Muscle Training","Havoc+1","Mayhem","Headbutt+1","Dark Embrace","Disarm+1","Armaments","Shrug It Off+1","Abandon"],"relics":["Burning Blood","Centennial Puzzle","Art of War","Quantum Egg","Divine Protection","Honey Jar","Anchor","Bottled Lightning","Thread and Needle","Ice Cream","ChewingGum","Replay:Kaleidoscope","Replay:Rubber Ducky"],"acts_visited":["Exordium","TheCity","TheBeyond"],"potions_floor_usage":[6,6,8,16,21,27,33,38,52,52,52,52],"damage_taken":[{"damage":4,"enemies":"Jaw Worm","floor":1,"turns":5},{"damage":7,"enemies":"Small Slimes","floor":3,"turns":3},{"damage":9,"enemies":"2 Louse","floor":4,"turns":2},{"damage":11,"enemies":"Exordium Thugs","floor":5,"turns":4},{"damage":18,"enemies":"3 Sentries","floor":6,"turns":5},{"damage":3,"enemies":"3 Louse","floor":12,"turns":2},{"damage":2,"enemies":"Exordium Wildlife","floor":14,"turns":3},{"damage":29,"enemies":"The Guardian","floor":16,"turns":12},{"damage":0,"enemies":"Chosen","floor":18,"turns":3},{"damage":0,"enemies":"2 Thieves","floor":21,"turns":3},{"damage":40,"enemies":"Book of Stabbing","floor":23,"turns":5},{"damage":13,"enemies":"Slavers","floor":27,"turns":3},{"damage":0,"enemies":"3 Cultists","floor":28,"turns":5},{"damage":0,"enemies":"Shelled Parasite and Fungi","floor":29,"turns":3},{"damage":11,"enemies":"Snake Plant","floor":30,"turns":3},{"damage":4,"enemies":"Centurion and Healer","floor":31,"turns":4},{"damage":47,"enemies":"Collector","floor":33,"turns":9},{"damage":9,"enemies":"3 Shapes","floor":35,"turns":2},{"damage":0,"enemies":"Orb Walker","floor":36,"turns":3},{"damage":0,"enemies":"Spire Growth","floor":37,"turns":4},{"damage":13,"enemies":"Writhing Mass","floor":38,"turns":7},{"damage":47,"enemies":"Reptomancer","floor":40,"turns":7},{"damage":8,"enemies":"Transient","floor":42,"turns":5},{"damage":38,"enemies":"Spire Growth","floor":48,"turns":4},{"damage":5,"enemies":"Jaw Worm Horde","floor":49,"turns":4},{"damage":41,"enemies":"Time Eater","floor":52,"turns":12}],"seed_played":"4723681409461352696","potions_obtained":[{"floor":1,"key":"Regen Potion"},{"floor":3,"key":"Slimebound:ThreeZeroPotion"},{"floor":6,"key":"ColorlessPotion"},{"floor":8,"key":"Fruit Juice"},{"floor":14,"key":"AttackPotion"},{"floor":18,"key":"Elixir"},{"floor":23,"key":"CultistPotion"},{"floor":29,"key":"Elixir"},{"floor":31,"key":"CultistPotion"},{"floor":35,"key":"DuplicationPotion"},{"floor":37,"key":"Ancient Potion"},{"floor":42,"key":"AttackPotion"},{"floor":49,"key":"DuplicationPotion"}],"is_trial":false,"path_per_floor":["M","$","M","M","M","E","R","?","T","R","?","M","?","M","R","B",null,"M","?","$","M","$","E","?","R","T","E","M","M","M","M","R","B",null,"M","M","M","M","$","E","$","M","PTL","PTL","T","R","?","M","M","?","R","B",null],"character_chosen":"IRONCLAD","items_purchased":["ReplayTheSpireMod:Private Reserves","Anchor","Havoc+1","Havoc","Mayhem","Dark Embrace"],"campfire_rested":1,"item_purchase_floors":[2,20,22,39,39,41],"current_hp_per_floor":[80,80,79,76,71,73,73,46,46,46,74,77,77,81,81,58,85,85,85,85,85,85,51,51,51,51,44,50,56,51,53,53,12,85,82,85,85,85,85,51,51,60,60,60,60,60,60,39,40,40,65,46],"gold":103,"neow_bonus":"RANDOM_COMMON_RELIC","is_daily":false,"chose_seed":false,"campfire_upgraded":6,"win_rate":0.0,"timestamp":1610084451,"path_taken":["M","$","M","M","M","E","R","?","T","R","?","M","?","M","R","BOSS","M","?","$","M","?","E","?","R","T","E","M","M","?","M","R","BOSS","M","M","M","M","$","E","$","M","PTL","PTL","T","R","?","M","M","?","R","BOSS"],"items_purchased_type":["Card","Relic","Card","Card","Card","Card"],"build_version":"2020-12-22","purchased_purges":1,"victory":true,"max_hp_per_floor":[80,80,80,80,80,80,80,85,85,85,85,85,85,85,85,85,85,85,85,85,85,85,85,85,85,85,85,85,85,85,85,85,85,85,85,85,85,85,85,85,85,85,85,85,85,85,85,85,85,85,85,85],"card_choices":[{"not_picked":["Rupture","Flex"],"picked":"ReplayTheSpireMod:Strike From Hell","floor":1},{"not_picked":["Power Through","Fire Breathing"],"picked":"Hemokinesis","floor":3},{"not_picked":["Headbutt","Metallicize"],"picked":"Hemokinesis","floor":4},{"not_picked":["True Grit","Abandon"],"picked":"ReplayTheSpireMod:Strike From Hell","floor":5},{"not_picked":["Eclipse","Second Wind"],"picked":"Defy Death","floor":6},{"not_picked":["Cleave","Thunderclap"],"picked":"Pommel Strike","floor":8},{"not_picked":["Dropkick","Perfected Strike"],"picked":"Abandon","floor":12},{"not_picked":["Seeing Red","Headbutt"],"picked":"Metallicize","floor":14},{"not_picked":["Feed","Demon Form"],"picked":"Immolate","floor":16},{"not_picked":["Massacre","Twin Strike","Rampage+1"],"picked":"Warcry","floor":18},{"not_picked":["ReplayTheSpireMod:Limb From Limb","Clothesline","Entrench"],"picked":"Uppercut","floor":21},{"not_picked":["Dual Wield","Pommel Strike+1","Body Slam"],"picked":"Wild Strike","floor":23},{"not_picked":["Cleave","Demonic Infusion","True Grit"],"picked":"Havoc","floor":27},{"not_picked":["Headbutt","Body Slam","Clothesline"],"picked":"Replay:Undeath\u0027s Touch+1","floor":28},{"not_picked":["Warcry","Shrug It Off","Cleave+1"],"picked":"Run Through+1","floor":29},{"not_picked":["Barricade","Clash","Run Through+1"],"picked":"Cleave","floor":30},{"not_picked":["Heavy Blade","Body Slam","Twin Strike"],"picked":"Exhume","floor":31},{"not_picked":["Barricade","Corruption","Brutality"],"picked":"Hemogenesis","floor":33},{"not_picked":["True Grit","Burning Pact","Headbutt"],"picked":"ReplayTheSpireMod:Stacked+1","floor":35},{"not_picked":["Anger","Thunderclap","Armaments","Reckless Charge"],"picked":"SKIP","floor":36},{"not_picked":["Heavy Blade+1","Run Through","Pommel Strike+1"],"picked":"ReplayTheSpireMod:Muscle Training","floor":37},{"not_picked":["Sever Soul","Replay:Undeath\u0027s Touch","Wild Strike","Clothesline+1"],"picked":"SKIP","floor":38},{"not_picked":["Twin Strike+1","Bludgeon","Clothesline"],"picked":"Headbutt+1","floor":40},{"not_picked":["Infernal Blade","Run Through+1","Rampage+1"],"picked":"Disarm+1","floor":42},{"not_picked":["Whirlwind+1","Body Slam+1","Entrench"],"picked":"Armaments","floor":48},{"not_picked":["Iron Wave","Wild Strike","Armaments"],"picked":"Shrug It Off+1","floor":49}],"player_experience":151717,"relics_obtained":[{"floor":6,"key":"Art of War"},{"floor":8,"key":"Quantum Egg"},{"floor":9,"key":"Divine Protection"},{"floor":23,"key":"Bottled Lightning"},{"floor":26,"key":"Thread and Needle"},{"floor":27,"key":"Ice Cream"},{"floor":40,"key":"Replay:Kaleidoscope"},{"floor":45,"key":"Replay:Rubber Ducky"}],"event_choices":[{"damage_healed":28,"gold_gain":0,"player_choice":"Banana","damage_taken":0,"max_hp_gain":0,"max_hp_loss":0,"event_name":"Big Fish","floor":11,"gold_loss":0},{"cards_removed":["Strike_R"],"damage_healed":0,"gold_gain":0,"player_choice":"Purged","damage_taken":0,"max_hp_gain":0,"max_hp_loss":0,"event_name":"Purifier","floor":19,"gold_loss":0},{"damage_healed":0,"gold_gain":0,"player_choice":"Ignored","damage_taken":0,"max_hp_gain":0,"max_hp_loss":0,"event_name":"Vampires","floor":24,"gold_loss":0},{"cards_removed":["Dark Embrace"],"damage_healed":0,"gold_gain":0,"player_choice":"Removed Power","damage_taken":0,"max_hp_gain":0,"max_hp_loss":0,"event_name":"Falling","floor":47,"gold_loss":0},{"damage_healed":0,"gold_gain":0,"cards_transformed":["Cleave"],"player_choice":"Transformed","damage_taken":0,"max_hp_gain":0,"max_hp_loss":0,"event_name":"Transmorgrifier","floor":50,"gold_loss":0,"cards_obtained":["Abandon"]}],"is_beta":false,"boss_relics":[{"not_picked":["Sozu","Mark of Pain"],"picked":"Honey Jar"},{"not_picked":["Tiny House","Replay:Ancient Bell"],"picked":"ChewingGum"}],"items_purged_floors":[20],"is_endless":false,"potions_floor_spawned":[1,3,6,14,18,23,29,31,35,37,42,49],"ascension_level":0}}