{"host":"ueaobptuyu87ouwy","time":1610100712,"event":{"mods":["Aspiration","Bard","BaseMod","Better Altar","Better Match","Better Note","Better Sensory Stone","Better Skull","Better Third Choice","BetterRewards","CCEM","Colored Map","Conspire","Downfall","GifTheSpireLib","GungeonMod","Halation","Hermit","Highlight Path","Hubris","Infinite Spire","Jedi Mod","Jorbs\u0027s Wanderer Trilogy","Marisa????????","Marked Mod","Mimic Mod","Minty Spire (QoL Compilation)","Permanent Neow","Replay The Spire","Shop Mod","Small Relic Pack","StSLib","Stuff the Spire","The Runesmith","Unceasing Turn Reminder","everything is the same but u backflip on backflip","slay the spire mod where everything is the same but ironclad has a cowboy hat"],"gold_per_floor":[109,109,109,109,72,72,85,85,156,181,106,134,134,168,168,264,264,276,289,325,7,23,23,23],"floor_reached":23,"playtime":1145,"items_purged":["Strike_B"],"score":242,"play_id":"552a5475-b723-4481-ba1b-3d2b5acd69c0","local_time":"20210108181152","is_ascension_mode":true,"campfire_choices":[{"data":"Cold Snap","floor":6,"key":"SMITH"},{"data":"Headbutt","floor":8,"key":"SMITH"}],"circlet_count":0,"master_deck":["Strike_B","Strike_B","Strike_B","Defend_B","Defend_B","Defend_B","Defend_B","Zap+1","Dualcast","Cold Snap+1","Headbutt+1","Undo","Hologram+1","Conserve Battery","jedi:meditation","Redo","Aggregate","ReplayTheSpireMod:Repulse","aspiration:Polymerization+1"],"relics":["Replay:M_SmolderingBlood","aspiration:Nostalgia","sneckomod:SneckoSoul","infinitespire:Cubic Diamond","CCEMRelics:Icicle","Ancient Tea Set","halation:BottledLove","CCEMRelics:WhiteRose","Thread and Needle","ChewingGum","ReplayTheSpireMod:Lightbulb","conspire:BottledYoYo"],"acts_visited":["Exordium","TheCity"],"potions_floor_usage":[12,16],"damage_taken":[{"damage":0,"enemies":"2 Louse","floor":1,"turns":3},{"damage":5,"enemies":"Small Slimes","floor":7,"turns":3},{"damage":12,"enemies":"Gremlin Nob","floor":10,"turns":4},{"damage":4,"enemies":"Lagavulin","floor":12,"turns":7},{"damage":0,"enemies":"Replay:BlueRogue","floor":14,"turns":5},{"damage":9,"enemies":"Slime Boss","floor":16,"turns":11},{"damage":0,"enemies":"Chosen","floor":18,"turns":5},{"damage":0,"enemies":"Shell Parasite","floor":19,"turns":9},{"damage":0,"enemies":"conspire:MimicChest","floor":20,"turns":7},{"damage":12,"enemies":"Snake Plant","floor":22,"turns":4},{"damage":70,"enemies":"Book of Stabbing","floor":23,"turns":6}],"seed_played":"-3632749491785010109","potions_obtained":[{"floor":7,"key":"SpeedPotion"},{"floor":10,"key":"FearPotion"},{"floor":16,"key":"Strength Potion"},{"floor":18,"key":"DuplicationPotion"}],"is_trial":false,"path_per_floor":["M","?","?","$","?","R","M","R","T","E","$","E","?","E","R_BF","B",null,"M","M","?","$","M","E"],"character_chosen":"DEFECT","items_purchased":["conspire:BottledYoYo","ReplayTheSpireMod:Repulse"],"campfire_rested":0,"item_purchase_floors":[21,21],"current_hp_per_floor":[75,75,75,75,75,75,70,70,70,58,58,54,54,54,54,45,75,75,75,75,75,63,0,0],"gold":23,"neow_bonus":"NOSTALGIA","is_daily":false,"chose_seed":false,"campfire_upgraded":2,"win_rate":0.0,"timestamp":1610100712,"path_taken":["M","?","?","$","?","R","M","R","T","E","?","E","?","E","R_BF","BOSS","M","M","?","$","M","E"],"items_purchased_type":["Relic","Card"],"build_version":"2020-12-13","purchased_purges":1,"victory":false,"max_hp_per_floor":[75,75,75,75,75,75,75,75,75,75,75,75,75,75,75,75,75,75,75,75,75,75,75,75],"card_choices":[{"not_picked":["jedi:locknload","jedi:spotbugs"],"picked":"Cold Snap","floor":1},{"not_picked":["Halt","Chill"],"picked":"Headbutt","floor":7},{"not_picked":["ReplayTheSpireMod:Fabricate Wheel","Beam Cell"],"picked":"Undo","floor":10},{"not_picked":["jedi:BurstFrost","Conserve Battery"],"picked":"Hologram","floor":12},{"not_picked":["Ball Lightning","Steam"],"picked":"Conserve Battery","floor":14},{"not_picked":["StuffTheSpire:EventHorizon","ReplayTheSpireMod:Fabricate Wheel"],"picked":"jedi:meditation","floor":16},{"not_picked":["Leap","StuffTheSpire:LoadUp+1","StuffTheSpire:NuclearReactor"],"picked":"SKIP","floor":18},{"not_picked":["Force Field","Hologram"],"picked":"Redo","floor":19},{"not_picked":["Steam Power+1","Chaos"],"picked":"Aggregate","floor":20},{"not_picked":["Hologram","Rebound"],"picked":"aspiration:Polymerization+1","floor":22}],"player_experience":69482,"relics_obtained":[{"floor":9,"key":"CCEMRelics:Icicle"},{"floor":10,"key":"Ancient Tea Set"},{"floor":12,"key":"halation:BottledLove"},{"floor":14,"key":"CCEMRelics:WhiteRose"},{"floor":15,"key":"Thread and Needle"},{"floor":20,"key":"ReplayTheSpireMod:Lightbulb"}],"event_choices":[{"damage_healed":0,"gold_gain":0,"player_choice":"Grow","damage_taken":0,"max_hp_gain":0,"max_hp_loss":0,"event_name":"Living Wall","floor":2,"gold_loss":0,"cards_upgraded":["Zap"]},{"damage_healed":0,"gold_gain":0,"player_choice":"Left","damage_taken":0,"max_hp_gain":0,"max_hp_loss":0,"event_name":"betterThird:BetterGoop","floor":5,"gold_loss":37},{"damage_healed":0,"gold_gain":0,"player_choice":"Upgraded","damage_taken":0,"max_hp_gain":0,"max_hp_loss":0,"event_name":"Upgrade Shrine","floor":13,"gold_loss":0,"cards_upgraded":["Hologram"]},{"damage_healed":0,"gold_gain":0,"player_choice":"Relic","damage_taken":0,"max_hp_gain":0,"max_hp_loss":0,"event_name":"Wheel of Change","floor":15,"gold_loss":0}],"is_beta":false,"boss_relics":[{"not_picked":["hubris:TerracottaHorce","aspiration:FutureDiary"],"picked":"ChewingGum"}],"items_purged_floors":[11],"is_endless":false,"potions_floor_spawned":[7,10,16,18],"killed_by":"Book of Stabbing","ascension_level":1}}