{"host":"jqa9y4qkalbx8qgz","time":1610105167,"event":{"mods":["BaseMod","Bestiary","BetterRewards","CCEM","Downfall","Minty Spire (QoL Compilation)","Permanent Neow","Relic Stats","Replay The Spire","StSLib","The Alterego","Wandering Minibosses"],"gold_per_floor":[99,119,132,117,117,117,195,295,295,309,322,322,322,322],"floor_reached":12,"playtime":1183,"items_purged":[],"score":71,"play_id":"85b62fea-09dc-48c6-9c79-6391728ec904","local_time":"20210108142607","is_ascension_mode":true,"campfire_choices":[{"data":"champ:Taunt","floor":1,"key":"SMITH"},{"data":"champ:SteelEdge","floor":6,"key":"SMITH"},{"floor":9,"key":"REST"}],"circlet_count":0,"master_deck":["champ:Strike","champ:Strike","champ:Strike","champ:Strike","champ:Defend","champ:Defend","champ:Defend","champ:Defend","champ:Execute","champ:Taunt+1","champ:SteelEdge+1","champ:DefensiveShout","champ:TornadoPunch","champ:RecklessLeap"],"relics":["champ:ChampionCrown","ReplayTheSpireMod:Ninjato","downfall:CloakOfManyFaces","CultistMask","FaceOfCleric","NlothsMask","GremlinMask","SsserpentHead"],"acts_visited":["Exordium"],"potions_floor_usage":[12,12],"damage_taken":[{"damage":18,"enemies":"Cultist","floor":2,"turns":5},{"damage":5,"enemies":"2 Louse","floor":3,"turns":3},{"damage":15,"enemies":"downfall:FleeingMerchant","floor":4,"turns":4},{"damage":48,"enemies":"downfall:FaceTrader","floor":8,"turns":8},{"damage":26,"enemies":"Jaw Worm","floor":10,"turns":3},{"damage":28,"enemies":"Exordium Thugs","floor":11,"turns":4},{"damage":48,"enemies":"Gremlin Nob","floor":12,"turns":4}],"seed_played":"6795418159403648753","potions_obtained":[{"floor":8,"key":"champ:UltimateStancePotion"},{"floor":10,"key":"GamblersBrew"},{"floor":11,"key":"SkillPotion"}],"is_trial":false,"path_per_floor":["R","M","M","$","?","R","T","?","R","M","M","E"],"character_chosen":"THE_CHAMP","items_purchased":[],"campfire_rested":1,"item_purchase_floors":[],"current_hp_per_floor":[63,50,50,45,50,50,50,17,45,40,28,0,0,0],"gold":322,"neow_bonus":"THREE_RARE_CARDS","is_daily":false,"chose_seed":false,"campfire_upgraded":2,"win_rate":0.0,"timestamp":1610105167,"path_taken":["R","M","M","$","?","R","T","?","R","M","M","E"],"items_purchased_type":[],"build_version":"2020-12-22","purchased_purges":0,"victory":false,"max_hp_per_floor":[90,90,90,90,95,95,95,95,95,96,97,97,97,97],"relic_stats":{"SsserpentHead":0,"FaceOfCleric":2,"counters":[7,31],"obtain_stats":[{"SsserpentHead":8,"ReplayTheSpireMod:Ninjato":7,"FaceOfCleric":8,"champ:ChampionCrown":0,"GremlinMask":8,"CultistMask":8,"downfall:CloakOfManyFaces":8,"NlothsMask":8},{"SsserpentHead":4,"ReplayTheSpireMod:Ninjato":3,"FaceOfCleric":4,"champ:ChampionCrown":0,"GremlinMask":4,"CultistMask":4,"downfall:CloakOfManyFaces":4,"NlothsMask":4},{"SsserpentHead":20,"ReplayTheSpireMod:Ninjato":12,"FaceOfCleric":20,"champ:ChampionCrown":0,"GremlinMask":20,"CultistMask":20,"downfall:CloakOfManyFaces":20,"NlothsMask":20}]},"card_choices":[{"not_picked":["champ:CheapShot","champ:PerfectForm"],"picked":"champ:SteelEdge","floor":0},{"not_picked":["champ:BringItOn","champ:TornadoPunch"],"picked":"champ:DefensiveShout","floor":2},{"not_picked":["champ:FanOfKnives","champ:FocusedGladiator","champ:Backstep"],"picked":"SKIP","floor":3},{"not_picked":["champ:RisingSlash","champ:Encircle"],"picked":"champ:TornadoPunch","floor":4},{"not_picked":["champ:FocusedBerserking","champ:GladiatorsShout"],"picked":"champ:RecklessLeap","floor":8},{"not_picked":["champ:PerfectedStrike","champ:BerserkerStyle","champ:TornadoPunch"],"picked":"SKIP","floor":10},{"not_picked":["champ:GladiatorsShout","champ:PerfectedStrike","champ:DeathBlow"],"picked":"SKIP","floor":11}],"player_experience":279966,"relics_obtained":[{"floor":7,"key":"ReplayTheSpireMod:Ninjato"},{"floor":8,"key":"downfall:CloakOfManyFaces"}],"event_choices":[{"damage_healed":0,"gold_gain":0,"player_choice":"Donut","damage_taken":0,"max_hp_gain":5,"max_hp_loss":0,"event_name":"Big Fish","floor":5,"gold_loss":0}],"is_beta":false,"boss_relics":[],"items_purged_floors":[],"is_endless":false,"potions_floor_spawned":[8,10,11],"killed_by":"Gremlin Nob","ascension_level":1}}