{"host":"d66n7ln59ex8canu","time":1610075365,"event":{"mods":["AchievementEnabler","BaseMod","Colored Map","Minty Spire (QoL Compilation)","Quick Restart","StSLib"],"gold_per_floor":[119,137,63,63,63,63,98,98,98,273,285,313,323,342,342,437,737,754,754,530,543,560,593,605,617,617],"floor_reached":25,"playtime":694,"items_purged":[],"score":358,"play_id":"5865d573-1660-482c-baa4-f0087b487def","local_time":"20210107220925","is_ascension_mode":true,"campfire_choices":[{"data":"Inflame","floor":6,"key":"SMITH"},{"data":"Immolate","floor":8,"key":"SMITH"},{"data":"Seeing Red","floor":15,"key":"SMITH"},{"data":"Inflame","floor":24,"key":"SMITH"}],"circlet_count":0,"master_deck":["AscendersBane","Strike_R","Strike_R","Strike_R","Strike_R","Strike_R","Defend_R+1","Defend_R","Defend_R+1","Bash","Cleave","Cleave","Inflame+1","Immolate+1","Doubt","Heavy Blade","Seeing Red+1","Inflame+1","Impervious","CurseOfTheBell","Shrug It Off+1","Pummel","Twin Strike","Seeing Red+1","Reaper"],"relics":["Burning Blood","Lizard Tail","Orichalcum","War Paint","Calling Bell","Smiling Mask","Sundial","Old Coin","MutagenicStrength","Boot","MawBank"],"acts_visited":["Exordium","TheCity"],"potions_floor_usage":[12,16,16,25,25],"damage_taken":[{"damage":6,"enemies":"Cultist","floor":1,"turns":3},{"damage":0,"enemies":"2 Louse","floor":2,"turns":2},{"damage":55,"enemies":"Lagavulin","floor":7,"turns":6},{"damage":7,"enemies":"Jaw Worm","floor":11,"turns":2},{"damage":4,"enemies":"3 Sentries","floor":12,"turns":2},{"damage":0,"enemies":"Blue Slaver","floor":13,"turns":3},{"damage":3,"enemies":"Looter","floor":14,"turns":3},{"damage":69,"enemies":"Hexaghost","floor":16,"turns":11},{"damage":19,"enemies":"Spheric Guardian","floor":18,"turns":5},{"damage":6,"enemies":"3 Byrds","floor":21,"turns":5},{"damage":17,"enemies":"Sentry and Sphere","floor":22,"turns":5},{"damage":10,"enemies":"Gremlin Leader","floor":23,"turns":6},{"damage":51,"enemies":"Book of Stabbing","floor":25,"turns":6}],"seed_played":"2845022434714784058","potions_obtained":[{"floor":2,"key":"Regen Potion"},{"floor":7,"key":"SkillPotion"},{"floor":13,"key":"BlessingOfTheForge"},{"floor":18,"key":"Block Potion"},{"floor":21,"key":"Fire Potion"}],"is_trial":false,"path_per_floor":["M","M","$","?","?","R","E","R","T","?","M","E","M","M","R","B",null,"M","?","$","M","M","E","R","E"],"character_chosen":"IRONCLAD","items_purchased":["Inflame","Pummel","Boot"],"campfire_rested":0,"item_purchase_floors":[3,20,20],"current_hp_per_floor":[72,78,78,71,76,76,27,27,27,27,26,33,39,42,42,23,70,57,57,57,57,46,42,42,0,0],"gold":617,"neow_bonus":"THREE_CARDS","is_daily":false,"chose_seed":false,"campfire_upgraded":4,"win_rate":0.0,"timestamp":1610075365,"path_taken":["M","M","$","?","?","R","E","R","T","?","M","E","M","M","R","BOSS","M","?","$","M","M","E","R","E"],"items_purchased_type":["Card","Card","Relic"],"build_version":"2020-12-22","purchased_purges":0,"victory":false,"max_hp_per_floor":[80,80,80,80,85,85,85,85,85,85,85,85,85,85,85,85,85,85,85,85,85,85,85,85,85,85],"card_choices":[{"not_picked":["Clothesline","Pommel Strike"],"picked":"Cleave","floor":0},{"not_picked":["Clothesline","Clash"],"picked":"Cleave","floor":1},{"not_picked":["Clash","Dark Embrace","Cleave"],"picked":"SKIP","floor":2},{"not_picked":["Wild Strike","Thunderclap"],"picked":"Immolate","floor":7},{"not_picked":["Entrench","Iron Wave"],"picked":"Heavy Blade","floor":11},{"not_picked":["Flex","Sever Soul"],"picked":"Seeing Red","floor":12},{"not_picked":["Corruption","Shockwave","Dual Wield"],"picked":"SKIP","floor":13},{"not_picked":["Whirlwind","Seeing Red"],"picked":"Inflame","floor":14},{"not_picked":["Barricade","Immolate"],"picked":"Impervious","floor":16},{"not_picked":["Cleave","Clash"],"picked":"Shrug It Off+1","floor":18},{"not_picked":["Second Wind","Cleave"],"picked":"Twin Strike","floor":21},{"not_picked":["Perfected Strike+1","Anger+1"],"picked":"Seeing Red+1","floor":22},{"not_picked":["Havoc","Twin Strike"],"picked":"Reaper","floor":23}],"player_experience":309433,"relics_obtained":[{"floor":7,"key":"Lizard Tail"},{"floor":9,"key":"Orichalcum"},{"floor":12,"key":"War Paint"},{"floor":17,"key":"Smiling Mask"},{"floor":17,"key":"Sundial"},{"floor":17,"key":"Old Coin"},{"floor":23,"key":"MawBank"}],"event_choices":[{"cards_removed":["Defend_R"],"damage_healed":0,"gold_gain":0,"player_choice":"Card Removal","damage_taken":7,"max_hp_gain":0,"max_hp_loss":0,"event_name":"Golden Wing","floor":4,"gold_loss":0},{"damage_healed":0,"gold_gain":0,"player_choice":"Donut","damage_taken":0,"max_hp_gain":5,"max_hp_loss":0,"event_name":"Big Fish","floor":5,"gold_loss":0},{"damage_healed":0,"gold_gain":175,"player_choice":"AGREE","damage_taken":0,"max_hp_gain":0,"max_hp_loss":0,"event_name":"Liars Game","floor":10,"gold_loss":0,"cards_obtained":["Doubt"]},{"damage_healed":0,"gold_gain":0,"player_choice":"Inject Mutagens","damage_taken":0,"relics_obtained":["MutagenicStrength"],"max_hp_gain":0,"max_hp_loss":0,"event_name":"Drug Dealer","floor":19,"gold_loss":0}],"is_beta":false,"boss_relics":[{"not_picked":["Astrolabe","Busted Crown"],"picked":"Calling Bell"}],"items_purged_floors":[],"is_endless":false,"potions_floor_spawned":[2,7,11,13,18,21],"killed_by":"Book of Stabbing","ascension_level":11}}