{"host":"c95txy58ipbu969e","time":1610093717,"event":{"mods":["Act Like it!","BaseMod","Downfall","Minty Spire (QoL Compilation)","Quick Restart","Replay The Spire","StSLib","vexMod"],"gold_per_floor":[99,110,122,122,142,127,127,139,170,187,187,220,145,161,178,276,276,276,287,304,304,304,323,400,412,467,404,454,87,102,102,125,125,125,125],"floor_reached":33,"playtime":2470,"items_purged":["Voices","champ:Strike"],"score":379,"play_id":"2fdbc3a2-1cf3-4e51-acf4-0e5887f0e434","local_time":"20210108161517","is_ascension_mode":true,"campfire_choices":[{"data":"champ:Taunt","floor":1.0,"key":"SMITH"},{"data":"champ:TornadoPunch","floor":13.0,"key":"SMITH"},{"data":"champ:Balance","floor":18.0,"key":"SMITH"},{"data":"champ:SkillfulDodge","floor":27.0,"key":"SMITH"}],"circlet_count":0,"master_deck":["champ:Strike","champ:Strike","champ:Defend","champ:Defend","champ:Defend","champ:Defend","champ:Execute","champ:Taunt+1","champ:DefensiveShout","champ:Balance+1","champ:ShieldSlam+1","champ:StanceDance","champ:TornadoPunch+1","champ:ShieldWall","champ:Balance+1","champ:EnchantCrown+1","champ:SkillfulDodge+1","champ:DefensiveStyle+1","Amnesia","champ:FocusedDefense+1","Necronomicurse","Guardian:Aged","champ:CalledShot+1"],"relics":["Black Star","vexMod:Dragonfruit","Gremlin Horn","Golden Egg","Boot","Calipers","downfall:HeartBlessingGreen","vexMod:MegatonBomb","ReplayTheSpireMod:Ring of Collecting","ReplayTheSpireMod:Ring of Exchange","vexMod:Cooldron","Ring of Greed","Golden Idol","MawBank","vexMod:FocusSash","Letter Opener","downfall:HeartBlessingBlue","Replay:Rubber Ducky","Iron Hammer","Replay:WaspNest","Necronomicon"],"acts_visited":["Exordium","TheCity"],"potions_floor_usage":[],"damage_taken":[{"damage":1.0,"enemies":"2 Louse","floor":2.0,"turns":2.0},{"damage":9.0,"enemies":"Cultist","floor":3.0,"turns":4.0},{"damage":5.0,"enemies":"Jaw Worm","floor":5.0,"turns":3.0},{"damage":43.0,"enemies":"downfall:FleeingMerchant","floor":6.0,"turns":4.0},{"damage":28.0,"enemies":"Exordium Wildlife","floor":8.0,"turns":4.0},{"damage":40.0,"enemies":"Lagavulin","floor":9.0,"turns":6.0},{"damage":3.0,"enemies":"Large Slime","floor":10.0,"turns":6.0},{"damage":23.0,"enemies":"3 Sentries","floor":12.0,"turns":5.0},{"damage":12.0,"enemies":"Blue Slaver","floor":14.0,"turns":3.0},{"damage":0.0,"enemies":"Exordium Wildlife","floor":15.0,"turns":2.0},{"damage":36.0,"enemies":"downfall:Silent","floor":16.0,"turns":12.0},{"damage":3.0,"enemies":"3 Byrds","floor":19.0,"turns":3.0},{"damage":41.0,"enemies":"Chosen","floor":20.0,"turns":6.0},{"damage":0.0,"enemies":"downfall:FleeingMerchant","floor":23.0,"turns":1.0},{"damage":42.0,"enemies":"Book of Stabbing","floor":26.0,"turns":7.0},{"damage":26.0,"enemies":"Replay:Snechameleon","floor":28.0,"turns":7.0},{"damage":2.0,"enemies":"Centurion and Healer","floor":30.0,"turns":6.0},{"damage":0.0,"enemies":"Shelled Parasite and Fungi","floor":32.0,"turns":4.0},{"damage":10,"enemies":"downfall:Watcher","floor":33,"turns":3}],"seed_played":"2838466193570920220","potions_obtained":[{"floor":3.0,"key":"champ:OpenerPotion"},{"floor":9.0,"key":"AttackPotion"},{"floor":12.0,"key":"Energy Potion"},{"floor":15.0,"key":"Elixir"},{"floor":20.0,"key":"Energy Potion"},{"floor":26.0,"key":"EntropicBrew"},{"floor":30.0,"key":"EntropicBrew"}],"is_trial":false,"path_per_floor":["R","M","M","?","M","$","T","M","E","M","?","E","R","M","M","B",null,"R","M","M","?","?","$","T","$","E","R","E","$","M","?","M","B"],"character_chosen":"THE_CHAMP","items_purchased":["champ:DefensiveStyle","vexMod:Cooldron","champ:FocusedDefense","Replay:WaspNest"],"campfire_rested":0,"item_purchase_floors":[23,23,29,29],"current_hp_per_floor":[90,89,83,83,83,83,88,80,71,68,68,45,45,38,38,7,95,95,92,56,56,56,56,56,56,24,34,23,23,21,5,5,0,0,0],"gold":125,"neow_bonus":"BOSS_RELIC","is_daily":false,"chose_seed":false,"campfire_upgraded":4,"win_rate":0.0,"timestamp":1610093717,"path_taken":["R","M","M","?","M","?","T","M","E","?","?","E","R","M","M","BOSS","R","M","M","?","?","$","T","?","E","R","E","$","?","?","M","BOSS"],"items_purchased_type":["Card","Relic","Card","Relic"],"build_version":"2020-12-22","purchased_purges":2,"victory":false,"max_hp_per_floor":[90,90,90,90,90,90,95,95,95,95,95,95,95,95,95,95,95,95,95,95,95,95,95,95,95,95,105,105,105,105,105,105,105,105,105],"card_choices":[{"not_picked":["champ:RageSigil","champ:CrookedStrike"],"picked":"champ:DefensiveShout","floor":2.0},{"not_picked":["champ:PreciseThrust","champ:HeartStrike"],"picked":"champ:Balance","floor":3.0},{"not_picked":["champ:PerfectedStrike","champ:RisingSlash","champ:DefensiveShout"],"picked":"SKIP","floor":5.0},{"not_picked":["champ:Aggression","champ:Balance","champ:Haymaker"],"picked":"SKIP","floor":6.0},{"not_picked":["champ:GutPunch","champ:AdrenalArmor","champ:CalledShot"],"picked":"SKIP","floor":8.0},{"not_picked":["champ:BerserkerStyle","champ:ShieldSigil"],"picked":"champ:ShieldSlam","floor":9.0},{"not_picked":["champ:FanOfKnives","champ:FlashCut"],"picked":"champ:StanceDance","floor":10.0},{"not_picked":["champ:RageSigil","champ:IgnorePain"],"picked":"champ:TornadoPunch","floor":12.0},{"not_picked":["champ:RapidStrikes","champ:RisingSlash"],"picked":"champ:ShieldWall","floor":14.0},{"not_picked":["champ:GladiatorsShout","champ:RisingSlash"],"picked":"champ:Balance","floor":15.0},{"not_picked":["champ:CheapShot","champ:DancingMaster"],"picked":"champ:EnchantCrown","floor":16.0},{"not_picked":["champ:RecklessLeap+1","champ:Riposte+1"],"picked":"champ:SkillfulDodge","floor":19.0},{"not_picked":["champ:Duel+1","champ:StanceDance","champ:PerfectedStrike"],"picked":"SKIP","floor":20.0},{"not_picked":["champ:DeathBlow+1","champ:TornadoPunch","champ:HeavySlash"],"picked":"SKIP","floor":23.0},{"not_picked":["champ:Shatter","champ:Backstep+1","champ:BladeFlurry"],"picked":"SKIP","floor":26.0},{"not_picked":["champ:BladeFlurry+1","champ:Backstep","champ:StanceDance"],"picked":"SKIP","floor":28.0},{"not_picked":["champ:CrookedStrike+1","champ:StanceDance","champ:GutPunch"],"picked":"SKIP","floor":30.0},{"not_picked":["champ:EnchantCrown","champ:BerserkersShout"],"picked":"champ:CalledShot+1","floor":32.0}],"player_experience":492458,"relics_obtained":[{"floor":7.0,"key":"vexMod:Dragonfruit"},{"floor":9.0,"key":"Gremlin Horn"},{"floor":9.0,"key":"Golden Egg"},{"floor":12.0,"key":"Boot"},{"floor":12.0,"key":"Calipers"},{"floor":22.0,"key":"ReplayTheSpireMod:Ring of Collecting"},{"floor":22.0,"key":"ReplayTheSpireMod:Ring of Exchange"},{"floor":24.0,"key":"Ring of Greed"},{"floor":24.0,"key":"Golden Idol"},{"floor":24.0,"key":"MawBank"},{"floor":26.0,"key":"vexMod:FocusSash"},{"floor":26.0,"key":"Letter Opener"},{"floor":28.0,"key":"Replay:Rubber Ducky"},{"floor":28.0,"key":"Iron Hammer"},{"floor":31.0,"key":"Necronomicon"}],"event_choices":[{"damage_healed":0.0,"max_hp_gain":0.0,"max_hp_loss":0.0,"gold_gain":0.0,"event_name":"Upgrade Shrine","player_choice":"Upgraded","floor":4.0,"gold_loss":0.0,"damage_taken":0.0,"cards_upgraded":["champ:Balance"]},{"damage_healed":0.0,"max_hp_gain":0.0,"max_hp_loss":0.0,"gold_gain":0.0,"event_name":"Vampires","player_choice":"Ignored","floor":21.0,"gold_loss":0.0,"damage_taken":0.0}],"is_beta":false,"boss_relics":[{"not_picked":["downfall:Hecktoplasm","Velvet Choker"],"picked":"vexMod:MegatonBomb"}],"items_purged_floors":[23,29],"is_endless":false,"potions_floor_spawned":[3,9,12,15,20,26,30],"killed_by":"downfall:Watcher","ascension_level":2}}