{"host":"uonldg9uriwfhjjx","time":1610081327,"event":{"mods":["AchievementEnabler","BaseMod","Minty Spire (QoL Compilation)","Relic Stats"],"gold_per_floor":[115,190,207,219,235,235,270,270,270,420,438,469,469,2,2,101,101,116,116,35,60,60,60,60],"floor_reached":23,"playtime":3930,"items_purged":["Doubt"],"score":358,"play_id":"8054c7f6-3a3b-4594-ad21-341d5f3b83e1","local_time":"20210107234847","is_ascension_mode":true,"campfire_choices":[{"data":"Rampage","floor":6.0,"key":"SMITH"},{"floor":15.0,"key":"REST"}],"circlet_count":0,"master_deck":["AscendersBane","Strike_R","Strike_R","Strike_R+1","Strike_R","Strike_R","Defend_R","Defend_R","Defend_R","Defend_R","Bash","Rampage+1","Shrug It Off","Flex","Offering+1","Ghostly Armor","Sword Boomerang","Twin Strike","Pummel","Demon Form","Whirlwind","Rupture","Combust+1"],"relics":["Burning Blood","NeowsBlessing","Orichalcum","StrikeDummy","Sundial","Golden Idol","Toy Ornithopter","Philosopher\u0027s Stone"],"acts_visited":["Exordium","TheCity"],"potions_floor_usage":[],"damage_taken":[{"damage":0.0,"enemies":"Small Slimes","floor":1.0,"turns":1.0},{"damage":0.0,"enemies":"Jaw Worm","floor":3.0,"turns":1.0},{"damage":0.0,"enemies":"Cultist","floor":4.0,"turns":1.0},{"damage":12.0,"enemies":"Large Slime","floor":5.0,"turns":7.0},{"damage":14.0,"enemies":"Gremlin Nob","floor":7.0,"turns":3.0},{"damage":7.0,"enemies":"Looter","floor":11.0,"turns":2.0},{"damage":27.0,"enemies":"3 Sentries","floor":12.0,"turns":7.0},{"damage":45.0,"enemies":"The Guardian","floor":16.0,"turns":13.0},{"damage":11,"enemies":"3 Byrds","floor":18,"turns":5},{"damage":19,"enemies":"2 Thieves","floor":21,"turns":3},{"damage":41,"enemies":"Book of Stabbing","floor":23,"turns":3}],"seed_played":"3297721201774212057","potions_obtained":[{"floor":1.0,"key":"SkillPotion"},{"floor":5.0,"key":"LiquidBronze"},{"floor":12.0,"key":"GamblersBrew"},{"floor":16.0,"key":"Explosive Potion"}],"is_trial":false,"path_per_floor":["M","?","M","M","M","R","E","?","T","?","M","E","?","$","R","B",null,"M","?","$","M","?","E"],"character_chosen":"IRONCLAD","items_purchased":["SteroidPotion","Toy Ornithopter","Pummel","DuplicationPotion","Rupture"],"campfire_rested":1,"item_purchase_floors":[14,14,14,14,20],"current_hp_per_floor":[74,63,69,75,69,69,61,38,38,38,37,16,16,16,38,9,59,54,54,54,41,41,0,0],"gold":60,"neow_bonus":"THREE_ENEMY_KILL","is_daily":false,"chose_seed":false,"campfire_upgraded":1,"win_rate":0.0,"timestamp":1610081327,"path_taken":["M","?","M","M","M","R","E","?","T","?","?","E","?","$","R","BOSS","M","?","$","?","?","E"],"items_purchased_type":["Potion","Relic","Card","Potion","Card"],"build_version":"2020-12-22","purchased_purges":1,"victory":false,"max_hp_per_floor":[75,75,75,75,75,75,75,75,75,75,75,75,75,75,75,75,75,75,75,75,75,75,75,75],"relic_stats":{"counters":[11,46],"Sundial":[2],"Golden Idol":28,"Orichalcum":[48],"obtain_stats":[{"NeowsBlessing":0,"Sundial":12,"Golden Idol":13,"Philosopher\u0027s Stone":17,"Orichalcum":7,"StrikeDummy":9,"Burning Blood":0,"Toy Ornithopter":14},{"NeowsBlessing":0,"Sundial":7,"Golden Idol":7,"Philosopher\u0027s Stone":8,"Orichalcum":5,"StrikeDummy":5,"Burning Blood":0,"Toy Ornithopter":7},{"NeowsBlessing":0,"Sundial":22,"Golden Idol":22,"Philosopher\u0027s Stone":35,"Orichalcum":13,"StrikeDummy":13,"Burning Blood":0,"Toy Ornithopter":22}],"Burning Blood":60,"Toy Ornithopter":10},"card_choices":[{"not_picked":["Second Wind","Perfected Strike"],"picked":"Rampage","floor":1.0},{"not_picked":["Clash","Evolve"],"picked":"Shrug It Off","floor":3.0},{"not_picked":["Cleave","Havoc"],"picked":"Flex","floor":4.0},{"not_picked":["Iron Wave","Cleave"],"picked":"Offering","floor":5.0},{"not_picked":["Havoc","Second Wind"],"picked":"Ghostly Armor","floor":7.0},{"not_picked":["Battle Trance","Thunderclap"],"picked":"Sword Boomerang","floor":11.0},{"not_picked":["Burning Pact","Warcry"],"picked":"Twin Strike","floor":12.0},{"not_picked":["Fiend Fire","Double Tap"],"picked":"Demon Form","floor":16.0},{"not_picked":["Power Through","Headbutt"],"picked":"Whirlwind","floor":18},{"not_picked":["Ghostly Armor","Evolve"],"picked":"Combust+1","floor":21}],"player_experience":740120,"relics_obtained":[{"floor":7.0,"key":"Orichalcum"},{"floor":9.0,"key":"StrikeDummy"},{"floor":12.0,"key":"Sundial"}],"event_choices":[{"damage_healed":0.0,"max_hp_gain":0.0,"max_hp_loss":0.0,"gold_gain":75.0,"event_name":"World of Goop","player_choice":"Gather Gold","floor":2.0,"gold_loss":0.0,"damage_taken":11.0},{"damage_healed":0.0,"max_hp_gain":0.0,"max_hp_loss":0.0,"gold_gain":0.0,"event_name":"Shining Light","player_choice":"Entered Light","floor":8.0,"gold_loss":0.0,"damage_taken":23.0,"cards_upgraded":["Offering","Strike_R"]},{"damage_healed":0.0,"max_hp_gain":0.0,"max_hp_loss":0.0,"gold_gain":150.0,"event_name":"Liars Game","player_choice":"AGREE","floor":10.0,"gold_loss":0.0,"damage_taken":0.0,"cards_obtained":["Doubt"]},{"damage_healed":0.0,"max_hp_gain":0.0,"max_hp_loss":0.0,"gold_gain":0.0,"event_name":"Golden Idol","player_choice":"Take Wound","floor":13.0,"gold_loss":0.0,"damage_taken":0.0,"relics_obtained":["Golden Idol"],"cards_obtained":["Injury"]},{"cards_removed":["Injury"],"damage_healed":0,"gold_gain":0,"player_choice":"Removed Curses","damage_taken":0,"max_hp_gain":0,"max_hp_loss":0,"event_name":"Fountain of Cleansing","floor":19,"gold_loss":0},{"damage_healed":0,"gold_gain":0,"player_choice":"Ignored","damage_taken":0,"max_hp_gain":0,"max_hp_loss":0,"event_name":"Cursed Tome","floor":22,"gold_loss":0}],"is_beta":false,"boss_relics":[{"not_picked":["Runic Pyramid","Busted Crown"],"picked":"Philosopher\u0027s Stone"}],"items_purged_floors":[14],"is_endless":false,"potions_floor_spawned":[1,5,12,16],"killed_by":"Book of Stabbing","ascension_level":16}}