{"host":"sabve5zmqufxyc5o","time":1610087451,"event":{"mods":["2.2 Compatiblity","AchievementEnabler","Act Like it!","BaseMod","Block Reminder","Colored Map","Colored Powertips","DeckTracker","KOR Keyword Fix","Keyboard Shortcuts","Minty Spire (QoL Compilation)","Quick Restart","Rare Cards Sparkle","Relic Stats","StSLib","SuperFastMode"],"gold_per_floor":[211,228,121,133,19,45,65,65,90,90,123,139,149,159,159,233,233,245,265,281,281,281,311,311,323,323,80,91,104,60,70,70,70,70],"floor_reached":33,"playtime":846,"items_purged":[],"score":641,"play_id":"4043c1cd-d703-4b62-9a19-f73ae5de72b0","local_time":"20210108153051","is_ascension_mode":true,"campfire_choices":[{"floor":8.0,"key":"REST"},{"floor":10.0,"key":"REST"},{"data":"Defragment","floor":15.0,"key":"SMITH"},{"floor":24.0,"key":"REST"},{"data":"Reprogram","floor":32.0,"key":"SMITH"}],"circlet_count":0,"master_deck":["AscendersBane","Defend_B","Defend_B","Defend_B","Zap","Dualcast","Beam Cell","Rebound","Ball Lightning","Stack","Conserve Battery","Go for the Eyes","Rebound","Defragment+1","Streamline","Compile Driver","Rebound","Skim","Loop","Seek","Chill","Stack+1","Echo Form","Bite","Bite","Bite","Bite","Bite","BootSequence","Reprogram+1","Coolheaded","Blizzard","Rebound","Skim","Stack","Hologram","FTL","Cold Snap"],"relics":["Cracked Core","Strawberry","Bag of Preparation","DataDisk","Cursed Key","Centennial Puzzle"],"acts_visited":["Exordium","TheCity"],"potions_floor_usage":[33],"damage_taken":[{"damage":1.0,"enemies":"Cultist","floor":1.0,"turns":3.0},{"damage":0.0,"enemies":"2 Louse","floor":2.0,"turns":2.0},{"damage":0.0,"enemies":"Small Slimes","floor":4.0,"turns":2.0},{"damage":38.0,"enemies":"3 Sentries","floor":6.0,"turns":6.0},{"damage":6.0,"enemies":"Looter","floor":7.0,"turns":2.0},{"damage":22.0,"enemies":"Gremlin Nob","floor":11.0,"turns":4.0},{"damage":1.0,"enemies":"3 Louse","floor":12.0,"turns":2.0},{"damage":0.0,"enemies":"Red Slaver","floor":13.0,"turns":2.0},{"damage":7.0,"enemies":"2 Fungi Beasts","floor":14.0,"turns":3.0},{"damage":20.0,"enemies":"The Guardian","floor":16.0,"turns":8.0},{"damage":0.0,"enemies":"Chosen","floor":18.0,"turns":4.0},{"damage":15.0,"enemies":"3 Byrds","floor":19.0,"turns":3.0},{"damage":13.0,"enemies":"Snecko","floor":20.0,"turns":6.0},{"damage":34.0,"enemies":"Slavers","floor":23.0,"turns":5.0},{"damage":10.0,"enemies":"3 Cultists","floor":25.0,"turns":6.0},{"damage":3.0,"enemies":"Cultist and Chosen","floor":28.0,"turns":6.0},{"damage":17.0,"enemies":"Snecko","floor":29.0,"turns":5.0},{"damage":5.0,"enemies":"Centurion and Healer","floor":31.0,"turns":7.0},{"damage":55,"enemies":"Collector","floor":33,"turns":11}],"seed_played":"-2770214400576582142","potions_obtained":[{"floor":2.0,"key":"AttackPotion"},{"floor":6.0,"key":"FocusPotion"},{"floor":11.0,"key":"Fire Potion"},{"floor":19.0,"key":"Strength Potion"},{"floor":25.0,"key":"Dexterity Potion"}],"is_trial":false,"path_per_floor":["M","M","$","M","$","E","M","R","T","R","E","M","M","M","R","B",null,"M","M","M","?","?","E","R","M","T","$","M","M","$","M","R","B"],"character_chosen":"DEFECT","items_purchased":["Ball Lightning","Stack","Go for the Eyes","Rebound","Coolheaded","Blizzard","Rebound","Skim","FTL"],"campfire_rested":3,"item_purchase_floors":[3,3,5,5,27,27,27,27,30],"current_hp_per_floor":[63,63,63,63,63,32,26,49,49,72,50,49,49,42,42,22,64,64,49,36,36,36,10,26,26,26,26,31,22,22,31,31,0,0],"gold":70,"neow_bonus":"HUNDRED_GOLD","is_daily":false,"chose_seed":false,"campfire_upgraded":2,"win_rate":0.0,"timestamp":1610087451,"path_taken":["M","M","$","M","?","E","M","R","T","R","E","M","M","M","R","BOSS","M","?","M","?","?","E","R","M","T","$","M","M","$","?","R","BOSS"],"items_purchased_type":["Card","Card","Card","Card","Card","Card","Card","Card","Card"],"build_version":"2020-12-22","purchased_purges":0,"victory":false,"max_hp_per_floor":[71,71,71,71,71,78,78,78,78,78,78,78,78,78,78,78,78,78,78,78,54,54,54,54,54,54,54,54,54,54,54,54,54,54],"relic_stats":{"Centennial Puzzle":[15],"counters":[19,86],"Bag of Preparation":[28],"Cursed Key":0,"obtain_stats":[{"DataDisk":11,"Centennial Puzzle":23,"Strawberry":6,"Bag of Preparation":9,"Cracked Core":0,"Cursed Key":17},{"DataDisk":6,"Centennial Puzzle":14,"Strawberry":4,"Bag of Preparation":5,"Cracked Core":0,"Cursed Key":10},{"DataDisk":19,"Centennial Puzzle":52,"Strawberry":13,"Bag of Preparation":15,"Cracked Core":0,"Cursed Key":34}]},"card_choices":[{"not_picked":["Redo","Coolheaded"],"picked":"Beam Cell","floor":1.0},{"not_picked":["Redo","Beam Cell"],"picked":"Rebound","floor":2.0},{"not_picked":["Blizzard","Barrage"],"picked":"Conserve Battery","floor":4.0},{"not_picked":["Conserve Battery","Sweeping Beam"],"picked":"Defragment","floor":6.0},{"not_picked":["Blizzard","Recycle"],"picked":"Streamline","floor":7.0},{"not_picked":["Melter","Streamline"],"picked":"Compile Driver","floor":11.0},{"not_picked":["Ball Lightning","Recycle"],"picked":"Rebound","floor":12.0},{"not_picked":["Machine Learning","Rip and Tear"],"picked":"Skim","floor":13.0},{"not_picked":["Steam Power","Ball Lightning"],"picked":"Loop","floor":14.0},{"not_picked":["Creative AI","Hyperbeam"],"picked":"Seek","floor":16.0},{"not_picked":["Sweeping Beam","Steam"],"picked":"Chill","floor":18.0},{"not_picked":["Sweeping Beam","Leap"],"picked":"Stack+1","floor":19.0},{"not_picked":["Conserve Battery+1","Sweeping Beam"],"picked":"Echo Form","floor":20.0},{"not_picked":["Static Discharge","Conserve Battery"],"picked":"BootSequence","floor":23.0},{"not_picked":["Hello World","Skim"],"picked":"Reprogram","floor":25.0},{"not_picked":["Darkness","Go for the Eyes"],"picked":"Stack","floor":28.0},{"not_picked":["Sweeping Beam","Rebound"],"picked":"Hologram","floor":29.0},{"not_picked":["Gash","Sunder"],"picked":"Cold Snap","floor":31.0}],"player_experience":821299,"relics_obtained":[{"floor":6.0,"key":"Strawberry"},{"floor":9.0,"key":"Bag of Preparation"},{"floor":11.0,"key":"DataDisk"},{"floor":23.0,"key":"Centennial Puzzle"}],"event_choices":[{"damage_healed":0.0,"max_hp_gain":0.0,"max_hp_loss":24.0,"gold_gain":0.0,"event_name":"Vampires","player_choice":"Became a vampire","floor":21.0,"gold_loss":0.0,"damage_taken":0.0,"cards_obtained":["Bite","Bite","Bite","Bite","Bite"]},{"cards_removed":["Defend_B"],"damage_healed":0.0,"max_hp_gain":0.0,"max_hp_loss":0.0,"gold_gain":0.0,"event_name":"Bonfire Elementals","player_choice":"Offered Basic","floor":22.0,"gold_loss":0.0,"damage_taken":0.0}],"is_beta":false,"boss_relics":[{"not_picked":["Black Star","Philosopher\u0027s Stone"],"picked":"Cursed Key"}],"items_purged_floors":[],"is_endless":false,"potions_floor_spawned":[2,6,11,13,16,19,20,25],"killed_by":"Collector","ascension_level":20}}