{"host":"63rwe7p34ct1i0qu","time":1610101063,"event":{"mods":["BaseMod","Colored Map","DeckTracker","Minty Spire (QoL Compilation)","Permanent Neow","Quick Restart","StSLib"],"gold_per_floor":[118,193,193,213,225,225,256,256,279,289,361,341,359,375,375,470,470,483,496,496,344,27,27,59,59,86,0,29,29,29],"floor_reached":29,"playtime":993,"items_purged":["Strike_R"],"score":389,"play_id":"78bf38af-ee3a-40f9-beb0-a29dc3d71a0f","local_time":"20210108191743","is_ascension_mode":true,"campfire_choices":[{"data":"Mayhem","floor":6,"key":"SMITH"},{"data":"Demon Form","floor":15,"key":"SMITH"},{"floor":23,"key":"REST"},{"floor":25,"key":"REST"}],"circlet_count":0,"master_deck":["AscendersBane","Defend_R","Defend_R","Defend_R","Defend_R","Bash","Mayhem+1","Battle Trance","Anger","Inflame","Pain","Wild Strike","Demon Form+1","Feed","Anger+1","Carnage+1","Rupture+1","Second Wind","Whirlwind","Double Tap","Corruption"],"relics":["Burning Blood","Bag of Marbles","WarpedTongs","Ancient Tea Set","Astrolabe","Blood Vial","CeramicFish","Centennial Puzzle"],"acts_visited":["Exordium","TheCity"],"potions_floor_usage":[7,7,16,19,28],"damage_taken":[{"damage":3.0,"enemies":"Small Slimes","floor":1.0,"turns":6.0},{"damage":4.0,"enemies":"2 Louse","floor":4.0,"turns":5.0},{"damage":5.0,"enemies":"Cultist","floor":5.0,"turns":5.0},{"damage":40,"enemies":"3 Sentries","floor":7,"turns":9},{"damage":2,"enemies":"Large Slime","floor":10,"turns":4},{"damage":9,"enemies":"3 Louse","floor":13,"turns":3},{"damage":1,"enemies":"Lots of Slimes","floor":14,"turns":4},{"damage":42,"enemies":"The Guardian","floor":16,"turns":7},{"damage":30,"enemies":"Spheric Guardian","floor":18,"turns":4},{"damage":21,"enemies":"Chosen","floor":19,"turns":4},{"damage":50,"enemies":"Gremlin Leader","floor":24,"turns":6},{"damage":8,"enemies":"Centurion and Healer","floor":28,"turns":5},{"damage":26,"enemies":"Snake Plant","floor":29,"turns":3}],"seed_played":"-8732831348928610826","potions_obtained":[{"floor":1.0,"key":"Regen Potion"},{"floor":4.0,"key":"PowerPotion"},{"floor":7,"key":"SteroidPotion"},{"floor":12,"key":"Fire Potion"},{"floor":24,"key":"SkillPotion"},{"floor":28,"key":"GamblersBrew"}],"is_trial":false,"path_per_floor":["M","?","?","M","M","R","E","?","T","M","?","?","M","M","R","B",null,"M","M","?","$","$","R","E","R","T","?","M","M"],"character_chosen":"IRONCLAD","items_purchased":["Whirlwind","Double Tap","Blood Vial"],"campfire_rested":2,"item_purchase_floors":[21,22,22],"current_hp_per_floor":[54,43,69,71,72,72,53,53,53,57,57,57,54,59,59,23,66,42,27,27,27,27,51,9,33,33,33,33,9,9],"gold":29,"neow_bonus":"RANDOM_COLORLESS_2","is_daily":false,"chose_seed":false,"campfire_upgraded":2,"win_rate":0.0,"timestamp":1610101063,"path_taken":["M","?","?","M","M","R","E","?","T","?","?","?","?","M","R","BOSS","M","?","?","?","$","R","E","R","T","?","?","M"],"items_purchased_type":["Card","Card","Relic"],"build_version":"2020-12-22","purchased_purges":1,"victory":false,"max_hp_per_floor":[80,80,80,80,80,80,80,80,80,80,80,80,80,80,80,80,80,80,80,80,80,80,80,80,80,80,80,80,80,80],"card_choices":[{"not_picked":["Violence","Master of Strategy"],"picked":"Mayhem","floor":0.0},{"not_picked":["Havoc","Heavy Blade"],"picked":"Battle Trance","floor":1.0},{"not_picked":["Heavy Blade","Uppercut","Warcry"],"picked":"SKIP","floor":4.0},{"not_picked":["Flex","Clash"],"picked":"Anger","floor":5.0},{"not_picked":["Heavy Blade","Rampage"],"picked":"Inflame","floor":7},{"not_picked":["Sever Soul","Warcry"],"picked":"Wild Strike","floor":10},{"not_picked":["Thunderclap","Havoc"],"picked":"Demon Form","floor":13},{"not_picked":["Heavy Blade","Sword Boomerang","Anger"],"picked":"SKIP","floor":14},{"not_picked":["Exhume","Berserk"],"picked":"Feed","floor":16},{"not_picked":["Flex","Armaments"],"picked":"Second Wind","floor":18},{"not_picked":["Havoc","Headbutt","Pommel Strike"],"picked":"SKIP","floor":19},{"not_picked":["Second Wind","Wild Strike","Evolve"],"picked":"SKIP","floor":24},{"not_picked":["Body Slam+1","Havoc"],"picked":"Corruption","floor":28}],"player_experience":832174,"relics_obtained":[{"floor":7,"key":"Bag of Marbles"},{"floor":9,"key":"Ancient Tea Set"},{"floor":24,"key":"CeramicFish"},{"floor":26,"key":"Centennial Puzzle"}],"event_choices":[{"damage_healed":0.0,"max_hp_gain":0.0,"max_hp_loss":0.0,"gold_gain":75.0,"event_name":"World of Goop","player_choice":"Gather Gold","floor":2.0,"gold_loss":0.0,"damage_taken":11.0},{"damage_healed":26.0,"max_hp_gain":0.0,"max_hp_loss":0.0,"gold_gain":0.0,"event_name":"Big Fish","player_choice":"Banana","floor":3.0,"gold_loss":0.0,"damage_taken":0.0},{"damage_healed":0,"gold_gain":0,"player_choice":"Rummage","damage_taken":0,"relics_obtained":["WarpedTongs"],"max_hp_gain":0,"max_hp_loss":0,"event_name":"Accursed Blacksmith","floor":8,"gold_loss":0,"cards_obtained":["Pain"]},{"damage_healed":0,"gold_gain":72,"player_choice":"Gained Gold","damage_taken":0,"max_hp_gain":0,"max_hp_loss":0,"event_name":"Golden Wing","floor":11,"gold_loss":0},{"damage_healed":0,"gold_gain":0,"player_choice":"Bought 1 Potion","damage_taken":0,"max_hp_gain":0,"max_hp_loss":0,"event_name":"The Woman in Blue","floor":12,"gold_loss":0},{"cards_removed":["Strike_R"],"damage_healed":0,"gold_gain":0,"player_choice":"Card Removal","damage_taken":0,"max_hp_gain":0,"max_hp_loss":0,"event_name":"Wheel of Change","floor":20,"gold_loss":0},{"damage_healed":0,"gold_gain":0,"player_choice":"Paid Fearfully","damage_taken":0,"max_hp_gain":0,"max_hp_loss":0,"event_name":"Masked Bandits","floor":27,"gold_loss":86}],"is_beta":false,"boss_relics":[{"not_picked":["Cursed Key","Runic Dome"],"picked":"Astrolabe"}],"items_purged_floors":[21],"is_endless":false,"potions_floor_spawned":[1,4,7,24,28],"killed_by":"Snake Plant","ascension_level":12}}