{"host":"9ndbo4kgsfoemf7y","time":1610113791,"event":{"mods":["AchievementEnabler","BaseMod","Colored Map","DeckTracker","Keyboard Shortcuts","Minty Spire (QoL Compilation)","Permanent Neow","Quick Restart","Relic Stats","StSLib","SuperFastMode"],"gold_per_floor":[119,139,158,158,171,171,171],"floor_reached":6,"playtime":145,"items_purged":[],"score":49,"play_id":"da2b4f54-d353-40a2-ab31-49a76834ed35","local_time":"20210108224951","is_ascension_mode":true,"campfire_choices":[],"circlet_count":0,"master_deck":["Strike_B","Strike_B","Defend_B","Defend_B","Defend_B","Defend_B","Zap","Dualcast","Sweeping Beam","Double Energy","Streamline","Cold Snap"],"relics":["Cracked Core","Nunchaku"],"acts_visited":["Exordium"],"potions_floor_usage":[],"damage_taken":[{"damage":0.0,"enemies":"Small Slimes","floor":1.0,"turns":3.0},{"damage":0.0,"enemies":"Jaw Worm","floor":2.0,"turns":3.0},{"damage":1.0,"enemies":"Cultist","floor":3.0,"turns":4.0},{"damage":18,"enemies":"Large Slime","floor":5,"turns":4},{"damage":13,"enemies":"Lagavulin","floor":6,"turns":4}],"seed_played":"3417613227365620028","potions_obtained":[{"floor":3.0,"key":"FearPotion"},{"floor":5,"key":"GamblersBrew"}],"is_trial":false,"path_per_floor":["M","M","M","?","M","E"],"character_chosen":"DEFECT","items_purchased":[],"campfire_rested":0,"item_purchase_floors":[],"current_hp_per_floor":[50,50,49,31,13,0,0],"gold":171,"neow_bonus":"REMOVE_TWO","is_daily":false,"chose_seed":false,"campfire_upgraded":0,"win_rate":0.0,"timestamp":1610113791,"path_taken":["M","M","M","?","M","E"],"items_purchased_type":[],"build_version":"2020-12-22","purchased_purges":0,"victory":false,"max_hp_per_floor":[75,75,75,75,75,75,75],"relic_stats":{"Nunchaku":[1],"counters":[5,18],"obtain_stats":[{"Nunchaku":4,"Cracked Core":0},{"Nunchaku":3,"Cracked Core":0},{"Nunchaku":10,"Cracked Core":0}]},"card_choices":[{"not_picked":["Force Field","Self Repair"],"picked":"Sweeping Beam","floor":1.0},{"not_picked":["Skim","Steam Power"],"picked":"Double Energy","floor":2.0},{"not_picked":["Gash","Force Field"],"picked":"Streamline","floor":3.0},{"not_picked":["Fusion","Leap"],"picked":"Cold Snap","floor":5}],"player_experience":789027,"relics_obtained":[],"event_choices":[{"damage_healed":0.0,"max_hp_gain":0.0,"max_hp_loss":0.0,"gold_gain":0.0,"event_name":"Scrap Ooze","player_choice":"Success","floor":4.0,"gold_loss":0.0,"damage_taken":18.0,"relics_obtained":["Nunchaku"]}],"is_beta":false,"boss_relics":[],"items_purged_floors":[],"is_endless":false,"potions_floor_spawned":[3,5],"killed_by":"Lagavulin","ascension_level":6}}