{"host":"vhvm1b4sel61ztfv","time":1610108923,"event":{"mods":["BaseMod","BetterRewards","Displayed Cursed Tome","Minty Spire (QoL Compilation)","StSLib"],"gold_per_floor":[119,133,144,163,163,163,199,42,90,90,106,131,131,150,150,255,314,335,335,360,275,295,295,329,329,355,382,18,18,18,46,46,159,168,190,205,220,246,269,269,269],"floor_reached":40,"playtime":2461,"items_purged":["Strike_G"],"score":394,"play_id":"365dce56-7645-4a62-8457-c46d8c7664ac","local_time":"20210108072843","is_ascension_mode":false,"campfire_choices":[{"data":"Skewer","floor":6,"key":"SMITH"},{"data":"Dagger Spray","floor":10,"key":"SMITH"},{"data":"Terror","floor":13,"key":"SMITH"},{"floor":15,"key":"REST"},{"data":"A Thousand Cuts","floor":23,"key":"SMITH"},{"data":"All Out Attack","floor":25,"key":"SMITH"},{"floor":32,"key":"REST"}],"circlet_count":0,"master_deck":["Strike_G","Strike_G","Strike_G","Strike_G","Defend_G","Defend_G","Defend_G","Defend_G","Defend_G","Survivor","Neutralize+1","Deflect","Skewer+1","Dagger Spray+1","Cloak And Dagger","Sucker Punch","Terror+1","All Out Attack+1","A Thousand Cuts+1","Dagger Throw","Backflip","Blade Dance","Leg Sweep+1","Backflip","Riddle With Holes","Caltrops","Backstab","Adrenaline","CurseOfTheBell","Heel Hook+1","Underhanded Strike+1","Parasite"],"relics":["Ring of the Snake","NeowsBlessing","Mercury Hourglass","CeramicFish","Toolbox","Toy Ornithopter","Tiny House","Boot","Red Mask","Regal Pillow","Medical Kit","Anchor","Calling Bell","Blood Vial","Darkstone Periapt","Unceasing Top"],"acts_visited":["Exordium","TheCity","TheBeyond"],"potions_floor_usage":[4,12,16,18,24,24,27,33,33,37,38],"damage_taken":[{"damage":0,"enemies":"Small Slimes","floor":1,"turns":1},{"damage":0,"enemies":"Cultist","floor":2,"turns":1},{"damage":0,"enemies":"2 Louse","floor":3,"turns":1},{"damage":0,"enemies":"Looter","floor":4,"turns":2},{"damage":13,"enemies":"3 Sentries","floor":7,"turns":6},{"damage":0,"enemies":"2 Fungi Beasts","floor":11,"turns":2},{"damage":8,"enemies":"Blue Slaver","floor":12,"turns":2},{"damage":5,"enemies":"Large Slime","floor":14,"turns":5},{"damage":26,"enemies":"Hexaghost","floor":16,"turns":8},{"damage":0,"enemies":"Spheric Guardian","floor":18,"turns":3},{"damage":5,"enemies":"Shell Parasite","floor":20,"turns":3},{"damage":7,"enemies":"Chosen and Byrds","floor":22,"turns":4},{"damage":10,"enemies":"Masked Bandits","floor":24,"turns":3},{"damage":7,"enemies":"Centurion and Healer","floor":27,"turns":4},{"damage":15,"enemies":"Shelled Parasite and Fungi","floor":31,"turns":5},{"damage":31,"enemies":"Collector","floor":33,"turns":9},{"damage":4,"enemies":"Orb Walker","floor":35,"turns":3},{"damage":6,"enemies":"3 Shapes","floor":36,"turns":5},{"damage":13,"enemies":"Jaw Worm Horde","floor":37,"turns":3},{"damage":13,"enemies":"3 Darklings","floor":38,"turns":5},{"damage":44,"enemies":"Writhing Mass","floor":39,"turns":7},{"damage":35,"enemies":"Giant Head","floor":40,"turns":6}],"seed_played":"-2067622101144327319","potions_obtained":[{"floor":2,"key":"Strength Potion"},{"floor":3,"key":"Explosive Potion"},{"floor":11,"key":"Regen Potion"},{"floor":14,"key":"Energy Potion"},{"floor":16,"key":"Fire Potion"},{"floor":17,"key":"EssenceOfSteel"},{"floor":18,"key":"Swift Potion"},{"floor":24,"key":"Weak Potion"},{"floor":31,"key":"Weak Potion"},{"floor":33,"key":"CunningPotion"},{"floor":37,"key":"EssenceOfSteel"}],"is_trial":false,"path_per_floor":["M","M","M","M","?","R","E","$","T","R","M","M","R","M","R","B",null,"M","?","M","?","M","R","?","R","T","M","$","?","$","M","R","B",null,"M","M","M","M","M","E"],"character_chosen":"THE_SILENT","items_purchased":["Toolbox","Medical Kit","PowerPotion","Riddle With Holes","Caltrops"],"campfire_rested":2,"item_purchase_floors":[8,28,28,28,28],"current_hp_per_floor":[70,70,70,70,70,70,57,57,57,57,57,59,59,54,70,44,75,75,75,70,70,63,63,63,63,63,61,61,61,61,46,75,44,75,71,67,61,55,19,0,0],"gold":269,"neow_bonus":"THREE_ENEMY_KILL","is_daily":false,"chose_seed":false,"campfire_upgraded":5,"win_rate":0.0,"timestamp":1610108923,"path_taken":["M","M","M","M","?","R","E","$","T","R","?","M","R","M","R","BOSS","M","?","M","?","M","R","?","R","T","M","?","?","$","?","R","BOSS","M","M","?","M","M","E"],"items_purchased_type":["Relic","Relic","Potion","Card","Card"],"build_version":"2020-12-22","purchased_purges":1,"victory":false,"max_hp_per_floor":[70,70,70,70,70,70,70,70,70,70,70,70,70,70,70,70,75,75,75,75,75,75,75,75,75,75,75,75,75,75,75,75,75,75,75,75,75,75,81,81,81],"card_choices":[{"not_picked":["Reflex","Prepared"],"picked":"Deflect","floor":1},{"not_picked":["Backflip","Dodge and Roll"],"picked":"Skewer","floor":2},{"not_picked":["Slice","Expertise"],"picked":"Dagger Spray","floor":3},{"not_picked":["Footwork","Blur"],"picked":"Cloak And Dagger","floor":4},{"not_picked":["Expertise","Accuracy"],"picked":"Sucker Punch","floor":7},{"not_picked":["Dodge and Roll","Escape Plan","Catalyst"],"picked":"SKIP","floor":11},{"not_picked":["Bouncing Flask","Riddle With Holes"],"picked":"Terror","floor":12},{"not_picked":["Deadly Poison","Masterful Stab"],"picked":"All Out Attack","floor":14},{"not_picked":["Grand Finale","Doppelganger"],"picked":"A Thousand Cuts","floor":16},{"not_picked":["Flying Knee","Bouncing Flask"],"picked":"Dagger Throw","floor":17},{"not_picked":["Prepared","Poisoned Stab"],"picked":"Backflip","floor":18},{"not_picked":["Reflex","Concentrate"],"picked":"Blade Dance","floor":20},{"not_picked":["Cloak And Dagger","Unload","Underhanded Strike+1"],"picked":"SKIP","floor":22},{"not_picked":["Footwork+1","Well Laid Plans"],"picked":"Leg Sweep+1","floor":24},{"not_picked":["Blade Dance","Crippling Poison+1"],"picked":"Backflip","floor":27},{"not_picked":["Skewer","Predator+1"],"picked":"Backstab","floor":31},{"not_picked":["Burst","Envenom"],"picked":"Adrenaline","floor":33},{"not_picked":["Acrobatics","Deadly Poison+1"],"picked":"Heel Hook+1","floor":35},{"not_picked":["Cloak And Dagger","Dagger Throw+1","Poisoned Stab"],"picked":"SKIP","floor":36},{"not_picked":["Footwork+1","Cloak And Dagger","Dodge and Roll+1"],"picked":"SKIP","floor":37},{"not_picked":["Deadly Poison","Backflip+1"],"picked":"Underhanded Strike+1","floor":38},{"not_picked":["Heel Hook","Dagger Throw+1","Endless Agony"],"picked":"SKIP","floor":39}],"player_experience":114765,"relics_obtained":[{"floor":7,"key":"CeramicFish"},{"floor":9,"key":"Toy Ornithopter"},{"floor":24,"key":"Red Mask"},{"floor":26,"key":"Regal Pillow"},{"floor":34,"key":"Blood Vial"},{"floor":34,"key":"Darkstone Periapt"},{"floor":34,"key":"Unceasing Top"}],"event_choices":[{"damage_healed":0,"gold_gain":0,"player_choice":"Gave Potion","damage_taken":0,"relics_obtained":["Mercury Hourglass"],"max_hp_gain":0,"max_hp_loss":0,"event_name":"WeMeetAgain","floor":5,"gold_loss":0},{"damage_healed":0,"gold_gain":0,"player_choice":"Ignored","damage_taken":0,"max_hp_gain":0,"max_hp_loss":0,"event_name":"Ghosts","floor":19,"gold_loss":0},{"damage_healed":0,"gold_gain":0,"player_choice":"Obtained Relic","damage_taken":0,"relics_obtained":["Boot"],"max_hp_gain":0,"max_hp_loss":0,"event_name":"Addict","floor":21,"gold_loss":85},{"damage_healed":0,"gold_gain":0,"player_choice":"Fought Bandits","damage_taken":0,"max_hp_gain":0,"max_hp_loss":0,"event_name":"Masked Bandits","floor":24,"gold_loss":0},{"damage_healed":0,"gold_gain":0,"player_choice":"Opened","damage_taken":0,"relics_obtained":["Anchor"],"max_hp_gain":0,"max_hp_loss":0,"event_name":"The Mausoleum","floor":29,"gold_loss":0}],"is_beta":false,"boss_relics":[{"not_picked":["Cursed Key","SlaversCollar"],"picked":"Tiny House"},{"not_picked":["Velvet Choker","Black Star"],"picked":"Calling Bell"}],"items_purged_floors":[28],"is_endless":false,"potions_floor_spawned":[2,3,11,14,16,18,24,31,33,37],"killed_by":"Giant Head","ascension_level":0}}