{"host":"qq27suot6m8koe0b","time":1610104877,"event":{"mods":["Act Like it!","BaseMod","CapriCore","Chen","Gensokyo","GifTheSpireLib","Koishi","Marisa（霧雨　魔理沙）","Minty Spire (QoL Compilation)","Onozuka Komachi Mod","Reimu（博??梦）","StSLib","The Immortal","The Servant 0.9.4","Yakumo Yukari mod","Youmu（魂魄妖梦）","Yuyuko"],"gold_per_floor":[14,14,14,26,7,7,36,36,36,36,52,371,391,106,106,209,209,226,245,28,48,73,73,86,86,86,96,96,307,307,557,557,662,662,679,693,194,208,208,228,243,285,285,304,304,304,325,298,298,298,298,298,5,42,42,42],"floor_reached":55,"playtime":3673,"items_purged":["Magnetism+1"],"score":701,"play_id":"ed793868-14f9-499b-b413-5cffd2ab30e3","local_time":"20210108192117","is_ascension_mode":false,"campfire_choices":[{"data":"Magnetism","floor":6,"key":"SMITH"},{"data":"Koishi:ImGoingToCallYouNow","floor":8,"key":"SMITH"},{"data":"Apotheosis","floor":15,"key":"SMITH"},{"floor":23,"key":"RECALL"},{"data":"Koishi:JumpScare","floor":25,"key":"SMITH"},{"data":"Koishi:MentalBreakdown","floor":28,"key":"SMITH"},{"data":"Koishi:HauntingSlash","floor":30,"key":"SMITH"},{"data":"Koishi:PredatoryInstincts","floor":32,"key":"SMITH"},{"data":"Koishi:PerfectMindControl","floor":46,"key":"SMITH"},{"data":"Koishi:FidgetySnatcher","floor":49,"key":"SMITH"},{"data":"Koishi:TerrifyingSpectre","floor":52,"key":"SMITH"}],"circlet_count":0,"master_deck":["Koishi:BasicStrike+1","Koishi:BasicStrike","Koishi:BasicStrike","Koishi:BasicStrike","Koishi:BasicDefend","Koishi:BasicDefend","Koishi:BasicDefend","Koishi:BasicDefend","Koishi:HauntingSlash+1","Koishi:PhantomStrike","Koishi:LastRemote","Koishi:ImGoingToCallYouNow+1","Koishi:JumpScare+1","Koishi:ParalyzingFear","Koishi:PredatoryInstincts+1","Apotheosis+1","Koishi:PhantomBarrier","Koishi:MentalBreakdown+1","Koishi:RacingHeart+1","Koishi:MindNumbingTerror","Koishi:YoukaiPolygraph","Koishi:TerrifyingSpectre+1","Koishi:RacingHeart+1","Koishi:DNAsFlaw+1","Koishi:MindNumbingTerror","Koishi:PerfectMindControl+1","Koishi:ParalyzingFear","Koishi:DreadfulBlow+1","Koishi:DanmakuParanoia","Koishi:TraumaticStroke+1","Koishi:FidgetySnatcher+1","Koishi:Possession"],"relics":["Koishi:ImaginaryFriend","Gensokyo:Justice","Blood Vial","Unceasing Top","Sling","Potion Belt","Blue Candle","Velvet Choker","Pear","DollysMirror","Lantern","CeramicFish","Bag of Marbles","Prayer Wheel","Lizard Tail","Whetstone"],"acts_visited":["Gensokyo:Gensokyo","Gensokyo:Gensokyoer","Gensokyo:Gensokyoest","TheEnding"],"potions_floor_usage":[13,16,24,33,33,33,38,47,50,50,55],"damage_taken":[{"damage":3,"enemies":"Gensokyo:Python","floor":1,"turns":5},{"damage":4,"enemies":"Gensokyo:2_Kodama","floor":4,"turns":7},{"damage":16,"enemies":"Gensokyo:Cirno","floor":7,"turns":5},{"damage":30,"enemies":"Gensokyo:3_Fairies","floor":11,"turns":7},{"damage":23,"enemies":"Gensokyo:Kitsune","floor":12,"turns":5},{"damage":7,"enemies":"Gensokyo:2_Rabbits","floor":13,"turns":5},{"damage":10,"enemies":"Gensokyo:Reimu","floor":16,"turns":9},{"damage":14,"enemies":"Gensokyo:AngelMirror","floor":18,"turns":5},{"damage":34,"enemies":"Gensokyo:2_Gloops","floor":19,"turns":5},{"damage":18,"enemies":"Gensokyo:Wraith","floor":21,"turns":6},{"damage":72,"enemies":"Gensokyo:3_Gloops","floor":24,"turns":7},{"damage":40,"enemies":"Gensokyo:Monolith_and_Dog","floor":27,"turns":8},{"damage":22,"enemies":"Gensokyo:Chomper_and_Gloop","floor":29,"turns":6},{"damage":80,"enemies":"Gensokyo:Eiki","floor":33,"turns":12},{"damage":17,"enemies":"Gensokyo:3_Bats","floor":35,"turns":4},{"damage":8,"enemies":"Gensokyo:3_Boulders","floor":36,"turns":6},{"damage":13,"enemies":"Gensokyo:Dusk_and_Dawn","floor":38,"turns":6},{"damage":44,"enemies":"Gensokyo:SeedOfUnknown","floor":40,"turns":7},{"damage":33,"enemies":"Gensokyo:4_Bats","floor":41,"turns":5},{"damage":32,"enemies":"Gensokyo:Marisa","floor":42,"turns":7},{"damage":16,"enemies":"Gensokyo:3_Boulders","floor":44,"turns":8},{"damage":35,"enemies":"Gensokyo:Sharpion","floor":47,"turns":7},{"damage":79,"enemies":"Gensokyo:Scarlet_Devils","floor":50,"turns":13},{"damage":77,"enemies":"Shield and Spear","floor":54,"turns":8},{"damage":98,"enemies":"The Heart","floor":55,"turns":9}],"seed_played":"3162700980271611268","potions_obtained":[{"floor":7,"key":"Ancient Potion"},{"floor":11,"key":"Weak Potion"},{"floor":13,"key":"Explosive Potion"},{"floor":19,"key":"Block Potion"},{"floor":27,"key":"GamblersBrew"},{"floor":29,"key":"Regen Potion"},{"floor":35,"key":"MagicPotion:ReiMu"},{"floor":36,"key":"SkillPotion"},{"floor":41,"key":"Block Potion"},{"floor":44,"key":"FearPotion"},{"floor":47,"key":"GamblersBrew"}],"is_trial":false,"path_per_floor":["M","?","?","M","COS","R","E","R","T","?","M","M","M","$","R","B",null,"M","M","COS","M","T","R","M","R","T","M","R","M","R","?","R","B",null,"M","M","COS","M","?","M","M","E","T","M","?","R","M","$","R","B",null,"R","$","E","B"],"character_chosen":"KOISHI","items_purchased":["Apotheosis","Koishi:PhantomBarrier","Koishi:FidgetySnatcher","Lizard Tail"],"campfire_rested":0,"item_purchase_floors":[14,14,48,53],"current_hp_per_floor":[59,56,56,55,55,55,41,41,41,61,48,51,67,67,67,67,67,67,67,67,67,67,67,50,50,50,66,66,67,67,67,67,67,67,66,67,77,77,77,77,77,77,77,75,45,45,77,77,77,31,77,77,77,58,0,0],"gold":42,"neow_bonus":"RANDOM_COLORLESS_2","is_daily":false,"chose_seed":false,"campfire_upgraded":10,"win_rate":0.0,"timestamp":1610104877,"path_taken":["M","?","?","M","COS","R","E","R","T","?","M","?","M","?","R","BOSS","M","M","COS","M","?","R","M","R","T","M","R","?","R","?","R","BOSS","M","M","COS","M","?","M","M","E","T","M","?","R","?","?","R","BOSS","R","$","E","BOSS"],"items_purchased_type":["Card","Card","Card","Relic"],"build_version":"2020-12-22","purchased_purges":1,"victory":false,"max_hp_per_floor":[60,67,67,67,67,67,67,67,67,67,67,67,67,67,67,67,67,67,67,67,67,67,67,67,67,67,67,67,67,67,67,67,67,67,67,67,77,77,77,77,77,77,77,77,77,77,77,77,77,77,77,77,77,77,77,77],"card_choices":[{"not_picked":["Thinking Ahead","Metamorphosis"],"picked":"Magnetism","floor":0},{"not_picked":["Koishi:BloodcurdlingScream","Koishi:SubconsciousSweep"],"picked":"Koishi:PhantomStrike","floor":1},{"not_picked":["Koishi:SprinkleStarAndHeart","Koishi:CatchAndRose"],"picked":"Koishi:LastRemote","floor":4},{"not_picked":["Koishi:CatchAndRose","Koishi:Bloodlust"],"picked":"Koishi:ImGoingToCallYouNow","floor":7},{"not_picked":["Koishi:CatchAndRose","Koishi:FourthEye"],"picked":"Koishi:JumpScare","floor":11},{"not_picked":["Koishi:UnconsciousUprising","Koishi:RoseHell"],"picked":"Koishi:ParalyzingFear","floor":12},{"not_picked":["Koishi:UnconsciousUprising","Koishi:EmbryosDream"],"picked":"Koishi:PredatoryInstincts","floor":13},{"not_picked":["Koishi:Ego","Koishi:RoseHell"],"picked":"Koishi:MentalBreakdown","floor":16},{"not_picked":["Koishi:SpiritedAway","Koishi:CatchAndRose"],"picked":"Koishi:RacingHeart","floor":18},{"not_picked":["Koishi:FleetingPhantom","Koishi:EmbryosDream","Koishi:UnseenTerror"],"picked":"SKIP","floor":19},{"not_picked":["Koishi:EmbryosDream","Koishi:StingingMind+1","Koishi:LastRemote"],"picked":"SKIP","floor":21},{"not_picked":["Koishi:VengefulSpirit","Koishi:UnansweredLove"],"picked":"Koishi:MindNumbingTerror","floor":24},{"not_picked":["Koishi:SubterraneanRose","Koishi:Jaunt","Koishi:StingingMind"],"picked":"SKIP","floor":27},{"not_picked":["Koishi:StrangeCloudFist","Koishi:Jaunt"],"picked":"Koishi:YoukaiPolygraph","floor":29},{"not_picked":["Koishi:SuperEgo","Koishi:GrowingPain"],"picked":"Koishi:TerrifyingSpectre","floor":33},{"not_picked":["Koishi:BloodcurdlingScream","Koishi:CatchAndRose+1"],"picked":"Koishi:RacingHeart+1","floor":35},{"not_picked":["Koishi:ReleaseOfTheId+1","Koishi:ReflexRadar"],"picked":"Koishi:DNAsFlaw+1","floor":36},{"not_picked":["Koishi:JumpScare","Koishi:HeartfeltFancy+1","Koishi:RacingHeart+1"],"picked":"SKIP","floor":38},{"not_picked":["Koishi:FadingMemory","Koishi:Heartbroken"],"picked":"Koishi:PerfectMindControl","floor":40},{"not_picked":["Koishi:UnconsciousUrges","Koishi:SubconsciousSweep"],"picked":"Koishi:ParalyzingFear","floor":40},{"not_picked":["Koishi:YoukaiPolygraph","Koishi:UnconsciousUprising"],"picked":"Koishi:DreadfulBlow+1","floor":41},{"not_picked":["Koishi:FadingMemory","Koishi:Vanish"],"picked":"Koishi:DanmakuParanoia","floor":42},{"not_picked":["Koishi:JumpScare","Koishi:PhantomBarrier","Koishi:Prune"],"picked":"SKIP","floor":44},{"not_picked":["Koishi:ApparitionsStalkTheNight+1","Koishi:HeartfeltFancy"],"picked":"Koishi:TraumaticStroke+1","floor":47},{"not_picked":["Koishi:StingingMind+1","Koishi:CatchAndRose","Koishi:ImGoingToCallYouNow"],"picked":"SKIP","floor":47},{"not_picked":["Koishi:ReflexRadar+1","Koishi:Catatonia"],"picked":"Koishi:Possession","floor":54}],"player_experience":338539,"relics_obtained":[{"floor":7,"key":"Blood Vial"},{"floor":9,"key":"Unceasing Top"},{"floor":22,"key":"Potion Belt"},{"floor":42,"key":"CeramicFish"},{"floor":43,"key":"Bag of Marbles"},{"floor":54,"key":"Whetstone"}],"event_choices":[],"is_beta":false,"boss_relics":[{"not_picked":["Ectoplasm","Runic Pyramid","Snecko Eye"]},{"not_picked":["Busted Crown","Runic Dome"],"picked":"Velvet Choker"}],"items_purged_floors":[14],"is_endless":false,"potions_floor_spawned":[7,11,13,19,27,29,35,36,41,44,47],"killed_by":"The Heart","ascension_level":0}}