{"host":"589hdgqme9xj5bbw","time":1610086366,"event":{"mods":["AchievementEnabler","BaseMod","Colored Map","Minty Spire (QoL Compilation)","StSLib","SuperFastMode","everything is the same but u backflip on backflip"],"gold_per_floor":[114,64,64,78,88,88,88,88,88,88,100,115,161,177,177,177,177],"floor_reached":16,"playtime":302,"items_purged":[],"score":92,"play_id":"27526a9a-c219-40ca-be34-057617257a98","local_time":"20210108151246","is_ascension_mode":false,"campfire_choices":[{"data":"Bash","floor":6,"key":"SMITH"},{"data":"Wild Strike","floor":10,"key":"SMITH"},{"data":"Intimidate","floor":15,"key":"SMITH"}],"circlet_count":0,"master_deck":["Strike_R","Strike_R","Strike_R","Strike_R","Defend_R","Defend_R","Defend_R","Defend_R","Bash+1","Wild Strike+1","Intimidate+1"],"relics":["Burning Blood","Anchor","Ginger","Boot"],"acts_visited":["Exordium"],"potions_floor_usage":[16],"damage_taken":[{"damage":10,"enemies":"Jaw Worm","floor":1,"turns":4},{"damage":1,"enemies":"2 Louse","floor":4,"turns":3},{"damage":0,"enemies":"Small Slimes","floor":5,"turns":3},{"damage":3,"enemies":"Red Slaver","floor":11,"turns":2},{"damage":11,"enemies":"Exordium Wildlife","floor":12,"turns":5},{"damage":6,"enemies":"Blue Slaver","floor":14,"turns":4},{"damage":97,"enemies":"Hexaghost","floor":16,"turns":11}],"seed_played":"2936353211064016391","potions_obtained":[{"floor":4,"key":"BloodPotion"},{"floor":12,"key":"AttackPotion"}],"is_trial":false,"path_per_floor":["M","?","$","M","M","R","?","?","T","R","M","M","T","M","R","B"],"character_chosen":"IRONCLAD","items_purchased":[],"campfire_rested":0,"item_purchase_floors":[],"current_hp_per_floor":[84,84,84,88,88,88,81,81,81,81,84,79,79,79,79,0,0],"gold":177,"neow_bonus":"TEN_PERCENT_HP_BONUS","is_daily":false,"chose_seed":false,"campfire_upgraded":3,"win_rate":0.0,"timestamp":1610086366,"path_taken":["M","?","$","M","M","R","?","?","T","R","?","M","?","M","R","BOSS"],"items_purchased_type":[],"build_version":"2020-12-22","purchased_purges":0,"victory":false,"max_hp_per_floor":[88,88,88,88,88,88,88,88,88,88,88,88,88,88,88,88,88],"card_choices":[{"not_picked":["Sword Boomerang","Perfected Strike","Heavy Blade"],"picked":"SKIP","floor":1},{"not_picked":["Fire Breathing","Sentinel"],"picked":"Wild Strike","floor":4},{"not_picked":["Sword Boomerang","True Grit","Shockwave"],"picked":"SKIP","floor":5},{"not_picked":["Headbutt","Clothesline"],"picked":"Intimidate","floor":11},{"not_picked":["Anger","Headbutt","True Grit"],"picked":"SKIP","floor":12},{"not_picked":["True Grit","Havoc","Corruption"],"picked":"SKIP","floor":14}],"player_experience":96814,"relics_obtained":[{"floor":9,"key":"Ginger"},{"floor":13,"key":"Boot"}],"event_choices":[{"cards_removed":["Strike_R"],"damage_healed":0,"gold_gain":0,"player_choice":"Card Removal","damage_taken":0,"max_hp_gain":0,"max_hp_loss":0,"event_name":"The Cleric","floor":2,"gold_loss":50},{"damage_healed":0,"gold_gain":0,"player_choice":"Success","damage_taken":7,"relics_obtained":["Anchor"],"max_hp_gain":0,"max_hp_loss":0,"event_name":"Scrap Ooze","floor":7,"gold_loss":0},{"damage_healed":0,"gold_gain":0,"player_choice":"Bought 0 Potions","damage_taken":0,"max_hp_gain":0,"max_hp_loss":0,"event_name":"The Woman in Blue","floor":8,"gold_loss":0}],"is_beta":false,"boss_relics":[],"items_purged_floors":[],"is_endless":false,"potions_floor_spawned":[4,12],"killed_by":"Hexaghost","ascension_level":0}}