{"host":"i0avyit1s6jb1siw","time":1610127976,"event":{"mods":["BaseMod","DeckTracker","Dota2Spire","Highlight Path","Minty Spire (QoL Compilation)","Quick Restart","StSLib","SuperFastMode"],"gold_per_floor":[118,118,118,132,151,176,176,209,233,22,41,41,41,68,68,140,140,152,163,53,64,82,115,115,141,194,194,204,215,130,143,143,222,222,235,235,247,257,257,257,285,285,285,340,353,353,353],"floor_reached":46,"playtime":1620,"items_purged":[],"score":1220,"play_id":"e28f5fec-3a76-4725-bd9f-5c93faa03fcf","local_time":"20210108184616","is_ascension_mode":true,"campfire_choices":[{"data":"Blade Dance","floor":7.0,"key":"SMITH"},{"data":"Apotheosis","floor":12.0,"key":"SMITH"},{"data":"Neutralize","floor":15.0,"key":"SMITH"},{"floor":24.0,"key":"REST"},{"floor":27.0,"key":"REST"},{"floor":32.0,"key":"REST"},{"floor":40.0,"key":"REST"},{"floor":42,"key":"REST"}],"circlet_count":0,"master_deck":["AscendersBane","Defend_G","Defend_G+1","Defend_G","Survivor","Neutralize+1","Terror+1","Setup+1","Blade Dance+1","Backflip","Backstab","Blade Dance+1","Cloak And Dagger","Apotheosis+1","Reflex","A Thousand Cuts","Well Laid Plans","Escape Plan","Prepared","Calculated Gamble","After Image","Phantasmal Killer","Flechettes+1","Accuracy","Tactician","Venomology","Blur","Escape Plan","Acrobatics","Accuracy"],"relics":["Astrolabe","Bronze Scales","Blood Vial","Pantograph","Boot","Regal Pillow","Darkstone Periapt","Dota2Spire:RefresherOrb","Dream Catcher","Blue Candle","PreservedInsect","Anchor","Empty Cage","Dota2Spire:MagicBottle","Lantern"],"acts_visited":["Exordium","TheCity","TheBeyond"],"potions_floor_usage":[41],"damage_taken":[{"damage":6.0,"enemies":"2 Louse","floor":1.0,"turns":3.0},{"damage":0.0,"enemies":"Small Slimes","floor":4.0,"turns":2.0},{"damage":9.0,"enemies":"Jaw Worm","floor":5.0,"turns":2.0},{"damage":5.0,"enemies":"3 Sentries","floor":6.0,"turns":6.0},{"damage":0.0,"enemies":"Gremlin Nob","floor":8.0,"turns":2.0},{"damage":0.0,"enemies":"Large Slime","floor":11.0,"turns":3.0},{"damage":17.0,"enemies":"3 Sentries","floor":14.0,"turns":6.0},{"damage":0.0,"enemies":"Hexaghost","floor":16.0,"turns":8.0},{"damage":15.0,"enemies":"2 Thieves","floor":18.0,"turns":3.0},{"damage":0.0,"enemies":"3 Byrds","floor":19.0,"turns":2.0},{"damage":13.0,"enemies":"Snake Plant","floor":21.0,"turns":3.0},{"damage":17.0,"enemies":"Snecko","floor":22.0,"turns":5.0},{"damage":17.0,"enemies":"Book of Stabbing","floor":23.0,"turns":4.0},{"damage":0.0,"enemies":"Gremlin Leader","floor":25.0,"turns":5.0},{"damage":20.0,"enemies":"Centurion and Healer","floor":28.0,"turns":4.0},{"damage":28.0,"enemies":"Cultist and Chosen","floor":29.0,"turns":5.0},{"damage":6.0,"enemies":"3 Cultists","floor":31.0,"turns":5.0},{"damage":51.0,"enemies":"Automaton","floor":33.0,"turns":9.0},{"damage":0.0,"enemies":"Orb Walker","floor":35.0,"turns":3.0},{"damage":25.0,"enemies":"3 Darklings","floor":37.0,"turns":5.0},{"damage":22.0,"enemies":"Sphere and 2 Shapes","floor":38.0,"turns":6.0},{"damage":32,"enemies":"Reptomancer","floor":41,"turns":3},{"damage":17,"enemies":"Jaw Worm Horde","floor":45,"turns":5},{"damage":41,"enemies":"Spire Growth","floor":46,"turns":4}],"seed_played":"732842892763402215","potions_obtained":[{"floor":1.0,"key":"Fire Potion"},{"floor":5.0,"key":"Weak Potion"},{"floor":8.0,"key":"BlessingOfTheForge"},{"floor":16.0,"key":"Weak Potion"},{"floor":18.0,"key":"LiquidMemories"},{"floor":23.0,"key":"EssenceOfSteel"},{"floor":25.0,"key":"SteroidPotion"},{"floor":33.0,"key":"DistilledChaos"},{"floor":38.0,"key":"DuplicationPotion"},{"floor":41,"key":"Strength Potion"}],"is_trial":false,"path_per_floor":["M","?","?","M","M","E","R","E","T","$","M","R","?","E","R","B",null,"M","M","?","M","M","E","R","E","T","R","M","M","?","M","R","B",null,"M","?","M","M","?","R","E","R","T","T","M","M"],"character_chosen":"THE_SILENT","items_purchased":["Apotheosis"],"campfire_rested":5,"item_purchase_floors":[10],"current_hp_per_floor":[53,42,42,42,33,28,28,30,30,30,32,32,32,17,17,44,61,48,50,50,39,24,9,43,45,45,66,46,20,20,16,50,15,53,55,55,32,12,12,46,16,50,50,50,35,0,0],"gold":353,"neow_bonus":"BOSS_RELIC","is_daily":false,"chose_seed":false,"campfire_upgraded":3,"win_rate":0.0,"timestamp":1610127976,"path_taken":["M","?","?","M","M","E","R","E","T","?","M","R","?","E","R","BOSS","M","M","?","?","M","E","R","E","T","R","M","M","?","M","R","BOSS","M","?","?","M","?","R","E","R","T","?","M","M"],"items_purchased_type":["Card"],"build_version":"2020-12-22","purchased_purges":0,"victory":false,"max_hp_per_floor":[66,66,66,66,66,66,66,66,66,66,66,66,66,66,66,66,66,66,66,66,66,66,66,66,66,66,66,66,66,66,66,66,66,66,66,66,66,66,66,66,66,66,66,66,66,66,66],"card_choices":[{"not_picked":["Well Laid Plans","Quick Slash"],"picked":"Predator","floor":1.0},{"not_picked":["Dagger Spray","Outmaneuver"],"picked":"Backflip","floor":4.0},{"not_picked":["Concentrate","Poisoned Stab"],"picked":"Backstab","floor":5.0},{"not_picked":["Quick Slash","Well Laid Plans"],"picked":"Blade Dance","floor":6.0},{"not_picked":["Outmaneuver","Poisoned Stab"],"picked":"Cloak And Dagger","floor":8.0},{"not_picked":["Underhanded Strike","Catalyst"],"picked":"Reflex","floor":11.0},{"not_picked":["Eviscerate","Backflip","Bane"],"picked":"SKIP","floor":14.0},{"not_picked":["Wraith Form v2","Doppelganger"],"picked":"A Thousand Cuts","floor":16.0},{"not_picked":["Cloak And Dagger","Footwork"],"picked":"Well Laid Plans","floor":18.0},{"not_picked":["Poisoned Stab","Deadly Poison"],"picked":"Escape Plan","floor":19.0},{"not_picked":["Deadly Poison","Bane","Prepared"],"picked":"SKIP","floor":21.0},{"not_picked":["Deadly Poison","Bane"],"picked":"Prepared","floor":21.0},{"not_picked":["Dodge and Roll","Flying Knee","Blade Dance"],"picked":"SKIP","floor":22.0},{"not_picked":["Prepared","Flying Knee"],"picked":"Calculated Gamble","floor":23.0},{"not_picked":["Deadly Poison","Poisoned Stab"],"picked":"After Image","floor":24.0},{"not_picked":["Dash+1","Footwork"],"picked":"Phantasmal Killer","floor":25.0},{"not_picked":["Backflip+1","Underhanded Strike"],"picked":"Flechettes+1","floor":27.0},{"not_picked":["Poisoned Stab","Prepared+1","Slice"],"picked":"SKIP","floor":28.0},{"not_picked":["Quick Slash","Underhanded Strike","Terror"],"picked":"SKIP","floor":29.0},{"not_picked":["Malaise","Backstab"],"picked":"Accuracy","floor":31.0},{"not_picked":["Leg Sweep","Flechettes"],"picked":"Tactician","floor":32.0},{"not_picked":["Night Terror","A Thousand Cuts"],"picked":"Venomology","floor":33.0},{"not_picked":["Crippling Poison","Dagger Spray+1","Blade Dance+1"],"picked":"SKIP","floor":35.0},{"not_picked":["Heel Hook+1","Sucker Punch","Flying Knee"],"picked":"SKIP","floor":37.0},{"not_picked":["Tools of the Trade","Slice"],"picked":"Blur","floor":38.0},{"not_picked":["Deflect","Quick Slash+1"],"picked":"Escape Plan","floor":40.0},{"not_picked":["Deflect","Prepared","Doppelganger"],"picked":"SKIP","floor":41},{"not_picked":["Bane","Terror+1"],"picked":"Acrobatics","floor":42},{"not_picked":["Deadly Poison","PiercingWail"],"picked":"Accuracy","floor":45}],"player_experience":2186737,"relics_obtained":[{"floor":6.0,"key":"Blood Vial"},{"floor":8.0,"key":"Pantograph"},{"floor":9.0,"key":"Boot"},{"floor":14.0,"key":"Darkstone Periapt"},{"floor":23.0,"key":"Dream Catcher"},{"floor":25.0,"key":"Blue Candle"},{"floor":26.0,"key":"PreservedInsect"},{"floor":41,"key":"Dota2Spire:MagicBottle"},{"floor":44,"key":"Lantern"}],"event_choices":[{"damage_healed":0.0,"max_hp_gain":0.0,"max_hp_loss":0.0,"gold_gain":0.0,"event_name":"Scrap Ooze","player_choice":"Success","floor":2.0,"gold_loss":0.0,"damage_taken":11.0,"relics_obtained":["Bronze Scales"]},{"cards_removed":["Strike_G"],"damage_healed":0.0,"max_hp_gain":0.0,"max_hp_loss":0.0,"gold_gain":0.0,"event_name":"Living Wall","player_choice":"Forget","floor":3.0,"gold_loss":0.0,"damage_taken":0.0},{"damage_healed":0.0,"max_hp_gain":0.0,"max_hp_loss":0.0,"gold_gain":0.0,"event_name":"WeMeetAgain","player_choice":"Gave Potion","floor":13.0,"gold_loss":0.0,"damage_taken":0.0,"relics_obtained":["Regal Pillow"]},{"cards_removed":["Strike_G"],"damage_healed":0.0,"max_hp_gain":0.0,"max_hp_loss":0.0,"gold_gain":0.0,"event_name":"Designer","player_choice":"Upgrade and Remove","floor":20.0,"gold_loss":110.0,"damage_taken":0.0,"cards_upgraded":["Defend_G"]},{"damage_healed":0.0,"max_hp_gain":0.0,"max_hp_loss":0.0,"gold_gain":0.0,"event_name":"Addict","player_choice":"Obtained Relic","floor":30.0,"gold_loss":85.0,"damage_taken":0.0,"relics_obtained":["Anchor"]},{"damage_healed":0.0,"max_hp_gain":0.0,"max_hp_loss":0.0,"gold_gain":0.0,"event_name":"SecretPortal","player_choice":"Ignored","floor":36.0,"gold_loss":0.0,"damage_taken":0.0},{"cards_removed":["Predator"],"damage_healed":0.0,"max_hp_gain":0.0,"max_hp_loss":0.0,"gold_gain":0.0,"event_name":"Falling","player_choice":"Removed Attack","floor":39.0,"gold_loss":0.0,"damage_taken":0.0}],"is_beta":false,"boss_relics":[{"not_picked":["Sozu","Calling Bell"],"picked":"Dota2Spire:RefresherOrb"},{"not_picked":["HoveringKite","Tiny House"],"picked":"Empty Cage"}],"items_purged_floors":[],"is_endless":false,"potions_floor_spawned":[1,5,8,16,18,22,23,25,33,38,41],"killed_by":"Spire Growth","ascension_level":20}}