{"host":"00yob6u0fiu7ehgs","time":1610138591,"event":{"mods":["Act Like it!","Arknights The Spire","Art Attack!","BaseMod","Chen","Colored Powertips","Elementarium","Gensokyo","GifTheSpireLib","Infinite Spire","Jorbs\u0027s Wanderer Trilogy","Koishi","Marisa????????","Minty Spire (QoL Compilation)","Rare Cards Sparkle","Reimu??????","Remilia??????","Replay The Spire","StSLib","The Animator","The Cursed","The Forsaken","The Judge","The Marked","The Servant 0.9.4","The Wild Card","Wandering Minibosses","Yakumo Yukari mod"],"gold_per_floor":[110,127,143,93,110,110,142,142,142,142,142],"floor_reached":10,"playtime":697,"items_purged":[],"score":71,"play_id":"5f180584-6616-4291-b3e4-ceda1caa2784","local_time":"20210108134311","is_ascension_mode":true,"campfire_choices":[{"data":"TheCursedMod:SpitefulPlan","floor":6,"key":"SMITH"}],"circlet_count":0,"master_deck":["TheCursedMod:Strike_TheCursed","TheCursedMod:Strike_TheCursed","TheCursedMod:Strike_TheCursed","TheCursedMod:Defend_TheCursed","TheCursedMod:Defend_TheCursed","TheCursedMod:Defend_TheCursed","TheCursedMod:Defend_TheCursed","TheCursedMod:CursedWand+1","TheCursedMod:CleanUpWorkshop","TheCursedMod:Dregs","Regret","TheCursedMod:SpitefulStrike","TheCursedMod:FleshFromBone","TheCursedMod:RapidMovement","TheCursedMod:SpitefulPlan+1","TheCursedMod:CursedMace"],"relics":["Ring of the Snake","Darkstone Periapt","Eternal Feather","infinitespire:Cubic Diamond","Replay:Bottled Eggs"],"acts_visited":["Exordium"],"potions_floor_usage":[7,10],"damage_taken":[{"damage":5,"enemies":"Small Slimes","floor":1,"turns":4},{"damage":0,"enemies":"2 Louse","floor":2,"turns":2},{"damage":0,"enemies":"Cultist","floor":3,"turns":4},{"damage":21,"enemies":"Large Slime","floor":5,"turns":8},{"damage":43,"enemies":"3 Sentries","floor":7,"turns":14},{"damage":15,"enemies":"Gremlin Nob","floor":10,"turns":3}],"seed_played":"4076607180566696865","potions_obtained":[{"floor":3,"key":"ZuzhouPotion:ReiMu"},{"floor":7,"key":"FearPotion"}],"is_trial":false,"path_per_floor":["M","M","M","?","M","R","E","?","T","E"],"character_chosen":"THE_CURSED","items_purchased":[],"campfire_rested":0,"item_purchase_floors":[],"current_hp_per_floor":[76,76,76,76,55,55,12,12,12,0,0],"gold":142,"neow_bonus":"RANDOM_EVENT","is_daily":false,"chose_seed":false,"campfire_upgraded":1,"win_rate":0.0,"timestamp":1610138591,"path_taken":["M","M","M","?","M","R","E","?","T","E"],"items_purchased_type":[],"build_version":"2020-12-22","purchased_purges":0,"victory":false,"max_hp_per_floor":[81,81,81,81,81,81,81,81,81,81,81],"card_choices":[{"not_picked":["TheCursedMod:CursedShiv","TheCursedMod:Evocation"],"picked":"TheCursedMod:SpitefulStrike","floor":1},{"not_picked":["TheCursedMod:SmokeScreen","TheCursedMod:Torture"],"picked":"TheCursedMod:FleshFromBone","floor":2},{"not_picked":["TheCursedMod:SurpriseAttack","TheCursedMod:Torture"],"picked":"TheCursedMod:RapidMovement","floor":3},{"not_picked":["TheCursedMod:SmokeScreen","TheCursedMod:CircleOfFocus"],"picked":"TheCursedMod:SpitefulPlan","floor":5},{"not_picked":["TheCursedMod:CursedAmulet","TheCursedMod:BlessingInDisguise"],"picked":"TheCursedMod:CursedMace","floor":7}],"player_experience":364728,"relics_obtained":[{"floor":7,"key":"Eternal Feather"},{"floor":9,"key":"Replay:Bottled Eggs"}],"event_choices":[{"damage_healed":0,"gold_gain":0,"player_choice":"Box","damage_taken":0,"relics_obtained":["Darkstone Periapt"],"max_hp_gain":0,"max_hp_loss":0,"event_name":"Big Fish","floor":0,"gold_loss":0,"cards_obtained":["Regret"]},{"cards_removed":["TheCursedMod:Strike_TheCursed"],"damage_healed":0,"gold_gain":0,"player_choice":"Card Removal","damage_taken":0,"max_hp_gain":0,"max_hp_loss":0,"event_name":"The Cleric","floor":4,"gold_loss":50}],"is_beta":false,"boss_relics":[],"items_purged_floors":[],"is_endless":false,"potions_floor_spawned":[3,7],"killed_by":"Gremlin Nob","ascension_level":1}}