{"host":"6p0attdrtjqaih7v","time":1610137943,"event":{"mods":["2.2 Compatiblity","AchievementEnabler","Bard","BaseMod","Better Skull","Better Third Choice","Colored Powertips","Hermit","Highlight Path","Jorbs\u0027s Wanderer Trilogy","Key Reminder","Minty Spire (QoL Compilation)","Permanent Neow","Quick Restart","Random Character Button","Relic Stats","Replay The Spire","Robot Space Explorer","StSLib","TheArtist"],"gold_per_floor":[114,114,114,114,132,148,148,150,199,199,210,243,257,288,300,411,423,454,391,161,161,141,219,234,234,258,16,28,28,59,74,74,172,172,192,192,142,158,178,211,67,96,96,115,197,197,251,268,268,268,268,268,63,91,91],"floor_reached":56,"playtime":2984,"items_purged":["Writhe","RobotSpaceExplorer:Defend","RobotSpaceExplorer:Strike","RobotSpaceExplorer:Defend"],"score":1310,"play_id":"33342e81-a3cd-45c3-b485-9f7357f50b44","local_time":"20210108153223","is_ascension_mode":false,"campfire_choices":[{"data":"RobotSpaceExplorer:ToxicBomb","floor":7,"key":"SMITH"},{"data":"RobotSpaceExplorer:ExhaustFan","floor":10,"key":"SMITH"},{"data":"RobotSpaceExplorer:Accelerator","floor":15,"key":"SMITH"},{"data":"RobotSpaceExplorer:ToxicBomb","floor":15,"key":"SMITH"},{"data":"RobotSpaceExplorer:StarLightning","floor":25,"key":"SMITH"},{"data":"RobotSpaceExplorer:DualCore","floor":25,"key":"SMITH"},{"data":"RobotSpaceExplorer:ShockMissile","floor":29,"key":"SMITH"},{"data":"RobotSpaceExplorer:MiniLasers","floor":29,"key":"SMITH"},{"data":"RobotSpaceExplorer:Smokescreen","floor":32,"key":"SMITH"},{"data":"RobotSpaceExplorer:StunGrenade","floor":32,"key":"SMITH"},{"floor":49,"key":"RECALL"},{"floor":52,"key":"REST"}],"circlet_count":0,"master_deck":["RobotSpaceExplorer:Defend+1","RobotSpaceExplorer:Scan+1","RobotSpaceExplorer:MiniLasers+1","RobotSpaceExplorer:StarLightning+1","RobotSpaceExplorer:ToxicBomb+1","RobotSpaceExplorer:ExhaustFan+1","RobotSpaceExplorer:Accelerator+1","RobotSpaceExplorer:ToxicBomb+1","RobotSpaceExplorer:TrailblazerForm","RobotSpaceExplorer:Probe","RobotSpaceExplorer:StarLightning+1","Good Instincts","RobotSpaceExplorer:DualCore+1","RobotSpaceExplorer:StunGrenade+1","RobotSpaceExplorer:MiniDrones+1","RobotSpaceExplorer:ShockMissile+1","RobotSpaceExplorer:Smokescreen+1","RobotSpaceExplorer:ScrapMissile","RobotSpaceExplorer:Accelerator","RobotSpaceExplorer:Jetpack+1","RobotSpaceExplorer:ScrapShield+1","RobotSpaceExplorer:LaserBurst+1","RobotSpaceExplorer:ScrapToss+1","RobotSpaceExplorer:StarLightning+1","RobotSpaceExplorer:Probe+1"],"relics":["RobotSpaceExplorer:RoboCore","ReplayTheSpireMod:CursedCoin","Smiling Mask","Replay:Arrowhead","MawBank","Honey Jar","Mummified Hand","Anchor","Shuriken","Iron Hammer","Fusion Hammer","Pen Nib","Strange Spoon","Replay:Kaleidoscope","Bronze Scales","Unceasing Top","Medical Kit","Bag of Marbles"],"acts_visited":["Exordium","TheCity","TheBeyond","TheEnding"],"potions_floor_usage":[13,16,30,42,54,55,55,55],"damage_taken":[{"damage":0,"enemies":"Small Slimes","floor":1,"turns":4},{"damage":0,"enemies":"2 Louse","floor":5,"turns":2},{"damage":1,"enemies":"Jaw Worm","floor":6,"turns":2},{"damage":0,"enemies":"Blue Slaver","floor":11,"turns":3},{"damage":3,"enemies":"Gremlin Nob","floor":12,"turns":5},{"damage":0,"enemies":"Gremlin Gang","floor":13,"turns":4},{"damage":4,"enemies":"Replay:BlueRogue","floor":14,"turns":7},{"damage":4,"enemies":"Hexaghost","floor":16,"turns":10},{"damage":1,"enemies":"Shell Parasite","floor":18,"turns":5},{"damage":6,"enemies":"2 Thieves","floor":22,"turns":4},{"damage":1,"enemies":"Chosen and Byrds","floor":24,"turns":5},{"damage":0,"enemies":"Centurion and Healer","floor":28,"turns":4},{"damage":6,"enemies":"Slavers","floor":30,"turns":3},{"damage":0,"enemies":"3 Cultists","floor":31,"turns":4},{"damage":0,"enemies":"Champ","floor":33,"turns":7},{"damage":8,"enemies":"3 Shapes","floor":35,"turns":3},{"damage":0,"enemies":"3 Darklings","floor":38,"turns":5},{"damage":0,"enemies":"Transient","floor":39,"turns":5},{"damage":0,"enemies":"R_Hoarder","floor":40,"turns":6},{"damage":7,"enemies":"Reptomancer","floor":42,"turns":4},{"damage":0,"enemies":"Writhing Mass","floor":44,"turns":5},{"damage":3,"enemies":"2 Orb Walkers","floor":47,"turns":4},{"damage":0,"enemies":"Sphere and 2 Shapes","floor":48,"turns":2},{"damage":2,"enemies":"Donu and Deca","floor":50,"turns":5},{"damage":0,"enemies":"Shield and Spear","floor":54,"turns":4},{"damage":31,"enemies":"The Heart","floor":55,"turns":6}],"seed_played":"-3501773686803919368","potions_obtained":[{"floor":5,"key":"Dexterity Potion"},{"floor":11,"key":"RobotSpaceExplorer:RecyclePotion"},{"floor":12,"key":"SpeedPotion"},{"floor":14,"key":"Explosive Potion"},{"floor":24,"key":"RobotSpaceExplorer:RecyclePotion"},{"floor":28,"key":"Toxic Potion"},{"floor":30,"key":"BlessingOfTheForge"},{"floor":35,"key":"BlessingOfTheForge"},{"floor":42,"key":"Toxic Potion"},{"floor":47,"key":"Toxic Potion"},{"floor":54,"key":"AttackPotion"}],"is_trial":false,"path_per_floor":["M","?","?","?","M","M","R","$","T","R","M","E","M","E","R","B",null,"M","?","$","?","M","T","M","R","T","$","M","R","E","M","R","B",null,"M","?","$","M","M","E","$","E","T","M","?","?","?","M","R","B",null,"R","$","E","B",null],"character_chosen":"RobotSpaceExplorer","items_purchased":["ReplayTheSpireMod:CursedCoin","RobotSpaceExplorer:ExhaustFan","RobotSpaceExplorer:StarLightning","Good Instincts","RobotSpaceExplorer:DualCore","Shuriken","Strange Spoon","Medical Kit"],"campfire_rested":1,"item_purchase_floors":[8,8,20,20,20,27,41,53],"current_hp_per_floor":[75,60,60,65,65,64,64,64,64,64,64,61,61,57,57,53,80,79,79,79,79,73,73,72,72,72,72,72,72,66,66,66,66,80,72,72,72,72,72,72,72,65,65,65,65,65,62,62,62,60,80,80,80,80,49],"gold":91,"neow_bonus":"TRANSFORM_CARD","is_daily":false,"chose_seed":false,"campfire_upgraded":10,"win_rate":0.0,"timestamp":1610137943,"path_taken":["M","?","?","?","M","M","R","$","T","R","M","E","?","E","R","BOSS","M","?","$","?","?","?","?","R","T","?","M","R","E","M","R","BOSS","M","?","$","M","M","E","$","E","T","M","?","?","?","M","R","BOSS","R","$","E","BOSS"],"items_purchased_type":["Relic","Card","Card","Card","Card","Relic","Relic","Relic"],"build_version":"2020-12-22","purchased_purges":4,"victory":true,"max_hp_per_floor":[75,75,75,80,80,80,80,80,80,80,80,80,80,80,80,80,80,80,80,80,80,80,80,80,80,80,80,80,80,80,80,80,80,80,80,80,80,80,80,80,80,80,80,80,80,80,80,80,80,80,80,80,80,80,80],"relic_stats":{"Strange Spoon":[21],"counters":[26,118],"Mummified Hand":[89],"Shuriken":[67],"Bronze Scales":[110],"Pen Nib":[13],"Smiling Mask":225,"MawBank":72,"Medical Kit":[4],"obtain_stats":[{"ReplayTheSpireMod:CursedCoin":8,"RobotSpaceExplorer:RoboCore":0,"Pen Nib":40,"Replay:Kaleidoscope":42,"Smiling Mask":9,"MawBank":14,"Medical Kit":53,"Replay:Arrowhead":12,"keyreminder:keyreminder":30,"Strange Spoon":41,"Anchor":26,"Mummified Hand":23,"Shuriken":27,"Bronze Scales":45,"Honey Jar":17,"Iron Hammer":30,"Fusion Hammer":34,"Bag of Marbles":54,"Unceasing Top":47},{"ReplayTheSpireMod:CursedCoin":3,"RobotSpaceExplorer:RoboCore":0,"Pen Nib":19,"Replay:Kaleidoscope":20,"Smiling Mask":3,"MawBank":7,"Medical Kit":24,"Replay:Arrowhead":5,"keyreminder:keyreminder":13,"Strange Spoon":19,"Anchor":11,"Mummified Hand":10,"Shuriken":11,"Bronze Scales":21,"Honey Jar":8,"Iron Hammer":13,"Fusion Hammer":15,"Bag of Marbles":25,"Unceasing Top":22},{"ReplayTheSpireMod:CursedCoin":8,"RobotSpaceExplorer:RoboCore":0,"Pen Nib":88,"Replay:Kaleidoscope":92,"Smiling Mask":8,"MawBank":27,"Medical Kit":108,"Replay:Arrowhead":16,"keyreminder:keyreminder":58,"Strange Spoon":88,"Anchor":51,"Mummified Hand":46,"Shuriken":51,"Bronze Scales":97,"Honey Jar":37,"Iron Hammer":58,"Fusion Hammer":69,"Bag of Marbles":112,"Unceasing Top":101}],"Unceasing Top":[6]},"card_choices":[{"not_picked":["RobotSpaceExplorer:DoubleFind","RobotSpaceExplorer:ImprovisedAttack"],"picked":"RobotSpaceExplorer:StarLightning","floor":1},{"not_picked":["RobotSpaceExplorer:Counterblock","RobotSpaceExplorer:MakeshiftVolley"],"picked":"RobotSpaceExplorer:ToxicBomb","floor":5},{"not_picked":["RobotSpaceExplorer:Reload","RobotSpaceExplorer:FreezeRay","RobotSpaceExplorer:FreezingShield"],"picked":"SKIP","floor":6},{"not_picked":["RobotSpaceExplorer:Smokescreen","RobotSpaceExplorer:Ammunition","RobotSpaceExplorer:StunGrenade"],"picked":"SKIP","floor":11},{"not_picked":["RobotSpaceExplorer:ShovelStrike","RobotSpaceExplorer:StunGrenade"],"picked":"RobotSpaceExplorer:Accelerator","floor":12},{"not_picked":["RobotSpaceExplorer:Calculate","RobotSpaceExplorer:FranticSearch"],"picked":"RobotSpaceExplorer:ToxicBomb","floor":13},{"not_picked":["RobotSpaceExplorer:Counterblock","RobotSpaceExplorer:SlimeMissile","RobotSpaceExplorer:StarDust"],"picked":"SKIP","floor":14},{"not_picked":["RobotSpaceExplorer:Arsenal","RobotSpaceExplorer:ChargingLaser"],"picked":"RobotSpaceExplorer:TrailblazerForm","floor":16},{"not_picked":["RobotSpaceExplorer:RigExplosive","RobotSpaceExplorer:Electroshield"],"picked":"RobotSpaceExplorer:Probe","floor":18},{"not_picked":["RobotSpaceExplorer:FranticSearch","RobotSpaceExplorer:JunkDive"],"picked":"RobotSpaceExplorer:StunGrenade","floor":22},{"not_picked":["RobotSpaceExplorer:MiniBoosters","RobotSpaceExplorer:ScrapToss"],"picked":"RobotSpaceExplorer:MiniDrones+1","floor":24},{"not_picked":["RobotSpaceExplorer:Pulsar","RobotSpaceExplorer:SurgingStrike+1"],"picked":"RobotSpaceExplorer:ShockMissile","floor":28},{"not_picked":["RobotSpaceExplorer:Pulsar","RobotSpaceExplorer:Ammunition"],"picked":"RobotSpaceExplorer:Smokescreen","floor":30},{"not_picked":["RobotSpaceExplorer:MetalStrike","RobotSpaceExplorer:ImprovisedAttack"],"picked":"RobotSpaceExplorer:ScrapMissile","floor":31},{"not_picked":["RobotSpaceExplorer:Arsenal","RobotSpaceExplorer:Wormhole"],"picked":"RobotSpaceExplorer:Accelerator","floor":33},{"not_picked":["RobotSpaceExplorer:FranticSearch+1","RobotSpaceExplorer:FrostMissile+1"],"picked":"RobotSpaceExplorer:Jetpack+1","floor":35},{"not_picked":["RobotSpaceExplorer:Ammunition","RobotSpaceExplorer:GlueShot+1"],"picked":"RobotSpaceExplorer:ScrapShield+1","floor":38},{"not_picked":["RobotSpaceExplorer:SurgingShield","RobotSpaceExplorer:Discharger"],"picked":"RobotSpaceExplorer:LaserBurst+1","floor":39},{"not_picked":["RobotSpaceExplorer:Exploration","RobotSpaceExplorer:GlueSpray"],"picked":"RobotSpaceExplorer:ScrapToss+1","floor":40},{"not_picked":["RobotSpaceExplorer:Arsenal","RobotSpaceExplorer:SelfCleaning+1","RobotSpaceExplorer:Discharger+1"],"picked":"SKIP","floor":42},{"not_picked":["RobotSpaceExplorer:MetalStrike+1","RobotSpaceExplorer:ImprovisedAttack"],"picked":"RobotSpaceExplorer:StarLightning+1","floor":44},{"not_picked":["RobotSpaceExplorer:Calculate","RobotSpaceExplorer:MetalStrike+1"],"picked":"RobotSpaceExplorer:Probe+1","floor":47},{"not_picked":["RobotSpaceExplorer:Electropulse","RobotSpaceExplorer:Counterblock","RobotSpaceExplorer:Probe+1"],"picked":"SKIP","floor":48},{"not_picked":["RobotSpaceExplorer:FreezeRay+1","RobotSpaceExplorer:PowerGlove+1","RobotSpaceExplorer:SwiftStep+1"],"picked":"SKIP","floor":54}],"player_experience":793232,"relics_obtained":[{"floor":9,"key":"Smiling Mask"},{"floor":12,"key":"Replay:Arrowhead"},{"floor":14,"key":"MawBank"},{"floor":23,"key":"Mummified Hand"},{"floor":26,"key":"Anchor"},{"floor":30,"key":"Iron Hammer"},{"floor":40,"key":"Pen Nib"},{"floor":42,"key":"Replay:Kaleidoscope"},{"floor":45,"key":"Bronze Scales"},{"floor":47,"key":"Unceasing Top"},{"floor":54,"key":"Bag of Marbles"}],"event_choices":[{"damage_healed":0,"gold_gain":0,"player_choice":"Entered Light","damage_taken":15,"max_hp_gain":0,"max_hp_loss":0,"event_name":"Shining Light","floor":2,"gold_loss":0,"cards_upgraded":["RobotSpaceExplorer:Defend","RobotSpaceExplorer:StarLightning"]},{"damage_healed":0,"gold_gain":0,"player_choice":"Donut","damage_taken":0,"max_hp_gain":5,"max_hp_loss":0,"event_name":"Big Fish","floor":4,"gold_loss":0},{"cards_removed":["RobotSpaceExplorer:Defend"],"damage_healed":0,"gold_gain":0,"player_choice":"Gave Gold","damage_taken":0,"max_hp_gain":0,"max_hp_loss":0,"event_name":"Beggar","floor":19,"gold_loss":75},{"cards_removed":["RobotSpaceExplorer:Strike"],"damage_healed":0,"gold_gain":0,"player_choice":"Offered Basic","damage_taken":0,"max_hp_gain":0,"max_hp_loss":0,"event_name":"Bonfire Elementals","floor":21,"gold_loss":0},{"damage_healed":0,"gold_gain":0,"player_choice":"Ignored","damage_taken":0,"max_hp_gain":0,"max_hp_loss":0,"event_name":"Tomb of Lord Red Mask","floor":46,"gold_loss":0},{"damage_healed":0,"gold_gain":0,"player_choice":"Fight","damage_taken":0,"max_hp_gain":0,"max_hp_loss":0,"event_name":"Mysterious Sphere","floor":47,"gold_loss":0}],"is_beta":false,"boss_relics":[{"not_picked":["Black Star","Calling Bell"],"picked":"Honey Jar"},{"not_picked":["Ring of Chaos","Velvet Choker"],"picked":"Fusion Hammer"}],"items_purged_floors":[8,20,37,53],"is_endless":false,"potions_floor_spawned":[5,11,12,14,24,28,30,35,42,47,54],"ascension_level":0}}