{"host":"fjaupvxe7fzqrf4j","time":1610086490,"event":{"mods":["ATMod(°¢èªMod)","BaseMod","Minty Spire (QoL Compilation)","StSLib"],"gold_per_floor":[114,175,175,15,65,100,131,163,238,263,274,307,336,336,336,336,336],"floor_reached":16,"playtime":383,"items_purged":[],"score":438,"play_id":"b210d48a-9caa-492f-9ad4-4c38872db83f","local_time":"20210108141450","daily_mods":["SealedDeck","Heirloom","Time Dilation","Flight","Elite Swarm"],"is_ascension_mode":true,"campfire_choices":[{"data":"AT_ChampionStep","floor":15,"key":"SMITH"}],"circlet_count":0,"master_deck":["AscendersBane","EmptyFist","FollowUp","Consecrate","WheelKick","ClearTheMind","Wallop","Prostrate","AT_ChampionStep+1","Tantrum","Crescendo","Scrawl","Vault","Blasphemy","InnerPeace","Omniscience"],"relics":["PureWater","AT_ATBox","AT_RabadonDeathcap","AT_RedTearstoneRing","Toy Ornithopter","AT_LudenTempest","AT_GoldPhoenixTree","Yang","AT_BladeRuinedKing","Oddly Smooth Stone","Potion Belt"],"acts_visited":["Exordium"],"potions_floor_usage":[],"damage_taken":[{"damage":1,"enemies":"Jaw Worm","floor":1,"turns":2},{"damage":0,"enemies":"Gremlin Nob","floor":6,"turns":2},{"damage":6,"enemies":"3 Sentries","floor":7,"turns":3},{"damage":0,"enemies":"Lagavulin","floor":8,"turns":1},{"damage":21,"enemies":"3 Sentries","floor":10,"turns":4},{"damage":0,"enemies":"2 Louse","floor":11,"turns":1},{"damage":0,"enemies":"Lagavulin","floor":12,"turns":3},{"damage":12,"enemies":"3 Sentries","floor":13,"turns":2},{"damage":30,"enemies":"Hexaghost","floor":16,"turns":2}],"seed_played":"-7210902122403108997","potions_obtained":[{"floor":6,"key":"DistilledChaos"},{"floor":8,"key":"DistilledChaos"}],"is_trial":true,"path_per_floor":["M","?","?","$","?","E","E","E","T","E","M","E","E","T","R","B"],"character_chosen":"WATCHER","items_purchased":["AT_RedTearstoneRing"],"campfire_rested":0,"item_purchase_floors":[4],"current_hp_per_floor":[60,60,65,65,65,65,59,59,59,38,38,38,26,26,26,0,0],"gold":336,"neow_bonus":"","is_daily":false,"chose_seed":false,"campfire_upgraded":1,"win_rate":0.0,"timestamp":1610086490,"path_taken":["M","?","?","?","?","E","E","E","T","E","?","E","E","?","R","BOSS"],"items_purchased_type":["Relic"],"build_version":"2020-12-22","purchased_purges":0,"victory":false,"max_hp_per_floor":[68,68,73,73,73,73,73,73,73,73,73,73,73,73,73,73,73],"card_choices":[{"not_picked":["FlyingSleeves","EmptyBody","AT_DivineConfetti"],"picked":"SKIP","floor":1},{"not_picked":["Alpha","SpiritShield","Judgement"],"picked":"SKIP","floor":6},{"not_picked":["DevaForm","Alpha"],"picked":"Scrawl","floor":7},{"not_picked":["Establishment","AT_ChampionKick"],"picked":"Vault","floor":8},{"not_picked":["Wish","Establishment"],"picked":"Blasphemy","floor":10},{"not_picked":["Prostrate","ClearTheMind"],"picked":"InnerPeace","floor":11},{"not_picked":["AT_IrregularMenstruation","Establishment"],"picked":"Omniscience","floor":12},{"not_picked":["MasterReality","DeusExMachina","ConjureBlade"],"picked":"SKIP","floor":13}],"player_experience":364792,"relics_obtained":[{"floor":6,"key":"Toy Ornithopter"},{"floor":7,"key":"AT_LudenTempest"},{"floor":8,"key":"AT_GoldPhoenixTree"},{"floor":9,"key":"Yang"},{"floor":10,"key":"AT_BladeRuinedKing"},{"floor":12,"key":"Oddly Smooth Stone"},{"floor":13,"key":"Potion Belt"}],"event_choices":[{"damage_healed":0,"gold_gain":61,"player_choice":"Gained Gold","damage_taken":0,"max_hp_gain":0,"max_hp_loss":0,"event_name":"Golden Wing","floor":2,"gold_loss":0},{"damage_healed":0,"gold_gain":0,"player_choice":"Donut","damage_taken":0,"max_hp_gain":5,"max_hp_loss":0,"event_name":"Big Fish","floor":3,"gold_loss":0},{"damage_healed":0,"gold_gain":50,"player_choice":"Pray","damage_taken":0,"max_hp_gain":0,"max_hp_loss":0,"event_name":"Golden Shrine","floor":5,"gold_loss":0}],"is_beta":false,"boss_relics":[],"items_purged_floors":[],"is_endless":false,"potions_floor_spawned":[6,8,10,11],"killed_by":"Hexaghost","ascension_level":20}}