{"host":"lfkm02e6knrs2y3u","time":1610137422,"event":{"mods":["2.2 Compatiblity","AchievementEnabler","BaseMod","Colored Map","DeckTracker","Highlight Path","Minty Spire (QoL Compilation)","Random Character Button","Rare Cards Sparkle","StSLib"],"gold_per_floor":[116,66,66,66,81,81,115,128,178,205,219,219,219,253,253,351,351,351,351],"floor_reached":18,"playtime":660,"items_purged":[],"score":305,"play_id":"ae87a3f4-ebe6-4591-8791-bd7fc17528bf","local_time":"20210108212342","is_ascension_mode":true,"campfire_choices":[{"data":"Barrage","floor":6,"key":"SMITH"},{"data":"Sweeping Beam","floor":12,"key":"SMITH"},{"data":"Streamline","floor":15,"key":"SMITH"}],"circlet_count":0,"master_deck":["AscendersBane","Strike_B","Strike_B","Strike_B+1","Defend_B","Defend_B","Defend_B","Defend_B","Zap","Dualcast+1","Barrage+1","Leap","Sweeping Beam+1","Undo","Chill","Streamline+1","Creative AI"],"relics":["Cracked Core","NeowsBlessing","Oddly Smooth Stone","PreservedInsect","Nunchaku","Akabeko","Runic Pyramid"],"acts_visited":["Exordium","TheCity"],"potions_floor_usage":[16,16],"damage_taken":[{"damage":0,"enemies":"Small Slimes","floor":1,"turns":1},{"damage":0,"enemies":"2 Louse","floor":5,"turns":1},{"damage":0,"enemies":"Gremlin Nob","floor":7,"turns":1},{"damage":0,"enemies":"Cultist","floor":8,"turns":3},{"damage":12,"enemies":"Lagavulin","floor":10,"turns":6},{"damage":0,"enemies":"Large Slime","floor":11,"turns":5},{"damage":2,"enemies":"3 Sentries","floor":14,"turns":6},{"damage":5,"enemies":"The Guardian","floor":16,"turns":9},{"damage":7,"enemies":"Spheric Guardian","floor":18,"turns":5}],"seed_played":"-8550192788928274689","potions_obtained":[{"floor":5,"key":"DistilledChaos"},{"floor":7,"key":"Swift Potion"},{"floor":11,"key":"FocusPotion"}],"is_trial":false,"path_per_floor":["M","?","$","?","M","R","E","M","T","E","M","R","?","E","R","B",null,"M"],"character_chosen":"DEFECT","items_purchased":[],"campfire_rested":0,"item_purchase_floors":[],"current_hp_per_floor":[68,68,68,53,53,53,53,53,53,41,41,41,41,39,39,34,65,58,58],"gold":351,"neow_bonus":"THREE_ENEMY_KILL","is_daily":false,"chose_seed":false,"campfire_upgraded":3,"win_rate":0.0,"timestamp":1610137422,"path_taken":["M","?","$","?","M","R","E","M","T","E","M","R","?","E","R","BOSS","M"],"items_purchased_type":[],"build_version":"2020-12-22","purchased_purges":0,"victory":false,"max_hp_per_floor":[75,75,75,75,75,75,75,75,75,75,75,75,75,75,75,75,75,75,75],"card_choices":[{"not_picked":["Leap","Steam"],"picked":"Barrage","floor":1},{"not_picked":["Auto Shields","Blizzard","Steam Power"],"picked":"SKIP","floor":5},{"not_picked":["Double Energy","Auto Shields"],"picked":"Leap","floor":7},{"not_picked":["Coolheaded","Rip and Tear"],"picked":"Sweeping Beam","floor":8},{"not_picked":["Tempest","Reprogram"],"picked":"Undo","floor":10},{"not_picked":["Turbo","Sunder"],"picked":"Chill","floor":11},{"not_picked":["Steam Power","Compile Driver"],"picked":"Streamline","floor":14},{"not_picked":["Reboot","Biased Cognition"],"picked":"Creative AI","floor":16}],"player_experience":688231,"relics_obtained":[{"floor":7,"key":"Oddly Smooth Stone"},{"floor":9,"key":"PreservedInsect"},{"floor":10,"key":"Nunchaku"},{"floor":14,"key":"Akabeko"}],"event_choices":[{"cards_removed":["Strike_B"],"damage_healed":0,"gold_gain":0,"player_choice":"Card Removal","damage_taken":0,"max_hp_gain":0,"max_hp_loss":0,"event_name":"The Cleric","floor":2,"gold_loss":50},{"damage_healed":0,"gold_gain":0,"player_choice":"Entered Light","damage_taken":15,"max_hp_gain":0,"max_hp_loss":0,"event_name":"Shining Light","floor":4,"gold_loss":0,"cards_upgraded":["Strike_B","Dualcast"]},{"damage_healed":0,"gold_gain":0,"player_choice":"Bought 0 Potions","damage_taken":0,"max_hp_gain":0,"max_hp_loss":0,"event_name":"The Woman in Blue","floor":13,"gold_loss":0}],"is_beta":false,"boss_relics":[{"not_picked":["Pandora\u0027s Box","SacredBark"],"picked":"Runic Pyramid"}],"items_purged_floors":[],"is_endless":false,"potions_floor_spawned":[5,7,11,14],"killed_by":"Spheric Guardian","ascension_level":10}}