{"host":"h0xw20cia6ppa69g","time":1610106642,"event":{"mods":["AchievementEnabler","BaseMod","Colored Map","Filter the Spire","Googly Eyes","Minty Spire (QoL Compilation)","Relic Stats","StSLib","The Awakened One except there are too many feathers","everything is the same but u backflip on backflip"],"gold_per_floor":[111,111,211,231,211,251,39,39,39,89,111,111,153,176,176,313,376,406,4,29,29,29,29,74,98,98,143,34,67,76,108,108,240,240,255,278,320,344,712,762,789,789,789,789,861,861,906,320,320,320,320,320,37,86,86],"floor_reached":56,"playtime":3501,"items_purged":["Strike_B","Zap","Pain"],"score":1537,"play_id":"fd787196-ae59-4996-9fb6-43da92cc5758","local_time":"20210108055042","is_ascension_mode":true,"campfire_choices":[{"data":"Barrage","floor":8.0,"key":"SMITH"},{"data":"Defragment","floor":12.0,"key":"SMITH"},{"data":"Chaos","floor":15.0,"key":"SMITH"},{"data":"Recycle","floor":23.0,"key":"SMITH"},{"data":"Hologram","floor":32.0,"key":"SMITH"},{"floor":42,"key":"RECALL"},{"floor":44,"key":"REST"},{"data":"Discovery","floor":49,"key":"SMITH"},{"data":"Seek","floor":52,"key":"SMITH"}],"circlet_count":0,"master_deck":["Dualcast","Rainbow","Barrage+1","Go for the Eyes","Defragment+1","Turbo","Self Repair","Doom and Gloom","Machine Learning","Reinforced Body","Turbo","Chaos+1","Buffer","Creative AI","Force Field","Recycle+1","Glacier","Double Energy","Genetic Algorithm","Capacitor","Leap","Defragment","Loop","Thunder Strike","Heatsinks","Hologram+1","Turbo+1","Barrage+1","Seek+1","Force Field+1","Parasite","Stack+1","Skim+1","Double Energy+1","Discovery+1","PanicButton","Purity","Consume","Meteor Strike","Capacitor","Stack+1","Heatsinks","Turbo+1","Go for the Eyes+1","Static Discharge","Hologram","Conserve Battery+1"],"relics":["Cracked Core","Golden Idol","CeramicFish","PreservedInsect","Art of War","Bottled Lightning","Pandora\u0027s Box","Dead Branch","Tiny Chest","Mummified Hand","WarpedTongs","Black Star","Nunchaku","Old Coin","Sundial","Shuriken","Turnip","Lizard Tail","Happy Flower","Orichalcum","ClockworkSouvenir","HornCleat","Orrery","Du-Vu Doll","Blood Vial"],"acts_visited":["Exordium","TheCity","TheBeyond","TheEnding"],"potions_floor_usage":[55,55,55,55,55],"damage_taken":[{"damage":1.0,"enemies":"Jaw Worm","floor":1.0,"turns":3.0},{"damage":0.0,"enemies":"Cultist","floor":4.0,"turns":3.0},{"damage":38.0,"enemies":"Gremlin Nob","floor":6.0,"turns":5.0},{"damage":9.0,"enemies":"3 Sentries","floor":10.0,"turns":5.0},{"damage":0.0,"enemies":"Small Slimes","floor":11.0,"turns":3.0},{"damage":8.0,"enemies":"Gremlin Nob","floor":13.0,"turns":3.0},{"damage":0.0,"enemies":"Gremlin Gang","floor":14.0,"turns":1.0},{"damage":9.0,"enemies":"Slime Boss","floor":16.0,"turns":8.0},{"damage":7.0,"enemies":"3 Byrds","floor":18.0,"turns":5.0},{"damage":0.0,"enemies":"Shell Parasite","floor":20.0,"turns":8.0},{"damage":0.0,"enemies":"Gremlin Leader","floor":24.0,"turns":7.0},{"damage":0.0,"enemies":"Snecko","floor":25.0,"turns":5.0},{"damage":26.0,"enemies":"Slavers","floor":27.0,"turns":6.0},{"damage":0.0,"enemies":"Shelled Parasite and Fungi","floor":29.0,"turns":6.0},{"damage":0.0,"enemies":"Sentry and Sphere","floor":31.0,"turns":4.0},{"damage":16.0,"enemies":"Champ","floor":33.0,"turns":8.0},{"damage":6.0,"enemies":"Orb Walker","floor":35.0,"turns":4.0},{"damage":26.0,"enemies":"3 Shapes","floor":36.0,"turns":6.0},{"damage":6.0,"enemies":"Writhing Mass","floor":37.0,"turns":8.0},{"damage":32.0,"enemies":"2 Orb Walkers","floor":39.0,"turns":4.0},{"damage":15.0,"enemies":"Nemesis","floor":40.0,"turns":9.0},{"damage":5,"enemies":"Mind Bloom Boss Battle","floor":45,"turns":8},{"damage":13,"enemies":"Reptomancer","floor":47,"turns":8},{"damage":8,"enemies":"Time Eater","floor":50,"turns":11},{"damage":30,"enemies":"Shield and Spear","floor":54,"turns":4},{"damage":0,"enemies":"The Heart","floor":55,"turns":9}],"seed_played":"8113441113075297154","potions_obtained":[{"floor":1.0,"key":"FearPotion"},{"floor":4.0,"key":"PotionOfCapacity"},{"floor":5.0,"key":"EssenceOfSteel"},{"floor":10.0,"key":"AttackPotion"},{"floor":16.0,"key":"PowerPotion"},{"floor":20.0,"key":"EntropicBrew"},{"floor":27.0,"key":"Ancient Potion"}],"is_trial":false,"path_per_floor":["M","?","?","M","?","E","$","R","T","E","M","R","E","M","R","B",null,"M","$","M","?","?","R","E","M","T","E","$","M","?","M","R","B",null,"M","M","M","T","?","E","?","R","T","R","?","T","E","$","R","B",null,"R","$","E","B",null],"character_chosen":"DEFECT","items_purchased":["Turbo","Self Repair","Doom and Gloom","Dead Branch","Heatsinks","Hologram","Capacitor","ClockworkSouvenir","HornCleat","Orrery","SpeedPotion","Static Discharge","Hologram"],"campfire_rested":1,"item_purchase_floors":[7,7,7,19,28,28,48,48,48,53,53,53,53],"current_hp_per_floor":[74,56,56,56,56,18,18,18,18,16,23,23,22,22,22,20,75,75,75,75,75,75,75,75,75,75,56,56,63,63,63,63,54,75,69,57,58,58,33,25,15,15,15,37,39,39,40,40,40,39,75,75,75,52,61],"gold":86,"neow_bonus":"ONE_RANDOM_RARE_CARD","is_daily":false,"chose_seed":false,"campfire_upgraded":7,"win_rate":0.0,"timestamp":1610106642,"path_taken":["M","?","?","?","?","E","$","R","T","E","?","R","E","M","R","BOSS","M","$","M","?","?","R","E","M","T","E","?","?","?","M","R","BOSS","M","M","M","?","?","E","?","R","T","R","?","?","E","$","R","BOSS","R","$","E","BOSS"],"items_purchased_type":["Card","Card","Card","Relic","Card","Card","Card","Relic","Relic","Relic","Potion","Card","Card"],"build_version":"2020-12-22","purchased_purges":3,"victory":true,"max_hp_per_floor":[75,75,75,75,75,75,75,75,75,75,75,75,75,75,75,75,75,75,75,75,75,75,75,75,75,75,75,75,75,75,75,75,75,75,75,75,75,75,75,75,75,75,75,75,75,75,75,75,75,75,75,75,75,75,75],"relic_stats":{"Happy Flower":[8],"counters":[26,150],"Golden Idol":242,"CeramicFish":405,"Dead Branch":[121],"PreservedInsect":310,"Orichalcum":[0],"WarpedTongs":[82],"Blood Vial":2,"Nunchaku":[6],"Lizard Tail":0,"Mummified Hand":[181],"Sundial":[4],"Shuriken":[7],"Pandora\u0027s Box":["Sweeping Beam","Creative AI","Force Field","Recycle","Glacier","Double Energy","Genetic Algorithm"],"Tiny Chest":2,"Turnip":[2],"Art of War":[49],"Black Star":3,"obtain_stats":[{"CeramicFish":6,"Old Coin":39,"ClockworkSouvenir":48,"Blood Vial":54,"Nunchaku":38,"Lizard Tail":46,"HornCleat":48,"Mummified Hand":27,"Sundial":40,"Tiny Chest":24,"Cracked Core":0,"Happy Flower":47,"Golden Idol":2,"Dead Branch":19,"PreservedInsect":9,"Orichalcum":47,"WarpedTongs":30,"Du-Vu Doll":54,"Shuriken":43,"Orrery":53,"Pandora\u0027s Box":17,"Turnip":45,"Art of War":10,"Black Star":34,"Bottled Lightning":13},{"CeramicFish":3,"Old Coin":20,"ClockworkSouvenir":23,"Blood Vial":25,"Nunchaku":19,"Lizard Tail":22,"HornCleat":23,"Mummified Hand":13,"Sundial":21,"Tiny Chest":11,"Cracked Core":0,"Happy Flower":23,"Golden Idol":1,"Dead Branch":9,"PreservedInsect":3,"Orichalcum":23,"WarpedTongs":14,"Du-Vu Doll":25,"Shuriken":21,"Orrery":24,"Pandora\u0027s Box":8,"Turnip":22,"Art of War":4,"Black Star":16,"Bottled Lightning":6},{"CeramicFish":11,"Old Coin":101,"ClockworkSouvenir":126,"Blood Vial":141,"Nunchaku":97,"Lizard Tail":118,"HornCleat":126,"Mummified Hand":62,"Sundial":110,"Tiny Chest":51,"Cracked Core":0,"Happy Flower":126,"Golden Idol":3,"Dead Branch":36,"PreservedInsect":11,"Orichalcum":126,"WarpedTongs":68,"Du-Vu Doll":141,"Shuriken":110,"Orrery":137,"Pandora\u0027s Box":31,"Turnip":118,"Art of War":16,"Black Star":79,"Bottled Lightning":22}]},"card_choices":[{"not_picked":["Self Repair","Hologram"],"picked":"Barrage","floor":1.0},{"not_picked":["Streamline","Redo"],"picked":"Go for the Eyes","floor":4.0},{"not_picked":["FTL","Steam Power"],"picked":"Defragment","floor":6.0},{"not_picked":["Blizzard","Turbo"],"picked":"Machine Learning","floor":10.0},{"not_picked":["Streamline","Ball Lightning"],"picked":"Reinforced Body","floor":11.0},{"not_picked":["Loop","Static Discharge"],"picked":"Turbo","floor":13.0},{"not_picked":["Ball Lightning","Go for the Eyes"],"picked":"Chaos","floor":14.0},{"not_picked":["Thunder Strike","Amplify"],"picked":"Buffer","floor":16.0},{"not_picked":["Go for the Eyes","Steam"],"picked":"Capacitor","floor":18.0},{"not_picked":["Redo","Go for the Eyes+1"],"picked":"Leap","floor":20.0},{"not_picked":["Doom and Gloom","Go for the Eyes"],"picked":"Defragment","floor":24.0},{"not_picked":["Beam Cell","Go for the Eyes"],"picked":"Loop","floor":25.0},{"not_picked":["Steam","Go for the Eyes"],"picked":"Thunder Strike","floor":27.0},{"not_picked":["Barrage","Stack"],"picked":"Turbo+1","floor":29.0},{"not_picked":["Gash","Rebound"],"picked":"Barrage+1","floor":31.0},{"not_picked":["Electrodynamics","Buffer"],"picked":"Seek","floor":33.0},{"not_picked":["Rebound","Barrage","Leap"],"picked":"SKIP","floor":35.0},{"not_picked":["Barrage","Hello World"],"picked":"Force Field+1","floor":36.0},{"not_picked":["Steam+1","Reprogram"],"picked":"Stack+1","floor":37.0},{"not_picked":["Rip and Tear","Barrage+1"],"picked":"Skim+1","floor":39.0},{"not_picked":["Heatsinks+1","Darkness"],"picked":"Double Energy+1","floor":40},{"not_picked":["Chrysalis","Dramatic Entrance"],"picked":"Discovery","floor":41},{"not_picked":["Finesse","Madness"],"picked":"PanicButton","floor":41},{"not_picked":["Jack Of All Trades","Impatience"],"picked":"Purity","floor":41},{"not_picked":["Storm+1","Steam"],"picked":"Consume","floor":45},{"not_picked":["BootSequence","Consume+1"],"picked":"Meteor Strike","floor":47},{"not_picked":["Ball Lightning+1","Reboot"],"picked":"Stack+1","floor":53},{"not_picked":["Tempest+1","Seek"],"picked":"Heatsinks","floor":53},{"not_picked":["Barrage","Rebound"],"picked":"Turbo+1","floor":53},{"not_picked":["Barrage+1","Steam Power"],"picked":"Go for the Eyes+1","floor":53},{"not_picked":["Compile Driver+1","Scrape+1"],"picked":"Conserve Battery+1","floor":54}],"player_experience":3662359,"relics_obtained":[{"floor":6.0,"key":"CeramicFish"},{"floor":9.0,"key":"PreservedInsect"},{"floor":10.0,"key":"Art of War"},{"floor":13.0,"key":"Bottled Lightning"},{"floor":24.0,"key":"Tiny Chest"},{"floor":27.0,"key":"Mummified Hand"},{"floor":38.0,"key":"Nunchaku"},{"floor":39.0,"key":"Old Coin"},{"floor":40,"key":"Sundial"},{"floor":43,"key":"Shuriken"},{"floor":45,"key":"Turnip"},{"floor":46,"key":"Lizard Tail"},{"floor":47,"key":"Happy Flower"},{"floor":47,"key":"Orichalcum"},{"floor":54,"key":"Du-Vu Doll"},{"floor":54,"key":"Blood Vial"}],"event_choices":[{"damage_healed":0.0,"max_hp_gain":0.0,"max_hp_loss":0.0,"gold_gain":0.0,"event_name":"Golden Idol","player_choice":"Take Damage","floor":2.0,"gold_loss":0.0,"damage_taken":18.0,"relics_obtained":["Golden Idol"]},{"damage_healed":0.0,"max_hp_gain":0.0,"max_hp_loss":0.0,"gold_gain":100.0,"event_name":"Golden Shrine","player_choice":"Pray","floor":3.0,"gold_loss":0.0,"damage_taken":0.0},{"damage_healed":0.0,"max_hp_gain":0.0,"max_hp_loss":0.0,"gold_gain":0.0,"event_name":"The Woman in Blue","player_choice":"Bought 1 Potion","floor":5.0,"gold_loss":0.0,"damage_taken":0.0},{"cards_removed":["Sweeping Beam"],"damage_healed":0.0,"max_hp_gain":0.0,"max_hp_loss":0.0,"gold_gain":0.0,"event_name":"Back to Basics","player_choice":"Elegance","floor":21.0,"gold_loss":0.0,"damage_taken":0.0},{"damage_healed":0.0,"max_hp_gain":0.0,"max_hp_loss":0.0,"gold_gain":0.0,"event_name":"Accursed Blacksmith","player_choice":"Rummage","floor":30.0,"gold_loss":0.0,"damage_taken":0.0,"relics_obtained":["WarpedTongs"],"cards_obtained":["Pain"]},{"damage_healed":0.0,"max_hp_gain":0.0,"max_hp_loss":0.0,"gold_gain":0.0,"event_name":"Mysterious Sphere","player_choice":"Fight","floor":39.0,"gold_loss":0.0,"damage_taken":0.0},{"damage_healed":0,"gold_gain":0,"player_choice":"Memory 3","damage_taken":10,"max_hp_gain":0,"max_hp_loss":0,"event_name":"SensoryStone","floor":41,"gold_loss":0},{"damage_healed":0,"gold_gain":0,"player_choice":"Fight","damage_taken":0,"max_hp_gain":0,"max_hp_loss":0,"event_name":"MindBloom","floor":45,"gold_loss":0}],"is_beta":false,"boss_relics":[{"not_picked":["Ectoplasm","Inserter"],"picked":"Pandora\u0027s Box"},{"not_picked":["Busted Crown","Snecko Eye"],"picked":"Black Star"}],"items_purged_floors":[7,19,48],"is_endless":false,"potions_floor_spawned":[1,4,10,16,20,27,31,35,39,45,54],"ascension_level":1}}