{"host":"xpk7f5wncxr280f7","time":1610131705,"event":{"mods":["AchievementEnabler","Astrologer","BaseMod","Colored Map","Colored Powertips","Highlight Path","Hubris","Ironclad Rager","Luminous","Minty Spire (QoL Compilation)","Permanent Neow","Quick Restart","Rare Cards Sparkle","Relic Stats","Remove Card Discount Mod","Reorder Act Four","StSLib","The Senshi","TheArtist"],"gold_per_floor":[118,135,151,151,170,170,20,54,54,64,79,79,92,109,109,205,205,180,192,192,467,467,467,479,479,479],"floor_reached":25,"playtime":1513,"items_purged":["Dualcast"],"score":230,"play_id":"0dee0515-a86f-4a5c-ad61-bda0a8efe4d2","local_time":"20210108104825","is_ascension_mode":true,"campfire_choices":[{"data":"Redo","floor":6,"key":"SMITH"},{"data":"Hologram","floor":12,"key":"SMITH"},{"floor":15,"key":"REST"},{"data":"Defragment","floor":23,"key":"SMITH"}],"circlet_count":0,"master_deck":["Strike_B","Strike_B","Strike_B","Strike_B","Defend_B","Defend_B","Defend_B","Defend_B","Zap","Cold Snap","Redo+1","Redo+1","Redo","Hologram+1","Sweeping Beam","FTL","Genetic Algorithm","Coolheaded","Seek","Defragment+1","Regret"],"relics":["Inserter","Membership Card","theSenshi:FeatherClipsRelic","Velvet Choker"],"acts_visited":["Exordium","TheCity"],"potions_floor_usage":[8,10,22,22],"damage_taken":[{"damage":4,"enemies":"Small Slimes","floor":1,"turns":4},{"damage":0,"enemies":"Cultist","floor":2,"turns":4},{"damage":4,"enemies":"Jaw Worm","floor":3,"turns":5},{"damage":11,"enemies":"2 Fungi Beasts","floor":5,"turns":6},{"damage":30,"enemies":"3 Sentries","floor":8,"turns":15},{"damage":5,"enemies":"Gremlin Gang","floor":10,"turns":3},{"damage":1,"enemies":"Blue Slaver","floor":11,"turns":5},{"damage":3,"enemies":"Exordium Wildlife","floor":13,"turns":3},{"damage":6,"enemies":"2 Fungi Beasts","floor":14,"turns":3},{"damage":34,"enemies":"Hexaghost","floor":16,"turns":16},{"damage":26,"enemies":"2 Thieves","floor":18,"turns":5},{"damage":0,"enemies":"3 Byrds","floor":19,"turns":8},{"damage":14,"enemies":"Snecko","floor":22,"turns":5},{"damage":32,"enemies":"Snake Plant","floor":24,"turns":6},{"damage":28,"enemies":"Book of Stabbing","floor":25,"turns":5}],"seed_played":"5565322038670152621","potions_obtained":[{"floor":2,"key":"Swift Potion"},{"floor":8,"key":"Explosive Potion"},{"floor":10,"key":"SmokeBomb"},{"floor":13,"key":"Energy Potion"}],"is_trial":false,"path_per_floor":["M","M","M","?","M","R","$","E","T","M","M","R","M","M","R","B",null,"M","M","?","?","M","R","M","E"],"character_chosen":"DEFECT","items_purchased":["Membership Card"],"campfire_rested":1,"item_purchase_floors":[7],"current_hp_per_floor":[71,71,67,67,56,56,56,26,26,27,32,32,35,35,57,29,75,55,61,61,61,53,53,27,0,0],"gold":479,"neow_bonus":"BOSS_RELIC","is_daily":false,"chose_seed":false,"campfire_upgraded":3,"win_rate":0.0,"timestamp":1610131705,"path_taken":["M","M","M","?","?","R","?","E","T","M","?","R","M","M","R","BOSS","M","M","?","?","?","R","M","E"],"items_purchased_type":["Relic"],"build_version":"2020-12-22","purchased_purges":1,"victory":false,"max_hp_per_floor":[75,75,75,75,75,75,75,75,75,75,75,75,75,75,75,75,75,75,75,75,75,75,75,75,75,75],"relic_stats":{"Inserter":[44],"counters":[15,93],"obtain_stats":[{"Inserter":0,"Velvet Choker":17,"theSenshi:FeatherClipsRelic":8,"Membership Card":7,"Cracked Core":0},{"Inserter":0,"Velvet Choker":10,"theSenshi:FeatherClipsRelic":5,"Membership Card":4,"Cracked Core":0},{"Inserter":0,"Velvet Choker":64,"theSenshi:FeatherClipsRelic":34,"Membership Card":19,"Cracked Core":0}]},"card_choices":[{"not_picked":["Gash","Double Energy"],"picked":"Cold Snap","floor":1},{"not_picked":["Streamline","Fusion"],"picked":"Redo","floor":2},{"not_picked":["White Noise","Melter"],"picked":"Redo","floor":3},{"not_picked":["Turbo","Rebound"],"picked":"Redo","floor":5},{"not_picked":["Conserve Battery","Storm"],"picked":"Hologram","floor":8},{"not_picked":["Go for the Eyes","Streamline"],"picked":"Sweeping Beam","floor":10},{"not_picked":["Leap","Undo"],"picked":"FTL","floor":11},{"not_picked":["Creative AI","Barrage"],"picked":"Genetic Algorithm","floor":13},{"not_picked":["Reinforced Body","Reprogram"],"picked":"Coolheaded","floor":14},{"not_picked":["Thunder Strike","All For One"],"picked":"Seek","floor":16},{"not_picked":["Streamline","Rebound"],"picked":"Defragment","floor":18},{"not_picked":["Streamline","Sunder","Conserve Battery"],"picked":"SKIP","floor":19},{"not_picked":["Gash","hubris:Ukulele","Redo"],"picked":"SKIP","floor":24}],"player_experience":243959,"relics_obtained":[{"floor":8,"key":"theSenshi:FeatherClipsRelic"}],"event_choices":[{"damage_healed":0,"gold_gain":0,"player_choice":"Upgraded","damage_taken":0,"max_hp_gain":0,"max_hp_loss":0,"event_name":"Upgrade Shrine","floor":4,"gold_loss":0,"cards_upgraded":["Redo"]},{"damage_healed":0,"gold_gain":0,"player_choice":"Ignored","damage_taken":0,"max_hp_gain":0,"max_hp_loss":0,"event_name":"Cursed Tome","floor":20,"gold_loss":0},{"damage_healed":0,"gold_gain":275,"player_choice":"Desecrate","damage_taken":0,"max_hp_gain":0,"max_hp_loss":0,"event_name":"Golden Shrine","floor":21,"gold_loss":0,"cards_obtained":["Regret"]}],"is_beta":false,"boss_relics":[{"not_picked":["SacredBark","hubris:HollowSoul"],"picked":"Velvet Choker"}],"items_purged_floors":[7],"is_endless":false,"potions_floor_spawned":[2,8,10,13],"killed_by":"Book of Stabbing","ascension_level":2}}