{"host":"nqsrckqog5ia9mbo","time":1610137712,"event":{"mods":["AchievementEnabler","BaseMod","Colored Map","Highlight Path","Minty Spire (QoL Compilation)","StSLib"],"gold_per_floor":[111,111,111,186,31,64,239,239,239,75,106,106,123,140,140,235,235,252,252,252,271,14,14,14,14],"floor_reached":24,"playtime":1060,"items_purged":["Strike_P","Defend_P"],"score":250,"play_id":"e5c85f03-82c2-4c49-80f6-038290bfc002","local_time":"20210108212832","is_ascension_mode":false,"campfire_choices":[{"data":"1","floor":8,"key":"LIFT"},{"data":"2","floor":12,"key":"LIFT"},{"data":"3","floor":15,"key":"LIFT"},{"data":"DevaForm","floor":23,"key":"SMITH"}],"circlet_count":0,"master_deck":["Strike_P","Defend_P","Defend_P","Eruption","Vigilance","BowlingBash","SandsOfTime","Halt","Vengeance","Collect","WheelKick","Worship","DevaForm+1","Consecrate"],"relics":["PureWater","NeowsBlessing","Girya","Omamori","Juzu Bracelet","Vajra","Art of War","Empty Cage","Boot","Lantern"],"acts_visited":["Exordium","TheCity"],"potions_floor_usage":[21],"damage_taken":[{"damage":0,"enemies":"Jaw Worm","floor":1,"turns":1},{"damage":0,"enemies":"3 Sentries","floor":6,"turns":1},{"damage":0,"enemies":"Lagavulin","floor":11,"turns":1},{"damage":0,"enemies":"Small Slimes","floor":13,"turns":3},{"damage":0,"enemies":"2 Louse","floor":14,"turns":1},{"damage":3,"enemies":"Slime Boss","floor":16,"turns":5},{"damage":35,"enemies":"Spheric Guardian","floor":18,"turns":6},{"damage":34,"enemies":"3 Byrds","floor":21,"turns":5},{"damage":8,"enemies":"Sentry and Sphere","floor":24,"turns":2}],"seed_played":"1815491750821391894","potions_obtained":[{"floor":6,"key":"Explosive Potion"},{"floor":11,"key":"SteroidPotion"},{"floor":16,"key":"GamblersBrew"}],"is_trial":false,"path_per_floor":["M","?","?","?","$","E","?","R","T","$","E","R","M","M","R","B",null,"M","?","?","M","$","R","M"],"character_chosen":"WATCHER","items_purchased":["Omamori","Halt","Vengeance","Lantern"],"campfire_rested":0,"item_purchase_floors":[5,10,10,22],"current_hp_per_floor":[72,65,70,59,59,59,59,59,59,59,59,59,59,59,59,56,77,42,42,42,8,8,8,0,0],"gold":14,"neow_bonus":"THREE_ENEMY_KILL","is_daily":false,"chose_seed":false,"campfire_upgraded":1,"win_rate":0.0,"timestamp":1610137712,"path_taken":["M","?","?","?","?","E","?","R","T","$","E","R","M","M","R","BOSS","M","?","?","M","$","R","M"],"items_purchased_type":["Relic","Card","Card","Relic"],"build_version":"2020-12-22","purchased_purges":2,"victory":false,"max_hp_per_floor":[72,72,77,77,77,77,77,77,77,77,77,77,77,77,77,77,77,77,77,77,77,77,77,77,77],"card_choices":[{"not_picked":["SashWhip","Fasting2"],"picked":"BowlingBash","floor":1},{"not_picked":["FearNoEvil","BowlingBash"],"picked":"SandsOfTime","floor":6},{"not_picked":["SignatureMove","SashWhip"],"picked":"Collect","floor":11},{"not_picked":["SashWhip","Sanctity"],"picked":"WheelKick","floor":13},{"not_picked":["FlurryOfBlows","FollowUp"],"picked":"Worship","floor":14},{"not_picked":["Omniscience","Vault"],"picked":"DevaForm","floor":16},{"not_picked":["EmptyBody","InnerPeace","JustLucky+1"],"picked":"SKIP","floor":18},{"not_picked":["PathToVictory","ThirdEye"],"picked":"Consecrate","floor":21}],"player_experience":169824,"relics_obtained":[{"floor":6,"key":"Juzu Bracelet"},{"floor":9,"key":"Vajra"},{"floor":11,"key":"Art of War"}],"event_choices":[{"damage_healed":0,"gold_gain":0,"player_choice":"Success","damage_taken":7,"relics_obtained":["Girya"],"max_hp_gain":0,"max_hp_loss":0,"event_name":"Scrap Ooze","floor":2,"gold_loss":0},{"damage_healed":0,"gold_gain":0,"player_choice":"Donut","damage_taken":0,"max_hp_gain":5,"max_hp_loss":0,"event_name":"Big Fish","floor":3,"gold_loss":0},{"damage_healed":0,"gold_gain":75,"player_choice":"Gather Gold","damage_taken":11,"max_hp_gain":0,"max_hp_loss":0,"event_name":"World of Goop","floor":4,"gold_loss":0},{"damage_healed":0,"gold_gain":175,"player_choice":"AGREE","damage_taken":0,"max_hp_gain":0,"max_hp_loss":0,"event_name":"Liars Game","floor":7,"gold_loss":0,"cards_obtained":["Doubt"]},{"cards_removed":["Defend_P"],"damage_healed":0,"gold_gain":0,"player_choice":"Elegance","damage_taken":0,"max_hp_gain":0,"max_hp_loss":0,"event_name":"Back to Basics","floor":19,"gold_loss":0},{"damage_healed":0,"gold_gain":0,"player_choice":"Opened","damage_taken":0,"relics_obtained":["Boot"],"max_hp_gain":0,"max_hp_loss":0,"event_name":"The Mausoleum","floor":20,"gold_loss":0,"cards_obtained":["Writhe"]}],"is_beta":false,"boss_relics":[{"not_picked":["Runic Pyramid","Velvet Choker"],"picked":"Empty Cage"}],"items_purged_floors":[10,22],"is_endless":false,"potions_floor_spawned":[6,11,16],"killed_by":"Sentry and Sphere","ascension_level":0}}