{"host":"6r341r9cz00j2qc1","time":1610142655,"event":{"mods":["BaseMod","Better Third Choice","Downfall","GungeonMod","Hermit","Lobotomy","LobotomyExtend","Minty Spire (QoL Compilation)","Replay The Spire","Shop Mod","StSLib"],"gold_per_floor":[112,10,10,10,30,30,59,76,76,76,104,104,130,130,130,227,227,238,250,250,261,275,275,294,294,294],"floor_reached":4,"playtime":2014,"items_purged":[],"score":91,"play_id":"b3fadc75-dc60-4f83-ac68-b3a27e619bf9","local_time":"20210108225055","is_ascension_mode":false,"campfire_choices":[{"data":"Spot Weakness","floor":6,"key":"SMITH"},{"data":"Body Slam","floor":10,"key":"SMITH"},{"floor":12,"key":"REST"},{"floor":15,"key":"DIG"}],"circlet_count":0,"master_deck":["Funeral","Strike_R","Strike_R","Strike_R","Strike_R","Strike_R","Defend_R","Defend_R","Defend_R","Defend_R","OSAHOGD","Body Slam","Spot Weakness+1","Armaments+1","OldLady","Run Through","Scorched","Body Slam+1","Shrug It Off","LaLuna","FairyFestival","Evolve","QueenOfHatred","Armaments","Wellcheers","Twin Strike+1","BigBadWolf","Dual Wield","BigBird"],"relics":["Burning Blood","CogitoBucket","PreservedInsect","Darkstone Periapt","Orichalcum","SolemnVow_r","DemoMod:MemoryAlloy","Pantograph","Replay:Bronze Core","HellTrain","LetterFromLob"],"acts_visited":["Exordium","TheCity"],"potions_floor_usage":[16,16,4,4,4],"damage_taken":[{"damage":6,"enemies":"Jaw Worm","floor":1,"turns":4},{"damage":5,"enemies":"Cultist","floor":5,"turns":4},{"damage":30,"enemies":"3 Sentries","floor":7,"turns":8},{"damage":5,"enemies":"2 Louse","floor":8,"turns":2},{"damage":12,"enemies":"Lagavulin","floor":11,"turns":4},{"damage":0,"enemies":"3 Sentries","floor":13,"turns":4},{"damage":71,"enemies":"Fading Forest","floor":16,"turns":11},{"damage":34,"enemies":"Shell Parasite","floor":18,"turns":9},{"damage":16,"enemies":"3 Byrds","floor":19,"turns":4},{"damage":30,"enemies":"Snake Plant","floor":21,"turns":4},{"damage":0,"enemies":"Small Slimes","floor":1,"turns":1},{"damage":0,"enemies":"2 Louse","floor":3,"turns":2},{"damage":178,"enemies":"Jaw Worm","floor":4,"turns":6}],"seed_played":"-7814941370490929843","potions_obtained":[{"floor":7,"key":"BlessingOfTheForge"},{"floor":8,"key":"Reflective Coating"},{"floor":13,"key":"Strength Potion"},{"floor":16,"key":"LiquidBronze"},{"floor":18,"key":"Weak Potion"}],"is_trial":false,"path_per_floor":["M","$","?","?","M","R","E","M","T","R","E","R","E","?","R","B",null,"M","M","?","M","M","M","?","M","M"],"character_chosen":"IRONCLAD","items_purchased":["Spot Weakness","Armaments"],"campfire_rested":1,"item_purchase_floors":[2,2],"current_hp_per_floor":[80,80,80,80,80,80,56,57,57,57,52,76,80,80,80,22,80,53,49,80,57,80,80,80,0,0],"gold":294,"neow_bonus":"","is_daily":false,"chose_seed":false,"campfire_upgraded":2,"win_rate":0.0,"timestamp":1610142655,"path_taken":["M","$","?","?","M","R","E","?","T","R","E","R","E","?","R","BOSS","M","?","?","?","M","M","?","?","M"],"items_purchased_type":["Card","Card"],"build_version":"2020-12-22","purchased_purges":0,"victory":false,"max_hp_per_floor":[80,80,80,80,80,80,80,80,80,80,80,80,80,80,80,80,80,80,80,80,80,80,80,80,80,80],"card_choices":[{"not_picked":["CherryBlossoms","BeautyBeast"],"picked":"OSAHOGD","floor":1},{"not_picked":["Replay:Undeath\u0027s Touch","Power Through"],"picked":"Body Slam","floor":1},{"not_picked":["PunishingBird","WallGazer","Scorched"],"picked":"Singing Bowl","floor":5},{"not_picked":["BigBadWolf","LittlePrince"],"picked":"OldLady","floor":5},{"not_picked":["ReplayTheSpireMod:Strike From Hell","Sever Soul"],"picked":"Run Through","floor":5},{"not_picked":["MHz","WallGazer","VoidDream"],"picked":"Singing Bowl","floor":7},{"not_picked":["VoidDream","MeatLantern"],"picked":"Scorched","floor":7},{"not_picked":["Whirlwind","Havoc"],"picked":"Body Slam","floor":7},{"not_picked":["Freischutz","Murderer"],"picked":"Funeral","floor":8},{"not_picked":["Heavy Blade","Havoc"],"picked":"Shrug It Off","floor":8},{"not_picked":["MeatLantern","HappyTeddy","BeautyBeast"],"picked":"Singing Bowl","floor":11},{"not_picked":["HappyTeddy","QueenBee"],"picked":"LaLuna","floor":11},{"not_picked":["Replay:Undeath\u0027s Touch","Shrug It Off"],"picked":"Impervious","floor":11},{"not_picked":["UniverseFragment","WallGazer","ShyLook"],"picked":"Singing Bowl","floor":13},{"not_picked":["GalaxyChild","LittleHelper"],"picked":"FairyFestival","floor":13},{"not_picked":["Defy Death","Headbutt"],"picked":"Evolve","floor":13},{"not_picked":["BeautyBeast","SpiderBud"],"picked":"Mercenary","floor":16},{"not_picked":["Feed","Double Tap"],"picked":"Berserk","floor":16},{"not_picked":["ShyLook","LittleHelper"],"picked":"QueenOfHatred","floor":18},{"not_picked":["DemoMod:WhiteBlade","Iron Wave"],"picked":"Armaments","floor":18},{"not_picked":["DreamingCurrent","GreedKing","Yin"],"picked":"Singing Bowl","floor":19},{"not_picked":["PunishingBird","VoidDream"],"picked":"Wellcheers","floor":19},{"not_picked":["True Grit","Seeing Red"],"picked":"Twin Strike+1","floor":19},{"not_picked":["ShyLook","Murderer","MHz"],"picked":"Singing Bowl","floor":21},{"not_picked":["Intimidate+1","Hemogenesis","Dropkick"],"picked":"SKIP","floor":21},{"not_picked":["BigBird","ShyLook"],"picked":"BigBadWolf","floor":1},{"not_picked":["Warcry","True Grit"],"picked":"Armaments","floor":1},{"not_picked":["HappyTeddy","CherryBlossoms"],"picked":"BigBird","floor":3},{"not_picked":["Fire Breathing","DemoMod:BlackBlade","Intimidate"],"picked":"SKIP","floor":3}],"player_experience":487671,"relics_obtained":[{"floor":1,"key":"LetterFromLob"},{"floor":7,"key":"PreservedInsect"},{"floor":9,"key":"Darkstone Periapt"},{"floor":11,"key":"Orichalcum"},{"floor":13,"key":"DemoMod:MemoryAlloy"},{"floor":15,"key":"Pantograph"},{"floor":1,"key":"LetterFromLob"}],"event_choices":[{"damage_healed":0,"gold_gain":0,"player_choice":"Grow","damage_taken":0,"max_hp_gain":0,"max_hp_loss":0,"event_name":"Living Wall","floor":3,"gold_loss":0,"cards_upgraded":["Armaments"]},{"cards_removed":["Spot Weakness"],"damage_healed":0,"gold_gain":0,"player_choice":"Offered Uncommon","damage_taken":0,"max_hp_gain":0,"max_hp_loss":0,"event_name":"Bonfire Elementals","floor":4,"gold_loss":0},{"damage_healed":0,"gold_gain":0,"player_choice":"Got Potions","damage_taken":0,"max_hp_gain":0,"max_hp_loss":0,"event_name":"Lab","floor":14,"gold_loss":0},{"damage_healed":31,"gold_gain":0,"player_choice":"Full Heal","damage_taken":0,"max_hp_gain":0,"max_hp_loss":0,"event_name":"Wheel of Change","floor":20,"gold_loss":0},{"damage_healed":0,"gold_gain":0,"cards_transformed":["Berserk"],"player_choice":"Transformed","damage_taken":0,"max_hp_gain":0,"max_hp_loss":0,"event_name":"Transmorgrifier","floor":2,"gold_loss":0,"cards_obtained":["Dual Wield"]}],"is_beta":false,"boss_relics":[{"not_picked":["Velvet Choker","Replay:Wanted Poster"],"picked":"Replay:Bronze Core"}],"items_purged_floors":[],"is_endless":false,"potions_floor_spawned":[7,8,13,16,18],"killed_by":"Jaw Worm","ascension_level":0}}