{"host":"6h0diz2ap0m56grs","time":1610144627,"event":{"mods":["2.2 Compatiblity","BaseMod","Colored Map","Marisa????????","Minty Spire (QoL Compilation)","Quick Restart","Replay The Spire","Shop Mod","StSLib","The Servant 0.9.4"],"gold_per_floor":[111,127,137,137,137,167,195,225,300,300,336,372,412,412,412,541,541,556,584,854,878,721,759,759,792,816,852,852,852,878,916,916,1041,1041,1059,1312,1241,1257,929,964,998,1036,1036,1036,1075,1111,706,769,769,769],"floor_reached":51,"playtime":1660,"items_purged":["Rearm"],"score":1446,"play_id":"f32b93ff-4bd8-4e92-ac56-2c785402bc62","local_time":"20210108162347","daily_mods":["SealedDeck","Heirloom","Time Dilation","Flight"],"is_ascension_mode":true,"campfire_choices":[{"data":"SilverBlades","floor":15,"key":"SMITH"},{"data":"Sunlight","floor":24,"key":"SMITH"},{"data":"Barrier","floor":28,"key":"SMITH"},{"data":"SurpressingFire","floor":29,"key":"SMITH"},{"data":"SurpressingFire","floor":32,"key":"SMITH"},{"data":"SilverBlades","floor":44,"key":"SMITH"},{"data":"SurpressingFire","floor":49,"key":"SMITH"}],"circlet_count":0,"master_deck":["Rearm","Starlight","Moondial","Defy","Ricochet","SurpressingFire+1","Orbit","SurpressingFire+1","SilverBlades+1","Desolation","Barrier+1","Dilation","Misdirection","Sunlight+1","Misdirection","GearUp","Gouge+1","InstantArmor","Gouge+1","SilverBlades+1","DancingSilver+1","SurpressingFire+1","Desolation","GearUp+1"],"relics":["Uniform","replay:Trail_Library","ReplayTheSpireMod:Lightbulb","Counterbalance","Replay:Wax Seal","Golden Idol","Lantern","Tiny Chest","Coffee Dripper","MerchantsRug","ClockworkSouvenir","RomanBracelet","Ancient Tea Set","Bronze Scales","Vajra","Sozu","Orichalcum","Iron Hammer","Replay:Bottled Flurry","Anchor","Smiling Mask","ReplayFunnel","Frozen Egg 2","Bag of Marbles","Membership Card","ReplayTheSpireMod:Ninjato","Toy Ornithopter","CatCart"],"acts_visited":["Exordium","TheCity","TheBeyond"],"potions_floor_usage":[7,22,50,50],"damage_taken":[{"damage":0,"enemies":"Cultist","floor":1,"turns":3},{"damage":0,"enemies":"Small Slimes","floor":2,"turns":3},{"damage":0,"enemies":"Jaw Worm","floor":3,"turns":3},{"damage":0,"enemies":"Lagavulin","floor":6,"turns":5},{"damage":0,"enemies":"3 Sentries","floor":7,"turns":3},{"damage":7,"enemies":"Gremlin Nob","floor":8,"turns":4},{"damage":0,"enemies":"Lagavulin","floor":11,"turns":5},{"damage":4,"enemies":"Gremlin Nob","floor":12,"turns":4},{"damage":0,"enemies":"Lagavulin","floor":13,"turns":6},{"damage":14,"enemies":"The Guardian","floor":16,"turns":7},{"damage":0,"enemies":"Chosen","floor":18,"turns":4},{"damage":0,"enemies":"Spheric Guardian","floor":21,"turns":3},{"damage":2,"enemies":"Book of Stabbing","floor":23,"turns":3},{"damage":0,"enemies":"Gremlin Leader","floor":25,"turns":3},{"damage":2,"enemies":"Slavers","floor":27,"turns":2},{"damage":0,"enemies":"Gremlin Leader","floor":31,"turns":4},{"damage":0,"enemies":"Automaton","floor":33,"turns":7},{"damage":0,"enemies":"3 Darklings","floor":35,"turns":2},{"damage":0,"enemies":"Orb Walker","floor":38,"turns":2},{"damage":0,"enemies":"Reptomancer","floor":40,"turns":2},{"damage":0,"enemies":"Nemesis","floor":41,"turns":3},{"damage":0,"enemies":"R_Hoarder","floor":42,"turns":4},{"damage":0,"enemies":"Reptomancer","floor":45,"turns":2},{"damage":0,"enemies":"R_Hoarder","floor":46,"turns":5},{"damage":0,"enemies":"Orin","floor":48,"turns":5},{"damage":0,"enemies":"Donu and Deca","floor":50,"turns":4}],"seed_played":"-2462551611373084414","potions_obtained":[{"floor":2,"key":"Weak Potion"},{"floor":6,"key":"Energy Potion"},{"floor":7,"key":"EssenceOfSteel"},{"floor":12,"key":"Swift Potion"},{"floor":16,"key":"PowerPotion"},{"floor":21,"key":"Fruit Juice"},{"floor":27,"key":"Languid Potion"}],"is_trial":true,"path_per_floor":["M","M","M","?","$","E","E","E","T","?","E","E","E","?","R","B",null,"M","$","?","M","$","E","R","E","T","E","R","R","T","E","R","B",null,"M","?","$","M","$","E","E","E","T","R","E","E","$","?","R","B",null],"character_chosen":"THE_SERVANT","items_purchased":["MerchantsRug","ClockworkSouvenir","Orichalcum","SilverBlades","Iron Hammer","Membership Card","ReplayTheSpireMod:Ninjato","Toy Ornithopter"],"campfire_rested":0,"item_purchase_floors":[19,22,37,39,39,47,47,47],"current_hp_per_floor":[65,65,65,65,65,65,65,58,58,42,42,38,38,43,43,29,70,70,70,43,43,48,46,46,46,46,51,51,51,51,51,51,51,82,82,62,62,62,62,62,62,62,62,62,62,62,62,62,62,72],"gold":769,"neow_bonus":"","is_daily":false,"chose_seed":false,"campfire_upgraded":7,"win_rate":0.0,"timestamp":1610144627,"path_taken":["M","M","?","?","$","E","E","E","T","?","E","E","E","?","R","BOSS","M","$","?","?","$","E","R","E","T","E","R","R","?","E","R","BOSS","M","?","$","?","$","E","E","E","T","R","E","E","$","?","R","BOSS"],"items_purchased_type":["Relic","Relic","Relic","Card","Relic","Relic","Relic","Relic"],"build_version":"2020-12-22","purchased_purges":1,"victory":true,"max_hp_per_floor":[65,65,65,65,65,65,65,65,65,65,65,65,65,70,70,70,70,70,70,70,70,75,75,75,75,75,82,82,82,82,82,82,82,82,82,82,82,82,82,82,82,82,82,82,82,82,82,82,82,82],"card_choices":[{"not_picked":["Unruled","Rearm"],"picked":"Desolation","floor":1},{"not_picked":["MoonPhase","BottledTime","Rearm"],"picked":"SKIP","floor":2},{"not_picked":["DoubleEdge","Rewind"],"picked":"Barrier","floor":3},{"not_picked":["DoubleEdge","Collapse","Replace"],"picked":"SKIP","floor":6},{"not_picked":["DualDimension","MoonPhase"],"picked":"Dilation","floor":7},{"not_picked":["TimeWarp","Rearm","Starlight"],"picked":"SKIP","floor":8},{"not_picked":["ReturningBlade","TimeWarp","Rewind"],"picked":"SKIP","floor":11},{"not_picked":["Shuttle","LightFlow"],"picked":"Misdirection","floor":12},{"not_picked":["Defy","Rewind","TrueSight"],"picked":"SKIP","floor":13},{"not_picked":["SilverMatrix","ForgedInTime"],"picked":"Sunlight","floor":16},{"not_picked":["BestPractice","Rewind+1","ReturningBlade"],"picked":"SKIP","floor":18},{"not_picked":["Barrier","BottledTime+1","Manipulate"],"picked":"SKIP","floor":21},{"not_picked":["Spin+1","RealityMarble","Hightail"],"picked":"SKIP","floor":23},{"not_picked":["Potential","Defy+1","FloweringNight"],"picked":"SKIP","floor":25},{"not_picked":["Deadline","Starlight+1"],"picked":"Misdirection","floor":27},{"not_picked":["WasteNot+1","Foresight"],"picked":"Gouge+1","floor":31},{"not_picked":["Starlight","Rearm+1","Replace"],"picked":"SKIP","floor":35},{"not_picked":["GearUp","TimeWarp+1"],"picked":"Gouge+1","floor":36},{"not_picked":["Alleviate","ReturningBlade","Initiator"],"picked":"SKIP","floor":38},{"not_picked":["StarChef","Initiator","Potential+1"],"picked":"SKIP","floor":40},{"not_picked":["FastForward+1","Starlight","Unruled+1"],"picked":"SKIP","floor":41},{"not_picked":["Spin","TimeWarp"],"picked":"DancingSilver+1","floor":42},{"not_picked":["ShatteredReality+1","Unruled","BestPractice+1"],"picked":"SKIP","floor":45},{"not_picked":["Replace+1","Desolation","TimeWarp+1"],"picked":"SKIP","floor":46},{"not_picked":["Replace+1","TimeWarp+1"],"picked":"Desolation","floor":46},{"not_picked":["Barrier","TheWorld"],"picked":"GearUp+1","floor":48}],"player_experience":129710,"relics_obtained":[{"floor":6,"key":"ReplayTheSpireMod:Lightbulb"},{"floor":7,"key":"Counterbalance"},{"floor":8,"key":"Replay:Wax Seal"},{"floor":9,"key":"Replay:Bottled Snecko"},{"floor":11,"key":"Lantern"},{"floor":12,"key":"Boot"},{"floor":13,"key":"Tiny Chest"},{"floor":23,"key":"RomanBracelet"},{"floor":25,"key":"Ancient Tea Set"},{"floor":26,"key":"Pet Ghost"},{"floor":27,"key":"Strawberry"},{"floor":30,"key":"Bronze Scales"},{"floor":31,"key":"Vajra"},{"floor":40,"key":"Replay:Bottled Flurry"},{"floor":41,"key":"Anchor"},{"floor":42,"key":"Smiling Mask"},{"floor":43,"key":"ReplayFunnel"},{"floor":45,"key":"Frozen Egg 2"},{"floor":46,"key":"Bag of Marbles"},{"floor":48,"key":"CatCart"}],"event_choices":[{"damage_healed":0,"gold_gain":0,"player_choice":"Ignored","damage_taken":0,"max_hp_gain":0,"max_hp_loss":0,"event_name":"Liars Game","floor":4,"gold_loss":0},{"damage_healed":0,"gold_gain":0,"player_choice":"Take Damage","damage_taken":16,"relics_obtained":["Golden Idol"],"max_hp_gain":0,"max_hp_loss":0,"event_name":"Golden Idol","floor":10,"gold_loss":0},{"damage_healed":0,"gold_gain":0,"player_choice":"Donut","damage_taken":0,"max_hp_gain":5,"max_hp_loss":0,"event_name":"Big Fish","floor":14,"gold_loss":0},{"damage_healed":0,"gold_gain":270,"player_choice":"GOLD GOLD GOLD ","damage_taken":27,"max_hp_gain":0,"max_hp_loss":0,"event_name":"Knowing Skull","floor":20,"potions_obtained":[],"gold_loss":0,"cards_obtained":[]},{"damage_healed":0,"gold_gain":0,"player_choice":"Fight","damage_taken":0,"max_hp_gain":0,"max_hp_loss":0,"event_name":"OrinTheCat","floor":48,"gold_loss":0}],"is_beta":false,"boss_relics":[{"not_picked":["Replay:Ancient Bell","Snecko Heart"],"picked":"Coffee Dripper"},{"not_picked":["StoneMask","Busted Crown"],"picked":"Sozu"}],"items_purged_floors":[47],"is_endless":false,"potions_floor_spawned":[2,6,7,12,13,16,18,21,27,31,41,42,45],"ascension_level":1}}