{"host":"7zdktqb5xjtif29d","time":1610144621,"event":{"mods":["AchievementEnabler","BaseMod","Colored Map","Colored Powertips","Highlight Path","Minty Spire (QoL Compilation)","Rare Cards Sparkle","SuperFastMode","Waifu the Spire","everything is the same but u backflip on backflip"],"gold_per_floor":[113,188,188,188,203,203,278,289,336,336,21,21,51,63,63,165,165,175,90,108,108,108,108],"floor_reached":22,"playtime":663,"items_purged":[],"score":182,"play_id":"fb7bf433-870b-466e-a238-2c3907b1cb9f","local_time":"20210108222341","is_ascension_mode":false,"campfire_choices":[{"data":"Creative AI","floor":6.0,"key":"SMITH"},{"data":"Defragment","floor":10,"key":"SMITH"},{"floor":12,"key":"REST"},{"floor":15,"key":"REST"}],"circlet_count":0,"master_deck":["Strike_B","Strike_B","Strike_B","Strike_B","Defend_B","Defend_B","Defend_B","Defend_B","Zap","Dualcast","Creative AI+1","Defragment+1","Ball Lightning","Loop","Ball Lightning","Conserve Battery","Thunder Strike","Force Field"],"relics":["Cracked Core","PreservedInsect","Membership Card","Prayer Wheel","Art of War","Runic Pyramid","Tiny Chest"],"acts_visited":["TheCity"],"potions_floor_usage":[],"damage_taken":[{"damage":1.0,"enemies":"Jaw Worm","floor":1.0,"turns":3.0},{"damage":7.0,"enemies":"Small Slimes","floor":5.0,"turns":3.0},{"damage":13,"enemies":"Cultist","floor":8,"turns":6},{"damage":21,"enemies":"3 Sentries","floor":13,"turns":4},{"damage":9,"enemies":"Blue Slaver","floor":14,"turns":3},{"damage":45,"enemies":"Hexaghost","floor":16,"turns":8},{"damage":28,"enemies":"Shell Parasite","floor":18,"turns":6},{"damage":30,"enemies":"2 Thieves","floor":20,"turns":4},{"damage":49,"enemies":"Shelled Parasite and Fungi","floor":22,"turns":4}],"seed_played":"-4827769146016961391","potions_obtained":[{"floor":1.0,"key":"FearPotion"},{"floor":5.0,"key":"Energy Potion"},{"floor":13,"key":"SpeedPotion"}],"is_trial":false,"path_per_floor":["M","?","?","?","M","R","?","M","T","R","$","R","E","M","R","B",null,"M","?","M","?","M"],"character_chosen":"DEFECT","items_purchased":["Membership Card","Prayer Wheel","Loop"],"campfire_rested":2,"item_purchase_floors":[11,11,11],"current_hp_per_floor":[53,42,67,67,60,60,53,40,40,40,40,62,41,32,54,9,75,47,47,17,42,0,0],"gold":108,"neow_bonus":"THREE_RARE_CARDS","is_daily":false,"chose_seed":false,"campfire_upgraded":2,"win_rate":0.0,"timestamp":1610144621,"path_taken":["M","?","?","?","?","R","?","M","T","R","?","R","E","M","R","BOSS","M","?","M","?","M"],"items_purchased_type":["Relic","Relic","Card"],"build_version":"2020-12-22","purchased_purges":0,"victory":false,"max_hp_per_floor":[75,75,75,75,75,75,75,75,75,75,75,75,75,75,75,75,75,75,75,75,75,75,75],"card_choices":[{"not_picked":["Machine Learning","Multi-Cast"],"picked":"Creative AI","floor":0.0},{"not_picked":["Blizzard","Aggregate","Undo"],"picked":"SKIP","floor":1.0},{"not_picked":["Go for the Eyes","Stack"],"picked":"Defragment","floor":5.0},{"not_picked":["Double Energy","Leap"],"picked":"Ball Lightning","floor":8},{"not_picked":["Blizzard","Gash"],"picked":"Ball Lightning","floor":13},{"not_picked":["Streamline","Go for the Eyes"],"picked":"Conserve Battery","floor":14},{"not_picked":["Compile Driver","Double Energy","Hologram"],"picked":"SKIP","floor":14},{"not_picked":["Echo Form","All For One"],"picked":"Thunder Strike","floor":16},{"not_picked":["Recycle","Leap","Rebound"],"picked":"SKIP","floor":18},{"not_picked":["Hologram","Consume","Steam"],"picked":"SKIP","floor":18},{"not_picked":["Steam","Rebound+1"],"picked":"Force Field","floor":20},{"not_picked":["Consume","Beam Cell","Steam Power"],"picked":"SKIP","floor":20}],"player_experience":208188,"relics_obtained":[{"floor":9,"key":"PreservedInsect"},{"floor":13,"key":"Art of War"}],"event_choices":[{"damage_healed":0.0,"max_hp_gain":0.0,"max_hp_loss":0.0,"gold_gain":75.0,"event_name":"World of Goop","player_choice":"Gather Gold","floor":2.0,"gold_loss":0.0,"damage_taken":11.0},{"damage_healed":25.0,"max_hp_gain":0.0,"max_hp_loss":0.0,"gold_gain":0.0,"event_name":"Big Fish","player_choice":"Banana","floor":3.0,"gold_loss":0.0,"damage_taken":0.0},{"damage_healed":0.0,"max_hp_gain":0.0,"max_hp_loss":0.0,"gold_gain":0.0,"event_name":"NoteForYourself","player_choice":"Ignored","floor":4.0,"gold_loss":0.0,"damage_taken":0.0},{"damage_healed":0,"gold_gain":75,"player_choice":"Touch","damage_taken":7,"max_hp_gain":0,"max_hp_loss":0,"event_name":"FaceTrader","floor":7,"gold_loss":0},{"damage_healed":0,"gold_gain":0,"player_choice":"Obtained Relic","damage_taken":0,"relics_obtained":["Tiny Chest"],"max_hp_gain":0,"max_hp_loss":0,"event_name":"Addict","floor":19,"gold_loss":85},{"damage_healed":25,"gold_gain":0,"player_choice":"Heal","damage_taken":0,"max_hp_gain":0,"max_hp_loss":0,"event_name":"The Library","floor":21,"gold_loss":0}],"is_beta":false,"boss_relics":[{"not_picked":["Coffee Dripper","Tiny House"],"picked":"Runic Pyramid"}],"items_purged_floors":[],"is_endless":false,"potions_floor_spawned":[1,5,13,20],"killed_by":"Shelled Parasite and Fungi","ascension_level":0}}