{"host":"acw864156wjp8gcv","time":1610126785,"event":{"mods":["2.2 Compatiblity","AchievementEnabler","Aspiration","BaseMod","Beaked The Cultist","Better Altar","Better Match","Better Note","Better Sensory Stone","Better Silent Start","Better Skull","Better Third Choice","Better Vampires","BetterRewards","Challenge The Spire","Colored Map","Colored Powertips","Conspire","Curses Come First","Downfall","Energized Spire","GifTheSpireLib","Halation","Hubris","Infinite Spire","Ironclad Rager","Jedi Mod","Mimic Mod","Minty Spire (QoL Compilation)","Permanent Neow","Relic Sorter","Replay The Spire","Shop Mod","Spicy Shops","Spikes Relics","StSLib","Stuff the Spire","The Blue Laboratory","The Construct","The Jungle","Wandering Minibosses","everything is the same but u backflip on backflip","vexMod"],"gold_per_floor":[112,112,70,70,70,104,104,122,122,135,161,120,120,152,152,251,251,266,1016,1016,293,304,329,329,354,393,393,408,423,451,466,466,565,565,582,633,608,608,608,639,651,685,685,685,698,717,717,729,729,729,729,729,75,109,109],"floor_reached":56,"playtime":2055,"items_purged":["construct:Defend_Gold+2"],"score":2355,"play_id":"835a972b-e180-40e6-8445-2d95e6d007a0","local_time":"20210108112625","is_ascension_mode":true,"campfire_choices":[{"data":"PlatinumSkin","floor":7,"key":"SMITH"},{"data":"construct:FlakBarrage","floor":13,"key":"SMITH"},{"data":"construct:FlakBarrage+1","floor":15,"key":"SMITH"},{"data":"construct:SweepLaser","floor":15,"key":"SMITH"},{"data":"construct:SweepLaser+1","floor":24,"key":"SMITH"},{"data":"construct:GuardCore+1","floor":24,"key":"SMITH"},{"data":"construct:BatteryCore+1","floor":27,"key":"SMITH"},{"data":"construct:LaserCore","floor":27,"key":"SMITH"},{"data":"construct:LaserCore+1","floor":32,"key":"SMITH"},{"data":"construct:GuardCore","floor":32,"key":"SMITH"},{"data":"construct:HardReboot+1","floor":44,"key":"SMITH"},{"data":"construct:GuardCore+1","floor":44,"key":"SMITH"},{"data":"construct:GuardCore","floor":47,"key":"SMITH"},{"floor":49,"key":"RECALL"},{"floor":52,"key":"REST"}],"circlet_count":0,"master_deck":["construct:Strike_Gold+2","construct:Strike_Gold+2","construct:Strike_Gold+2","construct:Strike_Gold+2","construct:Defend_Gold+2","construct:Defend_Gold+2","construct:Defend_Gold+2","construct:Defend_Gold+2","construct:DefenseMode+2","construct:AttackMode+2","construct:Strike_Gold+2","Master of Strategy+1","PlatinumSkin+1","construct:FlakBarrage+2","construct:BatteryCore+2","construct:LaserCore+2","construct:HardReboot+2","hubris:DuctTapeCard","construct:GuardCore+2","construct:GuardCore+2","construct:GuardCore+2"],"relics":["construct:ClockworkPhoenix","hubris:Icosahedron","Replay:Arrowhead","Chemical X","Nunchaku","Orichalcum","halation:BlackBeret","infinitespire:Golems Mask","conspire:TreasureMap","jedi:shrinkray","Incense Burner","halation:Thesaurus","Strawberry","construct:MasterCore","conspire:BottledYoYo","halation:VictoryRuler","halation:PromiseList","ReplayTheSpireMod:Ring of Addiction","White Beast Statue","SacredBark","Replay:Baseball","BicycleWheel","Lizard Tail","beaked:SacredDeck","wanderingMiniBosses:MasterThiefsPresence","Matryoshka","Orrery","jedi:archwizardhat","jedi:crownofsimplicity","halation:BottledLove","construct:PurpleEmber","Gremlin Food","Akabeko","vexMod:CursedCompass","Du-Vu Doll","hubris:DuctTape","aspiration:RandomNobGenerator","jedi:arcanewood","StuffTheSpire:ForceGauntlet","Shuriken","Sling","jedi:Pinwheel","ReplayTheSpireMod:Shallot","vexMod:InvisibilityCloak"],"acts_visited":["Exordium","TheCity","TheBeyond","TheEnding"],"potions_floor_usage":[6,11,29,29,30,35,36,41,45,46,46,46],"damage_taken":[{"damage":0,"enemies":"Small Slimes","floor":1,"turns":2},{"damage":0,"enemies":"Lagavulin","floor":6,"turns":4},{"damage":0,"enemies":"conspire:RoseBush","floor":8,"turns":1},{"damage":0,"enemies":"2 Louse","floor":10,"turns":1},{"damage":0,"enemies":"3 Sentries","floor":11,"turns":2},{"damage":0,"enemies":"Lagavulin","floor":14,"turns":4},{"damage":0,"enemies":"Fading Forest","floor":16,"turns":5},{"damage":0,"enemies":"2 Thieves","floor":18,"turns":2},{"damage":0,"enemies":"conspire:FuzzyDice","floor":19,"turns":4},{"damage":4,"enemies":"Centurion and Healer","floor":22,"turns":2},{"damage":0,"enemies":"Gremlin Leader","floor":23,"turns":1},{"damage":0,"enemies":"Slavers","floor":25,"turns":2},{"damage":0,"enemies":"Snecko","floor":26,"turns":2},{"damage":0,"enemies":"Snecko","floor":28,"turns":2},{"damage":0,"enemies":"3 Cultists","floor":29,"turns":2},{"damage":0,"enemies":"Gremlin Leader","floor":30,"turns":2},{"damage":0,"enemies":"Centurion and Healer","floor":31,"turns":1},{"damage":6,"enemies":"hubris:MusketHawk","floor":33,"turns":3},{"damage":10,"enemies":"3 Shapes","floor":35,"turns":1},{"damage":0,"enemies":"2 Orb Walkers","floor":36,"turns":1},{"damage":0,"enemies":"Nightmare","floor":40,"turns":1},{"damage":0,"enemies":"Orb Walker","floor":41,"turns":1},{"damage":0,"enemies":"R_Hoarder","floor":42,"turns":2},{"damage":0,"enemies":"4 Shapes","floor":45,"turns":1},{"damage":0,"enemies":"Transient","floor":46,"turns":2},{"damage":0,"enemies":"Sphere and 2 Shapes","floor":48,"turns":2},{"damage":0,"enemies":"Awakened One","floor":50,"turns":2},{"damage":10,"enemies":"Shield and Spear","floor":54,"turns":2},{"damage":46,"enemies":"The Heart","floor":55,"turns":4}],"seed_played":"8321732057003587518","potions_obtained":[{"floor":4,"key":"FearPotion"},{"floor":4,"key":"blueLaboratory:HorrorPotion"},{"floor":4,"key":"Swift Potion"},{"floor":8,"key":"Dexterity Potion"},{"floor":11,"key":"blueLaboratory:BottleOfVodka"},{"floor":30,"key":"Energy Potion"},{"floor":31,"key":"SpeedPotion"},{"floor":33,"key":"Energy Potion"},{"floor":35,"key":"Energy Potion"},{"floor":36,"key":"LifebloodPotion"},{"floor":42,"key":"SpeedPotion"},{"floor":45,"key":"Fire Potion"},{"floor":46,"key":"blueLaboratory:BottleOfRum"},{"floor":48,"key":"SneckoOil"},{"floor":54,"key":"FairyPotion"}],"is_trial":false,"path_per_floor":["M","?","$","?","?","E","R","M","T","M","E","$","R","E","R","B",null,"M","M","?","$","M","E","R","E","MIM","R","M","M","E","M","R","B",null,"M","?","?","?","AVR","NM","M","E","T","R","M","M","R","M","R","B",null,"R","$","E","B",null],"character_chosen":"THE_CONSTRUCT_MOD","items_purchased":["Chemical X","Nunchaku","Orichalcum","infinitespire:Golems Mask","conspire:TreasureMap","jedi:shrinkray","Master of Strategy","RollingBoulder","halation:Thesaurus","construct:MasterCore","conspire:BottledYoYo","halation:PromiseList","PlatinumSkin","construct:GuardCore","Matryoshka","Orrery","jedi:archwizardhat","Sling","jedi:Pinwheel","ReplayTheSpireMod:Shallot"],"campfire_rested":1,"item_purchase_floors":[0,0,0,0,0,0,0,0,0,0,0,3,3,12,21,21,21,53,53,53],"current_hp_per_floor":[83,83,83,83,83,83,83,83,83,83,83,83,83,83,83,88,88,86,86,86,84,80,80,80,80,80,80,80,80,80,80,80,74,78,68,68,68,68,68,68,68,88,88,88,88,88,88,88,88,88,92,92,90,80,34],"gold":109,"neow_bonus":"","is_daily":false,"chose_seed":false,"campfire_upgraded":13,"win_rate":0.0,"timestamp":1610126785,"path_taken":["M","?","$","?","?","E","R","M","T","M","E","?","R","E","R","BOSS","M","M","?","$","M","E","R","E","MIM","R","M","?","E","M","R","BOSS","M","?","?","?","AVR","NM","M","E","T","R","M","M","R","M","R","BOSS","R","$","E","BOSS"],"items_purchased_type":["Relic","Relic","Relic","Relic","Relic","Relic","Card","Relic","Relic","Relic","Relic","Relic","Card","Card","Relic","Relic","Relic","Relic","Relic","Relic"],"build_version":"2020-12-22","purchased_purges":1,"victory":true,"max_hp_per_floor":[92,92,92,92,92,92,92,92,92,90,90,90,90,90,88,88,88,86,86,86,84,84,84,82,82,82,80,80,80,80,80,80,80,78,78,78,78,78,78,76,76,96,96,96,94,94,94,94,94,92,92,92,90,90,90],"card_choices":[{"not_picked":["construct:Antimatter","construct:ReactiveShield","construct:ScrapCannon"],"picked":"SKIP","floor":1},{"not_picked":["construct:Failsafe","construct:FocusedBeam","construct:Accumulate"],"picked":"SKIP","floor":6},{"not_picked":["construct:VentSteam","construct:ShiftStrike"],"picked":"construct:SweepLaser","floor":8},{"not_picked":["construct:Enhance","construct:Autoturret"],"picked":"construct:FlakBarrage","floor":10},{"not_picked":["construct:Accumulate","construct:Backfire","construct:FierceBash"],"picked":"SKIP","floor":11},{"not_picked":["construct:Accumulate","construct:GoldenBullet","construct:Overcharge"],"picked":"SKIP","floor":14},{"not_picked":["construct:ShieldGenerator","construct:SiegeForm"],"picked":"construct:BatteryCore","floor":16},{"not_picked":["construct:Construct_Overclock","construct:Accumulate","construct:SuppressiveFire"],"picked":"SKIP","floor":18},{"not_picked":["construct:ClusterMines","construct:Failsafe","construct:Accumulate"],"picked":"SKIP","floor":19},{"not_picked":["construct:VentSteam","construct:ScrapCannon"],"picked":"construct:Impenetrable","floor":21},{"not_picked":["construct:Multistage","construct:ShiftStrike"],"picked":"construct:LaserCore","floor":21},{"not_picked":["construct:Tumble","construct:ShiftGuard"],"picked":"construct:OmegaCannon","floor":21},{"not_picked":["construct:SuppressiveFire+1","construct:HyperBeam"],"picked":"construct:FierceBash","floor":21},{"not_picked":["construct:SuppressiveFire","construct:Anticipate"],"picked":"construct:SweepLaser+1","floor":22},{"not_picked":["construct:ModeShift","construct:HeavyBolt+1"],"picked":"construct:GuardCore","floor":23},{"not_picked":["construct:ClockworkEgg","construct:Tumble","construct:Accumulate+1"],"picked":"SKIP","floor":25},{"not_picked":["construct:VentSteam","construct:ShiftStrike"],"picked":"construct:GuardCore","floor":26},{"not_picked":["construct:Accumulate","construct:FierceBash","construct:VentSteam"],"picked":"SKIP","floor":28},{"not_picked":["construct:ElectricArmor","construct:Synchronize","construct:ShiftingStance"],"picked":"SKIP","floor":29},{"not_picked":["construct:Autoturret","construct:ClusterMines","construct:SweepLaser"],"picked":"SKIP","floor":30},{"not_picked":["construct:SweepLaser","construct:UnbalancingBlast+1","construct:Forcefield"],"picked":"SKIP","floor":31},{"not_picked":["construct:Hazardproof","construct:ShiftStrike+1","construct:Synchronize+1"],"picked":"SKIP","floor":35},{"not_picked":["construct:ShiftStrike","construct:Analyze+1"],"picked":"construct:HardReboot+1","floor":36},{"not_picked":["construct:FierceBash","construct:SweepLaser+1","construct:ClusterMines+1"],"picked":"SKIP","floor":40},{"not_picked":["construct:Missile","construct:Synchronize","construct:Antimatter"],"picked":"SKIP","floor":41},{"not_picked":["construct:ElectricArmor","construct:Dampening+1","construct:CripplingShot+1"],"picked":"SKIP","floor":42},{"not_picked":["construct:Anticipate","construct:ScopeCore","construct:Construct_Overclock"],"picked":"SKIP","floor":45},{"not_picked":["construct:FocusedBeam+1","construct:Dampening","construct:Anticipate"],"picked":"SKIP","floor":46},{"not_picked":["construct:SuppressiveFire+1","construct:ElectricArmor","construct:Autoturret+1"],"picked":"SKIP","floor":48},{"not_picked":["construct:SuppressiveFire","construct:ShieldGenerator","construct:FierceBash"],"picked":"SKIP","floor":54}],"player_experience":133343,"relics_obtained":[{"floor":4,"key":"ReplayTheSpireMod:Ring of Addiction"},{"floor":4,"key":"White Beast Statue"},{"floor":4,"key":"SacredBark"},{"floor":6,"key":"Replay:Baseball"},{"floor":9,"key":"BicycleWheel"},{"floor":11,"key":"Lizard Tail"},{"floor":14,"key":"Replay:Arrowhead"},{"floor":19,"key":"wanderingMiniBosses:MasterThiefsPresence"},{"floor":23,"key":"jedi:crownofsimplicity"},{"floor":25,"key":"halation:BottledLove"},{"floor":26,"key":"construct:PurpleEmber"},{"floor":26,"key":"Gremlin Food"},{"floor":30,"key":"Akabeko"},{"floor":36,"key":"Du-Vu Doll"},{"floor":40,"key":"jedi:arcanewood"},{"floor":42,"key":"StuffTheSpire:ForceGauntlet"},{"floor":43,"key":"Shuriken"},{"floor":54,"key":"vexMod:InvisibilityCloak"}],"event_choices":[{"damage_healed":0,"gold_gain":0,"player_choice":"Grow","damage_taken":0,"max_hp_gain":0,"max_hp_loss":0,"event_name":"Living Wall","floor":2,"gold_loss":0,"cards_upgraded":["Master of Strategy"]},{"damage_healed":0,"gold_gain":0,"player_choice":"Leave","damage_taken":0,"max_hp_gain":0,"max_hp_loss":0,"event_name":"conspire:Investor","floor":5,"gold_loss":0},{"damage_healed":0,"gold_gain":0,"player_choice":"Ignored","damage_taken":0,"max_hp_gain":0,"max_hp_loss":0,"event_name":"betterNote:BetterNote","floor":20,"gold_loss":0,"cards_obtained":["hubris:InfiniteBlow"]},{"damage_healed":0,"gold_gain":0,"player_choice":"Fight","damage_taken":0,"max_hp_gain":0,"max_hp_loss":0,"event_name":"Mysterious Sphere","floor":36,"gold_loss":0}],"is_beta":false,"boss_relics":[{"not_picked":["conspire:SpecialSausage","Coffee Dripper"],"picked":"beaked:SacredDeck"},{"not_picked":["hubris:RunicObelisk","hubris:GrandSneckoEye"],"picked":"vexMod:CursedCompass"}],"items_purged_floors":[21],"is_endless":false,"potions_floor_spawned":[1,6,8,10,11,14,16,18,19,22,23,25,26,28,29,30,31,33,35,36,40,41,42,45,46,48,54],"ascension_level":4}}