{"host":"dh8vptmequbrae31","time":1610075922,"event":{"mods":["2.2 Compatiblity","AchievementEnabler","BaseMod","Colored Map","Evolution","Minty Spire (QoL Compilation)","Td1madao Mod"],"gold_per_floor":[116,116,116,116,116,135,60,60,60],"floor_reached":8,"playtime":1053,"items_purged":["Defend_C"],"score":44,"play_id":"41b5d266-94f2-44df-bd5a-e158aa7ee926","local_time":"20210107221842","is_ascension_mode":false,"campfire_choices":[],"circlet_count":0,"master_deck":["Strike_C","Strike_C","Strike_C","Strike_C","Defend_C","Defend_C","Knight Kick","Chip","Here Defend Chip","Regret","Floating Even","Afterwards"],"relics":["Runic Pyramid","Incense Burner","Dream Catcher"],"acts_visited":["Exordium"],"potions_floor_usage":[],"damage_taken":[{"damage":4,"enemies":"2 Louse","floor":1,"turns":4},{"damage":11,"enemies":"Jaw Worm","floor":6,"turns":5},{"damage":53,"enemies":"Gremlin Nob","floor":8,"turns":5}],"seed_played":"8709056085115466474","potions_obtained":[{"floor":1,"key":"SneckoOil"}],"is_trial":false,"path_per_floor":["M","?","?","?","T","M","$","E"],"character_chosen":"TD1MADAO_CLASS","items_purchased":[],"campfire_rested":0,"item_purchase_floors":[],"current_hp_per_floor":[66,59,59,59,59,48,48,0,0],"gold":60,"neow_bonus":"BOSS_RELIC","is_daily":false,"chose_seed":false,"campfire_upgraded":0,"win_rate":0.0,"timestamp":1610075922,"path_taken":["M","?","?","?","?","M","$","E"],"items_purchased_type":[],"build_version":"2020-12-22","purchased_purges":1,"victory":false,"max_hp_per_floor":[70,70,70,70,70,70,70,70,70],"card_choices":[{"not_picked":["Energy Supply","Fire Up"],"picked":"Here Defend Chip","floor":1},{"not_picked":["Transfer Energy","Floating Even"],"picked":"Afterwards","floor":6}],"player_experience":253698,"relics_obtained":[],"event_choices":[{"damage_healed":0,"gold_gain":0,"player_choice":"Success","damage_taken":7,"relics_obtained":["Incense Burner"],"max_hp_gain":0,"max_hp_loss":0,"event_name":"Scrap Ooze","floor":2,"gold_loss":0},{"damage_healed":0,"gold_gain":0,"player_choice":"Box","damage_taken":0,"relics_obtained":["Dream Catcher"],"max_hp_gain":0,"max_hp_loss":0,"event_name":"Big Fish","floor":3,"gold_loss":0,"cards_obtained":["Regret"]},{"damage_healed":0,"gold_gain":0,"cards_transformed":["Defend_C"],"player_choice":"Change","damage_taken":0,"max_hp_gain":0,"max_hp_loss":0,"event_name":"Living Wall","floor":4,"gold_loss":0,"cards_obtained":["Floating Even"]}],"is_beta":false,"boss_relics":[],"items_purged_floors":[7],"is_endless":false,"potions_floor_spawned":[1],"killed_by":"Gremlin Nob","ascension_level":0}}