{"host":"8i4doyxqctgl5qb0","time":1610068486,"event":{"mods":["AchievementEnabler","BaseMod","Block Reminder","Colored Powertips","Downfall","Minty Spire (QoL Compilation)","Permanent Neow","Potion Indicator Mod","Rare Cards Sparkle","StSLib","SuperFastMode"],"gold_per_floor":[99,112,122,182,182,194,249,249,267,282,295,329,329,339,349,454,504,504,520,534,634,634,634,634,634],"floor_reached":23,"playtime":1125,"items_purged":[],"score":245,"play_id":"457b6956-a68a-4e43-8af0-1b00bb02837a","local_time":"20210108091446","is_ascension_mode":false,"campfire_choices":[{"data":"Guardian:TwinSlam","floor":1.0,"key":"SMITH"},{"floor":13.0,"key":"REST"},{"data":"Guardian:EvasiveProtocol","floor":18.0,"key":"SMITH"}],"circlet_count":0,"master_deck":["Guardian:Defend_Guardian","Guardian:Defend_Guardian+1","Guardian:Defend_Guardian+1","Guardian:Defend_Guardian+1","Guardian:CurlUp+1","Guardian:TwinSlam+1","Guardian:Gem_Lightblue","Guardian:Orbwalk","Guardian:EvasiveProtocol+1","Regret","Guardian:Gem_White","Guardian:EvasiveProtocol","Guardian:Gem_Purple","Guardian:EvasiveProtocol","Guardian:PiercingHide","Guardian:EvasiveProtocol","Guardian:Gem_Orange","Guardian:Gem_Green","Guardian:ArmoredProtocol+1","Guardian:PrimingBeam+1","Guardian:Repulse","Bite","Bite","Bite","Bite","Bite"],"relics":["Guardian:ModeShifter","Matryoshka","Potion Belt","Guardian:PickAxe","downfall:BrokenWingStatue","War Paint","Tiny House","Ice Cream","Bottled Tornado"],"acts_visited":["Exordium","TheCity"],"potions_floor_usage":[],"damage_taken":[{"damage":0.0,"enemies":"2 Louse","floor":2.0,"turns":2.0},{"damage":2.0,"enemies":"Jaw Worm","floor":3.0,"turns":4.0},{"damage":46.0,"enemies":"Lagavulin Event","floor":4.0,"turns":10.0},{"damage":1.0,"enemies":"Small Slimes","floor":6.0,"turns":3.0},{"damage":15.0,"enemies":"2 Fungi Beasts","floor":9.0,"turns":4.0},{"damage":8.0,"enemies":"Large Slime","floor":10.0,"turns":7.0},{"damage":0.0,"enemies":"Blue Slaver","floor":11.0,"turns":4.0},{"damage":4.0,"enemies":"Lagavulin","floor":12.0,"turns":9.0},{"damage":7.0,"enemies":"2 Fungi Beasts","floor":14.0,"turns":4.0},{"damage":1.0,"enemies":"3 Louse","floor":15.0,"turns":6.0},{"damage":24.0,"enemies":"downfall:Ironclad","floor":16.0,"turns":13.0},{"damage":24.0,"enemies":"Shell Parasite","floor":19.0,"turns":7.0},{"damage":13.0,"enemies":"Snake Plant","floor":20.0,"turns":6.0},{"damage":18.0,"enemies":"downfall:Watcher","floor":21.0,"turns":13.0},{"damage":53,"enemies":"Gremlin Leader","floor":23,"turns":6}],"seed_played":"3258331279618937812","potions_obtained":[{"floor":0.0,"key":"ColorlessPotion"},{"floor":0.0,"key":"Fruit Juice"},{"floor":0.0,"key":"SkillPotion"},{"floor":3.0,"key":"Ancient Potion"},{"floor":12.0,"key":"Guardian:BlockOnCardUsePotion"},{"floor":14.0,"key":"Fire Potion"},{"floor":15.0,"key":"champ:CounterPotion"},{"floor":16.0,"key":"champ:CounterPotion"},{"floor":19.0,"key":"champ:CounterPotion"}],"is_trial":false,"path_per_floor":["R","M","M","?","?","M","T","?","M","M","M","E","R","M","M","B",null,"R","M","M","?","?","E"],"character_chosen":"GUARDIAN","items_purchased":[],"campfire_rested":1,"item_purchase_floors":[],"current_hp_per_floor":[80,80,83,37,37,36,36,36,21,13,13,9,34,27,26,2,90,90,66,53,35,35,0,0,0],"gold":634,"neow_bonus":"THREE_SMALL_POTIONS","is_daily":false,"chose_seed":false,"campfire_upgraded":2,"win_rate":0.0,"timestamp":1610068486,"path_taken":["R","M","M","?","?","?","T","?","M","M","M","E","R","M","M","BOSS","R","M","M","?","?","E"],"items_purchased_type":[],"build_version":"2020-12-22","purchased_purges":0,"victory":false,"max_hp_per_floor":[80,80,85,85,85,85,85,85,85,85,85,85,85,85,85,85,90,90,90,90,90,62,62,62,62],"card_choices":[{"not_picked":["Guardian:TemporalStrike","Guardian:PrimingBeam"],"picked":"Guardian:Gem_Lightblue","floor":2.0},{"not_picked":["Guardian:BronzeArmor","Guardian:MultiBeam"],"picked":"Guardian:Orbwalk","floor":3.0},{"not_picked":["Guardian:PrimingBeam","Guardian:ShieldCharger"],"picked":"Guardian:EvasiveProtocol","floor":4.0},{"not_picked":["Guardian:TemporalShield","Guardian:ChargeCore"],"picked":"Guardian:Gem_White","floor":6.0},{"not_picked":["Guardian:ChargeCore","Guardian:Planning"],"picked":"Guardian:EvasiveProtocol","floor":9.0},{"not_picked":["Guardian:PrismaticBarrier","Guardian:ChargeUp"],"picked":"Guardian:Gem_Purple","floor":10.0},{"not_picked":["Guardian:RollAttack","Guardian:Gem_Lightblue"],"picked":"Guardian:EvasiveProtocol","floor":11.0},{"not_picked":["Guardian:TemporalStrike","Guardian:CrystalBeam"],"picked":"Guardian:Gem_Synthetic","floor":12.0},{"not_picked":["Guardian:PolyBeam","Guardian:Planning"],"picked":"Guardian:PiercingHide","floor":14.0},{"not_picked":["Guardian:Gem_Blue","Guardian:CrystalBeam"],"picked":"Guardian:EvasiveProtocol","floor":15.0},{"not_picked":["Guardian:GatlingBeam","Guardian:StasisStrike"],"picked":"Guardian:Gem_Orange","floor":16.0},{"not_picked":["Guardian:Planning","Guardian:Suspension"],"picked":"Guardian:Gem_Green","floor":17.0},{"not_picked":["Guardian:Emergency","Guardian:EvasiveProtocol"],"picked":"Guardian:ArmoredProtocol+1","floor":19.0},{"not_picked":["Guardian:PolyBeam","Guardian:ShieldCharger"],"picked":"Guardian:PrimingBeam+1","floor":20.0},{"not_picked":["Guardian:Gem_Blue","Guardian:GuardianWhirl"],"picked":"Guardian:Repulse","floor":21.0}],"player_experience":120550,"relics_obtained":[{"floor":4.0,"key":"Matryoshka"},{"floor":7.0,"key":"Potion Belt"},{"floor":7.0,"key":"Guardian:PickAxe"},{"floor":12.0,"key":"War Paint"},{"floor":21.0,"key":"Ice Cream"},{"floor":21.0,"key":"Bottled Tornado"}],"event_choices":[{"damage_healed":0.0,"max_hp_gain":0.0,"max_hp_loss":28.0,"gold_gain":0.0,"event_name":"Vampires","player_choice":"Became a vampire","floor":22.0,"gold_loss":0.0,"damage_taken":0.0,"cards_obtained":["Bite","Bite","Bite","Bite","Bite"]}],"is_beta":false,"boss_relics":[{"not_picked":["Runic Dome","Coffee Dripper"],"picked":"Tiny House"}],"items_purged_floors":[],"is_endless":false,"potions_floor_spawned":[3,6,12,14,15,16,19,20],"killed_by":"Gremlin Leader","ascension_level":0}}