{"host":"91blwi3hgehj6ch9","time":1610079217,"event":{"mods":["2.2 Compatiblity","AchievementEnabler","BaseMod","Colored Map","DeckTracker","Keyboard Shortcuts","Minty Spire (QoL Compilation)","Permanent Neow","Quick Restart","StSLib","SuperFastMode"],"gold_per_floor":[110,120,134,66,66,91,91,122,122,122,132,146,174,174,174,174,174],"floor_reached":16,"playtime":541,"items_purged":[],"score":138,"play_id":"d2787e61-fda1-498a-87e9-39b21a6ed0d1","local_time":"20210108131337","is_ascension_mode":true,"campfire_choices":[{"data":"Dark Embrace","floor":7.0,"key":"SMITH"},{"data":"Rupture","floor":15.0,"key":"SMITH"}],"circlet_count":0,"master_deck":["Strike_R","Strike_R","Strike_R","Defend_R","Defend_R","Defend_R","Bash","Combust","Wild Strike","Power Through","Rupture+1","Dark Embrace+1","Fiend Fire","Ghostly Armor","Inflame","Searing Blow"],"relics":["Burning Blood","Matryoshka","Mummified Hand","Paper Frog","Bottled Tornado","Meat on the Bone"],"acts_visited":["Exordium"],"potions_floor_usage":[16,16],"damage_taken":[{"damage":3.0,"enemies":"Cultist","floor":1.0,"turns":3.0},{"damage":4.0,"enemies":"Jaw Worm","floor":2.0,"turns":3.0},{"damage":8.0,"enemies":"2 Louse","floor":3.0,"turns":2.0},{"damage":35.0,"enemies":"Gremlin Nob","floor":6.0,"turns":4.0},{"damage":9.0,"enemies":"Lagavulin","floor":8.0,"turns":6.0},{"damage":18.0,"enemies":"Gremlin Gang","floor":11.0,"turns":4.0},{"damage":2.0,"enemies":"Large Slime","floor":12.0,"turns":4.0},{"damage":30.0,"enemies":"3 Sentries","floor":13.0,"turns":8.0},{"damage":12,"enemies":"The Guardian","floor":16,"turns":8}],"seed_played":"-1590748736204216369","potions_obtained":[{"floor":3.0,"key":"GamblersBrew"},{"floor":8.0,"key":"SpeedPotion"},{"floor":12.0,"key":"BloodPotion"}],"is_trial":false,"path_per_floor":["M","M","M","$","$","E","R","E","T","?","M","M","E","?","R","B"],"character_chosen":"IRONCLAD","items_purchased":["Fiend Fire"],"campfire_rested":0,"item_purchase_floors":[4],"current_hp_per_floor":[59,61,59,59,59,30,30,27,27,27,15,19,11,11,11,0,0],"gold":174,"neow_bonus":"TRANSFORM_TWO_CARDS","is_daily":false,"chose_seed":false,"campfire_upgraded":2,"win_rate":0.0,"timestamp":1610079217,"path_taken":["M","?","M","?","$","E","R","E","T","?","M","M","E","?","R","BOSS"],"items_purchased_type":["Card"],"build_version":"2020-12-22","purchased_purges":0,"victory":false,"max_hp_per_floor":[80,80,80,80,80,80,80,80,80,80,80,80,80,80,80,80,80],"card_choices":[{"not_picked":["Sword Boomerang","Thunderclap"],"picked":"Power Through","floor":1.0},{"not_picked":["Sword Boomerang","Pommel Strike"],"picked":"Rupture","floor":2.0},{"not_picked":["Iron Wave","Perfected Strike"],"picked":"Dark Embrace","floor":3.0},{"not_picked":["Twin Strike","Armaments"],"picked":"Ghostly Armor","floor":6.0},{"not_picked":["Thunderclap","Feed","Havoc"],"picked":"SKIP","floor":8.0},{"not_picked":["Shockwave","Battle Trance"],"picked":"Inflame","floor":11.0},{"not_picked":["Iron Wave","Flex","Body Slam"],"picked":"SKIP","floor":12.0},{"not_picked":["Wild Strike","Heavy Blade","Clash"],"picked":"SKIP","floor":13.0}],"player_experience":131458,"relics_obtained":[{"floor":6.0,"key":"Matryoshka"},{"floor":8.0,"key":"Mummified Hand"},{"floor":9.0,"key":"Paper Frog"},{"floor":9.0,"key":"Bottled Tornado"},{"floor":13.0,"key":"Meat on the Bone"}],"event_choices":[{"damage_healed":0.0,"max_hp_gain":0.0,"max_hp_loss":0.0,"gold_gain":0.0,"event_name":"Liars Game","player_choice":"Ignored","floor":10.0,"gold_loss":0.0,"damage_taken":0.0},{"damage_healed":0.0,"max_hp_gain":0.0,"max_hp_loss":0.0,"gold_gain":0.0,"cards_transformed":["Strike_R"],"event_name":"Transmorgrifier","player_choice":"Transformed","floor":14.0,"gold_loss":0.0,"damage_taken":0.0,"cards_obtained":["Searing Blow"]}],"is_beta":false,"boss_relics":[],"items_purged_floors":[],"is_endless":false,"potions_floor_spawned":[3,8,12],"killed_by":"The Guardian","ascension_level":3}}