{"host":"hve1dyh1ly81yl9f","time":1610108611,"event":{"mods":["BaseMod","Colored Map","DeckTracker","Highlight Path","Keyboard Shortcuts","Minty Spire (QoL Compilation)","Permanent Neow","Quick Restart","StSLib","SuperFastMode"],"gold_per_floor":[14,28,44,44,59,59,76,76,76,95,111,111,125,152,152,152,152],"floor_reached":16,"playtime":372,"items_purged":[],"score":163,"play_id":"11aa94fc-e29a-4caf-8f26-c938b71a14d3","local_time":"20210108212331","is_ascension_mode":true,"campfire_choices":[{"data":"Corruption","floor":6.0,"key":"SMITH"},{"data":"Second Wind","floor":8.0,"key":"SMITH"},{"floor":12.0,"key":"REST"},{"floor":15,"key":"REST"}],"circlet_count":0,"master_deck":["Strike_R","Strike_R","Strike_R","Strike_R","Strike_R","Defend_R","Defend_R","Defend_R","Defend_R","Bash","Twin Strike","Rampage+1","Corruption+1","Second Wind+1","Second Wind","Headbutt"],"relics":["Burning Blood","Sundial","Mummified Hand"],"acts_visited":["Exordium"],"potions_floor_usage":[],"damage_taken":[{"damage":1.0,"enemies":"Cultist","floor":1.0,"turns":3.0},{"damage":10.0,"enemies":"2 Louse","floor":2.0,"turns":2.0},{"damage":20.0,"enemies":"Small Slimes","floor":3.0,"turns":3.0},{"damage":18.0,"enemies":"Red Slaver","floor":5.0,"turns":3.0},{"damage":34.0,"enemies":"Lots of Slimes","floor":7.0,"turns":5.0},{"damage":22.0,"enemies":"2 Fungi Beasts","floor":10.0,"turns":4.0},{"damage":14.0,"enemies":"Red Slaver","floor":11.0,"turns":2.0},{"damage":16,"enemies":"Blue Slaver","floor":13,"turns":4},{"damage":48,"enemies":"Gremlin Nob","floor":14,"turns":5},{"damage":62,"enemies":"Hexaghost","floor":16,"turns":7}],"seed_played":"3083034381483154691","potions_obtained":[{"floor":1.0,"key":"FairyPotion"},{"floor":5.0,"key":"EssenceOfSteel"},{"floor":10.0,"key":"Weak Potion"}],"is_trial":false,"path_per_floor":["M","M","M","?","M","R","M","R","T","M","M","R","M","E","R","B"],"character_chosen":"IRONCLAD","items_purchased":[],"campfire_rested":2,"item_purchase_floors":[],"current_hp_per_floor":[93,89,75,75,63,63,35,35,35,19,11,39,29,34,62,0,0],"gold":152,"neow_bonus":"TWENTY_PERCENT_HP_BONUS","is_daily":false,"chose_seed":false,"campfire_upgraded":2,"win_rate":0.0,"timestamp":1610108611,"path_taken":["M","M","M","?","M","R","M","R","T","M","M","R","M","E","R","BOSS"],"items_purchased_type":[],"build_version":"2020-12-22","purchased_purges":0,"victory":false,"max_hp_per_floor":[96,96,96,96,96,96,96,96,96,96,96,96,96,96,96,96,96],"card_choices":[{"not_picked":["Combust","Shrug It Off"],"picked":"Twin Strike","floor":1.0},{"not_picked":["Flame Barrier","Ghostly Armor"],"picked":"Rampage","floor":2.0},{"not_picked":["Havoc","Dark Embrace"],"picked":"Corruption","floor":3.0},{"not_picked":["Uppercut","Pummel"],"picked":"Second Wind","floor":5.0},{"not_picked":["Flex","Rupture"],"picked":"Second Wind","floor":7.0},{"not_picked":["Heavy Blade","Anger","Wild Strike"],"picked":"SKIP","floor":10.0},{"not_picked":["True Grit","Body Slam","Anger"],"picked":"SKIP","floor":11.0},{"not_picked":["Sword Boomerang","Flex","Uppercut"],"picked":"SKIP","floor":13},{"not_picked":["Demon Form","Corruption"],"picked":"Headbutt","floor":14}],"player_experience":299946,"relics_obtained":[{"floor":9.0,"key":"Sundial"},{"floor":14,"key":"Mummified Hand"}],"event_choices":[{"damage_healed":0.0,"max_hp_gain":0.0,"max_hp_loss":0.0,"gold_gain":0.0,"event_name":"Living Wall","player_choice":"Grow","floor":4.0,"gold_loss":0.0,"damage_taken":0.0,"cards_upgraded":["Rampage"]}],"is_beta":false,"boss_relics":[],"items_purged_floors":[],"is_endless":false,"potions_floor_spawned":[1,5,10,11],"killed_by":"Hexaghost","ascension_level":6}}