{"host":"i0s8vbixp24k5aul","time":1610123995,"event":{"mods":["2.2 Compatiblity","Act Like it!","Arknights The Spire","Aspiration","BaseMod","Better Note","Better Third Choice","Better Vampires","BetterUpgradePreview","Colorless Booster Pack","Displayed Cursed Tome","GifTheSpireLib","Halation","Hermit","Hubris","Jedi Mod","Minty Spire (QoL Compilation)","Optimize The Spire","Random Character Mod","StSLib","Stuff the Spire","Swap Starting Deck Mod","vexMod","??????REMEMod"],"gold_per_floor":[118,118,118,34,52,82,82,96,96,96,0,0,0,30,30,107,107,119,133,133,333,349,349,380,380,380,399,399,399,429,449,449,523,523,536,551,4,4,17,17,46,46,46,46,57,57,57,70,70,70,70],"floor_reached":50,"playtime":2753,"items_purged":[],"score":1124,"play_id":"0355bc71-b2d8-4314-b19d-6a6ab3738bf3","local_time":"20210108193955","is_ascension_mode":true,"campfire_choices":[{"data":"Exhume","floor":7,"key":"SMITH"},{"data":"Terror","floor":10,"key":"SMITH"},{"floor":13,"key":"REST"},{"data":"Enlightenment","floor":15,"key":"SMITH"},{"floor":23,"key":"REST"},{"floor":28,"key":"REST"},{"data":"REME_ShadowForm","floor":32,"key":"SMITH"},{"floor":40,"key":"RECALL"},{"data":"REME_ShadowForm","floor":42,"key":"SMITH"},{"data":"Chrysalis","floor":49,"key":"SMITH"}],"circlet_count":0,"master_deck":["AscendersBane","Strike_G+1","Strike_G+1","Strike_G+1","Strike_G+1","Defend_G+1","Defend_G+1","Defend_G+1","Defend_G+1","Defend_G+1","Survivor+1","Neutralize+1","Exhume+1","Dagger Throw+1","Electrodynamics+1","Terror+1","Die Die Die+1","Crippling Poison+1","Enlightenment+1","Cloak And Dagger+1","jedi:studypoison+1","StuffTheSpire:Python+1","Calculated Gamble+1","REME_ShadowForm+1","Deadly Poison+1","Quick Slash+1","Venomology+1","REME_ShadowStrike+1","aspiration:Lunge+1","Acrobatics+1","StuffTheSpire:Python+1","Masterful Stab+1","Dash+1","REME_ShadowForm+1","Deadly Poison+1","Chrysalis+1","Crippling Poison+1"],"relics":["Ring of the Snake","REME_ComplimentaryCards","NeowsBlessing","StuffTheSpire:OldFever","StuffTheSpire:RedRose","halation:LostSnail","jedi:matchstick","aspiration:ChemicalBlood","Bronze Scales","Nloth\u0027s Gift","Pear","Paper Crane","Du-Vu Doll","hubris:BottledHeart","War Paint","halation:SmartPhone","jedi:cryingmask","Ninja Scroll","Mark of the Bloom","Bag of Marbles","halation:SelfBoilingWater","halation:BlueSoulGem"],"acts_visited":["Exordium","TheCity","TheBeyond"],"potions_floor_usage":[14,14,16,18,22,24,31,33,33,33,33,33,36,41,41,45],"damage_taken":[{"damage":0,"enemies":"Cultist","floor":1,"turns":1},{"damage":0,"enemies":"2 Louse","floor":5,"turns":1},{"damage":0,"enemies":"Gremlin Nob","floor":6,"turns":1},{"damage":6,"enemies":"Jaw Worm","floor":8,"turns":3},{"damage":7,"enemies":"3 Sentries","floor":14,"turns":3},{"damage":46,"enemies":"Slime Boss","floor":16,"turns":9},{"damage":13,"enemies":"Spheric Guardian","floor":18,"turns":4},{"damage":13,"enemies":"Shell Parasite","floor":19,"turns":6},{"damage":8,"enemies":"Centurion and Healer","floor":22,"turns":6},{"damage":2,"enemies":"Gremlin Leader","floor":24,"turns":5},{"damage":38,"enemies":"Shelled Parasite and Fungi","floor":27,"turns":5},{"damage":0,"enemies":"Book of Stabbing","floor":30,"turns":3},{"damage":0,"enemies":"3 Cultists","floor":31,"turns":4},{"damage":0,"enemies":"hubris:MusketHawk","floor":33,"turns":9},{"damage":0,"enemies":"3 Shapes","floor":35,"turns":4},{"damage":0,"enemies":"Orb Walker","floor":36,"turns":3},{"damage":0,"enemies":"Jaw Worm Horde","floor":39,"turns":2},{"damage":0,"enemies":"Nemesis","floor":41,"turns":5},{"damage":0,"enemies":"Transient","floor":45,"turns":5},{"damage":0,"enemies":"Maw","floor":48,"turns":5},{"damage":5,"enemies":"hubris:GrandSnecko","floor":50,"turns":7}],"seed_played":"-6154663704472513131","potions_obtained":[{"floor":1,"key":"SneckoOil"},{"floor":5,"key":"jedi:tentaclejuice"},{"floor":8,"key":"AttackPotion"},{"floor":16,"key":"Poison Potion"},{"floor":18,"key":"SpeedPotion"},{"floor":19,"key":"DuplicationPotion"},{"floor":33,"key":"FearPotion"}],"is_trial":false,"path_per_floor":["M","?","?","$","M","E","R","M","T","R","?","T","R","E","R","B",null,"M","M","?","?","M","R","E","?","T","M","R","?","E","M","R","B",null,"M","M","$","?","M","R","E","R","T","$","M","?","?","M","R","B"],"character_chosen":"THE_SILENT","items_purchased":["halation:LostSnail","jedi:cryingmask","Masterful Stab","Ninja Scroll","Dash"],"campfire_rested":3,"item_purchase_floors":[4,37,37,37,37],"current_hp_per_floor":[63,37,37,37,37,37,37,31,37,37,43,43,67,60,60,14,65,52,54,54,54,46,70,78,78,78,40,67,1,1,1,1,1,1,1,1,1,1,1,1,1,1,1,1,1,1,1,1,1,0,0],"gold":70,"neow_bonus":"THREE_ENEMY_KILL","is_daily":false,"chose_seed":false,"campfire_upgraded":6,"win_rate":0.0,"timestamp":1610123995,"path_taken":["M","?","?","$","?","E","R","M","T","R","?","?","R","E","R","BOSS","M","M","?","?","?","R","E","?","T","M","R","?","E","M","R","BOSS","M","M","$","?","M","R","E","R","T","$","M","?","?","M","R","BOSS"],"items_purchased_type":["Relic","Relic","Card","Relic","Card"],"build_version":"2020-12-22","purchased_purges":0,"victory":false,"max_hp_per_floor":[70,70,70,70,70,70,70,70,76,76,82,82,82,82,82,82,82,82,82,82,82,82,82,92,92,92,92,92,1,1,1,1,1,1,1,1,1,1,1,1,1,1,1,1,1,1,1,1,1,1,1],"card_choices":[{"not_picked":["Setup","Bane"],"picked":"Dagger Throw","floor":1},{"not_picked":["hubris:SlightOfHand","Tactician"],"picked":"Terror","floor":5},{"not_picked":["Acrobatics","Prepared"],"picked":"Die Die Die","floor":6},{"not_picked":["Deflect","jedi:unstablefumes"],"picked":"Crippling Poison","floor":8},{"not_picked":["Dodge and Roll","jedi:pocketpoison"],"picked":"Cloak And Dagger","floor":14},{"not_picked":["After Image","Unload"],"picked":"jedi:studypoison","floor":16},{"not_picked":["Poisoned Stab","Deflect"],"picked":"StuffTheSpire:Python","floor":18},{"not_picked":["Outmaneuver","Dagger Throw"],"picked":"Calculated Gamble","floor":19},{"not_picked":["jedi:pocketpoison","StuffTheSpire:Python"],"picked":"REME_ShadowForm","floor":22},{"not_picked":["Calculated Gamble","Quick Slash"],"picked":"Deadly Poison","floor":24},{"not_picked":["Dagger Throw","Sucker Punch"],"picked":"Quick Slash","floor":27},{"not_picked":["Expertise","StuffTheSpire:BumpUp"],"picked":"Venomology","floor":30},{"not_picked":["jedi:collectorvenom","Prepared"],"picked":"REME_ShadowStrike","floor":31},{"not_picked":["Bullet Time","Storm of Steel"],"picked":"aspiration:Lunge","floor":33},{"not_picked":["StuffTheSpire:Shiver","StuffTheSpire:ClusterCrunch"],"picked":"Acrobatics+1","floor":35},{"not_picked":["Escape Plan","Deadly Poison"],"picked":"StuffTheSpire:Python","floor":36},{"not_picked":["Prepared+1","StuffTheSpire:ReptileScales","StuffTheSpire:DoubleShiv"],"picked":"SKIP","floor":39},{"not_picked":["hubris:SlightOfHand+1","Caltrops"],"picked":"REME_ShadowForm","floor":41},{"not_picked":["REME_GreenPollution+1","Flying Knee"],"picked":"Deadly Poison+1","floor":45},{"not_picked":["jedi:forcepush","CBP: MannCoSupplyCrateSeries3"],"picked":"Chrysalis","floor":46},{"not_picked":["StuffTheSpire:DoubleShiv","Flechettes"],"picked":"Crippling Poison+1","floor":48}],"player_experience":757318,"relics_obtained":[{"floor":6,"key":"jedi:matchstick"},{"floor":9,"key":"vexMod:BerryBomb"},{"floor":12,"key":"aspiration:ChemicalBlood"},{"floor":14,"key":"Bronze Scales"},{"floor":24,"key":"Pear"},{"floor":26,"key":"Du-Vu Doll"},{"floor":30,"key":"War Paint"},{"floor":41,"key":"Bag of Marbles"},{"floor":43,"key":"halation:SelfBoilingWater"}],"event_choices":[{"damage_healed":0,"gold_gain":0,"player_choice":"RENOUNCE","damage_taken":96,"max_hp_gain":0,"max_hp_loss":0,"event_name":"betterThird:BetterSerpent","floor":11,"gold_loss":96,"cards_obtained":["Enlightenment"]},{"damage_healed":0,"gold_gain":0,"player_choice":"Traded Relic","damage_taken":0,"relics_obtained":["Nloth\u0027s Gift"],"max_hp_gain":0,"max_hp_loss":0,"event_name":"N\u0027loth","floor":20,"relics_lost":["Empty Cage"],"gold_loss":0},{"damage_healed":0,"gold_gain":250,"player_choice":"Bet on Owner","damage_taken":0,"max_hp_gain":0,"max_hp_loss":0,"event_name":"The Joust","floor":21,"gold_loss":50},{"damage_healed":0,"gold_gain":0,"player_choice":"Upgrade","damage_taken":0,"relics_obtained":["Mark of the Bloom"],"max_hp_gain":0,"max_hp_loss":0,"event_name":"MindBloom","floor":38,"gold_loss":0,"cards_upgraded":["Strike_G","Strike_G","Strike_G","Strike_G","Defend_G","Defend_G","Defend_G","Defend_G","Survivor","Neutralize","Dagger Throw","Electrodynamics","Die Die Die","Crippling Poison","Cloak And Dagger","StuffTheSpire:Python","Calculated Gamble","Deadly Poison","Quick Slash","Venomology","REME_ShadowStrike","aspiration:Lunge","StuffTheSpire:Python","Masterful Stab","Dash"]},{"damage_healed":0,"gold_gain":0,"player_choice":"Memory 1","damage_taken":0,"max_hp_gain":0,"max_hp_loss":0,"event_name":"SensoryStone","floor":46,"gold_loss":0}],"is_beta":false,"boss_relics":[{"not_picked":["Sozu","Runic Pyramid"],"picked":"Empty Cage"},{"not_picked":["StuffTheSpire:RunicConfusion","Snecko Eye"],"picked":"halation:SmartPhone"}],"items_purged_floors":[],"is_endless":false,"potions_floor_spawned":[1,5,8,16,19,31,33,36,48],"killed_by":"hubris:GrandSnecko","ascension_level":13}}