{"host":"Connor","time":1610115510,"event":{"mods":["Aspiration","BaseMod","Downfall","Hubris","Marisa????????","Minty Spire (QoL Compilation)","Replay The Spire","StSLib","The Animator","The Cursed","The Jungle","The Servant 0.9.4"],"gold_per_floor":[119,135,153,153,153,153,182,182,182,60,60,91,105,140,140,140,140],"floor_reached":16,"playtime":583,"items_purged":[],"score":236,"play_id":"ecbc3757-b5ca-489a-bf03-2229cb6ba700","local_time":"20210108061830","is_ascension_mode":true,"campfire_choices":[{"floor":6,"key":"RECALL"},{"data":"Immolate","floor":8,"key":"SMITH"},{"data":"expansioncontent:DashGenerateEvil","floor":15,"key":"SMITH"}],"circlet_count":0,"master_deck":["AscendersBane","Strike_R","Strike_R","Strike_R","Strike_R","Strike_R","Defend_R","Defend_R","Defend_R","Defend_R","Bash","Intimidate","Pummel","Twin Strike","Immolate+1","expansioncontent:DashGenerateEvil+1","expansioncontent:DefensiveStance","Pain","hubris:StunningStrike","Pummel","Cleave","hubris:DuctTapeCard"],"relics":["hubris:Icosahedron","Iron Core","CaptainsWheel","ReplayTheSpireMod:ShopPack","WarpedTongs","Mirror","hubris:DuctTape"],"acts_visited":["Exordium"],"potions_floor_usage":[7,12,16,16],"damage_taken":[{"damage":6,"enemies":"Cultist","floor":1,"turns":3},{"damage":8,"enemies":"2 Louse","floor":2,"turns":3},{"damage":4,"enemies":"Small Slimes","floor":3,"turns":4},{"damage":55,"enemies":"3 Sentries","floor":7,"turns":10},{"damage":25,"enemies":"Gremlin Nob","floor":12,"turns":3},{"damage":2,"enemies":"3 Louse","floor":13,"turns":5},{"damage":5,"enemies":"Lagavulin","floor":14,"turns":6},{"damage":31,"enemies":"Slime Boss","floor":16,"turns":4}],"seed_played":"-3400318075606113183","potions_obtained":[{"floor":1,"key":"Languid Potion"},{"floor":2,"key":"Fire Potion"},{"floor":12,"key":"Weak Potion"},{"floor":14,"key":"CultistPotion"}],"is_trial":false,"path_per_floor":["M","M","M","?","?","R","E","R","T","$","?","E","M","E","R","B"],"character_chosen":"IRONCLAD","items_purchased":["ReplayTheSpireMod:ShopPack"],"campfire_rested":0,"item_purchase_floors":[10],"current_hp_per_floor":[80,78,80,80,80,80,35,35,35,35,35,10,18,13,13,0,0],"gold":140,"neow_bonus":"TEN_PERCENT_HP_BONUS","is_daily":false,"chose_seed":false,"campfire_upgraded":2,"win_rate":0.0,"timestamp":1610115510,"path_taken":["M","?","?","?","?","R","E","R","T","$","?","E","?","E","R","BOSS"],"items_purchased_type":["Relic"],"build_version":"2020-12-18","purchased_purges":0,"victory":false,"max_hp_per_floor":[88,88,88,88,88,88,88,88,88,88,88,88,88,88,88,88,88],"card_choices":[{"not_picked":["Flex","Wild Strike"],"picked":"Intimidate","floor":1},{"not_picked":["Anger","Sword Boomerang"],"picked":"Pummel","floor":2},{"not_picked":["Power Through","Anger"],"picked":"Twin Strike","floor":3},{"not_picked":["Turbo","Thunderclap"],"picked":"Immolate","floor":7},{"not_picked":["Thinking Ahead","Master of Strategy"],"picked":"expansioncontent:DashGenerateEvil","floor":10},{"not_picked":["Flash of Steel","expansioncontent:FaceSlap"],"picked":"expansioncontent:DefensiveStance","floor":10},{"not_picked":["Panacea","Replay:Parry"],"picked":"Replay:SS_hec_2","floor":10},{"not_picked":["True Grit","Clothesline"],"picked":"hubris:StunningStrike","floor":12},{"not_picked":["Blood for Blood","Life Link"],"picked":"Pummel","floor":13},{"not_picked":["Warcry","Gash"],"picked":"Cleave","floor":14}],"player_experience":564303,"relics_obtained":[{"floor":7,"key":"CaptainsWheel"},{"floor":12,"key":"Mirror"},{"floor":14,"key":"hubris:DuctTape"}],"event_choices":[{"damage_healed":0,"gold_gain":0,"player_choice":"Rummage","damage_taken":0,"relics_obtained":["WarpedTongs"],"max_hp_gain":0,"max_hp_loss":0,"event_name":"Accursed Blacksmith","floor":11,"gold_loss":0,"cards_obtained":["Pain"]}],"is_beta":true,"boss_relics":[],"items_purged_floors":[],"is_endless":false,"potions_floor_spawned":[1,2,12,14],"killed_by":"Slime Boss","ascension_level":13}}