{"host":"7mhyj3osjecvpzx6","time":1610075830,"event":{"mods":["Act Like it!","Astrologer","BaseMod","ChefMod","Colored Powertips","Displayed Cursed Tome","Elementarium","Gensokyo","Menagerie","Minty Spire (QoL Compilation)","Pale of the Ancients","Permanent Neow","StSLib"],"gold_per_floor":[109,0,0,0,20,20,40,40,40,40,72,93,93,121,121,219,219,243,43,62,85,105,105,123,150,150,150,178,211,211,237,237,342,342,367,267,297,324,71,71,92,92,117,117,117,143,173,210,210,210],"floor_reached":51,"playtime":5493,"items_purged":["chefmod:Strike","chefmod:Strike"],"score":676,"play_id":"8398ee3a-da7b-46a6-9d4d-2ba40776bb09","local_time":"20210107221710","is_ascension_mode":false,"campfire_choices":[{"data":"chefmod:FreezerBurn","floor":6,"key":"SMITH"},{"data":"chefmod:QuickThaw","floor":10,"key":"SMITH"},{"data":"chefmod:Fillet","floor":13,"key":"SMITH"},{"data":"chefmod:Defrost","floor":15,"key":"SMITH"},{"data":"chefmod:NoSoupForYou","floor":23,"key":"SMITH"},{"data":"chefmod:Granita","floor":27,"key":"SMITH"},{"data":"chefmod:FreezeSolid","floor":30,"key":"SMITH"},{"data":"chefmod:Gelato","floor":32,"key":"SMITH"},{"data":"Gensokyo:LittleGreenMen","floor":40,"key":"SMITH"},{"data":"chefmod:Defrost","floor":42,"key":"SMITH"},{"data":"chefmod:DeepFreeze","floor":49,"key":"SMITH"}],"circlet_count":0,"master_deck":["chefmod:Strike","chefmod:Strike","chefmod:Defend","chefmod:Defend","chefmod:Defend","chefmod:QuickThaw+1","chefmod:TodaysSpecial+1","chefmod:IcePick","chefmod:FreezerBurn+1","chefmod:Gelato+1","chefmod:Defrost+1","chefmod:Fillet+1","chefmod:Ratatouille","chefmod:Mince","chefmod:AlooGobi+1","chefmod:ColdSteel","chefmod:NoSoupForYou+1","chefmod:FreezeSolid+1","chefmod:HotSoup","chefmod:Granita+1","chefmod:Defrost+1","chefmod:Gelato+1","Gensokyo:LittleGreenMen+1","Gensokyo:LockedMedkit","chefmod:DeepFreeze+1"],"relics":["chefmod:OldKettle","Eternal Feather","Menagerie:HuntersKnife","StrikeDummy","Blue Candle","Menagerie:GrandMagusSpellbook","ClockworkSouvenir","Meat on the Bone","Matryoshka","Elementarium:ElementariumTrophy","SlaversCollar","Pen Nib","Art of War","Gensokyo:DualWield","Anchor"],"acts_visited":["Menagerie:Menagerie","Elementarium:Elementarium","Gensokyo:Gensokyoest"],"potions_floor_usage":[20,29,33,50,50],"damage_taken":[{"damage":1,"enemies":"Menagerie:MonstrousExperiment","floor":1,"turns":5},{"damage":0,"enemies":"Menagerie:StygianBoar","floor":5,"turns":3},{"damage":0,"enemies":"Menagerie:WhisperingWraith","floor":7,"turns":4},{"damage":0,"enemies":"Menagerie:Hydra","floor":11,"turns":3},{"damage":0,"enemies":"Menagerie:EntropyWarlock","floor":12,"turns":4},{"damage":6,"enemies":"Menagerie:GrandMagus","floor":14,"turns":8},{"damage":23,"enemies":"Menagerie:AVATARS","floor":16,"turns":7},{"damage":4,"enemies":"Elementarium:2_ELEMENTALS","floor":18,"turns":3},{"damage":0,"enemies":"Elementarium:VoidCorruption","floor":20,"turns":3},{"damage":2,"enemies":"Elementarium:STONE_GOLEMS","floor":21,"turns":4},{"damage":20,"enemies":"Elementarium:VOID_CORRUPTION_AND_ORB_OF_FIRE","floor":22,"turns":9},{"damage":15,"enemies":"Elementarium:Hydrostalker","floor":24,"turns":7},{"damage":13,"enemies":"Elementarium:3_ELEMENTALS","floor":25,"turns":5},{"damage":11,"enemies":"Elementarium:STONE_GOLEMS","floor":28,"turns":6},{"damage":22,"enemies":"Elementarium:ElementalPortal","floor":29,"turns":6},{"damage":33,"enemies":"Elementarium:CYCLONE_AND_LIVING_STORMCLOUD","floor":31,"turns":9},{"damage":23,"enemies":"Elementarium:GoldenDragon","floor":33,"turns":10},{"damage":7,"enemies":"Gensokyo:AncientGuardian","floor":35,"turns":6},{"damage":26,"enemies":"Gensokyo:3_Bats","floor":37,"turns":5},{"damage":24,"enemies":"Gensokyo:3_Boulders","floor":38,"turns":7},{"damage":36,"enemies":"Gensokyo:Rafflesia","floor":41,"turns":7},{"damage":14,"enemies":"Gensokyo:Dusk_and_Dawn","floor":46,"turns":4},{"damage":19,"enemies":"Gensokyo:Kasen","floor":47,"turns":7},{"damage":0,"enemies":"Gensokyo:4_Bats","floor":48,"turns":1},{"damage":8,"enemies":"Gensokyo:Yuyuko","floor":50,"turns":8}],"seed_played":"-5008522337757659169","potions_obtained":[{"floor":1,"key":"FearPotion"},{"floor":7,"key":"SkillPotion"},{"floor":12,"key":"LiquidBronze"},{"floor":18,"key":"Ancient Potion"},{"floor":22,"key":"SmokeBomb"},{"floor":28,"key":"Dexterity Potion"},{"floor":29,"key":"Weak Potion"},{"floor":35,"key":"FairyPotion"},{"floor":37,"key":"chefmod:AntifreezePotion"}],"is_trial":false,"path_per_floor":["M","$","?","T","M","R","M","?","T","R","E","M","R","?","R","B",null,"M","$","M","M","M","R","M","M","T","R","M","E","R","M","R","B",null,"M","$","M","M","COS","R","M","R","T","?","?","M","E","M","R","B",null],"character_chosen":"THE_CHEF","items_purchased":["chefmod:FreezerBurn","ClockworkSouvenir","chefmod:ColdSteel"],"campfire_rested":0,"item_purchase_floors":[2,19,19],"current_hp_per_floor":[75,75,75,75,75,76,76,70,70,70,70,70,70,64,70,47,70,66,66,66,64,44,56,41,28,28,40,41,31,43,22,34,23,70,63,63,37,25,25,37,13,25,25,25,15,13,32,44,59,59],"gold":210,"neow_bonus":"UPGRADE_CARD","is_daily":false,"chose_seed":false,"campfire_upgraded":11,"win_rate":0.0,"timestamp":1610075830,"path_taken":["M","$","?","?","M","R","?","?","T","R","E","?","R","?","R","BOSS","M","$","M","M","?","R","M","M","T","R","M","E","R","M","R","BOSS","M","$","M","M","COS","R","M","R","T","?","?","M","E","M","R","BOSS"],"items_purchased_type":["Card","Relic","Card"],"build_version":"2020-12-22","purchased_purges":2,"victory":true,"max_hp_per_floor":[76,76,76,76,76,76,76,70,70,70,70,70,70,70,70,70,70,70,70,70,70,70,70,70,70,70,70,70,70,70,70,70,70,70,70,70,70,70,70,70,70,70,70,70,70,70,70,70,70,70],"card_choices":[{"not_picked":["chefmod:Sorbet","chefmod:AlooGobi"],"picked":"chefmod:IcePick","floor":1},{"not_picked":["chefmod:FireUp","chefmod:Defrost"],"picked":"chefmod:Gelato","floor":5},{"not_picked":["chefmod:LocoMoco","chefmod:Sorbet"],"picked":"chefmod:Defrost","floor":7},{"not_picked":["chefmod:CleanHouse","chefmod:Gelato"],"picked":"chefmod:Fillet","floor":11},{"not_picked":["chefmod:VegetableTart","chefmod:BananaSplit"],"picked":"chefmod:Ratatouille","floor":12},{"not_picked":["chefmod:DeathByChocolate","chefmod:RisingDough"],"picked":"chefmod:Mince","floor":16},{"not_picked":["chefmod:CuttingBoard+1","chefmod:Defrost"],"picked":"chefmod:AlooGobi+1","floor":18},{"not_picked":["chefmod:AlooGobi+1","chefmod:FireUp+1"],"picked":"chefmod:NoSoupForYou","floor":20},{"not_picked":["chefmod:LocoMoco","chefmod:CleanHouse"],"picked":"chefmod:FreezeSolid","floor":21},{"not_picked":["chefmod:NoSoupForYou","chefmod:Cleavers"],"picked":"chefmod:HotSoup","floor":22},{"not_picked":["chefmod:Chop","chefmod:PotatoGratin+1","chefmod:IcePick"],"picked":"SKIP","floor":24},{"not_picked":["chefmod:LiquidNitrogen+1","chefmod:Defrost"],"picked":"chefmod:Granita","floor":25},{"not_picked":["chefmod:SaveForLater+1","chefmod:DinoKale+1","chefmod:CapreseSalad"],"picked":"SKIP","floor":28},{"not_picked":["chefmod:BaoBuns","chefmod:HotSoup","chefmod:ZaruSoba"],"picked":"SKIP","floor":29},{"not_picked":["chefmod:Chop","chefmod:Defrost","chefmod:BaoBuns"],"picked":"SKIP","floor":31},{"not_picked":["chefmod:MonsterBait","chefmod:BaoBuns+1"],"picked":"chefmod:Defrost","floor":35},{"not_picked":["chefmod:ColdSteel+1","chefmod:IcePick","chefmod:FarmersMarket"],"picked":"SKIP","floor":37},{"not_picked":["chefmod:LocoMoco","chefmod:SliceAndDice"],"picked":"chefmod:Gelato+1","floor":38},{"not_picked":["chefmod:DinoKale","chefmod:Gelato","chefmod:HotSoup+1"],"picked":"SKIP","floor":41},{"not_picked":["chefmod:DoubleChop","chefmod:AlooGobi+1","chefmod:FireUp"],"picked":"SKIP","floor":46},{"not_picked":["chefmod:Cleavers+1","chefmod:Fillet"],"picked":"chefmod:DeepFreeze","floor":47},{"not_picked":["chefmod:FireUp+1","chefmod:AllYouCanEat","chefmod:NoSoupForYou+1"],"picked":"SKIP","floor":48}],"player_experience":520564,"relics_obtained":[{"floor":4,"key":"Eternal Feather"},{"floor":9,"key":"StrikeDummy"},{"floor":11,"key":"Blue Candle"},{"floor":26,"key":"Meat on the Bone"},{"floor":29,"key":"Matryoshka"},{"floor":43,"key":"Pen Nib"},{"floor":43,"key":"Art of War"},{"floor":47,"key":"Anchor"}],"event_choices":[{"cards_removed":["chefmod:Strike"],"damage_healed":0,"gold_gain":0,"player_choice":"Snake","damage_taken":0,"max_hp_gain":0,"max_hp_loss":0,"event_name":"Menagerie:ThreeAnimals","floor":3,"gold_loss":0},{"damage_healed":0,"gold_gain":0,"player_choice":"Take","damage_taken":0,"relics_obtained":["Menagerie:HuntersKnife"],"max_hp_gain":0,"max_hp_loss":6,"event_name":"Menagerie:BigGameHunter","floor":8,"gold_loss":0},{"damage_healed":0,"gold_gain":0,"player_choice":"Steal","damage_taken":0,"relics_obtained":["Menagerie:GrandMagusSpellbook"],"max_hp_gain":0,"max_hp_loss":0,"event_name":"Menagerie:GrandMagusTower","floor":14,"gold_loss":0}],"is_beta":false,"boss_relics":[{"not_picked":["Empty Cage","Runic Dome"],"picked":"chefmod:OldKettle"},{"not_picked":["Tiny House","Astrolabe"],"picked":"SlaversCollar"}],"items_purged_floors":[2,36],"is_endless":false,"potions_floor_spawned":[1,7,12,14,18,22,25,28,29,35,37,41,46],"ascension_level":0}}