{"host":"3y2rtlgteqp2nuo3","time":1610115555,"event":{"mods":["2.2 Compatiblity","AchievementEnabler","BaseMod","Colored Map","DeckTracker","Highlight Path","Keyboard Shortcuts","Minty Spire (QoL Compilation)","Permanent Neow","Quick Restart","StSLib","SuperFastMode","everything is the same but u backflip on backflip"],"gold_per_floor":[119,44,219,169,169,69,102,67,94,94,94,94,106,123,123,196,196,213,15,15,28,44,44,44],"floor_reached":23,"playtime":505,"items_purged":["Strike_B","Strike_B","Strike_B"],"score":309,"play_id":"bbccd956-96a7-4767-8b81-c8e4d313ec39","local_time":"20210108231915","is_ascension_mode":true,"campfire_choices":[{"data":"Sunder","floor":11,"key":"SMITH"},{"data":"Defragment","floor":15,"key":"SMITH"}],"circlet_count":0,"master_deck":["AscendersBane","Strike_B","Defend_B","Defend_B","Defend_B","Defend_B","Zap+1","Dualcast","Streamline+1","Sunder+1","Defragment+1","Glacier","Cold Snap","Capacitor","Skim"],"relics":["FrozenCore","Turnip","DataDisk","Anchor"],"acts_visited":["Exordium","TheCity"],"potions_floor_usage":[22],"damage_taken":[{"damage":0.0,"enemies":"Small Slimes","floor":1.0,"turns":2.0},{"damage":35.0,"enemies":"3 Sentries","floor":7.0,"turns":8.0},{"damage":0,"enemies":"2 Louse","floor":13,"turns":1},{"damage":0,"enemies":"Jaw Worm","floor":14,"turns":2},{"damage":35,"enemies":"Hexaghost","floor":16,"turns":10},{"damage":33,"enemies":"3 Byrds","floor":18,"turns":6},{"damage":0,"enemies":"Shell Parasite","floor":21,"turns":8},{"damage":0,"enemies":"Chosen and Byrds","floor":22,"turns":8},{"damage":33,"enemies":"Gremlin Leader","floor":23,"turns":6}],"seed_played":"-3933367178685448457","potions_obtained":[{"floor":1.0,"key":"SpeedPotion"},{"floor":16,"key":"SneckoOil"}],"is_trial":false,"path_per_floor":["M","$","?","?","?","$","E","$","T","?","R","?","M","M","R","B",null,"M","$","$","M","M","E"],"character_chosen":"DEFECT","items_purchased":["Defragment","Capacitor"],"campfire_rested":0,"item_purchase_floors":[8,19],"current_hp_per_floor":[68,68,68,68,61,61,26,26,26,51,51,51,51,51,51,16,60,27,27,27,27,27,0,0],"gold":44,"neow_bonus":"UPGRADE_CARD","is_daily":false,"chose_seed":false,"campfire_upgraded":2,"win_rate":0.0,"timestamp":1610115555,"path_taken":["M","$","?","?","?","?","E","$","T","?","R","?","M","M","R","BOSS","M","?","$","?","M","E"],"items_purchased_type":["Card","Card"],"build_version":"2020-12-22","purchased_purges":3,"victory":false,"max_hp_per_floor":[75,75,75,75,75,75,75,75,75,75,75,75,75,75,75,75,75,75,75,75,75,75,75,75],"card_choices":[{"not_picked":["Force Field","Reinforced Body"],"picked":"Streamline","floor":1.0},{"not_picked":["Leap","Turbo"],"picked":"Sunder","floor":7.0},{"not_picked":["Force Field","Steam","Auto Shields"],"picked":"SKIP","floor":13},{"not_picked":["Double Energy","Tempest"],"picked":"Glacier","floor":14},{"not_picked":["Heatsinks","Consume"],"picked":"Cold Snap","floor":18},{"not_picked":["Stack","Double Energy+1"],"picked":"Skim","floor":21},{"not_picked":["Melter","Steam","Gash"],"picked":"SKIP","floor":22}],"player_experience":643170,"relics_obtained":[{"floor":7.0,"key":"DataDisk"},{"floor":9.0,"key":"Anchor"}],"event_choices":[{"damage_healed":0.0,"max_hp_gain":0.0,"max_hp_loss":0.0,"gold_gain":175.0,"event_name":"Liars Game","player_choice":"AGREE","floor":3.0,"gold_loss":0.0,"damage_taken":0.0,"cards_obtained":["Doubt"]},{"cards_removed":["Doubt"],"damage_healed":0.0,"max_hp_gain":0.0,"max_hp_loss":0.0,"gold_gain":0.0,"event_name":"The Cleric","player_choice":"Card Removal","floor":4.0,"gold_loss":50.0,"damage_taken":0.0},{"damage_healed":0.0,"max_hp_gain":0.0,"max_hp_loss":0.0,"gold_gain":0.0,"event_name":"Scrap Ooze","player_choice":"Success","floor":5.0,"gold_loss":0.0,"damage_taken":7.0,"relics_obtained":["Turnip"]},{"damage_healed":25,"gold_gain":0,"player_choice":"Banana","damage_taken":0,"max_hp_gain":0,"max_hp_loss":0,"event_name":"Big Fish","floor":10,"gold_loss":0},{"damage_healed":0,"gold_gain":0,"player_choice":"Forge","damage_taken":0,"max_hp_gain":0,"max_hp_loss":0,"event_name":"Accursed Blacksmith","floor":12,"gold_loss":0,"cards_upgraded":["Streamline"]}],"is_beta":false,"boss_relics":[{"not_picked":["Busted Crown","Inserter"],"picked":"FrozenCore"}],"items_purged_floors":[2,6,19],"is_endless":false,"potions_floor_spawned":[1,16,21],"killed_by":"Gremlin Leader","ascension_level":13}}