{"host":"w9yruvs4bqht6bhw","time":1610068608,"event":{"mods":["BaseMod","Colored Powertips","Minty Spire (QoL Compilation)"],"gold_per_floor":[111,121,221,233,251,251,270,270,270,270,270,270],"floor_reached":11,"playtime":298,"items_purged":[],"score":72,"play_id":"0178ecb4-c46e-417e-9018-e59dd655805e","local_time":"20210107201648","is_ascension_mode":true,"campfire_choices":[{"data":"WindmillStrike","floor":6,"key":"SMITH"},{"data":"Defend_P","floor":10,"key":"SMITH"}],"circlet_count":0,"master_deck":["Strike_P","Strike_P","Strike_P","Strike_P","Defend_P+1","Defend_P","Defend_P","Defend_P","Eruption","Vigilance","WindmillStrike+1","ThirdEye","ThirdEye"],"relics":["PureWater","NeowsBlessing","Orichalcum","Potion Belt"],"acts_visited":["Exordium"],"potions_floor_usage":[7,11],"damage_taken":[{"damage":0,"enemies":"2 Louse","floor":1,"turns":1},{"damage":0,"enemies":"Cultist","floor":2,"turns":1},{"damage":0,"enemies":"Small Slimes","floor":4,"turns":1},{"damage":10,"enemies":"Looter","floor":5,"turns":4},{"damage":16,"enemies":"Gremlin Gang","floor":7,"turns":6},{"damage":30,"enemies":"Lagavulin","floor":11,"turns":5}],"seed_played":"5343267794982236126","potions_obtained":[{"floor":1,"key":"SkillPotion"},{"floor":5,"key":"PowerPotion"}],"is_trial":false,"path_per_floor":["M","M","?","M","M","R","M","?","T","R","E"],"character_chosen":"WATCHER","items_purchased":[],"campfire_rested":0,"item_purchase_floors":[],"current_hp_per_floor":[72,72,72,72,62,62,46,43,43,43,13,13],"gold":270,"neow_bonus":"THREE_ENEMY_KILL","is_daily":false,"chose_seed":false,"campfire_upgraded":2,"win_rate":0.0,"timestamp":1610068608,"path_taken":["M","M","?","M","?","R","M","?","T","R","E"],"items_purchased_type":[],"build_version":"2020-12-22","purchased_purges":0,"victory":false,"max_hp_per_floor":[72,72,72,72,72,72,72,72,72,72,72,72],"card_choices":[{"not_picked":["JustLucky","SashWhip"],"picked":"WindmillStrike","floor":1},{"not_picked":["Halt","FollowUp"],"picked":"ThirdEye","floor":2},{"not_picked":["FlurryOfBlows","FollowUp","Collect"],"picked":"SKIP","floor":4},{"not_picked":["CutThroughFate","Evaluate"],"picked":"ThirdEye","floor":5},{"not_picked":["FollowUp","TalkToTheHand","EmptyFist"],"picked":"SKIP","floor":7}],"player_experience":349151,"relics_obtained":[{"floor":9,"key":"Potion Belt"}],"event_choices":[{"damage_healed":0,"gold_gain":100,"player_choice":"Pray","damage_taken":0,"max_hp_gain":0,"max_hp_loss":0,"event_name":"Golden Shrine","floor":3,"gold_loss":0},{"damage_healed":0,"gold_gain":0,"player_choice":"Success","damage_taken":3,"relics_obtained":["Orichalcum"],"max_hp_gain":0,"max_hp_loss":0,"event_name":"Scrap Ooze","floor":8,"gold_loss":0}],"is_beta":false,"boss_relics":[],"items_purged_floors":[],"is_endless":false,"potions_floor_spawned":[1,5],"killed_by":"Lagavulin","ascension_level":2}}