{"host":"51fyd6gkml7xavq8","time":1610128056,"event":{"mods":["BaseMod","BetterRewards","Colored Map","Energized Spire","Infinite Spire","Minty Spire (QoL Compilation)","Replay The Spire","Shop Mod","Spicy Shops","StSLib","The Blue Laboratory","[IsaacMod]????"],"gold_per_floor":[114,164,182,182,47,94,94,20,20,81,81,124,124,199,199,322,322,337,337,353,109,134,134,209,316,316,316,316],"floor_reached":27,"playtime":1036,"items_purged":["Bash","Replay:Hysterical Blindness","Pain"],"score":409,"play_id":"12449700-cf53-4493-9794-f1900c3b7c29","local_time":"20210108144736","is_ascension_mode":true,"campfire_choices":[{"floor":7.0,"key":"REST"},{"data":"HandOfGreed","floor":7.0,"key":"SMITH"},{"floor":13.0,"key":"REST"},{"data":"infinitespire:OneForAll","floor":13.0,"key":"SMITH"},{"floor":15.0,"key":"REST"},{"data":"Metallicize","floor":15.0,"key":"SMITH"},{"floor":23,"key":"REST"},{"data":"Metallicize","floor":23,"key":"SMITH"}],"circlet_count":0,"master_deck":["Strike_R","Strike_R","Strike_R","Strike_R","Defend_R","Defend_R","Defend_R","Defend_R","HandOfGreed+1","Metallicize+1","Metallicize+1","infinitespire:OneForAll+1","Exhume","Disarm"],"relics":["Burning Blood","HushsDoor","AnarchistCookbook","infinitespire:Magic Flask","PillsDrop","infinitespire:Beetle Shell","ReplayTheSpireMod:CursedCoin","TuHaoJin","infinitespire:BottledMercury","WarpedTongs","Velvet Choker","MerchantsRug","Replay:Baseball","infinitespire:CheckeredPen","Vajra","CaptainsWheel","Omamori"],"acts_visited":["Exordium","TheCity"],"potions_floor_usage":[],"damage_taken":[{"damage":7.0,"enemies":"Small Slimes","floor":1.0,"turns":4.0},{"damage":24.0,"enemies":"Hiden Room Battle","floor":2.0,"turns":3.0},{"damage":10.0,"enemies":"Cultist","floor":3.0,"turns":5.0},{"damage":32.0,"enemies":"Gremlin Nob","floor":6.0,"turns":4.0},{"damage":2.0,"enemies":"2 Louse","floor":10.0,"turns":4.0},{"damage":0.0,"enemies":"Red Slaver","floor":12.0,"turns":1.0},{"damage":50.0,"enemies":"Hexaghost","floor":16.0,"turns":7.0},{"damage":10.0,"enemies":"Chosen","floor":18.0,"turns":4.0},{"damage":5.0,"enemies":"Spheric Guardian","floor":20.0,"turns":3.0},{"damage":45,"enemies":"Hiden Room Battle","floor":24,"turns":6},{"damage":24,"enemies":"Slavers","floor":25,"turns":5},{"damage":8,"enemies":"Chosen and Byrds","floor":27,"turns":1}],"seed_played":"-2961230472426251176","potions_obtained":[{"floor":1.0,"key":"blueLaboratory:PhilterOfMotion"},{"floor":2.0,"key":"Dexterity Potion"},{"floor":3.0,"key":"Flashbang"},{"floor":4.0,"key":"DistilledChaos"},{"floor":18.0,"key":"Weak Potion"},{"floor":20.0,"key":"blueLaboratory:BottleOfRum"}],"is_trial":false,"path_per_floor":["M","?","M","?","$","E","R","$","T","M","?","M","R","?","R","B",null,"M","?","M","$","T","R","?","E","T","M"],"character_chosen":"IRONCLAD","items_purchased":["infinitespire:Magic Flask","ReplayTheSpireMod:CursedCoin","HandOfGreed","Metallicize","MerchantsRug"],"campfire_rested":4,"item_purchase_floors":[0,5,5,8,21],"current_hp_per_floor":[73,40,36,36,36,10,34,34,34,38,38,44,68,57,80,36,69,65,65,66,66,66,80,26,8,8,0,0],"gold":316,"neow_bonus":"","is_daily":false,"chose_seed":false,"campfire_upgraded":4,"win_rate":0.0,"timestamp":1610128056,"path_taken":["M","?","?","?","$","E","R","$","T","M","?","?","R","?","R","BOSS","M","?","M","$","?","R","?","E","T","M"],"items_purchased_type":["Relic","Relic","Card","Card","Relic"],"build_version":"2020-12-22","purchased_purges":3,"victory":false,"max_hp_per_floor":[80,80,80,80,80,80,80,80,80,80,80,80,80,80,80,80,80,80,80,80,80,80,80,80,80,80,80,80],"card_choices":[{"not_picked":["Uppercut","Run Through","Pommel Strike"],"picked":"SKIP","floor":1.0},{"not_picked":["ReplayTheSpireMod:Corrosion Curse","Anger","Shockwave"],"picked":"SKIP","floor":3.0},{"not_picked":["Clash","Power Through"],"picked":"Bomb","floor":6.0},{"not_picked":["Havoc","Juggernaut"],"picked":"Metallicize","floor":10.0},{"not_picked":["Shrug It Off","Blood for Blood"],"picked":"infinitespire:OneForAll","floor":12.0},{"not_picked":["Flex","Headbutt","Clash+1"],"picked":"SKIP","floor":18.0},{"not_picked":["Iron Wave","Cleave+1","Headbutt"],"picked":"SKIP","floor":20.0},{"not_picked":["Warcry","Flame Barrier"],"picked":"Disarm","floor":25}],"player_experience":475427,"relics_obtained":[{"floor":2.0,"key":"PillsDrop"},{"floor":2.0,"key":"infinitespire:Beetle Shell"},{"floor":6.0,"key":"TuHaoJin"},{"floor":9.0,"key":"infinitespire:BottledMercury"},{"floor":22,"key":"Replay:Baseball"},{"floor":24,"key":"infinitespire:CheckeredPen"},{"floor":24,"key":"Vajra"},{"floor":25,"key":"CaptainsWheel"},{"floor":26,"key":"Omamori"}],"event_choices":[{"damage_healed":0.0,"max_hp_gain":0.0,"max_hp_loss":0.0,"gold_gain":0.0,"event_name":"HidenRoomEvent","player_choice":"Fight","floor":2.0,"gold_loss":0.0,"damage_taken":0.0},{"damage_healed":0.0,"max_hp_gain":0.0,"max_hp_loss":0.0,"gold_gain":0.0,"event_name":"Lab","player_choice":"Got Potions","floor":4.0,"gold_loss":0.0,"damage_taken":0.0},{"damage_healed":0.0,"max_hp_gain":0.0,"max_hp_loss":0.0,"gold_gain":0.0,"event_name":"Accursed Blacksmith","player_choice":"Rummage","floor":11.0,"gold_loss":0.0,"damage_taken":0.0,"relics_obtained":["WarpedTongs"],"cards_obtained":["Pain"]},{"damage_healed":0.0,"max_hp_gain":0.0,"max_hp_loss":0.0,"gold_gain":75.0,"event_name":"World of Goop","player_choice":"Gather Gold","floor":14.0,"gold_loss":0.0,"damage_taken":11.0},{"damage_healed":0.0,"max_hp_gain":0.0,"max_hp_loss":0.0,"gold_gain":0.0,"cards_transformed":["Strike_R"],"event_name":"Transmorgrifier","player_choice":"Transformed","floor":19.0,"gold_loss":0.0,"damage_taken":0.0,"cards_obtained":["Exhume"]},{"damage_healed":0,"gold_gain":0,"player_choice":"Fight","damage_taken":0,"max_hp_gain":0,"max_hp_loss":0,"event_name":"HidenRoomEvent","floor":24,"gold_loss":0}],"is_beta":false,"boss_relics":[{"not_picked":["energizedSpire:HugeHouse","ReplayTheSpireMod:SealedPack"],"picked":"Velvet Choker"},{"not_picked":[]}],"items_purged_floors":[0,5,21],"is_endless":false,"potions_floor_spawned":[1,2,3,18,20],"killed_by":"Chosen and Byrds","ascension_level":5}}