{"host":"JIN","time":1610105618,"event":{"mods":["BaseMod","Custom Start","DeckTracker","Minty Spire (QoL Compilation)","Shop Mod","StSLib","SuperFastMode"],"gold_per_floor":[110,110,130,130,130,162,162,194,194,194,194],"floor_reached":10,"playtime":329,"items_purged":[],"score":148,"play_id":"8d7cd853-f2d1-4e69-93fe-dbf18761154a","local_time":"20210108203338","daily_mods":["Draft","Heirloom","Flight","DeadlyEvents","Elite Swarm"],"is_ascension_mode":true,"campfire_choices":[{"data":"DevaForm","floor":7,"key":"SMITH"}],"circlet_count":0,"master_deck":["AscendersBane","Evaluate","SashWhip","JustLucky","Study","PathToVictory","Consecrate","PathToVictory","FlurryOfBlows","Perseverance","Crescendo","EmptyBody","Prostrate","CrushJoints","FlyingSleeves","Protect","Vengeance","Tantrum","DevaForm+1"],"relics":["PureWater","Unceasing Top","Ginger","Darkstone Periapt","Du-Vu Doll"],"acts_visited":["Exordium"],"potions_floor_usage":[],"damage_taken":[{"damage":2,"enemies":"Cultist","floor":1,"turns":3},{"damage":1,"enemies":"2 Louse","floor":3,"turns":3},{"damage":20,"enemies":"Gremlin Nob","floor":6,"turns":3},{"damage":18,"enemies":"Lagavulin","floor":8,"turns":4},{"damage":26,"enemies":"Gremlin Nob","floor":10,"turns":3}],"seed_played":"-982430570197887339","potions_obtained":[],"is_trial":true,"path_per_floor":["M","?","M","?","T","E","R","E","T","E"],"character_chosen":"WATCHER","items_purchased":[],"campfire_rested":0,"item_purchase_floors":[],"current_hp_per_floor":[59,59,58,63,63,43,43,25,25,0,0],"gold":194,"neow_bonus":"","is_daily":false,"chose_seed":false,"campfire_upgraded":1,"win_rate":0.0,"timestamp":1610105618,"path_taken":["M","?","M","?","?","E","R","E","T","E"],"items_purchased_type":[],"build_version":"2020-12-18","purchased_purges":0,"victory":false,"max_hp_per_floor":[68,68,68,73,73,73,73,73,73,73,73],"card_choices":[{"not_picked":["CutThroughFate","ClearTheMind"],"picked":"Evaluate","floor":0},{"not_picked":["Crescendo","ThirdEye"],"picked":"SashWhip","floor":0},{"not_picked":["ClearTheMind","CutThroughFate"],"picked":"JustLucky","floor":0},{"not_picked":["ClearTheMind","CrushJoints"],"picked":"Study","floor":0},{"not_picked":["EmptyFist","CrushJoints"],"picked":"PathToVictory","floor":0},{"not_picked":["CutThroughFate","CarveReality"],"picked":"Consecrate","floor":0},{"not_picked":["FlurryOfBlows","Fasting2"],"picked":"PathToVictory","floor":0},{"not_picked":["Fasting2","CutThroughFate"],"picked":"FlurryOfBlows","floor":0},{"not_picked":["JustLucky","Pray"],"picked":"Perseverance","floor":0},{"not_picked":["ThirdEye","CutThroughFate"],"picked":"Crescendo","floor":0},{"not_picked":["CarveReality","Swivel"],"picked":"EmptyBody","floor":0},{"not_picked":["ClearTheMind","CrushJoints"],"picked":"Prostrate","floor":0},{"not_picked":["Study","Crescendo"],"picked":"CrushJoints","floor":0},{"not_picked":["Fasting2","EmptyBody"],"picked":"FlyingSleeves","floor":0},{"not_picked":["WaveOfTheHand","ClearTheMind"],"picked":"Protect","floor":0},{"not_picked":["DeceiveReality","Sanctity"],"picked":"Vengeance","floor":1},{"not_picked":["EmptyBody","FlurryOfBlows"],"picked":"Tantrum","floor":3},{"not_picked":["Scrawl","Alpha"],"picked":"DevaForm","floor":6},{"not_picked":["DevaForm","ConjureBlade","Vault"],"picked":"SKIP","floor":8}],"player_experience":1209527,"relics_obtained":[{"floor":5,"key":"Ginger"},{"floor":6,"key":"Darkstone Periapt"},{"floor":8,"key":"Du-Vu Doll"}],"event_choices":[{"damage_healed":0,"gold_gain":0,"player_choice":"Ignored","damage_taken":0,"max_hp_gain":0,"max_hp_loss":0,"event_name":"Liars Game","floor":2,"gold_loss":0},{"damage_healed":0,"gold_gain":0,"player_choice":"Donut","damage_taken":0,"max_hp_gain":5,"max_hp_loss":0,"event_name":"Big Fish","floor":4,"gold_loss":0}],"is_beta":true,"boss_relics":[],"items_purged_floors":[],"is_endless":false,"potions_floor_spawned":[],"killed_by":"Gremlin Nob","ascension_level":20}}