{"host":"1a3cjta80tad0aqj","time":1610094514,"event":{"mods":["2.2 Compatiblity","AchievementEnabler","BaseMod","Colored Map","DeckTracker","KOR Keyword Fix","Keyboard Shortcuts","Minty Spire (QoL Compilation)","Permanent Neow","Quick Restart","Random Character Button","StSLib","SuperFastMode","everything is the same but u backflip on backflip"],"gold_per_floor":[112,124,47,47,47,47,74,74,74,88,108,33,49,49,49,149,149,169,169,184,84,99,99,119,119,119,119,137,137,137,12,12,107,107,122,122,137,155,5,5,5,5],"floor_reached":41,"playtime":1463,"items_purged":["Pray+1","Strike_P","Strike_P","Crescendo+1"],"score":391,"play_id":"42aeb84e-41c9-44f5-8aa4-43f988d1bcc7","local_time":"20210108172834","is_ascension_mode":false,"campfire_choices":[{"data":"Eruption","floor":6,"key":"SMITH"},{"data":"FlurryOfBlows","floor":8,"key":"SMITH"},{"data":"Wallop","floor":15,"key":"SMITH"},{"data":"BowlingBash","floor":23,"key":"SMITH"},{"floor":32,"key":"REST"},{"floor":40,"key":"REST"}],"circlet_count":0,"master_deck":["Eruption+1","Vigilance","SashWhip+1","Halt","FlurryOfBlows+1","Wallop+1","Brilliance","BowlingBash+1","Adaptation+1","Tantrum"],"relics":["Astrolabe"],"acts_visited":["Exordium","TheCity","TheBeyond"],"potions_floor_usage":[],"damage_taken":[{"damage":0,"enemies":"Jaw Worm","floor":1,"turns":3},{"damage":0,"enemies":"2 Louse","floor":2,"turns":2},{"damage":13,"enemies":"Gremlin Nob","floor":7,"turns":4},{"damage":0,"enemies":"Cultist","floor":10,"turns":2},{"damage":2,"enemies":"Looter","floor":11,"turns":3},{"damage":8,"enemies":"3 Louse","floor":13,"turns":2},{"damage":43,"enemies":"Slime Boss","floor":16,"turns":7},{"damage":0,"enemies":"Shell Parasite","floor":18,"turns":3},{"damage":8,"enemies":"2 Thieves","floor":20,"turns":2},{"damage":0,"enemies":"3 Cultists","floor":22,"turns":3},{"damage":8,"enemies":"Sentry and Sphere","floor":24,"turns":3},{"damage":18,"enemies":"Snake Plant","floor":28,"turns":2},{"damage":26,"enemies":"Collector","floor":33,"turns":4},{"damage":0,"enemies":"3 Shapes","floor":35,"turns":3},{"damage":32,"enemies":"3 Darklings","floor":37,"turns":4},{"damage":34,"enemies":"4 Shapes","floor":38,"turns":4},{"damage":28,"enemies":"Maw","floor":41,"turns":5}],"seed_played":"2422888770204025981","potions_obtained":[{"floor":7,"key":"Weak Potion"},{"floor":11,"key":"Energy Potion"},{"floor":18,"key":"DuplicationPotion"}],"is_trial":false,"path_per_floor":["M","M","$","?","?","R","E","R","T","M","M","$","M","$","R","B",null,"M","?","M","$","M","R","M","?","T","$","M","?","?","$","R","B",null,"M","$","M","M","$","R","M"],"character_chosen":"WATCHER","items_purchased":["Wallop"],"campfire_rested":2,"item_purchase_floors":[3],"current_hp_per_floor":[72,72,72,72,72,72,59,59,59,59,57,57,49,49,49,6,72,72,72,64,64,64,64,56,56,56,56,38,38,38,38,59,33,72,72,72,40,6,6,27,0,0],"gold":5,"neow_bonus":"BOSS_RELIC","is_daily":false,"chose_seed":true,"campfire_upgraded":4,"win_rate":0.0,"timestamp":1610094514,"path_taken":["M","M","$","?","?","R","E","R","T","M","M","$","?","$","R","BOSS","M","?","M","$","M","R","M","?","T","$","M","?","?","$","R","BOSS","M","?","M","M","$","R","M"],"items_purchased_type":["Card"],"build_version":"2020-12-22","purchased_purges":4,"victory":false,"max_hp_per_floor":[72,72,72,72,72,72,72,72,72,72,72,72,72,72,72,72,72,72,72,72,72,72,72,72,72,72,72,72,72,72,72,72,72,72,72,72,72,72,72,72,72,72],"card_choices":[{"not_picked":["SashWhip","BattleHymn"],"picked":"Halt","floor":1},{"not_picked":["LikeWater","CrushJoints"],"picked":"FlurryOfBlows","floor":2},{"not_picked":["WheelKick","Judgement","JustLucky"],"picked":"SKIP","floor":7},{"not_picked":["Halt","FlurryOfBlows","Indignation"],"picked":"SKIP","floor":10},{"not_picked":["Evaluate","Protect","EmptyFist"],"picked":"SKIP","floor":11},{"not_picked":["SandsOfTime","Consecrate","Collect"],"picked":"SKIP","floor":13},{"not_picked":["LessonLearned","Devotion"],"picked":"Brilliance","floor":16},{"not_picked":["Evaluate","Protect"],"picked":"BowlingBash","floor":18},{"not_picked":["Halt","JustLucky"],"picked":"Adaptation+1","floor":20},{"not_picked":["ReachHeaven+1","FlyingSleeves","SashWhip+1"],"picked":"SKIP","floor":22},{"not_picked":["EmptyBody","Swivel","Evaluate"],"picked":"SKIP","floor":24},{"not_picked":["DevaForm","DeceiveReality+1"],"picked":"Tantrum","floor":28},{"not_picked":["Vengeance","JustLucky","Sanctity+1"],"picked":"SKIP","floor":35},{"not_picked":["FlyingSleeves+1","Prostrate","Protect"],"picked":"SKIP","floor":37},{"not_picked":["Tantrum","Prostrate","EmptyBody+1"],"picked":"SKIP","floor":38}],"player_experience":201951,"relics_obtained":[],"event_choices":[{"damage_healed":0,"gold_gain":0,"player_choice":"Fled","damage_taken":0,"max_hp_gain":0,"max_hp_loss":0,"event_name":"Scrap Ooze","floor":4,"gold_loss":0},{"cards_removed":["Strike_P"],"damage_healed":0,"gold_gain":0,"player_choice":"Offered Basic","damage_taken":0,"max_hp_gain":0,"max_hp_loss":0,"event_name":"Bonfire Elementals","floor":5,"gold_loss":0},{"cards_removed":["Defend_P"],"damage_healed":0,"gold_gain":0,"player_choice":"Elegance","damage_taken":0,"max_hp_gain":0,"max_hp_loss":0,"event_name":"Back to Basics","floor":19,"gold_loss":0},{"damage_healed":0,"gold_gain":0,"player_choice":"Ignored","damage_taken":0,"max_hp_gain":0,"max_hp_loss":0,"event_name":"Vampires","floor":25,"gold_loss":0},{"damage_healed":0,"gold_gain":0,"player_choice":"Ignored","damage_taken":0,"max_hp_gain":0,"max_hp_loss":0,"event_name":"Ghosts","floor":29,"gold_loss":0},{"cards_removed":["Defend_P"],"damage_healed":0,"gold_gain":0,"player_choice":"Purged","damage_taken":0,"max_hp_gain":0,"max_hp_loss":0,"event_name":"Purifier","floor":30,"gold_loss":0}],"is_beta":false,"boss_relics":[{"not_picked":[]},{"not_picked":[]}],"items_purged_floors":[12,21,31,39],"is_endless":false,"potions_floor_spawned":[7,11,18,38],"killed_by":"Maw","ascension_level":0}}