{"host":"jl15pmpb41l0mhji","time":1610133353,"event":{"mods":["2.2 Compatiblity","AchievementEnabler","BaseMod","Better Altar","Better Match","Better Note","Better Sensory Stone","Better Skull","Better Third Choice","Better Vampires","Colored Map","Displayed Cursed Tome","Emptier Cage","Hermit","Highlight Path","Minty Spire (QoL Compilation)","Permanent Neow","Random Character Button","Relic Stats","StSLib","The Hierophant"],"gold_per_floor":[110,122,140,152,167,167,199,222,222,251,271,271,285,298,298,298,298],"floor_reached":16,"playtime":655,"items_purged":[],"score":122,"play_id":"64c60ec9-16df-40c5-b685-5eab1d964565","local_time":"20210108131553","is_ascension_mode":true,"campfire_choices":[{"data":"True Grit","floor":6,"key":"SMITH"},{"data":"Perfected Strike","floor":12,"key":"SMITH"},{"data":"Clothesline","floor":15,"key":"SMITH"}],"circlet_count":0,"master_deck":["Strike_R","Strike_R","Strike_R","Strike_R","Strike_R","Defend_R","Defend_R","Defend_R","Defend_R","Bash","Pommel Strike","Headbutt","Perfected Strike+1","True Grit+1","Pommel Strike","Inflame","Clothesline+1","Pommel Strike","Perfected Strike"],"relics":["Burning Blood","Regal Pillow","Odd Mushroom","Strawberry","Vajra"],"acts_visited":["Exordium"],"potions_floor_usage":[5,7,16],"damage_taken":[{"damage":0,"enemies":"Cultist","floor":1,"turns":2},{"damage":7,"enemies":"Small Slimes","floor":2,"turns":2},{"damage":3,"enemies":"Jaw Worm","floor":3,"turns":3},{"damage":5,"enemies":"2 Fungi Beasts","floor":4,"turns":3},{"damage":17,"enemies":"Exordium Wildlife","floor":5,"turns":3},{"damage":6,"enemies":"Gremlin Nob","floor":7,"turns":3},{"damage":21,"enemies":"The Mushroom Lair","floor":8,"turns":4},{"damage":31,"enemies":"3 Sentries","floor":10,"turns":7},{"damage":10,"enemies":"Looter","floor":11,"turns":2},{"damage":3,"enemies":"3 Louse","floor":13,"turns":4},{"damage":19,"enemies":"Large Slime","floor":14,"turns":4},{"damage":40,"enemies":"Hexaghost","floor":16,"turns":9}],"seed_played":"68225120658559639","potions_obtained":[{"floor":2,"key":"DuplicationPotion"},{"floor":3,"key":"AttackPotion"},{"floor":8,"key":"BloodPotion"},{"floor":10,"key":"SmokeBomb"},{"floor":11,"key":"ElixirPotion"}],"is_trial":false,"path_per_floor":["M","M","M","M","M","R","E","?","T","E","M","R","M","M","R","B"],"character_chosen":"IRONCLAD","items_purchased":[],"campfire_rested":0,"item_purchase_floors":[],"current_hp_per_floor":[80,79,80,80,69,69,69,54,61,36,32,32,35,22,22,0,0],"gold":298,"neow_bonus":"THREE_CARDS","is_daily":false,"chose_seed":false,"campfire_upgraded":3,"win_rate":0.0,"timestamp":1610133353,"path_taken":["M","M","M","?","M","R","E","?","T","E","M","R","M","M","R","BOSS"],"items_purchased_type":[],"build_version":"2020-12-22","purchased_purges":0,"victory":false,"max_hp_per_floor":[80,80,80,80,80,80,80,80,87,87,87,87,87,87,87,87,87],"relic_stats":{"Regal Pillow":0,"counters":[12,46],"obtain_stats":[{"Regal Pillow":7,"Strawberry":9,"Vajra":10,"Odd Mushroom":8,"Burning Blood":0},{"Regal Pillow":6,"Strawberry":7,"Vajra":8,"Odd Mushroom":7,"Burning Blood":0},{"Regal Pillow":16,"Strawberry":20,"Vajra":27,"Odd Mushroom":20,"Burning Blood":0}],"Burning Blood":57},"card_choices":[{"not_picked":["Body Slam","Warcry"],"picked":"Pommel Strike","floor":0},{"not_picked":["Warcry","Second Wind"],"picked":"Headbutt","floor":1},{"not_picked":["Warcry","Ghostly Armor"],"picked":"Perfected Strike","floor":2},{"not_picked":["Hemokinesis","Clash"],"picked":"True Grit","floor":3},{"not_picked":["Sever Soul","Cleave","Whirlwind"],"picked":"SKIP","floor":4},{"not_picked":["True Grit","Headbutt","Pummel"],"picked":"SKIP","floor":5},{"not_picked":["Burning Pact","Rampage"],"picked":"Pommel Strike","floor":7},{"not_picked":["Power Through","True Grit"],"picked":"Inflame","floor":8},{"not_picked":["Hemokinesis","Ghostly Armor"],"picked":"Clothesline","floor":10},{"not_picked":["Uppercut","Intimidate"],"picked":"Pommel Strike","floor":11},{"not_picked":["Iron Wave","Clothesline"],"picked":"Perfected Strike","floor":13},{"not_picked":["Armaments","Entrench","Sword Boomerang"],"picked":"SKIP","floor":14}],"player_experience":1675864,"relics_obtained":[{"floor":7,"key":"Regal Pillow"},{"floor":8,"key":"Odd Mushroom"},{"floor":9,"key":"Strawberry"},{"floor":10,"key":"Vajra"}],"event_choices":[{"damage_healed":0,"gold_gain":0,"player_choice":"Fought Mushrooms","damage_taken":0,"max_hp_gain":0,"max_hp_loss":0,"event_name":"Mushrooms","floor":8,"gold_loss":0}],"is_beta":false,"boss_relics":[],"items_purged_floors":[],"is_endless":false,"potions_floor_spawned":[2,3,8,10,11],"killed_by":"Hexaghost","ascension_level":1}}