{"host":"pqhwp6kmk3x070f7","time":1610102508,"event":{"mods":["Act Like it!","BaseMod","Better Altar","Better Match","Better Note","Better Sensory Stone","Better Skull","Better Third Choice","Downfall","Energized Spire","Hallownest","Hubris","Infinite Spire","Minty Spire (QoL Compilation)","Replay The Spire","StSLib","The Animator","The Bug Knight","The Caster","The Marked"],"gold_per_floor":[365,380,380,380,391,391,420,420,491,491,491,125,162,172,172,172,172],"floor_reached":16,"playtime":2907,"items_purged":["animator:SilverFang+1"],"score":113,"play_id":"73b6b7f4-3f1d-4c8a-b7b4-70dfab76c8fc","local_time":"20210108024148","is_ascension_mode":true,"campfire_choices":[{"data":"animator:Millim","floor":6,"key":"SMITH"},{"floor":8,"key":"REST"},{"floor":10,"key":"REST"},{"floor":15,"key":"REST"}],"circlet_count":0,"master_deck":["animator:Strike_Elsword","animator:Defend_Elsword","animator:Strike","animator:Strike","animator:Strike","animator:Defend","animator:Defend","animator:Chung+1","animator:Raven","animator:Millim+1","animator:Ciel","animator:Ara"],"relics":["animator:LivingPicture","animator:TheMissingPiece","ReplayFunnel","hubris:BottledRain","War Paint","Tiny Chest","ReplayTheSpireMod:Shallot","Ancient Tea Set"],"acts_visited":["Exordium"],"potions_floor_usage":[7,13],"damage_taken":[{"damage":0,"enemies":"Small Slimes","floor":1,"turns":4},{"damage":7,"enemies":"Jaw Worm","floor":2,"turns":8},{"damage":3,"enemies":"Cultist","floor":5,"turns":6},{"damage":19,"enemies":"Gremlin Nob","floor":7,"turns":5},{"damage":29,"enemies":"Lagavulin","floor":13,"turns":6},{"damage":2,"enemies":"Blue Slaver","floor":14,"turns":5},{"damage":41,"enemies":"Slime Boss","floor":16,"turns":10}],"seed_played":"1725091189607388762","potions_obtained":[{"floor":2,"key":"Explosive Potion"},{"floor":7,"key":"champ:CounterPotion"},{"floor":14,"key":"champ:CounterPotion"}],"is_trial":false,"path_per_floor":["M","M","?","?","M","R","E","R","T","R","?","$","E","M","R","B"],"character_chosen":"THE_ANIMATOR","items_purchased":["ReplayTheSpireMod:Shallot","animator:Ciel"],"campfire_rested":3,"item_purchase_floors":[12,12],"current_hp_per_floor":[66,59,52,52,49,49,30,49,49,66,51,51,22,20,39,0,0],"gold":172,"neow_bonus":"TWO_FIFTY_GOLD","is_daily":false,"chose_seed":false,"campfire_upgraded":1,"win_rate":0.0,"timestamp":1610102508,"path_taken":["M","M","?","?","?","R","E","R","T","R","?","$","E","M","R","BOSS"],"items_purchased_type":["Relic","Card"],"build_version":"2020-12-22","purchased_purges":1,"victory":false,"max_hp_per_floor":[66,66,66,66,66,66,66,66,66,66,66,66,66,66,66,66,66],"card_choices":[{"not_picked":["animator:Geryuganshoop","animator:Gillette","animator:Lancer"],"picked":"SKIP","floor":1},{"not_picked":["animator:ShinjiMatou","animator:Priestess","animator:Guy"],"picked":"SKIP","floor":2},{"not_picked":["animator:Chung","animator:Caster"],"picked":"animator:Millim","floor":5},{"not_picked":["animator:Vesta","animator:Ciel"],"picked":"animator:Ara","floor":13},{"not_picked":["animator:UneriGinkaku","animator:Konayuki","animator:Hakurou"],"picked":"SKIP","floor":14}],"player_experience":1997111,"relics_obtained":[{"floor":7,"key":"ReplayFunnel"},{"floor":9,"key":"hubris:BottledRain"},{"floor":13,"key":"Ancient Tea Set"}],"event_choices":[{"cards_removed":["hubris:Compulsion"],"damage_healed":0,"gold_gain":0,"player_choice":"Card Removal","damage_taken":7,"max_hp_gain":0,"max_hp_loss":0,"event_name":"Golden Wing","floor":3,"gold_loss":0},{"damage_healed":0,"gold_gain":0,"cards_transformed":["animator:Defend"],"player_choice":"Transformed","damage_taken":0,"max_hp_gain":0,"max_hp_loss":0,"event_name":"Transmorgrifier","floor":4,"gold_loss":0,"cards_obtained":["animator:SilverFang"]},{"damage_healed":0,"gold_gain":1,"player_choice":"Relic Relic ","damage_taken":15,"max_hp_gain":0,"max_hp_loss":0,"event_name":"betterThird:BetterScrap","floor":11,"gold_loss":0,"cards_obtained":["ReplayTheSpireMod:Shiv Toss"]}],"is_beta":false,"boss_relics":[],"items_purged_floors":[12],"is_endless":false,"potions_floor_spawned":[2,7,14],"killed_by":"Slime Boss","ascension_level":1}}