{"host":"all919iypwkkx094","time":1610065423,"event":{"mods":["AchievementEnabler","BaseMod","Conspire","Hubris","Infinite Spire","Minty Spire (QoL Compilation)","Shop Mod","StSLib","SuperFastMode","The Construct"],"gold_per_floor":[110,128,128,142,30,64,64,108,108,108,108,148,167,198,198,317,317,330,245,269,269,269,269,306,306,378,408,445,519,519,543,543,689,689,732,732,537,537,575,613,613,652,652,100,153,171,250,272,272,278],"floor_reached":51,"playtime":1240,"items_purged":["Defend_R","Strike_R","Strike_R"],"score":913,"play_id":"e7f1d6f0-7aea-4330-9047-909ca1703525","local_time":"20210108012343","is_ascension_mode":false,"campfire_choices":[{"data":"Fiend Fire","floor":7.0,"key":"SMITH"},{"data":"Fiend Fire+1","floor":11.0,"key":"SMITH"},{"floor":15.0,"key":"REST"},{"data":"Rupture","floor":23.0,"key":"SMITH"},{"data":"Rupture+1","floor":25.0,"key":"SMITH"},{"data":"Rupture+2","floor":32,"key":"SMITH"},{"data":"Rupture+3","floor":41,"key":"SMITH"},{"data":"Rupture+4","floor":49,"key":"SMITH"}],"circlet_count":0,"master_deck":["Bash","Fiend Fire+2","Dropkick","Rupture+5","Brutality","Thunderclap","hubris:SharpeningStone","Reaper","infinitespire:OneForAll","conspire:Purge","Rupture+1","Trip","Bloodletting","Brutality","Offering","Flex+1"],"relics":["Burning Blood","Golden Idol","infinitespire:Bottled Soul","Bronze Scales","conspire:InfiniteJournal","hubris:Spice","Shuriken","Runic Pyramid","hubris:ToyBattleship","hubris:Towel","infinitespire:Midas Blood","hubris:MedicalManual","infinitespire:Burning Sword","Orichalcum","Anchor","conspire:GiftBox","ClockworkSouvenir","conspire:BottledYoYo","Bag of Marbles","Lizard Tail"],"acts_visited":["Exordium","TheCity","TheBeyond"],"potions_floor_usage":[31,33,40,40,45,47,50,50,50,50,50],"damage_taken":[{"damage":0.0,"enemies":"2 Louse","floor":1.0,"turns":3.0},{"damage":0.0,"enemies":"Small Slimes","floor":2.0,"turns":3.0},{"damage":11.0,"enemies":"Jaw Worm","floor":4.0,"turns":2.0},{"damage":35.0,"enemies":"Lagavulin","floor":6.0,"turns":5.0},{"damage":14.0,"enemies":"Gremlin Nob","floor":8.0,"turns":3.0},{"damage":2.0,"enemies":"Lagavulin","floor":12.0,"turns":4.0},{"damage":17.0,"enemies":"Lots of Slimes","floor":13.0,"turns":3.0},{"damage":15.0,"enemies":"3 Sentries","floor":14.0,"turns":4.0},{"damage":30.0,"enemies":"The Guardian","floor":16.0,"turns":5.0},{"damage":27.0,"enemies":"2 Thieves","floor":18.0,"turns":3.0},{"damage":16.0,"enemies":"3 Byrds","floor":20.0,"turns":3.0},{"damage":36.0,"enemies":"3 Cultists","floor":24.0,"turns":5.0},{"damage":22.0,"enemies":"Centurion and Healer","floor":27.0,"turns":6.0},{"damage":26.0,"enemies":"Sentry and Sphere","floor":28.0,"turns":4.0},{"damage":9,"enemies":"Snake Plant","floor":31,"turns":2},{"damage":35,"enemies":"hubris:MusketHawk","floor":33,"turns":5},{"damage":46,"enemies":"3 Shapes","floor":35,"turns":4},{"damage":34,"enemies":"Orb Walker","floor":39,"turns":3},{"damage":0,"enemies":"Nemesis","floor":40,"turns":1},{"damage":17,"enemies":"Giant Head","floor":42,"turns":2},{"damage":39,"enemies":"Nemesis","floor":45,"turns":3},{"damage":11,"enemies":"Jaw Worm Horde","floor":46,"turns":2},{"damage":34,"enemies":"2 Orb Walkers","floor":47,"turns":3},{"damage":16,"enemies":"Maw","floor":48,"turns":2},{"damage":10,"enemies":"Awakened One","floor":50,"turns":2}],"seed_played":"-5230695645360344115","potions_obtained":[{"floor":1.0,"key":"PowerPotion"},{"floor":13.0,"key":"SpeedPotion"},{"floor":16.0,"key":"BlessingOfTheForge"},{"floor":24.0,"key":"LiquidBronze"},{"floor":31,"key":"PowerPotion"},{"floor":38,"key":"EntropicBrew"},{"floor":38,"key":"ElixirPotion"},{"floor":38,"key":"Regen Potion"},{"floor":39,"key":"infinitespire:BlackPotion"},{"floor":42,"key":"BloodPotion"},{"floor":45,"key":"SteroidPotion"},{"floor":47,"key":"EntropicBrew"}],"is_trial":false,"path_per_floor":["M","M","?","M","$","E","R","E","T","?","R","E","M","E","R","B",null,"M","?","M","?","AVR","R","M","R","T","M","M","T","?","M","R","B",null,"M","?","$","?","M","E","R","E","T","$","E","M","?","M","R","B",null],"character_chosen":"IRONCLAD","items_purchased":["Rupture","Trip","ClockworkSouvenir","Offering","conspire:BottledYoYo"],"campfire_rested":1,"item_purchase_floors":[5,37,44,44,44],"current_hp_per_floor":[80,80,74,69,69,40,40,32,32,32,32,44,33,24,48,24,82,61,61,51,51,51,51,21,21,29,45,41,41,41,38,38,9,90,68,68,68,68,75,81,81,70,70,70,85,85,75,85,85,85],"gold":278,"neow_bonus":"","is_daily":false,"chose_seed":false,"campfire_upgraded":7,"win_rate":0.0,"timestamp":1610065423,"path_taken":["M","M","?","M","$","E","R","E","T","?","R","E","M","E","R","BOSS","M","?","M","?","AVR","R","M","R","T","?","?","?","?","M","R","BOSS","M","?","$","?","?","E","R","E","T","$","E","M","?","M","R","BOSS"],"items_purchased_type":["Card","Card","Relic","Card","Relic"],"build_version":"2020-12-22","purchased_purges":3,"victory":true,"max_hp_per_floor":[80,80,74,74,74,74,74,74,74,74,74,82,82,82,82,82,82,82,82,82,82,82,82,82,82,90,90,90,90,90,90,90,90,90,90,85,85,85,85,85,85,85,85,85,85,85,85,85,85,85],"card_choices":[{"not_picked":["Perfected Strike","Flex"],"picked":"Clash","floor":1.0},{"not_picked":["Seeing Red","Perfected Strike"],"picked":"Fiend Fire","floor":2.0},{"not_picked":["Armaments","Metallicize"],"picked":"Dropkick","floor":4.0},{"not_picked":["Searing Blow","Twin Strike"],"picked":"Brutality","floor":6.0},{"not_picked":["conspire:ExplosiveBarrier","Sword Boomerang","hubris:ReadiedAction"],"picked":"SKIP","floor":8.0},{"not_picked":["Shockwave","Metallicize","Headbutt"],"picked":"SKIP","floor":12.0},{"not_picked":["Armaments","Body Slam","Thunderclap"],"picked":"SKIP","floor":13.0},{"not_picked":["Armaments","Body Slam"],"picked":"Thunderclap","floor":13.0},{"not_picked":["conspire:HitWhereItHurts","Armaments"],"picked":"hubris:SharpeningStone","floor":14.0},{"not_picked":["hubris:SharpeningStone","Uppercut","Seeing Red"],"picked":"SKIP","floor":18.0},{"not_picked":["Carnage","Twin Strike","Sword Boomerang"],"picked":"SKIP","floor":20.0},{"not_picked":["Armaments+1","Flex"],"picked":"Reaper","floor":24.0},{"not_picked":["Dual Wield","Rampage","Reckless Charge+1"],"picked":"SKIP","floor":27.0},{"not_picked":["Thunderclap+1","Shrug It Off"],"picked":"infinitespire:OneForAll","floor":28.0},{"not_picked":["conspire:HitWhereItHurts","Intimidate","Clothesline"],"picked":"SKIP","floor":31},{"not_picked":["Berserk","Brutality"],"picked":"conspire:Purge","floor":33},{"not_picked":["Whirlwind","hubris:ReadiedAction"],"picked":"Rupture+1","floor":35},{"not_picked":["Flex","Thunderclap+1"],"picked":"Bloodletting","floor":39},{"not_picked":["Rupture","conspire:ExplosiveBarrier","Infernal Blade+1"],"picked":"SKIP","floor":40},{"not_picked":["True Grit","Power Through","hubris:CleavingFinish"],"picked":"SKIP","floor":42},{"not_picked":["conspire:Purge","Demon Form"],"picked":"Brutality","floor":43},{"not_picked":["Clothesline+1","Iron Wave"],"picked":"Flex+1","floor":45},{"not_picked":["Inflame","Rage+1","Twin Strike+1"],"picked":"SKIP","floor":46},{"not_picked":["Clash","Cleave","Iron Wave"],"picked":"SKIP","floor":48}],"player_experience":0,"relics_obtained":[{"floor":6.0,"key":"infinitespire:Bottled Soul"},{"floor":8.0,"key":"Bronze Scales"},{"floor":9.0,"key":"conspire:InfiniteJournal"},{"floor":12.0,"key":"hubris:Spice"},{"floor":14.0,"key":"Shuriken"},{"floor":26.0,"key":"hubris:Spice"},{"floor":29.0,"key":"hubris:MedicalManual"},{"floor":40,"key":"Orichalcum"},{"floor":42,"key":"Anchor"},{"floor":43,"key":"conspire:GiftBox"},{"floor":45,"key":"Bag of Marbles"},{"floor":47,"key":"Lizard Tail"}],"event_choices":[{"damage_healed":0.0,"max_hp_gain":0.0,"max_hp_loss":6.0,"gold_gain":0.0,"event_name":"Golden Idol","player_choice":"Lose Max HP","floor":3.0,"gold_loss":0.0,"damage_taken":0.0,"relics_obtained":["Golden Idol"]},{"damage_healed":0.0,"max_hp_gain":0.0,"max_hp_loss":0.0,"gold_gain":0.0,"event_name":"Liars Game","player_choice":"Ignored","floor":10.0,"gold_loss":0.0,"damage_taken":0.0},{"damage_healed":0.0,"max_hp_gain":0.0,"max_hp_loss":0.0,"gold_gain":0.0,"event_name":"Addict","player_choice":"Obtained Relic","floor":19.0,"gold_loss":85.0,"damage_taken":0.0,"relics_obtained":["hubris:ToyBattleship"]},{"damage_healed":0,"gold_gain":0,"player_choice":"Max HP","damage_taken":0,"max_hp_gain":0,"max_hp_loss":5,"event_name":"Winding Halls","floor":36,"gold_loss":0},{"damage_healed":0,"gold_gain":0,"player_choice":"Got Potions","damage_taken":0,"max_hp_gain":0,"max_hp_loss":0,"event_name":"Lab","floor":38,"gold_loss":0},{"damage_healed":0,"gold_gain":0,"player_choice":"Fight","damage_taken":0,"max_hp_gain":0,"max_hp_loss":0,"event_name":"Mysterious Sphere","floor":47,"gold_loss":0}],"is_beta":false,"boss_relics":[{"not_picked":["Astrolabe","hubris:Backtick"],"picked":"Runic Pyramid"},{"not_picked":["Sozu","hubris:Spice"],"picked":"infinitespire:Burning Sword"}],"items_purged_floors":[5,22,37],"is_endless":false,"potions_floor_spawned":[1,13,16,24,31,39,42,45,47],"ascension_level":0}}