{"host":"m77rrhbqzv44va4v","time":1610128743,"event":{"mods":["AchievementEnabler","BaseMod","Colored Map","DeckTracker","Keyboard Shortcuts","Minty Spire (QoL Compilation)","StSLib","SuperFastMode","everything is the same but u backflip on backflip"],"gold_per_floor":[116,132,142,142,162,162,196,196,246,277,277,289,289,307,307,307,307],"floor_reached":16,"playtime":240,"items_purged":[],"score":224,"play_id":"40fec3ff-ce6c-47fa-bcad-dbdad367bde2","local_time":"20210109025903","is_ascension_mode":true,"campfire_choices":[{"data":"Rampage","floor":6.0,"key":"SMITH"},{"data":"Infernal Blade","floor":8.0,"key":"SMITH"},{"floor":13.0,"key":"REST"},{"data":"Inflame","floor":15.0,"key":"SMITH"}],"circlet_count":0,"master_deck":["AscendersBane","Strike_R","Strike_R","Strike_R","Strike_R","Defend_R","Defend_R","Defend_R","Defend_R","Bash","Hemokinesis","Rampage+1","Ghostly Armor","Hemokinesis","Intimidate","Infernal Blade+1","Immolate","Inflame+1"],"relics":["Burning Blood","Letter Opener","Tiny Chest"],"acts_visited":["Exordium"],"potions_floor_usage":[16],"damage_taken":[{"damage":15.0,"enemies":"Small Slimes","floor":1.0,"turns":5.0},{"damage":2.0,"enemies":"Cultist","floor":2.0,"turns":2.0},{"damage":3.0,"enemies":"2 Louse","floor":3.0,"turns":2.0},{"damage":13.0,"enemies":"2 Fungi Beasts","floor":5.0,"turns":3.0},{"damage":31.0,"enemies":"Lagavulin","floor":7.0,"turns":5.0},{"damage":35.0,"enemies":"Gremlin Nob","floor":10.0,"turns":4.0},{"damage":4.0,"enemies":"Looter","floor":12.0,"turns":2.0},{"damage":8.0,"enemies":"Blue Slaver","floor":14.0,"turns":4.0},{"damage":37,"enemies":"The Guardian","floor":16,"turns":5}],"seed_played":"-4741999253709795394","potions_obtained":[{"floor":2.0,"key":"LiquidBronze"},{"floor":3.0,"key":"ElixirPotion"},{"floor":14.0,"key":"BlessingOfTheForge"}],"is_trial":false,"path_per_floor":["M","M","M","?","M","R","E","R","T","E","?","M","R","M","R","B"],"character_chosen":"IRONCLAD","items_purchased":[],"campfire_rested":1,"item_purchase_floors":[],"current_hp_per_floor":[66,70,73,73,66,66,41,41,41,12,12,14,38,36,36,0,0],"gold":307,"neow_bonus":"TEN_PERCENT_HP_BONUS","is_daily":false,"chose_seed":false,"campfire_upgraded":3,"win_rate":0.0,"timestamp":1610128743,"path_taken":["M","M","M","?","M","R","E","R","T","E","?","M","R","?","R","BOSS"],"items_purchased_type":[],"build_version":"2020-12-22","purchased_purges":0,"victory":false,"max_hp_per_floor":[82,82,82,82,82,82,82,82,82,82,82,82,82,82,82,82,82],"card_choices":[{"not_picked":["Warcry","Anger"],"picked":"Hemokinesis","floor":1.0},{"not_picked":["Cleave","Reckless Charge"],"picked":"Rampage","floor":2.0},{"not_picked":["Perfected Strike","Twin Strike"],"picked":"Ghostly Armor","floor":3.0},{"not_picked":["True Grit","Flex"],"picked":"Intimidate","floor":5.0},{"not_picked":["Anger","Whirlwind"],"picked":"Infernal Blade","floor":7.0},{"not_picked":["Cleave","Heavy Blade"],"picked":"Immolate","floor":10.0},{"not_picked":["Body Slam","Perfected Strike"],"picked":"Inflame","floor":12.0},{"not_picked":["Warcry","Sentinel","Sword Boomerang"],"picked":"SKIP","floor":14.0}],"player_experience":917914,"relics_obtained":[{"floor":7.0,"key":"Letter Opener"},{"floor":10.0,"key":"Tiny Chest"}],"event_choices":[{"damage_healed":0.0,"max_hp_gain":0.0,"max_hp_loss":0.0,"gold_gain":0.0,"cards_transformed":["Strike_R"],"event_name":"Living Wall","player_choice":"Change","floor":4.0,"gold_loss":0.0,"damage_taken":0.0,"cards_obtained":["Hemokinesis"]},{"damage_healed":0.0,"max_hp_gain":0.0,"max_hp_loss":0.0,"gold_gain":0.0,"event_name":"Match and Keep!","player_choice":"0 cards matched","floor":11.0,"gold_loss":0.0,"damage_taken":0.0,"cards_obtained":[]}],"is_beta":false,"boss_relics":[],"items_purged_floors":[],"is_endless":false,"potions_floor_spawned":[2,3,5,14],"killed_by":"The Guardian","ascension_level":20}}