{"host":"2he95iptrbxkejc1","time":1610116602,"event":{"mods":["AchievementEnabler","BaseMod","Colored Powertips","Downfall","Hermit","Infinite Spire","Marisa????????","Minty Spire (QoL Compilation)","Random Character Mod","Replay The Spire","StSLib","Td1madao Mod","The Cursed","The Disciple","The Hierophant","The Marked","The Mystic","The Necromancer","The Poker Player","The Runesmith","The Servant 0.9.4"],"gold_per_floor":[99,99,99,99,113,38,38,53,53,85,102,39,39,39,53,68,81,181,231,231,245,264,283,283,309,309,309,309],"floor_reached":27,"playtime":1185,"items_purged":[],"score":233,"play_id":"ce0cfa64-4eef-46b7-8062-efed24756b0e","local_time":"20210108143642","is_ascension_mode":false,"campfire_choices":[{"floor":1,"key":"RECALL"},{"data":"Dark Embrace","floor":6,"key":"SMITH"},{"data":"Dark Embrace+1","floor":20,"key":"PURGE"}],"circlet_count":0,"master_deck":["Strike_R+1","Strike_R","Strike_R","Strike_R+1","Strike_R+1","Defend_R","Defend_R","Defend_R","Defend_R","Bash","Iron Wave","Flex","Pommel Strike","Thunderclap","Cleave","Seeing Red","Flex","Feed","Warcry","Battle Trance"],"relics":["Burning Blood","downfall:HeartsMalice","downfall:HeartBlessingRed","Champion Belt","Simple Rune","Bag of Marbles","Tiny House","Bronze Scales"],"acts_visited":["Exordium","TheCity"],"potions_floor_usage":[10,18,18,22,25,27],"damage_taken":[{"damage":0,"enemies":"2 Louse","floor":2,"turns":1},{"damage":0,"enemies":"Small Slimes","floor":3,"turns":1},{"damage":0,"enemies":"Cultist","floor":4,"turns":1},{"damage":14,"enemies":"Large Slime","floor":5,"turns":7},{"damage":14,"enemies":"Exordium Thugs","floor":8,"turns":5},{"damage":11,"enemies":"Lagavulin","floor":10,"turns":5},{"damage":0,"enemies":"2 Fungi Beasts","floor":11,"turns":2},{"damage":0,"enemies":"downfall:FleeingMerchant","floor":12,"turns":4},{"damage":0,"enemies":"3 Louse","floor":15,"turns":1},{"damage":4,"enemies":"Blue Slaver","floor":16,"turns":2},{"damage":4,"enemies":"Red Slaver","floor":17,"turns":2},{"damage":51,"enemies":"Slime Boss","floor":18,"turns":11},{"damage":8,"enemies":"Chosen","floor":21,"turns":4},{"damage":0,"enemies":"3 Byrds","floor":22,"turns":3},{"damage":11,"enemies":"Cultist and Chosen","floor":23,"turns":6},{"damage":67,"enemies":"Nightmare","floor":25,"turns":12},{"damage":51,"enemies":"Snecko","floor":27,"turns":5}],"seed_played":"-6895108760815160250","potions_obtained":[{"floor":5,"key":"Languid Potion"},{"floor":8,"key":"champ:CounterPotion"},{"floor":10,"key":"Reflective Coating"},{"floor":15,"key":"LiquidBronze"},{"floor":16,"key":"PowerPotion"},{"floor":18,"key":"Fire Potion"},{"floor":19,"key":"BloodPotion"}],"is_trial":false,"path_per_floor":["R","M","M","M","M","R","T","M","?","E","M","$","PTL","PTL","M","M","M","B",null,"R","M","M","M","?","NM","T","M"],"character_chosen":"IRONCLAD","items_purchased":["Cleave"],"campfire_rested":0,"item_purchase_floors":[12],"current_hp_per_floor":[80,80,80,80,72,72,72,64,57,52,58,64,64,64,70,72,74,29,85,85,83,85,83,83,22,22,0,0],"gold":309,"neow_bonus":"THREE_ENEMY_KILL","is_daily":false,"chose_seed":false,"campfire_upgraded":1,"win_rate":0.0,"timestamp":1610116602,"path_taken":["R","M","M","M","M","R","T","M","?","E","M","$","PTL","PTL","M","M","M","BOSS","R","M","M","M","?","NM","T","M"],"items_purchased_type":["Card"],"build_version":"2020-12-22","purchased_purges":0,"victory":false,"max_hp_per_floor":[80,80,80,80,80,80,80,80,80,80,80,80,80,80,80,80,80,80,85,85,85,85,88,88,88,88,88,88],"card_choices":[{"not_picked":["Headbutt","ReplayTheSpireMod:Strike From Hell"],"picked":"Iron Wave","floor":2},{"not_picked":["Flame Barrier","Wild Strike"],"picked":"Flex","floor":3},{"not_picked":["Shrug It Off","Metallicize"],"picked":"Pommel Strike","floor":4},{"not_picked":["Sword Boomerang","ReplayTheSpireMod:Corrosion Curse"],"picked":"Dark Embrace","floor":5},{"not_picked":["Perfected Strike","Sentinel","Havoc"],"picked":"SKIP","floor":8},{"not_picked":["Double Tap","Massacre"],"picked":"Thunderclap","floor":10},{"not_picked":["Twin Strike","Wild Strike","Heavy Blade"],"picked":"SKIP","floor":11},{"not_picked":["Dropkick","Sever Soul","Evolve"],"picked":"SKIP","floor":12},{"not_picked":["Wild Strike","Twin Strike"],"picked":"Seeing Red","floor":15},{"not_picked":["Thunderclap","Clash"],"picked":"Flex","floor":16},{"not_picked":["Carnage","Intimidate","Sever Soul"],"picked":"SKIP","floor":17},{"not_picked":["Hemogenesis","Replay:Many Hands"],"picked":"Feed","floor":18},{"not_picked":["Flex","True Grit","Body Slam"],"picked":"SKIP","floor":21},{"not_picked":["Dark Embrace","Thunderclap"],"picked":"Warcry","floor":22},{"not_picked":["Blood for Blood","True Grit"],"picked":"Battle Trance","floor":23},{"not_picked":["True Grit","Havoc","Defy Death"],"picked":"SKIP","floor":25}],"player_experience":91281,"relics_obtained":[{"floor":7,"key":"Champion Belt"},{"floor":10,"key":"Bag of Marbles"},{"floor":25,"key":"Bronze Scales"}],"event_choices":[{"damage_healed":0,"gold_gain":0,"player_choice":"Success","damage_taken":7,"relics_obtained":["Simple Rune"],"max_hp_gain":0,"max_hp_loss":0,"event_name":"Scrap Ooze","floor":9,"gold_loss":0}],"is_beta":false,"boss_relics":[{"not_picked":["Electric Blood","ChewingGum"],"picked":"Tiny House"}],"items_purged_floors":[],"is_endless":true,"potions_floor_spawned":[5,8,10,15,16,18,21],"killed_by":"Snecko","ascension_level":0}}