{"host":"36ls4ricihodphgx","time":1610096413,"event":{"mods":["AchievementEnabler","BaseMod","Colored Map","Downfall","Hermit","HololiveMod","Jorbs\u0027s Wanderer Trilogy","Koishi","Marisa????????","Minty Spire (QoL Compilation)","Replay The Spire","Shop Mod","StSLib","SuperFastMode","The Animator","The Bug Knight","The Cursed","The Hierophant","The Servant 0.9.4"],"gold_per_floor":[117,117,117,129,129,164,164,164,164,178,178,178,191,225,225,320,320,336,336,183,198,198,229,229,261,333,333,345,345,359,379,379,379,379],"floor_reached":33,"playtime":1229,"items_purged":["Amnesia"],"score":293,"play_id":"8716537d-f300-4ba7-bb4a-b9422dde0cf1","local_time":"20210108020013","is_ascension_mode":false,"campfire_choices":[{"floor":7,"key":"REST"},{"data":"Phantasmal Killer","floor":12,"key":"SMITH"},{"data":"Masterful Stab","floor":15,"key":"SMITH"},{"data":"Backstab","floor":24,"key":"SMITH"},{"floor":27,"key":"REST"},{"data":"Burst","floor":29,"key":"SMITH"},{"floor":32,"key":"REST"}],"circlet_count":0,"master_deck":["Strike_G","Strike_G","Strike_G","Defend_G","Defend_G","Defend_G","Survivor","Neutralize","Phantasmal Killer+1","Blade Dance","Masterful Stab+1","Deflect","Well Laid Plans+1","Blade Dance","Flying Knee","Prepared","Die Die Die","Burst+1","AbeCurse","Infinite Blades","Quick Slash+1","Skewer","Backstab+1","Finisher+1"],"relics":["Ring of the Snake","Chameleon Ring","Divine Protection","Centennial Puzzle","Abe\u0027s Treasure","Gremlin Horn","Lantern","Meat on the Bone"],"acts_visited":["Exordium","TheCity"],"potions_floor_usage":[6,25,33],"damage_taken":[{"damage":12,"enemies":"Jaw Worm","floor":1,"turns":6},{"damage":0,"enemies":"2 Louse","floor":4,"turns":2},{"damage":17,"enemies":"3 Sentries","floor":6,"turns":8},{"damage":0,"enemies":"Cultist","floor":10,"turns":2},{"damage":0,"enemies":"Large Slime","floor":13,"turns":4},{"damage":10,"enemies":"Lagavulin","floor":14,"turns":5},{"damage":47,"enemies":"Hexaghost","floor":16,"turns":10},{"damage":0,"enemies":"Chosen","floor":18,"turns":3},{"damage":7,"enemies":"2 Thieves","floor":21,"turns":3},{"damage":9,"enemies":"HollowMod:Nosk","floor":23,"turns":6},{"damage":24,"enemies":"Gremlin Leader","floor":25,"turns":5},{"damage":10,"enemies":"3 Cultists","floor":28,"turns":5},{"damage":2,"enemies":"Cultist and Chosen","floor":30,"turns":4},{"damage":10,"enemies":"Snake Plant","floor":31,"turns":4},{"damage":77,"enemies":"Automaton","floor":33,"turns":6}],"seed_played":"5588908020861896804","potions_obtained":[{"floor":1,"key":"Toxic Potion"},{"floor":4,"key":"Adrenaline Potion"},{"floor":10,"key":"Reflective Coating"},{"floor":21,"key":"SpeedPotion"},{"floor":25,"key":"Elixir"},{"floor":28,"key":"Guardian:BlockOnCardUsePotion"}],"is_trial":false,"path_per_floor":["M","?","?","M","?","E","R","?","T","M","?","R","M","E","R","B",null,"M","?","$","M","?","E","R","E","T","R","M","R","M","M","R","B"],"character_chosen":"THE_SILENT","items_purchased":["Infinite Blades"],"campfire_rested":3,"item_purchase_floors":[20],"current_hp_per_floor":[58,51,51,51,51,34,55,60,60,60,60,60,60,50,50,3,75,75,75,75,68,68,59,59,35,35,57,47,47,45,47,69,0,0],"gold":379,"neow_bonus":"THREE_RARE_CARDS","is_daily":false,"chose_seed":false,"campfire_upgraded":4,"win_rate":0.0,"timestamp":1610096413,"path_taken":["M","?","?","?","?","E","R","?","T","M","?","R","?","E","R","BOSS","M","?","$","M","?","E","R","E","T","R","M","R","M","?","R","BOSS"],"items_purchased_type":["Card"],"build_version":"2020-12-22","purchased_purges":1,"victory":false,"max_hp_per_floor":[70,70,70,70,70,70,70,75,75,75,75,75,75,75,75,75,75,75,75,75,75,75,75,75,75,75,75,75,75,75,75,75,75,75],"card_choices":[{"not_picked":["Burst","Atom Bomb"],"picked":"Phantasmal Killer","floor":0},{"not_picked":["Backstab","Prepared"],"picked":"Blade Dance","floor":1},{"not_picked":["Toxin Wave","Quick Slash"],"picked":"Deflect","floor":4},{"not_picked":["Acrobatics","Sucker Punch"],"picked":"Blade Dance","floor":6},{"not_picked":["Leg Sweep","Endless Agony"],"picked":"Flying Knee","floor":10},{"not_picked":["Venomology","PiercingWail"],"picked":"Prepared","floor":13},{"not_picked":["Bane","Dagger Spray"],"picked":"Die Die Die","floor":14},{"not_picked":["Poison Darts","Glass Knife"],"picked":"Burst","floor":16},{"not_picked":["Poisoned Stab","Predator","Calculated Gamble"],"picked":"SKIP","floor":18},{"not_picked":["Bouncing Flask","ReplayTheSpireMod:Tripwire"],"picked":"Quick Slash+1","floor":21},{"not_picked":["Finisher","Sucker Punch"],"picked":"Backstab","floor":23},{"not_picked":["Flying Knee+1","Acrobatics","Dagger Spray+1"],"picked":"SKIP","floor":25},{"not_picked":["Adrenaline","Flying Knee"],"picked":"Finisher+1","floor":28},{"not_picked":["Deflect+1","Reflex","Quick Slash"],"picked":"SKIP","floor":30},{"not_picked":["Draining Mist","Blade Dance+1","Outmaneuver+1"],"picked":"SKIP","floor":31}],"player_experience":60100,"relics_obtained":[{"floor":6,"key":"Chameleon Ring"},{"floor":9,"key":"Divine Protection"},{"floor":14,"key":"Centennial Puzzle"},{"floor":23,"key":"Gremlin Horn"},{"floor":25,"key":"Lantern"},{"floor":26,"key":"Meat on the Bone"}],"event_choices":[{"cards_removed":["Defend_G"],"damage_healed":0,"gold_gain":0,"player_choice":"Card Removal","damage_taken":7,"max_hp_gain":0,"max_hp_loss":0,"event_name":"Golden Wing","floor":2,"gold_loss":0},{"damage_healed":0,"gold_gain":0,"cards_transformed":["Strike_G"],"player_choice":"Transformed","damage_taken":0,"max_hp_gain":0,"max_hp_loss":0,"event_name":"Transmorgrifier","floor":3,"gold_loss":0,"cards_obtained":["Masterful Stab"]},{"damage_healed":0,"gold_gain":0,"player_choice":"Donut","damage_taken":0,"max_hp_gain":5,"max_hp_loss":0,"event_name":"Big Fish","floor":8,"gold_loss":0},{"damage_healed":0,"gold_gain":0,"player_choice":"Ignored","damage_taken":0,"max_hp_gain":0,"max_hp_loss":0,"event_name":"Ghosts","floor":19,"gold_loss":0},{"damage_healed":0,"gold_gain":0,"player_choice":"Read","damage_taken":0,"max_hp_gain":0,"max_hp_loss":0,"event_name":"The Library","floor":22,"gold_loss":0,"cards_obtained":["Skewer"]}],"is_beta":false,"boss_relics":[{"not_picked":["Ring of Chaos","Snecko Scales"],"picked":"Abe\u0027s Treasure"}],"items_purged_floors":[20],"is_endless":false,"potions_floor_spawned":[1,4,10,21,25,28],"killed_by":"Automaton","ascension_level":0}}