{"host":"vhvm1b4sel61ztfv","time":1610112079,"event":{"mods":["BaseMod","BetterRewards","Displayed Cursed Tome","Minty Spire (QoL Compilation)","Replay The Spire","StSLib"],"gold_per_floor":[110,110,127,127,144,144,164,164,190,219,219,251,11,63,63,205,205,243,243,287,328,328,328,383,383,429,477,503,503],"floor_reached":28,"playtime":1822,"items_purged":[],"score":357,"play_id":"78f447e4-ed80-4528-8a76-1622846842f9","local_time":"20210108082118","is_ascension_mode":false,"campfire_choices":[{"data":"Cloak And Dagger","floor":6,"key":"SMITH"},{"data":"ReplayTheSpireMod:Speed Training","floor":8,"key":"SMITH"},{"data":"Calculated Gamble","floor":11,"key":"SMITH"},{"floor":15,"key":"REST"},{"floor":23,"key":"REST"},{"floor":25,"key":"REST"}],"circlet_count":0,"master_deck":["Strike_G","Strike_G","Strike_G","Strike_G","Defend_G","Defend_G","Defend_G","Defend_G","Defend_G","Survivor","Neutralize","ReplayTheSpireMod:Scrap Shanks+1","Underhanded Strike+1","Deflect+1","Deadly Poison","Acrobatics","Cloak And Dagger+1","ReplayTheSpireMod:Speed Training+1","Calculated Gamble+1","Concentrate+1","Blade Dance","Infinite Blades","Prepared","Unload","Underhanded Strike","Concentrate","Underhanded Strike","Distraction+1"],"relics":["Ring of the Snake","Bronze Scales","Replay:Bandana","Guide Book","SlaversCollar","Art of War","Oddly Smooth Stone"],"acts_visited":["Exordium","TheCity"],"potions_floor_usage":[16,16,16,18,24,27],"damage_taken":[{"damage":0,"enemies":"2 Louse","floor":1,"turns":3},{"damage":0,"enemies":"Cultist","floor":3,"turns":3},{"damage":0,"enemies":"Jaw Worm","floor":5,"turns":4},{"damage":7,"enemies":"Blue Slaver","floor":7,"turns":3},{"damage":0,"enemies":"Gremlin Gang","floor":10,"turns":3},{"damage":0,"enemies":"2 Fungi Beasts","floor":12,"turns":3},{"damage":10,"enemies":"Large Slime","floor":14,"turns":3},{"damage":30,"enemies":"Hexaghost","floor":16,"turns":6},{"damage":18,"enemies":"Shell Parasite","floor":18,"turns":5},{"damage":14,"enemies":"2 Thieves","floor":20,"turns":3},{"damage":0,"enemies":"Centurion and Healer","floor":21,"turns":4},{"damage":40,"enemies":"Replay:Snechameleon","floor":24,"turns":4},{"damage":11,"enemies":"Cultist and Chosen","floor":27,"turns":6},{"damage":35,"enemies":"Shelled Parasite and Fungi","floor":28,"turns":4}],"seed_played":"-1984699638092093090","potions_obtained":[{"floor":3,"key":"Swift Potion"},{"floor":5,"key":"DuplicationPotion"},{"floor":12,"key":"Milkshake"},{"floor":14,"key":"SteroidPotion"},{"floor":16,"key":"Poison Potion"},{"floor":21,"key":"Flashbang"},{"floor":24,"key":"Explosive Potion"}],"is_trial":false,"path_per_floor":["M","?","M","?","M","R","M","R","T","M","R","M","$","M","R","B",null,"M","?","M","M","?","R","E","R","T","M","M"],"character_chosen":"THE_SILENT","items_purchased":["ReplayTheSpireMod:Scrap Shanks","Underhanded Strike","Bronze Scales","Deflect","Guide Book","Blade Dance","Infinite Blades"],"campfire_rested":3,"item_purchase_floors":[0,0,0,0,13,13,13],"current_hp_per_floor":[58,58,58,58,58,58,51,51,51,51,51,51,51,41,62,32,70,52,52,38,38,38,59,19,40,40,29,0,0],"gold":503,"neow_bonus":"","is_daily":false,"chose_seed":false,"campfire_upgraded":3,"win_rate":0.0,"timestamp":1610112078,"path_taken":["M","?","?","?","M","R","M","R","T","M","R","M","$","M","R","BOSS","M","?","?","M","?","R","E","R","T","M","M"],"items_purchased_type":["Card","Card","Relic","Card","Relic","Card","Card"],"build_version":"2020-12-22","purchased_purges":0,"victory":false,"max_hp_per_floor":[70,70,70,70,70,70,70,70,70,70,70,70,70,70,70,70,70,70,70,70,70,70,70,70,70,70,70,70,70],"card_choices":[{"not_picked":["Dodge and Roll","Calculated Gamble"],"picked":"Deadly Poison","floor":1},{"not_picked":["PiercingWail","Poisoned Stab"],"picked":"Acrobatics","floor":3},{"not_picked":["Hidden Blade","Phantasmal Killer"],"picked":"Cloak And Dagger","floor":5},{"not_picked":["Expertise","Slice"],"picked":"ReplayTheSpireMod:Speed Training","floor":7},{"not_picked":["Cloak And Dagger","Slice"],"picked":"Calculated Gamble","floor":10},{"not_picked":["Poisoned Stab","Sucker Punch"],"picked":"Concentrate","floor":12},{"not_picked":["ReplayTheSpireMod:Speed Training","ReplayTheSpireMod:Tripwire"],"picked":"Prepared","floor":14},{"not_picked":["Die Die Die","Bullet Time"],"picked":"Unload","floor":16},{"not_picked":["ReplayTheSpireMod:Exploit Weakness","Dodge and Roll+1","Sucker Punch"],"picked":"SKIP","floor":18},{"not_picked":["Poisoned Stab","Flying Knee"],"picked":"Underhanded Strike","floor":20},{"not_picked":["Bane+1","Outmaneuver+1"],"picked":"Concentrate","floor":21},{"not_picked":["Skewer+1","Deflect+1"],"picked":"Underhanded Strike","floor":24},{"not_picked":["Envenom","Acrobatics"],"picked":"Distraction+1","floor":27}],"player_experience":117226,"relics_obtained":[{"floor":9,"key":"Replay:Bandana"},{"floor":24,"key":"Art of War"},{"floor":26,"key":"Oddly Smooth Stone"}],"event_choices":[{"damage_healed":0,"gold_gain":0,"player_choice":"Upgraded","damage_taken":0,"max_hp_gain":0,"max_hp_loss":0,"event_name":"Upgrade Shrine","floor":2,"gold_loss":0,"cards_upgraded":["ReplayTheSpireMod:Scrap Shanks"]},{"damage_healed":0,"gold_gain":0,"player_choice":"Grow","damage_taken":0,"max_hp_gain":0,"max_hp_loss":0,"event_name":"Living Wall","floor":4,"gold_loss":0,"cards_upgraded":["Underhanded Strike"]},{"cards_removed":["Strike_G"],"damage_healed":0,"gold_gain":0,"player_choice":"Purged","damage_taken":0,"max_hp_gain":0,"max_hp_loss":0,"event_name":"Purifier","floor":19,"gold_loss":0},{"damage_healed":0,"gold_gain":0,"player_choice":"Ignored","damage_taken":0,"max_hp_gain":0,"max_hp_loss":0,"event_name":"Cursed Tome","floor":22,"gold_loss":0}],"is_beta":false,"boss_relics":[{"not_picked":["Coffee Dripper","Pandora\u0027s Box"],"picked":"SlaversCollar"}],"items_purged_floors":[],"is_endless":false,"potions_floor_spawned":[3,5,12,14,16,21,24],"killed_by":"Shelled Parasite and Fungi","ascension_level":0}}