{"host":"gf95gjygaqy6b70i","time":1610111805,"event":{"mods":["BaseMod","Colored Map","Colored Powertips","Minty Spire (QoL Compilation)"],"gold_per_floor":[117,117,63,73,73,98,110,110,110,110,136,150,175,175,175,277,277,290,290,290,310,12,12,27,27,98,117,148,158,35,35,35,132,132,145,145,1,13,26,26,43,61,61,61,77,91,91,104,104,104],"floor_reached":51,"playtime":4908,"items_purged":["Pain"],"score":664,"play_id":"367823f0-396d-4485-bf5b-9feb1b816d8d","local_time":"20210108141645","is_ascension_mode":false,"campfire_choices":[{"floor":8.0,"key":"REST"},{"data":"Uppercut","floor":10.0,"key":"SMITH"},{"floor":15.0,"key":"REST"},{"floor":23.0,"key":"REST"},{"floor":32.0,"key":"REST"},{"data":"Berserk","floor":40.0,"key":"SMITH"},{"floor":44.0,"key":"REST"},{"floor":47.0,"key":"REST"},{"data":"Fire Breathing","floor":49.0,"key":"SMITH"}],"circlet_count":0,"master_deck":["Strike_R+1","Strike_R+1","Strike_R+1","Defend_R+1","Defend_R+1","Defend_R+1","Bash","Sword Boomerang","Dropkick","Flex","Uppercut+1","Disarm","Armaments+1","Seeing Red+1","Fire Breathing+1","Berserk+1","Pummel","Twin Strike","Inflame","Flame Barrier+1","Flame Barrier+1","Impervious+1","Spot Weakness+1","Ghostly Armor+1","Iron Wave","Juggernaut","Metallicize","Juggernaut","Thunderclap","Power Through+1","Pommel Strike+1","Injury","Anger+1","Infernal Blade+1","Flex+1"],"relics":["Burning Blood","InkBottle","Bottled Lightning","Toxic Egg 2","Ice Cream","Cursed Key","Nilry\u0027s Codex","Medical Kit","Kunai","Pantograph","Ancient Tea Set","Empty Cage","Bag of Preparation","Sundial"],"acts_visited":["Exordium","TheCity","TheBeyond"],"potions_floor_usage":[50,50],"damage_taken":[{"damage":6.0,"enemies":"2 Louse","floor":1.0,"turns":3.0},{"damage":11.0,"enemies":"Jaw Worm","floor":4.0,"turns":2.0},{"damage":31.0,"enemies":"Lagavulin","floor":6.0,"turns":5.0},{"damage":5.0,"enemies":"Small Slimes","floor":7.0,"turns":2.0},{"damage":8.0,"enemies":"3 Sentries","floor":11.0,"turns":8.0},{"damage":0.0,"enemies":"Blue Slaver","floor":12.0,"turns":2.0},{"damage":24.0,"enemies":"Lagavulin","floor":13.0,"turns":5.0},{"damage":20.0,"enemies":"The Guardian","floor":16.0,"turns":10.0},{"damage":34.0,"enemies":"Spheric Guardian","floor":18.0,"turns":6.0},{"damage":0.0,"enemies":"Chosen","floor":21.0,"turns":3.0},{"damage":9.0,"enemies":"Centurion and Healer","floor":24.0,"turns":7.0},{"damage":16.0,"enemies":"Snake Plant","floor":27.0,"turns":5.0},{"damage":44.0,"enemies":"Gremlin Leader","floor":28.0,"turns":8.0},{"damage":0.0,"enemies":"Cultist and Chosen","floor":29.0,"turns":4.0},{"damage":11.0,"enemies":"Automaton","floor":33.0,"turns":6.0},{"damage":19.0,"enemies":"3 Darklings","floor":35.0,"turns":7.0},{"damage":0.0,"enemies":"3 Shapes","floor":38.0,"turns":4.0},{"damage":10.0,"enemies":"3 Darklings","floor":39.0,"turns":7.0},{"damage":10.0,"enemies":"Spire Growth","floor":41.0,"turns":5.0},{"damage":17.0,"enemies":"4 Shapes","floor":42.0,"turns":8.0},{"damage":18.0,"enemies":"Maw","floor":45.0,"turns":6.0},{"damage":12.0,"enemies":"Writhing Mass","floor":46.0,"turns":5.0},{"damage":6.0,"enemies":"Transient","floor":48.0,"turns":5.0},{"damage":60,"enemies":"Donu and Deca","floor":50,"turns":9}],"seed_played":"-2079461510591140711","potions_obtained":[{"floor":1.0,"key":"FearPotion"},{"floor":6.0,"key":"HeartOfIron"},{"floor":7.0,"key":"Strength Potion"},{"floor":13.0,"key":"Swift Potion"},{"floor":18.0,"key":"Fire Potion"},{"floor":21.0,"key":"SpeedPotion"},{"floor":27.0,"key":"SteroidPotion"},{"floor":29.0,"key":"DistilledChaos"},{"floor":31.0,"key":"PowerPotion"},{"floor":31.0,"key":"Ancient Potion"},{"floor":38.0,"key":"Weak Potion"},{"floor":39.0,"key":"Swift Potion"},{"floor":42.0,"key":"Dexterity Potion"},{"floor":46.0,"key":"LiquidMemories"}],"is_trial":false,"path_per_floor":["M","?","$","M","?","E","M","R","T","R","E","M","E","?","R","B",null,"M","?","?","M","$","R","M","T","T","M","E","M","$","?","R","B",null,"M","?","$","M","M","R","M","M","T","R","M","M","R","M","R","B",null],"character_chosen":"IRONCLAD","items_purchased":["Flex","Medical Kit","Inflame","Flame Barrier+1","Iron Wave","Bag of Preparation"],"campfire_rested":6,"item_purchase_floors":[3,22,22,22,30,37],"current_hp_per_floor":[80,80,80,75,68,43,44,68,68,68,66,72,54,38,62,48,80,52,36,36,42,42,66,63,63,63,53,15,21,21,21,45,65,77,64,64,64,70,66,66,62,51,51,74,62,56,77,77,77,23],"gold":104,"neow_bonus":"THREE_CARDS","is_daily":false,"chose_seed":false,"campfire_upgraded":3,"win_rate":0.0,"timestamp":1610111805,"path_taken":["M","?","$","M","?","E","M","R","T","R","E","M","E","?","R","BOSS","M","?","?","M","$","R","M","?","T","M","E","?","?","?","R","BOSS","M","?","$","M","?","R","M","M","T","R","M","M","R","M","R","BOSS"],"items_purchased_type":["Card","Relic","Card","Card","Card","Relic"],"build_version":"2020-12-22","purchased_purges":1,"victory":true,"max_hp_per_floor":[80,80,80,80,80,80,80,80,80,80,80,80,80,80,80,80,80,80,80,80,80,80,80,80,80,80,80,80,80,80,80,80,80,77,77,77,77,77,77,77,77,77,77,77,77,77,77,77,77,77],"card_choices":[{"not_picked":["Reckless Charge","Dark Embrace"],"picked":"Sword Boomerang","floor":0.0},{"not_picked":["Warcry","Heavy Blade"],"picked":"Dropkick","floor":1.0},{"not_picked":["Warcry","True Grit"],"picked":"Uppercut","floor":4.0},{"not_picked":["Whirlwind","Rage"],"picked":"Disarm","floor":6.0},{"not_picked":["Rupture","Reckless Charge"],"picked":"Armaments","floor":7.0},{"not_picked":["Carnage","Hemokinesis"],"picked":"Seeing Red+1","floor":11.0},{"not_picked":["True Grit+1","Dual Wield+1","Heavy Blade"],"picked":"SKIP","floor":12.0},{"not_picked":["Rage+1","Blood for Blood"],"picked":"Fire Breathing","floor":13.0},{"not_picked":["Bludgeon","Reaper"],"picked":"Berserk","floor":16.0},{"not_picked":["Perfected Strike+1","Body Slam"],"picked":"Pummel","floor":18.0},{"not_picked":["Anger","Clothesline"],"picked":"Twin Strike","floor":21.0},{"not_picked":["Thunderclap","Body Slam+1"],"picked":"Flame Barrier+1","floor":24.0},{"not_picked":["Heavy Blade","Pommel Strike"],"picked":"Impervious+1","floor":27.0},{"not_picked":["Flex+1","Bloodletting+1"],"picked":"Spot Weakness+1","floor":28.0},{"not_picked":["Perfected Strike","Disarm+1"],"picked":"Ghostly Armor+1","floor":29.0},{"not_picked":["Berserk","Corruption"],"picked":"Juggernaut","floor":33.0},{"not_picked":["Perfected Strike+1","Spot Weakness+1"],"picked":"Metallicize","floor":35.0},{"not_picked":["Flex+1","Dual Wield+1","Combust+1"],"picked":"SKIP","floor":38.0},{"not_picked":["Uppercut+1","Body Slam"],"picked":"Thunderclap","floor":39.0},{"not_picked":["Clash","Reckless Charge+1"],"picked":"Power Through+1","floor":41.0},{"not_picked":["Metallicize","Body Slam+1"],"picked":"Pommel Strike+1","floor":42.0},{"not_picked":["Thunderclap+1","Dual Wield+1"],"picked":"Anger+1","floor":45.0},{"not_picked":["Anger","Power Through+1"],"picked":"Infernal Blade+1","floor":46.0},{"not_picked":["Twin Strike+1","Reaper"],"picked":"Flex+1","floor":48.0}],"player_experience":6673,"relics_obtained":[{"floor":6.0,"key":"InkBottle"},{"floor":9.0,"key":"Bottled Lightning"},{"floor":11.0,"key":"Toxic Egg 2"},{"floor":13.0,"key":"Ice Cream"},{"floor":19.0,"key":"Nilry\u0027s Codex"},{"floor":25.0,"key":"Kunai"},{"floor":26.0,"key":"Pantograph"},{"floor":28.0,"key":"Ancient Tea Set"},{"floor":43.0,"key":"Sundial"}],"event_choices":[{"damage_healed":0.0,"max_hp_gain":0.0,"max_hp_loss":0.0,"gold_gain":0.0,"event_name":"Golden Idol","player_choice":"Ignored","floor":2.0,"gold_loss":0.0,"damage_taken":0.0},{"cards_removed":["Strike_R"],"damage_healed":0.0,"max_hp_gain":0.0,"max_hp_loss":0.0,"gold_gain":0.0,"event_name":"Golden Wing","player_choice":"Card Removal","floor":5.0,"gold_loss":0.0,"damage_taken":7.0},{"damage_healed":0.0,"max_hp_gain":0.0,"max_hp_loss":0.0,"gold_gain":0.0,"event_name":"Shining Light","player_choice":"Entered Light","floor":14.0,"gold_loss":0.0,"damage_taken":16.0,"cards_upgraded":["Armaments","Defend_R"]},{"damage_healed":0.0,"max_hp_gain":0.0,"max_hp_loss":0.0,"gold_gain":0.0,"event_name":"Cursed Tome","player_choice":"Obtained Book","floor":19.0,"gold_loss":0.0,"damage_taken":16.0},{"damage_healed":0.0,"max_hp_gain":0.0,"max_hp_loss":0.0,"gold_gain":0.0,"event_name":"Back to Basics","player_choice":"Simplicity","floor":20.0,"gold_loss":0.0,"damage_taken":0.0,"cards_upgraded":["Strike_R","Strike_R","Strike_R","Strike_R","Defend_R","Defend_R","Defend_R"]},{"damage_healed":0.0,"max_hp_gain":0.0,"max_hp_loss":0.0,"gold_gain":0.0,"event_name":"Lab","player_choice":"Got Potions","floor":31.0,"gold_loss":0.0,"damage_taken":0.0},{"damage_healed":0.0,"max_hp_gain":0.0,"max_hp_loss":0.0,"gold_gain":0.0,"cards_transformed":["Strike_R"],"event_name":"Transmorgrifier","player_choice":"Transformed","floor":36.0,"gold_loss":0.0,"damage_taken":0.0,"cards_obtained":["Juggernaut"]}],"is_beta":false,"boss_relics":[{"not_picked":["Snecko Eye","Runic Dome"],"picked":"Cursed Key"},{"not_picked":["Runic Cube","Coffee Dripper"],"picked":"Empty Cage"}],"items_purged_floors":[30],"is_endless":false,"potions_floor_spawned":[1,6,7,13,18,21,27,29,38,39,42,46],"ascension_level":0}}