{"host":"9fh35csyvbzgxvf9","time":1610072697,"event":{"mods":["BaseMod","Block Reminder","Colored Map","DeckTracker","Minty Spire (QoL Compilation)"],"gold_per_floor":[119,138,154,154,83,116,116,143,143,143,153,163,182,147,147,242,242,258,258,43,61,71,106,125,137,160,176,189,189,201,214,214,314,314,334,26,76,87,104,137,137,153,153,153,78,91,91,105,105,105,105,105,2,36,36,36],"floor_reached":55,"playtime":4860,"items_purged":["Normality"],"score":762,"play_id":"bb1521d5-6dc9-43a1-91d0-b9c91092cb52","local_time":"20210107212457","is_ascension_mode":false,"campfire_choices":[{"floor":7,"key":"REST"},{"data":"Chaos","floor":15,"key":"SMITH"},{"floor":29,"key":"REST"},{"floor":32,"key":"REST"},{"floor":41,"key":"REST"},{"floor":47,"key":"REST"},{"floor":49,"key":"RECALL"},{"data":"Echo Form","floor":52,"key":"SMITH"}],"circlet_count":0,"master_deck":["Strike_B","Strike_B","Strike_B","Strike_B","Defend_B","Defend_B+1","Defend_B","Defend_B","Zap+1","Dualcast","Chaos+1","Sweeping Beam+1","Capacitor","Ball Lightning","Cold Snap","Barrage","Core Surge","Echo Form+1","Streamline","Defragment","White Noise+1","Stack","Leap+1","Coolheaded+1","Conserve Battery","Defragment","Darkness","Hologram","Amplify","Force Field+1","Redo+1","Force Field","Barrage+1","Leap+1","Reinforced Body+1","Defragment+1","Streamline"],"relics":["Cracked Core","Vajra","White Beast Statue","Bottled Lightning","Nuclear Battery","MutagenicStrength","Art of War","Calipers","Oddly Smooth Stone","Cursed Key","Incense Burner","Du-Vu Doll","Boot","Bronze Scales"],"acts_visited":["Exordium","TheCity","TheBeyond","TheEnding"],"potions_floor_usage":[6,7,16,18,22,23,23,25,25,27,28,31,33,33,37,39,40,40,42,48,50,50,50,54,55,55],"damage_taken":[{"damage":1,"enemies":"Cultist","floor":1,"turns":3},{"damage":6,"enemies":"Jaw Worm","floor":2,"turns":3},{"damage":3,"enemies":"Small Slimes","floor":3,"turns":3},{"damage":27,"enemies":"Gremlin Nob","floor":6,"turns":5},{"damage":14,"enemies":"Lagavulin","floor":8,"turns":7},{"damage":5,"enemies":"Blue Slaver","floor":11,"turns":3},{"damage":5,"enemies":"Looter","floor":12,"turns":3},{"damage":7,"enemies":"2 Fungi Beasts","floor":13,"turns":3},{"damage":0,"enemies":"Slime Boss","floor":16,"turns":5},{"damage":7,"enemies":"Shell Parasite","floor":18,"turns":4},{"damage":5,"enemies":"Chosen","floor":21,"turns":3},{"damage":10,"enemies":"Snecko","floor":22,"turns":4},{"damage":37,"enemies":"Slavers","floor":23,"turns":6},{"damage":5,"enemies":"Cultist and Chosen","floor":24,"turns":4},{"damage":7,"enemies":"Chosen and Byrds","floor":25,"turns":5},{"damage":0,"enemies":"Snake Plant","floor":27,"turns":3},{"damage":2,"enemies":"Centurion and Healer","floor":28,"turns":5},{"damage":9,"enemies":"Sentry and Sphere","floor":30,"turns":4},{"damage":9,"enemies":"Cultist and Chosen","floor":31,"turns":6},{"damage":43,"enemies":"Collector","floor":33,"turns":14},{"damage":5,"enemies":"3 Shapes","floor":35,"turns":5},{"damage":0,"enemies":"Mind Bloom Boss Battle","floor":37,"turns":6},{"damage":10,"enemies":"3 Darklings","floor":38,"turns":6},{"damage":32,"enemies":"Spire Growth","floor":39,"turns":5},{"damage":7,"enemies":"Giant Head","floor":40,"turns":7},{"damage":7,"enemies":"4 Shapes","floor":42,"turns":6},{"damage":29,"enemies":"Sphere and 2 Shapes","floor":46,"turns":6},{"damage":0,"enemies":"Jaw Worm Horde","floor":48,"turns":3},{"damage":4,"enemies":"Time Eater","floor":50,"turns":12},{"damage":25,"enemies":"Shield and Spear","floor":54,"turns":11},{"damage":56,"enemies":"The Heart","floor":55,"turns":6}],"seed_played":"-7018810816363099971","potions_obtained":[{"floor":1,"key":"SpeedPotion"},{"floor":6,"key":"Fruit Juice"},{"floor":11,"key":"Weak Potion"},{"floor":12,"key":"Strength Potion"},{"floor":13,"key":"SteroidPotion"},{"floor":16,"key":"SneckoOil"},{"floor":18,"key":"Block Potion"},{"floor":22,"key":"PowerPotion"},{"floor":23,"key":"SteroidPotion"},{"floor":24,"key":"Weak Potion"},{"floor":25,"key":"DistilledChaos"},{"floor":27,"key":"Block Potion"},{"floor":28,"key":"Explosive Potion"},{"floor":30,"key":"Strength Potion"},{"floor":31,"key":"FairyPotion"},{"floor":33,"key":"Strength Potion"},{"floor":35,"key":"Explosive Potion"},{"floor":37,"key":"SteroidPotion"},{"floor":38,"key":"Fire Potion"},{"floor":39,"key":"PowerPotion"},{"floor":40,"key":"DuplicationPotion"},{"floor":42,"key":"Weak Potion"},{"floor":46,"key":"Swift Potion"},{"floor":48,"key":"Dexterity Potion"},{"floor":54,"key":"SkillPotion"}],"is_trial":false,"path_per_floor":["M","M","M","?","$","E","R","E","T","?","M","M","M","?","R","B",null,"M","?","$","M","M","E","M","M","T","M","M","R","M","M","R","B",null,"M","$","?","M","M","E","R","M","T","T","$","M","R","M","R","B",null,"R","$","E","B"],"character_chosen":"DEFECT","items_purchased":["Capacitor","Defragment","Art of War","Incense Burner","SkillPotion","AttackPotion"],"campfire_rested":5,"item_purchase_floors":[5,20,20,36,53,53],"current_hp_per_floor":[74,68,65,50,50,23,50,36,36,62,57,52,45,65,65,65,80,73,73,73,68,58,21,16,9,9,9,7,31,22,13,37,19,80,75,75,75,65,33,26,50,43,43,43,43,14,38,38,38,34,80,80,80,55,0,0],"gold":36,"neow_bonus":"UPGRADE_CARD","is_daily":false,"chose_seed":false,"campfire_upgraded":2,"win_rate":0.0,"timestamp":1610072697,"path_taken":["M","M","M","?","$","E","R","E","T","?","M","M","M","?","R","BOSS","M","?","$","M","M","E","M","M","T","M","M","R","M","M","R","BOSS","M","$","?","M","M","E","R","M","T","?","$","M","R","M","R","BOSS","R","$","E","BOSS"],"items_purchased_type":["Card","Card","Relic","Relic","Potion","Potion"],"build_version":"2020-12-22","purchased_purges":1,"victory":false,"max_hp_per_floor":[75,75,75,75,75,75,80,80,80,80,80,80,80,80,80,80,80,80,80,80,80,80,80,80,80,80,80,80,80,80,80,80,80,80,80,80,80,80,80,80,80,80,80,80,80,80,80,80,80,80,80,80,80,80,80,80],"card_choices":[{"not_picked":["Stack","Turbo"],"picked":"Chaos","floor":1},{"not_picked":["Tempest","Streamline"],"picked":"Sweeping Beam","floor":2},{"not_picked":["Reinforced Body","Steam","Compile Driver"],"picked":"SKIP","floor":3},{"not_picked":["Sweeping Beam","Biased Cognition"],"picked":"Ball Lightning","floor":6},{"not_picked":["Creative AI","Conserve Battery"],"picked":"Cold Snap","floor":8},{"not_picked":["Doom and Gloom","Sweeping Beam","Rebound"],"picked":"SKIP","floor":11},{"not_picked":["Beam Cell","Go for the Eyes"],"picked":"Barrage","floor":12},{"not_picked":["Stack","BootSequence"],"picked":"Core Surge","floor":13},{"not_picked":["Meteor Strike","Hyperbeam"],"picked":"Echo Form","floor":16},{"not_picked":["Fusion","Cold Snap"],"picked":"Streamline","floor":18},{"not_picked":["Beam Cell","Auto Shields"],"picked":"White Noise+1","floor":21},{"not_picked":["Chaos","FTL","Storm"],"picked":"SKIP","floor":22},{"not_picked":["Heatsinks","Gash+1"],"picked":"Stack","floor":23},{"not_picked":["Sweeping Beam","Cold Snap"],"picked":"Leap+1","floor":24},{"not_picked":["Streamline+1","Turbo"],"picked":"Coolheaded+1","floor":25},{"not_picked":["Leap+1","BootSequence"],"picked":"Conserve Battery","floor":27},{"not_picked":["Rebound","Barrage+1"],"picked":"Defragment","floor":28},{"not_picked":["Redo","Undo"],"picked":"Darkness","floor":30},{"not_picked":["Heatsinks","Lockon"],"picked":"Hologram","floor":31},{"not_picked":["All For One","Meteor Strike"],"picked":"Amplify","floor":33},{"not_picked":["Sweeping Beam","Go for the Eyes","Compile Driver"],"picked":"SKIP","floor":35},{"not_picked":["FTL+1","Chill"],"picked":"Force Field+1","floor":37},{"not_picked":["Scrape+1","Sweeping Beam+1"],"picked":"Redo+1","floor":38},{"not_picked":["Conserve Battery+1","BootSequence"],"picked":"Force Field","floor":39},{"not_picked":["Scrape+1","Cold Snap+1"],"picked":"Barrage+1","floor":40},{"not_picked":["Rainbow","Compile Driver+1"],"picked":"Leap+1","floor":42},{"not_picked":["Barrage","Hologram"],"picked":"Reinforced Body+1","floor":46},{"not_picked":["Double Energy","Compile Driver+1"],"picked":"Defragment+1","floor":48},{"not_picked":["Biased Cognition","Sunder+1"],"picked":"Streamline","floor":54}],"player_experience":285928,"relics_obtained":[{"floor":6,"key":"Vajra"},{"floor":8,"key":"White Beast Statue"},{"floor":9,"key":"Bottled Lightning"},{"floor":23,"key":"Calipers"},{"floor":26,"key":"Oddly Smooth Stone"},{"floor":37,"key":"Du-Vu Doll"},{"floor":40,"key":"Boot"},{"floor":54,"key":"Bronze Scales"}],"event_choices":[{"damage_healed":0,"gold_gain":0,"player_choice":"Entered Light","damage_taken":15,"max_hp_gain":0,"max_hp_loss":0,"event_name":"Shining Light","floor":4,"gold_loss":0,"cards_upgraded":["Defend_B","Sweeping Beam"]},{"damage_healed":26,"gold_gain":0,"player_choice":"Banana","damage_taken":0,"max_hp_gain":0,"max_hp_loss":0,"event_name":"Big Fish","floor":10,"gold_loss":0},{"damage_healed":20,"gold_gain":0,"player_choice":"Healed","damage_taken":0,"max_hp_gain":0,"max_hp_loss":0,"event_name":"The Cleric","floor":14,"gold_loss":35},{"damage_healed":0,"gold_gain":0,"player_choice":"Inject Mutagens","damage_taken":0,"relics_obtained":["MutagenicStrength"],"max_hp_gain":0,"max_hp_loss":0,"event_name":"Drug Dealer","floor":19,"gold_loss":0},{"damage_healed":0,"gold_gain":0,"player_choice":"Fight","damage_taken":0,"max_hp_gain":0,"max_hp_loss":0,"event_name":"MindBloom","floor":37,"gold_loss":0}],"is_beta":false,"boss_relics":[{"not_picked":["FrozenCore","Astrolabe"],"picked":"Nuclear Battery"},{"not_picked":["Pandora\u0027s Box","Empty Cage"],"picked":"Cursed Key"}],"items_purged_floors":[45],"is_endless":false,"potions_floor_spawned":[1,6,11,12,13,16,18,21,22,23,24,25,27,28,30,31,33,35,37,38,39,40,42,46,48,54],"killed_by":"The Heart","ascension_level":0}}