{"host":"6e4d2nejd5141r00","time":1610104674,"event":{"mods":["100% Spire Juice","Act Like it!","BaseMod","Better Synergies","Better Third Choice","BetterRewards","CapriCore","Colored Map","Colored Powertips","Evolution","GifTheSpireLib","Minty Spire (QoL Compilation)","Relic Stats","StSLib","Wandering Minibosses"],"gold_per_floor":[115,290,290,309,322,350,382,420,432,444,467,479,275,287,167,266,266,277,294,294,294],"floor_reached":20,"playtime":1809,"items_purged":[],"score":186,"play_id":"f183a9fd-a7ad-444f-b0ad-b1e4b6d1f936","local_time":"20210108121754","is_ascension_mode":false,"campfire_choices":[{"floor":10,"key":"REST"},{"floor":12,"key":"REST"},{"data":"Moonworks:JonathanRush","floor":15,"key":"SMITH"}],"circlet_count":0,"master_deck":["Moonworks:Strike","Moonworks:Strike","Moonworks:Strike","Moonworks:Strike","Moonworks:Defend","Moonworks:Defend","Moonworks:Defend","Moonworks:Defend","Moonworks:Ambush","Moonworks:LongDistanceShot","Moonworks:JonathanRush+1","Doubt","Moonworks:TacticalRetreat","Moonworks:Dash","Moonworks:NicePresent","Moonworks:StiffCrystal","Moonworks:ImOnFire","Moonworks:BigMagnum","Moonworks:FullSpeedAlicianrone","Moonworks:SinkOrSwim","Moonworks:Heat300Percent","Moonworks:CloudOfSeagulls"],"relics":["Moonworks:SBBomb","Moonworks:Homemark","EVO:Axolotl","NeowsBlessing","Toy Ornithopter","MawBank","HornCleat","Meat on the Bone"],"acts_visited":["Exordium","TheCity"],"potions_floor_usage":[6,8,8,13],"damage_taken":[{"damage":0,"enemies":"2 Louse","floor":1,"turns":1},{"damage":0,"enemies":"Jaw Worm","floor":4,"turns":1},{"damage":0,"enemies":"Small Slimes","floor":5,"turns":1},{"damage":48,"enemies":"Gremlin Nob","floor":6,"turns":6},{"damage":7,"enemies":"Exordium Thugs","floor":7,"turns":7},{"damage":18,"enemies":"3 Sentries","floor":8,"turns":9},{"damage":0,"enemies":"Looter","floor":11,"turns":3},{"damage":14,"enemies":"Red Slaver","floor":14,"turns":5},{"damage":17,"enemies":"Hexaghost","floor":16,"turns":11},{"damage":25,"enemies":"Chosen","floor":18,"turns":5},{"damage":30,"enemies":"Spheric Guardian","floor":19,"turns":4},{"damage":35,"enemies":"Centurion and Healer","floor":20,"turns":6}],"seed_played":"1555575032645987042","potions_obtained":[{"floor":4,"key":"LiquidBronze"},{"floor":6,"key":"Regen Potion"},{"floor":7,"key":"LiquidBronze"},{"floor":11,"key":"SpeedPotion"}],"is_trial":false,"path_per_floor":["M","?","T","M","M","E","M","E","T","R","M","R","$","M","R","B",null,"M","M","M"],"character_chosen":"THE_STARBREAKER","items_purchased":["Fruit Juice"],"campfire_rested":2,"item_purchase_floors":[13],"current_hp_per_floor":[60,60,60,60,60,17,10,17,17,35,35,53,63,49,49,44,65,40,22,0,0],"gold":294,"neow_bonus":"THREE_ENEMY_KILL","is_daily":false,"chose_seed":false,"campfire_upgraded":1,"win_rate":0.0,"timestamp":1610104674,"path_taken":["M","?","?","M","M","E","M","E","T","R","M","R","$","M","R","BOSS","M","M","M"],"items_purchased_type":["Potion"],"build_version":"2020-12-22","purchased_purges":0,"victory":false,"max_hp_per_floor":[60,60,60,60,60,60,60,60,60,60,60,60,65,65,65,65,65,65,65,65,65],"relic_stats":{"counters":[12,59],"MawBank":84,"obtain_stats":[{"Moonworks:SBBomb":17,"HornCleat":8,"NeowsBlessing":0,"Moonworks:Homemark":0,"EVO:Axolotl":0,"MawBank":6,"Toy Ornithopter":3,"Moonworks:BrokenBomb":0,"Meat on the Bone":9},{"Moonworks:SBBomb":9,"HornCleat":6,"NeowsBlessing":0,"Moonworks:Homemark":0,"EVO:Axolotl":0,"MawBank":4,"Toy Ornithopter":1,"Moonworks:BrokenBomb":0,"Meat on the Bone":6},{"Moonworks:SBBomb":44,"HornCleat":25,"NeowsBlessing":0,"Moonworks:Homemark":0,"EVO:Axolotl":0,"MawBank":9,"Toy Ornithopter":1,"Moonworks:BrokenBomb":0,"Meat on the Bone":25}],"Toy Ornithopter":15,"Meat on the Bone":24},"card_choices":[{"not_picked":["Moonworks:ImOnFire","Moonworks:BigMagnum"],"picked":"Moonworks:JonathanRush","floor":1},{"not_picked":["Moonworks:SakisCookie","Moonworks:BigMagnum"],"picked":"Moonworks:TacticalRetreat","floor":4},{"not_picked":["Moonworks:EvilSpyWorkPreparation","Moonworks:PlushieMaster"],"picked":"Moonworks:Dash","floor":5},{"not_picked":["Moonworks:EvilSpyWorkPreparation","Moonworks:Wanted"],"picked":"Moonworks:NicePresent","floor":6},{"not_picked":["Moonworks:LuckyCharm","Moonworks:Assault"],"picked":"Moonworks:StiffCrystal","floor":7},{"not_picked":["Moonworks:Assault","Moonworks:NicePresent"],"picked":"Moonworks:ImOnFire","floor":8},{"not_picked":["Moonworks:Assault","Moonworks:NicePresent"],"picked":"Moonworks:BigMagnum","floor":11},{"not_picked":["Moonworks:DeployBits","Moonworks:DevilHand"],"picked":"Moonworks:FullSpeedAlicianrone","floor":14},{"not_picked":["Moonworks:GoAway","Moonworks:Blazing"],"picked":"Moonworks:SinkOrSwim","floor":16},{"not_picked":["Moonworks:Poppoformation","Moonworks:DevilHand"],"picked":"Moonworks:Heat300Percent","floor":18},{"not_picked":["Moonworks:ScrambledEve","Moonworks:CompletionReward"],"picked":"Moonworks:CloudOfSeagulls","floor":19}],"player_experience":77838,"relics_obtained":[{"floor":3,"key":"Toy Ornithopter"},{"floor":6,"key":"MawBank"},{"floor":8,"key":"HornCleat"},{"floor":9,"key":"Meat on the Bone"}],"event_choices":[{"damage_healed":0,"gold_gain":175,"player_choice":"AGREE","damage_taken":115,"max_hp_gain":0,"max_hp_loss":0,"event_name":"betterThird:BetterSerpent","floor":2,"gold_loss":0}],"is_beta":false,"boss_relics":[{"not_picked":["Black Star","Tiny House"],"picked":"Moonworks:SBBomb"}],"items_purged_floors":[],"is_endless":false,"potions_floor_spawned":[4,6,7,11],"killed_by":"Centurion and Healer","ascension_level":0}}