{"host":"skzt5oiq3jmvln28","time":1610093562,"event":{"mods":["AchievementEnabler","Act Like it!","BaseMod","GifTheSpireLib","Hallownest","Minty Spire (QoL Compilation)","StSLib","The Bug Knight"],"gold_per_floor":[116,116,129,129,144,20,31,110,136,146,163,163,178,195,195,292,292,308,324,324,0,0,0,15,32,32,50,50,50,50],"floor_reached":29,"playtime":4312,"items_purged":["Regret","Shame"],"score":221,"play_id":"bf66fc22-d0d6-484a-8ed0-e7e16384a15e","local_time":"20210108001242","is_ascension_mode":false,"campfire_choices":[{"data":"HollowMod:BaldurShell","floor":12,"key":"SMITH"},{"data":"HollowMod:ChannelNail","floor":15,"key":"SMITH"},{"data":"HollowMod:InfectionAssault","floor":23,"key":"SMITH"},{"floor":28,"key":"REST"}],"circlet_count":0,"master_deck":["HollowMod:NailStrikeStart","HollowMod:NailStrikeStart","HollowMod:NailStrikeStart","HollowMod:NailStrikeStart","HollowMod:QuickDashStart+1","HollowMod:QuickDashStart","HollowMod:QuickDashStart","HollowMod:QuickDashStart","HollowMod:FocusHealStart+1","HollowMod:PogoStrike","HollowMod:ChannelNail+1","HollowMod:DungDefenderAura","HollowMod:MonarchWings","HollowMod:SoulSplash","HollowMod:BaldurShell+1","HollowMod:MothsMistake","HollowMod:SoulShaman","HollowMod:GoodIntentions","HollowMod:SiblingsSouls","HollowMod:theNailsmith","HollowMod:ShapeofUnn+1","HollowMod:InfectedAttack","HollowMod:InfectionAssault+1","HollowMod:CornifersMapStart","HollowMod:SoulMaster","HollowMod:NewJinnsSoul"],"relics":["HollowMod:VesselMask","Dream Catcher","Kunai","War Paint","SlaversCollar","WarpedTongs","Lee\u0027s Waffle","HollowMod:MillibellesNoteRelic"],"acts_visited":["Exordium","Hallownest:CityofTears"],"potions_floor_usage":[13,14,19,25],"damage_taken":[{"damage":0.0,"enemies":"2 Louse","floor":1.0,"turns":2.0},{"damage":0.0,"enemies":"Jaw Worm","floor":3.0,"turns":5.0},{"damage":5.0,"enemies":"Small Slimes","floor":5.0,"turns":4.0},{"damage":12,"enemies":"Exordium Wildlife","floor":7,"turns":6},{"damage":4,"enemies":"Exordium Thugs","floor":10,"turns":7},{"damage":15,"enemies":"3 Louse","floor":11,"turns":4},{"damage":15,"enemies":"Large Slime","floor":13,"turns":5},{"damage":2,"enemies":"HollowMod:HuskWarrior","floor":14,"turns":8},{"damage":38,"enemies":"HollowMod:FalseKnight","floor":16,"turns":14},{"damage":32,"enemies":"Hallownest:Guard_and_Sentry","floor":18,"turns":14},{"damage":12,"enemies":"Hallownest:3_Youths","floor":19,"turns":11},{"damage":28,"enemies":"Hallownest:monsterMisterMushroom","floor":24,"turns":8},{"damage":55,"enemies":"Hallownest:2_Flukemon","floor":25,"turns":10},{"damage":7,"enemies":"Hallownest:monsterShrumalOgre","floor":27,"turns":6},{"damage":48,"enemies":"Hallownest:3_Mistakes","floor":29,"turns":9}],"seed_played":"-2065228244355463074","potions_obtained":[{"floor":7,"key":"BlessingOfTheForge"},{"floor":11,"key":"PowerPotion"},{"floor":13,"key":"Explosive Potion"},{"floor":19,"key":"Strength Potion"}],"is_trial":false,"path_per_floor":["M","?","M","?","M","$","M","T","T","M","M","R","M","M","R","B",null,"M","M","?","$","?","R","M","M","T","M","R","M"],"character_chosen":"THE_BUGKNIGHT","items_purchased":["HollowMod:SoulSplash","HollowMod:InfectionAssault","Lee\u0027s Waffle"],"campfire_rested":1,"item_purchase_floors":[6,21,21],"current_hp_per_floor":[82,82,82,82,77,77,71,71,71,77,68,68,63,67,67,35,82,56,44,44,89,89,89,61,12,12,11,37,0,0],"gold":50,"neow_bonus":"TEN_PERCENT_HP_BONUS","is_daily":false,"chose_seed":false,"campfire_upgraded":3,"win_rate":0.0,"timestamp":1610093562,"path_taken":["M","?","M","?","M","$","M","?","T","M","M","R","M","M","R","BOSS","M","M","?","$","?","R","M","?","T","M","R","M"],"items_purchased_type":["Card","Card","Relic"],"build_version":"2020-12-22","purchased_purges":2,"victory":false,"max_hp_per_floor":[82,82,82,82,82,82,82,82,82,82,82,82,82,82,82,82,82,82,82,82,89,89,89,89,89,89,89,89,89,89],"card_choices":[{"not_picked":["HollowMod:GoodIntentions","HollowMod:VengefulVoid"],"picked":"HollowMod:ChannelNail","floor":1.0},{"not_picked":["HollowMod:DescendingDark","HollowMod:InfectedAttack"],"picked":"HollowMod:DungDefenderAura","floor":3.0},{"not_picked":["HollowMod:SoulShaman","HollowMod:DescendingDark"],"picked":"HollowMod:MonarchWings","floor":5.0},{"not_picked":["HollowMod:DoubleDash","HollowMod:InfectedAttack"],"picked":"HollowMod:BaldurShell","floor":7},{"not_picked":["HollowMod:SharpenedShadows","HollowMod:InfectedCysts"],"picked":"HollowMod:MothsMistake","floor":10},{"not_picked":["HollowMod:WraithStrike","HollowMod:InfectionAssault"],"picked":"HollowMod:SoulShaman","floor":11},{"not_picked":["HollowMod:SharpenedNail","HollowMod:ZotesMagnificence"],"picked":"HollowMod:GoodIntentions","floor":13},{"not_picked":["HollowMod:CornifersMapStart","HollowMod:InfectedCysts"],"picked":"HollowMod:SiblingsSouls","floor":14},{"not_picked":["HollowMod:ZotesMagnificence","HollowMod:HornetsHelp"],"picked":"HollowMod:theNailsmith","floor":16},{"not_picked":["HollowMod:SoulSplash","HollowMod:DoubleDash"],"picked":"HollowMod:ShapeofUnn+1","floor":18},{"not_picked":["HollowMod:QuirrelsAssistance+1","HollowMod:SharpenedNail+1"],"picked":"HollowMod:InfectedAttack","floor":19},{"not_picked":["HollowMod:SharpenedNail+1","HollowMod:WraithStrike+1","HollowMod:GoodIntentions"],"picked":"SKIP","floor":24},{"not_picked":["HollowMod:NewLittleFool+1","HollowMod:MonarchWings"],"picked":"HollowMod:CornifersMapStart","floor":25},{"not_picked":["HollowMod:SiblingsSouls","HollowMod:CycloneSlash+1"],"picked":"HollowMod:SoulMaster","floor":27},{"not_picked":["HollowMod:AbyssShriek","HollowMod:SharpenedNail"],"picked":"HollowMod:NewJinnsSoul","floor":28}],"player_experience":19902,"relics_obtained":[{"floor":8,"key":"Kunai"},{"floor":9,"key":"War Paint"},{"floor":26,"key":"HollowMod:MillibellesNoteRelic"}],"event_choices":[{"damage_healed":0.0,"max_hp_gain":0.0,"max_hp_loss":0.0,"gold_gain":0.0,"event_name":"Liars Game","player_choice":"Ignored","floor":2.0,"gold_loss":0.0,"damage_taken":0.0},{"damage_healed":0.0,"max_hp_gain":0.0,"max_hp_loss":0.0,"gold_gain":0.0,"event_name":"Big Fish","player_choice":"Box","floor":4.0,"gold_loss":0.0,"damage_taken":0.0,"relics_obtained":["Dream Catcher"],"cards_obtained":["Regret"]}],"is_beta":false,"boss_relics":[{"not_picked":["Coffee Dripper","Fusion Hammer"],"picked":"SlaversCollar"}],"items_purged_floors":[6,21],"is_endless":false,"potions_floor_spawned":[7,11,13,19],"killed_by":"Hallownest:3_Mistakes","ascension_level":0}}