{"host":"Rich","time":1610076983,"event":{"mods":["AchievementEnabler","BaseMod","Highlight Path","Minty Spire (QoL Compilation)","Relic Stats"],"gold_per_floor":[118,135,135,147,160,160,179,195,195,209,50,50,50,62,62,62,62],"floor_reached":16,"playtime":390,"items_purged":["Strike_R"],"score":96,"play_id":"3d2e8326-fcf1-4b75-9392-35ae44164ffe","local_time":"20210107223623","is_ascension_mode":false,"campfire_choices":[{"data":"Dropkick","floor":6.0,"key":"SMITH"},{"floor":13.0,"key":"REST"},{"data":"Purity","floor":15.0,"key":"SMITH"}],"circlet_count":0,"master_deck":["Strike_R","Strike_R","Strike_R","Strike_R","Defend_R","Defend_R","Defend_R","Thunderclap","Dropkick+1","Purity+1"],"relics":["Burning Blood"],"acts_visited":["Exordium"],"potions_floor_usage":[16,16],"damage_taken":[{"damage":2.0,"enemies":"Small Slimes","floor":1.0,"turns":4.0},{"damage":6.0,"enemies":"Cultist","floor":2.0,"turns":3.0},{"damage":6.0,"enemies":"Jaw Worm","floor":4.0,"turns":5.0},{"damage":14.0,"enemies":"Blue Slaver","floor":5.0,"turns":3.0},{"damage":16.0,"enemies":"2 Fungi Beasts","floor":7.0,"turns":4.0},{"damage":28.0,"enemies":"Exordium Thugs","floor":8.0,"turns":5.0},{"damage":8.0,"enemies":"Exordium Wildlife","floor":10.0,"turns":3.0},{"damage":10.0,"enemies":"Looter","floor":14.0,"turns":3.0},{"damage":19,"enemies":"Hexaghost","floor":16,"turns":8}],"seed_played":"3384708502996076518","potions_obtained":[{"floor":1.0,"key":"Block Potion"},{"floor":5.0,"key":"DuplicationPotion"},{"floor":7.0,"key":"GamblersBrew"},{"floor":10.0,"key":"Weak Potion"}],"is_trial":false,"path_per_floor":["M","M","?","M","M","R","M","M","T","M","$","?","R","M","R","B"],"character_chosen":"IRONCLAD","items_purchased":["Purity"],"campfire_rested":1,"item_purchase_floors":[11],"current_hp_per_floor":[80,80,80,80,72,72,62,40,40,38,38,38,62,58,58,39,39],"gold":62,"neow_bonus":"REMOVE_CARD","is_daily":false,"chose_seed":false,"campfire_upgraded":2,"win_rate":0.0,"timestamp":1610076983,"path_taken":["M","M","?","?","M","R","M","M","T","M","$","?","R","M","R","BOSS"],"items_purchased_type":["Card"],"build_version":"2020-12-18","purchased_purges":1,"victory":false,"max_hp_per_floor":[80,80,80,80,80,80,80,80,80,80,80,80,80,80,80,80,80],"relic_stats":{"counters":[9,38],"obtain_stats":[{"Burning Blood":0},{"Burning Blood":0},{"Burning Blood":0}],"Burning Blood":44},"card_choices":[{"not_picked":["Shockwave","Perfected Strike"],"picked":"Thunderclap","floor":1.0},{"not_picked":["Flex","Anger","Twin Strike"],"picked":"SKIP","floor":2.0},{"not_picked":["Clash","Hemokinesis","Blood for Blood"],"picked":"SKIP","floor":4.0},{"not_picked":["Cleave","Armaments"],"picked":"Dropkick","floor":5.0},{"not_picked":["Twin Strike","Hemokinesis","Sever Soul"],"picked":"SKIP","floor":7.0},{"not_picked":["Armaments","Anger","Pommel Strike"],"picked":"SKIP","floor":8.0},{"not_picked":["Wild Strike","Warcry","Thunderclap"],"picked":"SKIP","floor":10.0},{"not_picked":["Sword Boomerang","Berserk","Thunderclap"],"picked":"SKIP","floor":14.0}],"player_experience":1975932,"relics_obtained":[],"event_choices":[{"cards_removed":["Bash"],"damage_healed":0.0,"max_hp_gain":0.0,"max_hp_loss":0.0,"gold_gain":0.0,"event_name":"Bonfire Elementals","player_choice":"Offered Basic","floor":3.0,"gold_loss":0.0,"damage_taken":0.0},{"damage_healed":0.0,"max_hp_gain":0.0,"max_hp_loss":0.0,"gold_gain":0.0,"event_name":"Scrap Ooze","player_choice":"Fled","floor":12.0,"gold_loss":0.0,"damage_taken":0.0}],"is_beta":true,"boss_relics":[],"items_purged_floors":[11],"is_endless":false,"potions_floor_spawned":[1,5,7,10],"killed_by":"Hexaghost","ascension_level":0}}