{"host":"oiw60b5ins9fyx34","time":1610092234,"event":{"mods":["BaseMod","Colored Powertips","Minty Spire (QoL Compilation)","Quick Restart","Relic Stats","StSLib"],"gold_per_floor":[112,112,75,75,90,90,115,115,115,145,145,145,65,75,75,179,179,196,196,196],"floor_reached":19,"playtime":890,"items_purged":[],"score":208,"play_id":"01960e1b-3fc4-498d-8e98-c6220b9661c9","local_time":"20210108165034","is_ascension_mode":true,"campfire_choices":[{"data":"CutThroughFate","floor":6,"key":"SMITH"},{"data":"Adaptation","floor":8,"key":"SMITH"},{"floor":12,"key":"REST"},{"data":"ClearTheMind","floor":15,"key":"SMITH"}],"circlet_count":0,"master_deck":["Strike_P","Strike_P","Strike_P","Strike_P","Defend_P+1","Defend_P","Defend_P","Defend_P","Eruption+1","Vigilance","CutThroughFate+1","WaveOfTheHand","EmptyMind","Adaptation+1","ClearTheMind+1","Wallop","ThirdEye","Scrawl","CurseOfTheBell","SashWhip"],"relics":["PureWater","NeowsBlessing","Girya","Bottled Flame","GoldenEye","Meat on the Bone","Calling Bell","Damaru","Kunai","Turnip"],"acts_visited":["Exordium","TheCity"],"potions_floor_usage":[16],"damage_taken":[{"damage":0,"enemies":"2 Louse","floor":1,"turns":1},{"damage":0,"enemies":"Small Slimes","floor":5,"turns":1},{"damage":0,"enemies":"Lagavulin","floor":7,"turns":1},{"damage":26,"enemies":"3 Sentries","floor":10,"turns":8},{"damage":1,"enemies":"Cultist","floor":14,"turns":4},{"damage":34,"enemies":"Slime Boss","floor":16,"turns":15},{"damage":4,"enemies":"Chosen","floor":18,"turns":4},{"damage":99,"enemies":"Masked Bandits","floor":19,"turns":7}],"seed_played":"141578576259153187","potions_obtained":[{"floor":5,"key":"LiquidMemories"},{"floor":16,"key":"FairyPotion"},{"floor":18,"key":"Strength Potion"}],"is_trial":false,"path_per_floor":["M","?","$","?","M","R","E","R","T","E","?","R","$","M","R","B",null,"M","?"],"character_chosen":"WATCHER","items_purchased":["WaveOfTheHand","Wallop"],"campfire_rested":1,"item_purchase_floors":[3,13],"current_hp_per_floor":[72,72,72,58,58,58,58,58,58,32,14,35,35,46,46,24,72,68,0,0],"gold":196,"neow_bonus":"THREE_ENEMY_KILL","is_daily":false,"chose_seed":false,"campfire_upgraded":3,"win_rate":0.0,"timestamp":1610092234,"path_taken":["M","?","$","?","M","R","E","R","T","E","?","R","$","M","R","BOSS","M","?"],"items_purchased_type":["Card","Card"],"build_version":"2020-12-22","purchased_purges":0,"victory":false,"max_hp_per_floor":[72,72,72,72,72,72,72,72,72,72,72,72,72,72,72,72,72,72,72,72],"relic_stats":{"counters":[8,41],"Turnip":[0],"Kunai":[1],"GoldenEye":[22],"obtain_stats":[{"Calling Bell":17,"Girya":7,"Bottled Flame":9,"NeowsBlessing":0,"Damaru":17,"Turnip":17,"Kunai":17,"PureWater":0,"GoldenEye":10,"Meat on the Bone":11},{"Calling Bell":6,"Girya":3,"Bottled Flame":3,"NeowsBlessing":0,"Damaru":6,"Turnip":6,"Kunai":6,"PureWater":0,"GoldenEye":4,"Meat on the Bone":4},{"Calling Bell":30,"Girya":3,"Bottled Flame":3,"NeowsBlessing":0,"Damaru":30,"Turnip":30,"Kunai":30,"PureWater":0,"GoldenEye":11,"Meat on the Bone":11}],"Meat on the Bone":24},"card_choices":[{"not_picked":["Consecrate","FollowUp"],"picked":"CutThroughFate","floor":1},{"not_picked":["SashWhip","Halt"],"picked":"EmptyMind","floor":5},{"not_picked":["Conclude","CarveReality"],"picked":"Adaptation","floor":7},{"not_picked":["CutThroughFate","ThirdEye"],"picked":"ClearTheMind","floor":10},{"not_picked":["PathToVictory","Weave"],"picked":"ThirdEye","floor":14},{"not_picked":["Judgement","Blasphemy"],"picked":"Scrawl","floor":16},{"not_picked":["EmptyMind","WaveOfTheHand"],"picked":"SashWhip","floor":18}],"player_experience":550355,"relics_obtained":[{"floor":7,"key":"Girya"},{"floor":9,"key":"Bottled Flame"},{"floor":10,"key":"GoldenEye"},{"floor":17,"key":"Damaru"},{"floor":17,"key":"Kunai"},{"floor":17,"key":"Turnip"}],"event_choices":[{"damage_healed":0,"gold_gain":0,"player_choice":"Ignored","damage_taken":0,"max_hp_gain":0,"max_hp_loss":0,"event_name":"Liars Game","floor":2,"gold_loss":0},{"damage_healed":0,"gold_gain":0,"player_choice":"Entered Light","damage_taken":14,"max_hp_gain":0,"max_hp_loss":0,"event_name":"Shining Light","floor":4,"gold_loss":0,"cards_upgraded":["Defend_P","Eruption"]},{"damage_healed":0,"gold_gain":0,"player_choice":"Success","damage_taken":18,"relics_obtained":["Meat on the Bone"],"max_hp_gain":0,"max_hp_loss":0,"event_name":"Scrap Ooze","floor":11,"gold_loss":0},{"damage_healed":0,"gold_gain":0,"player_choice":"Fought Bandits","damage_taken":0,"max_hp_gain":0,"max_hp_loss":0,"event_name":"Masked Bandits","floor":19,"gold_loss":0}],"is_beta":false,"boss_relics":[{"not_picked":["Coffee Dripper","HolyWater"],"picked":"Calling Bell"}],"items_purged_floors":[],"is_endless":false,"potions_floor_spawned":[5,16,18],"killed_by":"Masked Bandits","ascension_level":1}}