{"host":"17xjy7b7ubl548g2","time":1610070543,"event":{"mods":["2.2 Compatiblity","Act Like it!","Aspiration","Astrologer","Bard","BaseMod","Bestiary","Challenge The Spire","ChefMod","Colored Map","Conspire","Elementarium","Energized Spire","Gensokyo","GifTheSpireLib","Halation","Hallownest","Hubris","Infinite Spire","Jedi Mod","Jorbs\u0027s Wanderer Trilogy","Marisa（霧雨　魔理沙）","Marked Mod","Menagerie","Minty Spire (QoL Compilation)","Pale of the Ancients","Permanent Neow","Puzzle Mod","Replay The Spire","Robot Space Explorer","Spicy Shops","StSLib","Stuff the Spire","The Blue Laboratory","The Bug Knight","The Construct","The Disciple","The Factory","The Hayseed","The Hierophant","The Marked","The Runesmith","The Sage","TheFirefly"],"gold_per_floor":[29,49,62,74,84,84,115,115,115,135,135,135,149,178,178,278,278,296,296,315,10,32,32,64,64,64,96,96,121,147,192,192,200,200],"floor_reached":33,"playtime":3672,"items_purged":["ReplayTheSpireMod:Necrosis","stsjorbsmod:Strike_Wanderer"],"score":446,"play_id":"11f1612d-4242-4fc9-9473-3ba7d12f1c15","local_time":"20210107204903","is_ascension_mode":true,"campfire_choices":[{"data":"stsjorbsmod:Prestidigitation","floor":6.0,"key":"SMITH"},{"data":"stsjorbsmod:ChainLightning","floor":8.0,"key":"SMITH"},{"data":"stsjorbsmod:Rediscovery","floor":15.0,"key":"SMITH"},{"floor":23.0,"key":"REST"},{"floor":28.0,"key":"REST"},{"data":"Skewer","floor":32,"key":"SMITH"}],"circlet_count":0,"master_deck":["stsjorbsmod:ForbiddenGrimoire+1","stsjorbsmod:Strike_Wanderer","stsjorbsmod:Defend_Wanderer","stsjorbsmod:Defend_Wanderer","stsjorbsmod:Defend_Wanderer","stsjorbsmod:FreshAdventure","stsjorbsmod:EyeOfTheStorm","stsjorbsmod:HedgeWizard+1","stsjorbsmod:ColorSpray","stsjorbsmod:ChainLightning+1","stsjorbsmod:Prestidigitation+1","stsjorbsmod:Counterspell","Flying Knee","Skewer+1","stsjorbsmod:BurningFlask","stsjorbsmod:Rediscovery+1","stsjorbsmod:Fireball+1","stsjorbsmod:WeightOfMemory+1","stsjorbsmod:Channel","stsjorbsmod:Channel","stsjorbsmod:RayOfFrost+1","stsjorbsmod:SmithingStrike","stsjorbsmod:FlameWard","stsjorbsmod:Materialize","stsjorbsmod:Withdraw"],"relics":["stsjorbsmod:GrimoireRelic","jedi:cryingmask","jedi:HeartOfTheCards","halation:EternalFortune","Mummified Hand","jedi:hotpepper","stsjorbsmod:AlchemistsFireRelic","Guide Book","Shovel","Replay:Bandana","hubris:MobiusCoin"],"acts_visited":["Exordium","Menagerie:Menagerie"],"potions_floor_usage":[31],"damage_taken":[{"damage":7.0,"enemies":"Menagerie:2_RABBITS","floor":1.0,"turns":4.0},{"damage":1.0,"enemies":"Menagerie:StygianBoar","floor":2.0,"turns":3.0},{"damage":0.0,"enemies":"Menagerie:MonstrousExperiment","floor":3.0,"turns":4.0},{"damage":0.0,"enemies":"Menagerie:STYGIAN_BOAR_AND_RABBIT","floor":4.0,"turns":2.0},{"damage":8.0,"enemies":"Menagerie:EntropyWarlock","floor":5.0,"turns":3.0},{"damage":26.0,"enemies":"Menagerie:VoidReaper","floor":7.0,"turns":7.0},{"damage":16.0,"enemies":"Menagerie:STYGIAN_BOAR_AND_WHISPERING_WRAITH","floor":10.0,"turns":6.0},{"damage":4.0,"enemies":"Menagerie:MeltingSalamander","floor":13.0,"turns":4.0},{"damage":2.0,"enemies":"Menagerie:MaskedSummoner","floor":14.0,"turns":5.0},{"damage":26.0,"enemies":"Menagerie:AVATARS","floor":16.0,"turns":5.0},{"damage":6.0,"enemies":"Elementarium:2_ELEMENTALS","floor":18.0,"turns":3.0},{"damage":22.0,"enemies":"Elementarium:MUD_AND_TAR_GOLEMS","floor":20.0,"turns":2.0},{"damage":17.0,"enemies":"Elementarium:Hydrostalker","floor":22.0,"turns":5.0},{"damage":0.0,"enemies":"Elementarium:ElementalPortal","floor":24.0,"turns":5.0},{"damage":15.0,"enemies":"Elementarium:STONE_GOLEMS","floor":27.0,"turns":5.0},{"damage":0.0,"enemies":"Elementarium:3_ELEMENTALS","floor":29.0,"turns":1.0},{"damage":13,"enemies":"Elementarium:RubyGolem","floor":30,"turns":4},{"damage":3,"enemies":"Elementarium:FIRE_NOBILITY","floor":31,"turns":6},{"damage":39,"enemies":"Elementarium:GoldenDragon","floor":33,"turns":7}],"seed_played":"3973173216161557781","potions_obtained":[{"floor":1.0,"key":"blueLaboratory:PhilterOfMotion"},{"floor":2.0,"key":"FearPotion"},{"floor":5.0,"key":"conspire:TimeTravelPotion"},{"floor":13.0,"key":"stsjorbsmod:BurningPotion"},{"floor":16.0,"key":"jedi:StrikingPotion"},{"floor":27.0,"key":"blueLaboratory:BubblePotion"},{"floor":29.0,"key":"BlessingOfTheForge"},{"floor":31,"key":"blueLaboratory:HorrorPotion"}],"is_trial":false,"path_per_floor":["M","M","M","M","M","R","E","R","T","M","?","?","M","E","R","B",null,"M","?","M","$","M","R","E","?","T","M","R","M","M","E","R","B"],"character_chosen":"WANDERER","items_purchased":["Guide Book"],"campfire_rested":2,"item_purchase_floors":[21],"current_hp_per_floor":[68,69,71,72,65,65,59,59,59,47,47,50,51,50,50,25,56,51,51,29,29,14,33,34,38,38,24,45,49,37,39,39,0,0],"gold":200,"neow_bonus":"TWENTY_PERCENT_HP_BONUS","is_daily":false,"chose_seed":false,"campfire_upgraded":4,"win_rate":0.0,"timestamp":1610070543,"path_taken":["M","M","M","M","?","R","E","R","T","M","?","?","M","E","R","BOSS","M","?","?","$","M","R","E","?","T","?","R","M","M","E","R","BOSS"],"items_purchased_type":["Relic"],"build_version":"2020-12-22","purchased_purges":2,"victory":false,"max_hp_per_floor":[80,80,80,80,80,80,80,80,80,82,82,85,88,88,88,88,66,66,66,66,66,66,66,66,70,70,70,70,70,70,70,70,70,70],"card_choices":[{"not_picked":["stsjorbsmod:Index","stsjorbsmod:Prestidigitation"],"picked":"stsjorbsmod:HedgeWizard","floor":1.0},{"not_picked":["stsjorbsmod:Channel","stsjorbsmod:FindFamiliar"],"picked":"stsjorbsmod:ColorSpray","floor":2.0},{"not_picked":["stsjorbsmod:Hibernate","stsjorbsmod:Prestidigitation"],"picked":"stsjorbsmod:ChainLightning","floor":3.0},{"not_picked":["stsjorbsmod:Stalwart","stsjorbsmod:RefuseToForget"],"picked":"stsjorbsmod:Prestidigitation","floor":4.0},{"not_picked":["stsjorbsmod:Prestidigitation","stsjorbsmod:Message","stsjorbsmod:AnimateObjects"],"picked":"SKIP","floor":5.0},{"not_picked":["stsjorbsmod:DoubleCheck","stsjorbsmod:BlackTentacles"],"picked":"stsjorbsmod:Counterspell","floor":7.0},{"not_picked":["stsjorbsmod:RefuseToForget","stsjorbsmod:ParryingBlow","stsjorbsmod:FaerieFire"],"picked":"SKIP","floor":10.0},{"not_picked":["stsjorbsmod:Index","stsjorbsmod:LocateObject"],"picked":"stsjorbsmod:BurningFlask","floor":13.0},{"not_picked":["stsjorbsmod:DoubleCheck","stsjorbsmod:Will"],"picked":"stsjorbsmod:Rediscovery","floor":14.0},{"not_picked":["stsjorbsmod:Rediscovery","stsjorbsmod:Pyromancy"],"picked":"stsjorbsmod:Fireball","floor":16.0},{"not_picked":["stsjorbsmod:Index","stsjorbsmod:Hibernate+1"],"picked":"stsjorbsmod:WeightOfMemory+1","floor":18.0},{"not_picked":["stsjorbsmod:Will","stsjorbsmod:SmithingStrike"],"picked":"stsjorbsmod:Channel","floor":20.0},{"not_picked":["stsjorbsmod:BurningFlask","stsjorbsmod:FracturedMind"],"picked":"stsjorbsmod:Channel","floor":22.0},{"not_picked":["stsjorbsmod:MagicMirror","stsjorbsmod:FindFamiliar"],"picked":"stsjorbsmod:RayOfFrost+1","floor":24.0},{"not_picked":["stsjorbsmod:Hurt","stsjorbsmod:TrueStrike"],"picked":"stsjorbsmod:SmithingStrike","floor":27.0},{"not_picked":["stsjorbsmod:TollTheDead","stsjorbsmod:Rest"],"picked":"stsjorbsmod:FlameWard","floor":29.0},{"not_picked":["stsjorbsmod:Message","stsjorbsmod:SmithingStrike"],"picked":"stsjorbsmod:Materialize","floor":30},{"not_picked":["stsjorbsmod:TrueStrike","stsjorbsmod:Fireball"],"picked":"stsjorbsmod:Withdraw","floor":31}],"player_experience":1715584,"relics_obtained":[{"floor":7.0,"key":"jedi:cryingmask"},{"floor":9.0,"key":"jedi:HeartOfTheCards"},{"floor":13.0,"key":"halation:EternalFortune"},{"floor":14.0,"key":"Mummified Hand"},{"floor":24.0,"key":"Shovel"},{"floor":26.0,"key":"Replay:Bandana"},{"floor":31,"key":"hubris:MobiusCoin"}],"event_choices":[{"damage_healed":0.0,"max_hp_gain":8.0,"max_hp_loss":0.0,"gold_gain":0.0,"event_name":"Elementarium:SculptureGarden","player_choice":"Graft","floor":25.0,"gold_loss":0.0,"damage_taken":0.0}],"is_beta":false,"boss_relics":[{"not_picked":["conspire:RoyalGoblet","Replay:Drink Me"],"picked":"jedi:hotpepper"}],"items_purged_floors":[21,21],"is_endless":false,"potions_floor_spawned":[1,2,5,13,16,27,29,31],"killed_by":"Elementarium:GoldenDragon","ascension_level":9}}