{"host":"r2xhbz7xmd090pnn","time":1610096616,"event":{"mods":["AchievementEnabler","BaseMod","Card Forge","Minty Spire (QoL Compilation)","Replay The Spire","StSLib","SuperFastMode"],"gold_per_floor":[113,162,179,179,194,214,214,231,257,257,289,303,323,336,336,438,438,450,462,377,82,97,97,130,158,158,158,173,173,183,202,202,298,298,318,161,161,15,31,58,58,84,166,182,214,229,240,253,253,253],"floor_reached":51,"playtime":1331,"items_purged":[],"score":815,"play_id":"7f88d3af-eb63-4b97-9022-517789580a94","local_time":"20210108010336","is_ascension_mode":false,"campfire_choices":[{"floor":7,"key":"REST"},{"floor":10,"key":"REST"},{"data":"Searing Blow+1","floor":29,"key":"SMITH"},{"data":"Searing Blow+2","floor":32,"key":"SMITH"},{"data":"Searing Blow+4","floor":41,"key":"SMITH"},{"data":"Searing Blow+7","floor":49,"key":"SMITH"}],"circlet_count":0,"master_deck":["Bash+1","Shrug It Off+1","Iron Wave+1","Headbutt+1","Anger+1","Anger+1","Pommel Strike+1","Demon Form+1","Cleave+1","Shrug It Off+1","Dropkick+1","Demon Form+1","Shrug It Off+1","Run Through+1","Battle Trance+1","Run Through+1","Inflame+1","Searing Blow+8","ReplayTheSpireMod:Limb From Limb+1","ReplayTheSpireMod:Limb From Limb+1","Infernal Blade+1"],"relics":["Burning Blood","Hammer of Thor","Seething Fire","Anvil of the Gods","Anchor","Replay:Rubber Ducky","Vajra","CultistMask","Coffee Dripper","Pet Ghost","Sling","Ancient Tea Set","Replay:PocketPolymizer","Red Mask","Paper Frog","Mark of Pain","Replay:Baseball","Lee\u0027s Waffle","ReplayTheSpireMod:Spearhead","Happy Flower","Pantograph","Orichalcum"],"acts_visited":["Exordium","TheCity","TheBeyond"],"potions_floor_usage":[5,16,22,33,50,50,50],"damage_taken":[{"damage":7,"enemies":"2 Louse","floor":1,"turns":3},{"damage":0,"enemies":"Small Slimes","floor":3,"turns":3},{"damage":0,"enemies":"Cultist","floor":5,"turns":2},{"damage":2,"enemies":"Blue Slaver","floor":6,"turns":2},{"damage":1,"enemies":"Gremlin Gang","floor":8,"turns":3},{"damage":9,"enemies":"3 Sentries","floor":11,"turns":4},{"damage":0,"enemies":"Exordium Wildlife","floor":12,"turns":3},{"damage":0,"enemies":"2 Fungi Beasts","floor":13,"turns":2},{"damage":0,"enemies":"Large Slime","floor":14,"turns":2},{"damage":0,"enemies":"Fading Forest","floor":16,"turns":9},{"damage":0,"enemies":"Spheric Guardian","floor":18,"turns":3},{"damage":0,"enemies":"3 Byrds","floor":19,"turns":3},{"damage":16,"enemies":"Snecko","floor":22,"turns":4},{"damage":0,"enemies":"Book of Stabbing","floor":24,"turns":2},{"damage":0,"enemies":"Masked Bandits","floor":25,"turns":2},{"damage":4,"enemies":"Centurion and Healer","floor":28,"turns":3},{"damage":9,"enemies":"Snake Plant","floor":30,"turns":3},{"damage":0,"enemies":"Cultist and Chosen","floor":31,"turns":4},{"damage":0,"enemies":"Champ","floor":33,"turns":5},{"damage":3,"enemies":"3 Shapes","floor":35,"turns":3},{"damage":1,"enemies":"Orb Walker","floor":39,"turns":2},{"damage":25,"enemies":"R_Hoarder","floor":40,"turns":3},{"damage":0,"enemies":"Reptomancer","floor":42,"turns":2},{"damage":0,"enemies":"Sphere and 2 Shapes","floor":44,"turns":3},{"damage":2,"enemies":"Giant Head","floor":45,"turns":3},{"damage":0,"enemies":"Writhing Mass","floor":46,"turns":2},{"damage":0,"enemies":"Jaw Worm Horde","floor":47,"turns":3},{"damage":0,"enemies":"Transient","floor":48,"turns":5},{"damage":35,"enemies":"Replay:Hell Engine","floor":50,"turns":6}],"seed_played":"1369095993050745602","potions_obtained":[{"floor":2,"key":"Dexterity Potion"},{"floor":2,"key":"Languid Potion"},{"floor":4,"key":"DuplicationPotion"},{"floor":8,"key":"Elixir"},{"floor":18,"key":"Fruit Juice"},{"floor":25,"key":"Block Potion"},{"floor":33,"key":"Block Potion"}],"is_trial":false,"path_per_floor":["M","?","M","?","M","M","R","M","T","R","E","M","M","M","R","B",null,"M","M","?","$","M","R","E","?","T","?","M","R","M","M","R","B",null,"M","$","?","$","M","E","R","E","T","M","E","M","M","M","R","B",null],"character_chosen":"IRONCLAD","items_purchased":["Sling","Ancient Tea Set","Replay:Baseball","Lee\u0027s Waffle"],"campfire_rested":2,"item_purchase_floors":[21,21,36,38],"current_hp_per_floor":[79,47,53,53,59,63,80,80,80,80,77,80,80,80,80,80,80,80,80,80,80,75,75,81,85,85,85,85,85,82,85,85,85,85,85,85,95,102,102,83,83,89,89,95,99,102,102,102,102,73],"gold":253,"neow_bonus":"","is_daily":false,"chose_seed":false,"campfire_upgraded":4,"win_rate":0.0,"timestamp":1610096616,"path_taken":["M","?","?","?","M","M","R","M","T","R","E","M","M","M","R","BOSS","M","M","?","$","M","R","E","?","T","?","M","R","M","M","R","BOSS","M","$","?","$","M","E","R","E","T","M","E","?","?","M","R","BOSS"],"items_purchased_type":["Relic","Relic","Relic","Relic"],"build_version":"2020-12-22","purchased_purges":0,"victory":true,"max_hp_per_floor":[80,80,80,80,80,80,80,80,80,80,80,80,80,80,80,80,80,80,80,80,80,85,85,85,85,85,85,85,85,85,85,85,85,85,85,85,95,102,102,102,102,102,102,102,102,102,102,102,102,102],"card_choices":[{"not_picked":["Iron Wave","Burning Pact"],"picked":"Shrug It Off","floor":1},{"not_picked":["Reckless Charge","Battle Trance"],"picked":"Iron Wave","floor":2},{"not_picked":["Replay:Undeath\u0027s Touch","Sword Boomerang"],"picked":"Headbutt","floor":3},{"not_picked":["Sword Boomerang","ReplayReversal"],"picked":"Anger","floor":5},{"not_picked":["Clothesline","Shockwave"],"picked":"Anger","floor":6},{"not_picked":["Hemokinesis","Perfected Strike"],"picked":"Pommel Strike","floor":8},{"not_picked":["Clash","Infernal Blade"],"picked":"Demon Form","floor":11},{"not_picked":["ReplayReversal","Perfected Strike"],"picked":"Cleave","floor":12},{"not_picked":["ReplayTheSpireMod:Stacked","Iron Wave"],"picked":"Shrug It Off","floor":13},{"not_picked":["Anger","Cleave"],"picked":"Dropkick","floor":14},{"not_picked":["Corruption","Berserk"],"picked":"Demon Form","floor":16},{"not_picked":["Rage","Ghostly Armor+1"],"picked":"Shrug It Off","floor":18},{"not_picked":["Replay:Undeath\u0027s Touch","Blood for Blood+1"],"picked":"Run Through","floor":19},{"not_picked":["Clash","ReplayTheSpireMod:Strike From Hell"],"picked":"Battle Trance","floor":22},{"not_picked":["Rupture","Armaments","Hemokinesis"],"picked":"SKIP","floor":24},{"not_picked":["Rage+1","Headbutt+1"],"picked":"Run Through+1","floor":25},{"not_picked":["Entrench","Metallicize"],"picked":"Searing Blow","floor":28},{"not_picked":["Flex","True Grit","Twin Strike"],"picked":"SKIP","floor":30},{"not_picked":["Armaments","Body Slam+1","ReplayReversal"],"picked":"SKIP","floor":31},{"not_picked":["Brutality","Barricade"],"picked":"Fiend Fire","floor":33},{"not_picked":["Dark Embrace","Pommel Strike+1","Armaments"],"picked":"SKIP","floor":35},{"not_picked":["Intimidate","Flex"],"picked":"ReplayTheSpireMod:Limb From Limb","floor":39},{"not_picked":["Combust","Perfected Strike+1","Power Through"],"picked":"SKIP","floor":40},{"not_picked":["Feel No Pain","Flex"],"picked":"ReplayTheSpireMod:Limb From Limb","floor":42},{"not_picked":["ReplayTheSpireMod:Corrosion Curse+1","Life Link+1","Headbutt+1"],"picked":"SKIP","floor":44},{"not_picked":["Searing Blow+1","ReplayTheSpireMod:Muscle Training+1","Demonic Infusion"],"picked":"SKIP","floor":45},{"not_picked":["Flex","Flame Barrier","Thunderclap"],"picked":"SKIP","floor":46},{"not_picked":["Armaments+1","Iron Wave","Clash+1"],"picked":"SKIP","floor":47},{"not_picked":["Demonic Infusion","ReplayTheSpireMod:Corrosion Curse+1"],"picked":"Infernal Blade+1","floor":48}],"player_experience":0,"relics_obtained":[{"floor":2,"key":"Anchor"},{"floor":9,"key":"Replay:Rubber Ducky"},{"floor":11,"key":"Vajra"},{"floor":24,"key":"Replay:PocketPolymizer"},{"floor":25,"key":"Red Mask"},{"floor":26,"key":"Paper Frog"},{"floor":40,"key":"ReplayTheSpireMod:Spearhead"},{"floor":42,"key":"Happy Flower"},{"floor":43,"key":"Pantograph"},{"floor":45,"key":"Orichalcum"}],"event_choices":[{"damage_healed":0,"gold_gain":0,"player_choice":"Got Potions","damage_taken":0,"max_hp_gain":0,"max_hp_loss":0,"event_name":"Lab","floor":4,"gold_loss":0},{"damage_healed":0,"gold_gain":0,"player_choice":"Trade","damage_taken":0,"relics_obtained":["CultistMask"],"max_hp_gain":0,"max_hp_loss":0,"event_name":"FaceTrader","floor":15,"gold_loss":0},{"damage_healed":0,"gold_gain":0,"player_choice":"Obtained Relic","damage_taken":0,"relics_obtained":["Pet Ghost"],"max_hp_gain":0,"max_hp_loss":0,"event_name":"Addict","floor":20,"gold_loss":85},{"damage_healed":0,"gold_gain":0,"player_choice":"Fought Bandits","damage_taken":0,"max_hp_gain":0,"max_hp_loss":0,"event_name":"Masked Bandits","floor":25,"gold_loss":0},{"damage_healed":0,"gold_gain":0,"player_choice":"Read","damage_taken":0,"max_hp_gain":0,"max_hp_loss":0,"event_name":"The Library","floor":27,"gold_loss":0,"cards_obtained":["Inflame"]},{"cards_removed":["Fiend Fire"],"damage_healed":0,"gold_gain":0,"player_choice":"Offered Rare","damage_taken":0,"max_hp_gain":10,"max_hp_loss":0,"event_name":"Bonfire Elementals","floor":37,"gold_loss":0}],"is_beta":false,"boss_relics":[{"not_picked":["Velvet Choker","ReplayTheSpireMod:DimensionalGlitch"],"picked":"Coffee Dripper"},{"not_picked":["Runic Pyramid","Tiny House"],"picked":"Mark of Pain"}],"items_purged_floors":[],"is_endless":false,"potions_floor_spawned":[8,11,12,14,18,25,30,31,33,39,44,45,47],"ascension_level":0}}