{"host":"dnd25fcf5l5puhl9","time":1610111014,"event":{"mods":["AchievementEnabler","Act Like it!","BaseMod","BetterRewards","Colored Map","Colored Powertips","Downfall","Gensokyo","Hermit","Hubris","Infinite Spire","Lobotomy","Minty Spire (QoL Compilation)","Replay The Spire","Shop Mod","StSLib","SuperFastMode","The Cursed","The Disciple","The Jungle"],"gold_per_floor":[99,112,112,33,44,44,44,55,55,85,85,85,85,85],"floor_reached":12,"playtime":510,"items_purged":[],"score":79,"play_id":"f152d365-c189-4d42-8e27-9762d0257072","local_time":"20210108110334","is_ascension_mode":true,"campfire_choices":[{"floor":1.0,"key":"DIG"},{"data":"champ:Taunt","floor":6,"key":"SMITH"}],"circlet_count":0,"master_deck":["champ:Strike","champ:Strike","champ:Strike","champ:Strike","champ:Defend","champ:Defend","champ:Defend","champ:Defend","champ:Taunt+1","champ:DefensiveShout","Gensokyo:BlemishedSteel","champ:Lariat"],"relics":["champ:ChampionCrown","RabbitCall","Golden Egg","Blue Candle","Mango","hubris:SlimyHat","Happy Flower"],"acts_visited":["Gensokyo:Gensokyo"],"potions_floor_usage":[],"damage_taken":[{"damage":19.0,"enemies":"Gensokyo:2_Kodama","floor":2.0,"turns":4.0},{"damage":24.0,"enemies":"Gensokyo:Gryphon","floor":5.0,"turns":3.0},{"damage":8,"enemies":"Gensokyo:Python","floor":8,"turns":4},{"damage":22,"enemies":"Gensokyo:Aya","floor":10,"turns":6},{"damage":44,"enemies":"Gensokyo:Mamizou","floor":12,"turns":11}],"seed_played":"3688701881503061778","potions_obtained":[{"floor":2.0,"key":"Fire Potion"},{"floor":5.0,"key":"Swift Potion"}],"is_trial":false,"path_per_floor":["R_BF","M","?","COS","M","R","T","M","?","E","?","E"],"character_chosen":"THE_CHAMP","items_purchased":[],"campfire_rested":0,"item_purchase_floors":[],"current_hp_per_floor":[90,81,76,76,57,57,57,57,50,41,41,0,0,0],"gold":85,"neow_bonus":"","is_daily":false,"chose_seed":false,"campfire_upgraded":1,"win_rate":0.0,"timestamp":1610111014,"path_taken":["R_BF","M","?","COS","?","R","T","M","?","E","?","E"],"items_purchased_type":[],"build_version":"2020-12-22","purchased_purges":0,"victory":false,"max_hp_per_floor":[90,90,90,90,90,90,90,90,104,104,104,104,104,104],"card_choices":[{"not_picked":["champ:Haymaker","champ:BerserkersShout"],"picked":"champ:DefensiveShout","floor":2.0},{"not_picked":["champ:RapidStrikes","champ:ShieldSigil","champ:BladeFlurry"],"picked":"SKIP","floor":5.0},{"not_picked":["champ:BerserkersShout","champ:Haymaker"],"picked":"champ:Lariat","floor":8},{"not_picked":["champ:EnchantShield","champ:BladeFlurry","champ:Haymaker"],"picked":"SKIP","floor":10}],"player_experience":555658,"relics_obtained":[{"floor":1.0,"key":"Golden Egg"},{"floor":7,"key":"Blue Candle"},{"floor":10,"key":"hubris:SlimyHat"}],"event_choices":[],"is_beta":false,"boss_relics":[],"items_purged_floors":[],"is_endless":false,"potions_floor_spawned":[2,5],"killed_by":"Gensokyo:Mamizou","ascension_level":1}}