{"host":"lq7kzi2nz43yw1nt","time":1610136472,"event":{"mods":["AchievementEnabler","Act Like it!","BaseMod","Better Third Choice","BetterRewards","Block Reminder","Conspire","Gensokyo","GifTheSpireLib","Hubris","Infinite Spire","Koishi","Marisa????????","Minty Spire (QoL Compilation)","Quick Restart","Rare Cards Sparkle","Relic Sorter","Remilia??????","Replay The Spire","Shop Mod","Spicy Shops","Spikes Relics","StSLib","SuperFastMode","The Blue Laboratory","The Servant 0.9.4","Trackpad"],"gold_per_floor":[117,128,128,128,147,172,172,186,186,213,213,231,247,265,265,367,367,387,312,312,312,26,60,60,73,73,98,23,34,46,72,72,171,171,189,189,189,4,15,48,48,65,65,65,76,93,120,135,135,135],"floor_reached":51,"playtime":1885,"items_purged":["Clumsy"],"score":1458,"play_id":"4e5aee2d-7798-42e6-9815-92b3be51c646","local_time":"20210108150752","is_ascension_mode":true,"campfire_choices":[{"floor":7,"key":"REST"},{"floor":11,"key":"REST"},{"floor":15,"key":"DIG"},{"floor":24,"key":"REST"},{"floor":32,"key":"REST"},{"floor":41,"key":"DIG"},{"data":"Juggernaut","floor":49,"key":"SMITH"}],"circlet_count":0,"master_deck":["Strike_R","Strike_R","Strike_R","Strike_R","Defend_R","Defend_R","Defend_R","Bash","Inflame","Inflame","Thunderclap","Clash","Armaments","Immolate","Flex","Pummel","Armaments","Demon Form+1","Armaments+1","Rage","Heavy Blade","Spot Weakness","Heavy Blade","Sword Boomerang","Flame Barrier","Flex+1","Exhume","Juggernaut+1","Iron Wave+1","Inflame+1","Armaments+1","Twin Strike","Dropkick"],"relics":["Burning Blood","hubris:Icosahedron","Replay:Multitool","MerchantsRug","hubris:EmptyBottle","Gremlin Horn","Sundial","hubris:TinFlute","Turnip","conspire:SeveredTorchhead","MutagenicStrength","hubris:IronBody","HornCleat","Dream Catcher","Replay:Mystery Machine","ChewingGum","White Beast Statue","ReplayTheSpireMod:Ninjato","Pet Ghost","Replay:Rubber Ducky","hubris:Towel","CherryCoatedStake"],"acts_visited":["Exordium","TheCity","TheBeyond"],"potions_floor_usage":[16,16,16,16,16,18,23,23,29,30,31,33,40,40,50,50,50,50],"damage_taken":[{"damage":0,"enemies":"conspire:RoseBush","floor":1,"turns":4},{"damage":0,"enemies":"Small Slimes","floor":2,"turns":3},{"damage":2,"enemies":"Jaw Worm","floor":5,"turns":3},{"damage":25,"enemies":"Lagavulin","floor":6,"turns":5},{"damage":6,"enemies":"Blue Slaver","floor":8,"turns":4},{"damage":20,"enemies":"3 Sentries","floor":10,"turns":5},{"damage":1,"enemies":"Looter","floor":12,"turns":3},{"damage":12,"enemies":"conspire:2 RoseBushes","floor":13,"turns":1},{"damage":10,"enemies":"3 Louse","floor":14,"turns":2},{"damage":47,"enemies":"Hexaghost","floor":16,"turns":11},{"damage":0,"enemies":"Spheric Guardian","floor":18,"turns":3},{"damage":27,"enemies":"Nightmare","floor":23,"turns":8},{"damage":10,"enemies":"2 Thieves","floor":25,"turns":3},{"damage":4,"enemies":"Gremlin Leader","floor":27,"turns":3},{"damage":0,"enemies":"Chosen and Byrds","floor":29,"turns":3},{"damage":0,"enemies":"3 Cultists","floor":30,"turns":4},{"damage":37,"enemies":"Book of Stabbing","floor":31,"turns":5},{"damage":38,"enemies":"Collector","floor":33,"turns":8},{"damage":0,"enemies":"Orb Walker","floor":35,"turns":3},{"damage":0,"enemies":"3 Shapes","floor":39,"turns":3},{"damage":10,"enemies":"Nemesis","floor":40,"turns":7},{"damage":8,"enemies":"Maw","floor":42,"turns":5},{"damage":6,"enemies":"Spire Growth","floor":45,"turns":3},{"damage":0,"enemies":"3 Darklings","floor":46,"turns":4},{"damage":8,"enemies":"Reptomancer","floor":47,"turns":5},{"damage":1,"enemies":"Jaw Worm Horde","floor":48,"turns":2},{"damage":9,"enemies":"Donu and Deca","floor":50,"turns":7}],"seed_played":"5474915035212755743","potions_obtained":[{"floor":2,"key":"blueLaboratory:PyrophylliteBrew"},{"floor":5,"key":"blueLaboratory:FrostheartPotion"},{"floor":12,"key":"blueLaboratory:BottledHope"},{"floor":13,"key":"PowerPotion"},{"floor":16,"key":"infinitespire:BlackPotion"},{"floor":25,"key":"SmokeBomb"},{"floor":27,"key":"Explosive Potion"},{"floor":30,"key":"Reflective Coating"},{"floor":35,"key":"blueLaboratory:HummingbirdPotion"},{"floor":39,"key":"blueLaboratory:Moonshine"},{"floor":40,"key":"blueLaboratory:BottleOfVodka"},{"floor":45,"key":"LifebloodPotion"}],"is_trial":false,"path_per_floor":["M","M","?","?","M","E","R","M","T","E","R","M","M","M","R","B",null,"M","?","?","?","$","NM","R","M","T","E","$","M","M","E","R","B",null,"M","?","?","$","M","E","R","M","T","R","M","M","E","M","R","B",null],"character_chosen":"IRONCLAD","items_purchased":["Inflame","infinitespire:Eraser","MerchantsRug","hubris:EmptyBottle","Gremlin Horn","hubris:IronBody","Rage","Replay:Mystery Machine","White Beast Statue"],"campfire_rested":4,"item_purchase_floors":[0,0,0,0,0,22,22,28,38],"current_hp_per_floor":[41,47,47,47,51,32,56,56,56,42,66,71,65,61,61,20,65,71,71,56,56,56,35,60,56,56,58,58,64,70,39,64,32,72,78,78,78,78,84,80,80,78,78,78,78,84,82,85,85,84],"gold":135,"neow_bonus":"","is_daily":false,"chose_seed":false,"campfire_upgraded":1,"win_rate":0.0,"timestamp":1610136472,"path_taken":["M","M","?","?","M","E","R","?","T","E","R","M","M","M","R","BOSS","M","?","?","?","$","NM","R","M","T","E","?","M","M","E","R","BOSS","M","?","?","$","M","E","R","M","T","R","M","?","E","M","R","BOSS"],"items_purchased_type":["Card","Relic","Relic","Relic","Relic","Relic","Card","Relic","Relic"],"build_version":"2020-12-22","purchased_purges":1,"victory":true,"max_hp_per_floor":[80,80,80,80,80,80,80,80,80,80,80,80,80,80,80,80,80,80,80,85,85,85,85,85,85,85,85,85,85,85,85,85,85,85,85,85,85,85,85,85,85,85,85,85,85,85,85,85,85,85],"card_choices":[{"not_picked":["Sever Soul","Headbutt"],"picked":"Inflame","floor":1},{"not_picked":["hubris:CleavingFinish","Cleave"],"picked":"Thunderclap","floor":2},{"not_picked":["Replay:Undeath\u0027s Touch","Entrench"],"picked":"Clash","floor":5},{"not_picked":["True Grit","Burning Pact"],"picked":"Armaments","floor":6},{"not_picked":["Pommel Strike","Body Slam"],"picked":"Immolate","floor":8},{"not_picked":["hubris:CleavingFinish","ReplayTheSpireMod:Limb From Limb","Armaments"],"picked":"SKIP","floor":10},{"not_picked":["Power Through","Intimidate"],"picked":"Flex","floor":12},{"not_picked":["Armaments","Dark Embrace"],"picked":"Pummel","floor":13},{"not_picked":["Replay:Undeath\u0027s Touch","Run Through"],"picked":"Armaments","floor":14},{"not_picked":["Eclipse","Impervious"],"picked":"Demon Form","floor":16},{"not_picked":["hubris:SharpeningStone","Carnage"],"picked":"Armaments+1","floor":18},{"not_picked":["Pummel","Shockwave"],"picked":"Heavy Blade","floor":23},{"not_picked":["Hemokinesis","hubris:ReadiedAction+1"],"picked":"Spot Weakness","floor":25},{"not_picked":["Fire Breathing","Shrug It Off+1"],"picked":"Heavy Blade","floor":27},{"not_picked":["Ghostly Armor","Clothesline"],"picked":"Sword Boomerang","floor":29},{"not_picked":["Blood for Blood","Warcry"],"picked":"Flame Barrier","floor":30},{"not_picked":["ReplayTheSpireMod:Corrosion Curse","ReplayTheSpireMod:Strike From Hell+1"],"picked":"Flex+1","floor":31},{"not_picked":["Clothesline","ReplayTheSpireMod:Strike From Hell"],"picked":"Exhume","floor":32},{"not_picked":["Bludgeon","Offering"],"picked":"Juggernaut","floor":33},{"not_picked":["Thunderclap+1","Whirlwind"],"picked":"Iron Wave+1","floor":35},{"not_picked":["Second Wind+1","Anger"],"picked":"Inflame+1","floor":39},{"not_picked":["Clash+1","Burning Pact+1","Bloodletting+1"],"picked":"SKIP","floor":40},{"not_picked":["ReplayTheSpireMod:Strike From Hell","Warcry+1"],"picked":"Armaments+1","floor":42},{"not_picked":["Evolve+1","ReplayTheSpireMod:Corrosion Curse+1","Clothesline+1"],"picked":"SKIP","floor":45},{"not_picked":["ReplayTheSpireMod:Strike From Hell","Heavy Blade+1"],"picked":"Twin Strike","floor":46},{"not_picked":["hubris:CleavingFinish+1","Shrug It Off+1"],"picked":"Dropkick","floor":47},{"not_picked":["Clash","Life Link+1","Havoc+1"],"picked":"SKIP","floor":48}],"player_experience":544894,"relics_obtained":[{"floor":6,"key":"Sundial"},{"floor":9,"key":"hubris:TinFlute"},{"floor":10,"key":"Turnip"},{"floor":15,"key":"ReplayTheSpireMod:Spearhead"},{"floor":23,"key":"conspire:InfiniteJournal"},{"floor":26,"key":"HornCleat"},{"floor":27,"key":"Dream Catcher"},{"floor":31,"key":"hubris:CrystalStatue"},{"floor":40,"key":"ReplayTheSpireMod:Ninjato"},{"floor":41,"key":"Pet Ghost"},{"floor":43,"key":"Replay:Rubber Ducky"},{"floor":47,"key":"CherryCoatedStake"}],"event_choices":[{"cards_removed":["Strike_R"],"damage_healed":0,"gold_gain":0,"player_choice":"Purged","damage_taken":0,"max_hp_gain":0,"max_hp_loss":0,"event_name":"Purifier","floor":4,"gold_loss":0},{"cards_removed":["Defend_R"],"damage_healed":0,"gold_gain":0,"player_choice":"Gave Gold","damage_taken":0,"max_hp_gain":0,"max_hp_loss":0,"event_name":"Beggar","floor":19,"gold_loss":75},{"damage_healed":0,"gold_gain":0,"player_choice":"Shed Blood","damage_taken":20,"max_hp_gain":5,"max_hp_loss":0,"event_name":"Forgotten Altar","floor":20,"gold_loss":0},{"damage_healed":0,"gold_gain":0,"player_choice":"Inject Mutagens","damage_taken":0,"relics_obtained":["MutagenicStrength"],"max_hp_gain":0,"max_hp_loss":0,"event_name":"Drug Dealer","floor":21,"gold_loss":0},{"damage_healed":0,"gold_gain":0,"player_choice":"Leave","damage_taken":0,"max_hp_gain":0,"max_hp_loss":0,"event_name":"conspire:Investor","floor":36,"gold_loss":0}],"is_beta":false,"boss_relics":[{"not_picked":["Honey Jar","Kintsugi"],"picked":"conspire:SeveredTorchhead"},{"not_picked":["conspire:SlowCooker","infinitespire:Burning Sword"],"picked":"ChewingGum"}],"items_purged_floors":[0],"is_endless":false,"potions_floor_spawned":[2,5,12,13,16,25,27,30,35,39,40,42,45,46,47,48],"ascension_level":9}}