{"host":"mydft8i2zzydgggw","time":1610131195,"event":{"mods":["AchievementEnabler","BaseMod","BetterRewards","Colored Map","Colored Powertips","DeckTracker","Keyboard Shortcuts","Minty Spire (QoL Compilation)","Quick Restart","Rare Cards Sparkle","StSLib","SuperFastMode","The Poker Player","everything is the same but u backflip on backflip"],"gold_per_floor":[119,137,137,156,175,209,209,179,179,179,204,204,221,231,231,326,326,313,330,37,57,57,86,86,86,86],"floor_reached":25,"playtime":807,"items_purged":["Defend_B"],"score":396,"play_id":"573ffb64-92ff-4914-bb3c-91cd7338bd81","local_time":"20210109033955","is_ascension_mode":true,"campfire_choices":[{"data":"Zap","floor":7,"key":"SMITH"},{"floor":12,"key":"REST"},{"data":"Defragment","floor":15,"key":"SMITH"},{"data":"Coolheaded","floor":24,"key":"SMITH"}],"circlet_count":0,"master_deck":["Strike_B","Strike_B","Strike_B","Defend_B","Defend_B","Defend_B","Zap+1","Dualcast","Reboot","Glacier","Capacitor","Turbo","Gash+1","Compile Driver+1","Streamline+1","Defragment+1","Amplify","FTL+1","Heatsinks","Glacier+1","Shame","Coolheaded+1"],"relics":["Cracked Core","Molten Egg 2","FossilizedHelix","Mango","Pocketwatch","Nuclear Battery","Membership Card","Bag of Preparation","Potion Belt","MealTicket"],"acts_visited":["Exordium","TheCity"],"potions_floor_usage":[8,19,23,23,25],"damage_taken":[{"damage":1,"enemies":"Cultist","floor":1,"turns":3},{"damage":1,"enemies":"2 Louse","floor":2,"turns":2},{"damage":7,"enemies":"Jaw Worm","floor":4,"turns":2},{"damage":15,"enemies":"Exordium Wildlife","floor":5,"turns":4},{"damage":12,"enemies":"3 Sentries","floor":6,"turns":12},{"damage":0,"enemies":"Looter","floor":8,"turns":4},{"damage":20,"enemies":"Lagavulin","floor":11,"turns":8},{"damage":0,"enemies":"Large Slime","floor":13,"turns":4},{"damage":0,"enemies":"3 Louse","floor":14,"turns":2},{"damage":0,"enemies":"The Guardian","floor":16,"turns":10},{"damage":0,"enemies":"2 Thieves","floor":18,"turns":4},{"damage":0,"enemies":"Chosen","floor":19,"turns":2},{"damage":5,"enemies":"Snake Plant","floor":21,"turns":5},{"damage":22,"enemies":"Slavers","floor":23,"turns":8},{"damage":51,"enemies":"Gremlin Leader","floor":25,"turns":9}],"seed_played":"-5037202103157818401","potions_obtained":[{"floor":2,"key":"Swift Potion"},{"floor":11,"key":"BlessingOfTheForge"},{"floor":14,"key":"GamblersBrew"},{"floor":16,"key":"Weak Potion"},{"floor":18,"key":"PotionOfCapacity"},{"floor":21,"key":"SteroidPotion"}],"is_trial":false,"path_per_floor":["M","M","?","M","M","E","R","M","T","?","E","R","M","M","R","B",null,"M","M","$","M","?","E","R","E"],"character_chosen":"DEFECT","items_purchased":["Membership Card","Bag of Preparation","Heatsinks"],"campfire_rested":1,"item_purchase_floors":[20,20,20],"current_hp_per_floor":[67,66,59,52,37,25,25,25,25,27,7,33,33,33,33,33,75,75,75,75,70,70,48,48,0,0],"gold":86,"neow_bonus":"ONE_RANDOM_RARE_CARD","is_daily":false,"chose_seed":false,"campfire_upgraded":3,"win_rate":0.0,"timestamp":1610131195,"path_taken":["M","?","?","M","M","E","R","M","T","?","E","R","M","M","R","BOSS","M","M","$","M","?","E","R","E"],"items_purchased_type":["Relic","Relic","Card"],"build_version":"2020-12-22","purchased_purges":1,"victory":false,"max_hp_per_floor":[75,75,75,75,75,75,75,75,75,89,89,89,89,89,89,89,89,89,89,89,89,89,89,89,89,89],"card_choices":[{"not_picked":["Barrage","Blizzard","Conserve Battery"],"picked":"SKIP","floor":1},{"not_picked":["Blizzard","Rebound","Stack"],"picked":"SKIP","floor":2},{"not_picked":["Auto Shields","Hologram"],"picked":"Glacier","floor":4},{"not_picked":["Stack","Conserve Battery"],"picked":"Capacitor","floor":5},{"not_picked":["Static Discharge","Steam Power"],"picked":"Turbo","floor":6},{"not_picked":["Rip and Tear+1","Hologram"],"picked":"Gash+1","floor":8},{"not_picked":["Sweeping Beam+1","Chaos"],"picked":"Compile Driver+1","floor":11},{"not_picked":["Heatsinks","Turbo"],"picked":"Streamline+1","floor":13},{"not_picked":["Static Discharge","Rebound+1"],"picked":"Defragment","floor":14},{"not_picked":["Machine Learning","Reboot"],"picked":"Amplify","floor":16},{"not_picked":["Gash+1","Compile Driver+1","Rip and Tear+1"],"picked":"SKIP","floor":18},{"not_picked":["Hello World","Auto Shields"],"picked":"FTL+1","floor":19},{"not_picked":["Leap","Steam Power"],"picked":"Glacier+1","floor":21},{"not_picked":["Gash+1","FTL+1"],"picked":"Coolheaded","floor":23}],"player_experience":143141,"relics_obtained":[{"floor":6,"key":"Molten Egg 2"},{"floor":9,"key":"FossilizedHelix"},{"floor":11,"key":"Pocketwatch"},{"floor":23,"key":"MealTicket"}],"event_choices":[{"cards_removed":["Strike_B"],"damage_healed":0,"gold_gain":0,"player_choice":"Card Removal","damage_taken":7,"max_hp_gain":0,"max_hp_loss":0,"event_name":"Golden Wing","floor":3,"gold_loss":0},{"damage_healed":0,"gold_gain":0,"player_choice":"Success","damage_taken":12,"relics_obtained":["Mango"],"max_hp_gain":0,"max_hp_loss":0,"event_name":"Scrap Ooze","floor":10,"gold_loss":0},{"damage_healed":0,"gold_gain":0,"player_choice":"Stole Relic","damage_taken":0,"relics_obtained":["Potion Belt"],"max_hp_gain":0,"max_hp_loss":0,"event_name":"Addict","floor":22,"gold_loss":0,"cards_obtained":["Shame"]}],"is_beta":false,"boss_relics":[{"not_picked":["Coffee Dripper","Ectoplasm"],"picked":"Nuclear Battery"}],"items_purged_floors":[20],"is_endless":false,"potions_floor_spawned":[2,11,14,16,18,21],"killed_by":"Gremlin Leader","ascension_level":8}}