{"host":"9fh35csyvbzgxvf9","time":1610078307,"event":{"mods":["BaseMod","Block Reminder","Colored Map","DeckTracker","Minty Spire (QoL Compilation)"],"gold_per_floor":[144,189,234,234,234,234,279,324,349,349,394,394,484,529,529,829,829,874,919,964,914,959,1049,1049,1094,1119,1119,1119,1173,435,744,744,1053,1053,1116,1179,772,931,985,985,1084,1084,1084,1147,1210,1210,1273,1336,1336,1336],"floor_reached":51,"playtime":5545,"items_purged":[],"score":832,"play_id":"c17e5d10-b115-4bc3-a2fc-588901a70b4f","local_time":"20210107225827","daily_mods":["Draft","Uncertain Future","Midas"],"is_ascension_mode":false,"campfire_choices":[{"floor":12,"key":"REST"},{"floor":15,"key":"REST"},{"floor":24,"key":"REST"},{"floor":27,"key":"REST"},{"floor":32,"key":"REST"},{"floor":40,"key":"REST"},{"floor":46,"key":"REST"},{"floor":49,"key":"REST"}],"circlet_count":0,"master_deck":["Metallicize","Rampage","Clothesline","Anger","Flame Barrier","Warcry","Armaments","Battle Trance","Dual Wield","Whirlwind","Metallicize","Shrug It Off","Seeing Red","Cleave","Thunderclap","Armaments+1","Ghostly Armor","Flame Barrier","Pommel Strike","Cleave","Pommel Strike","Intimidate","Metallicize","Offering","Inflame+1","Armaments","Rampage","Twin Strike+1","Shrug It Off","Twin Strike+1","Iron Wave+1","Madness","Madness","Spot Weakness","Reaper+1","Sword Boomerang+1","Sword Boomerang+1","Demon Form","Iron Wave+1","Flame Barrier","Panacea","Inflame","Iron Wave+1","Dual Wield+1","Flame Barrier","Iron Wave+1","Parasite","Headbutt+1","Shrug It Off","Headbutt+1","Sword Boomerang+1","Sword Boomerang+1","Ghostly Armor","Spot Weakness"],"relics":["Burning Blood","Boot","Meat on the Bone","Gremlin Horn","Runic Pyramid","Molten Egg 2","CeramicFish","Vajra","Prayer Wheel","DollysMirror","Torii","White Beast Statue","Philosopher\u0027s Stone","Oddly Smooth Stone","StoneCalendar","Turnip","Self Forming Clay"],"acts_visited":["Exordium","TheCity","TheBeyond"],"potions_floor_usage":[13,16,16,16,23,23,28,31,38,39,41,41,42,44,44,47,48,48,50,50],"damage_taken":[{"damage":0,"enemies":"2 Louse","floor":1,"turns":2},{"damage":2,"enemies":"Small Slimes","floor":2,"turns":2},{"damage":0,"enemies":"Jaw Worm","floor":3,"turns":4},{"damage":1,"enemies":"Gremlin Gang","floor":7,"turns":2},{"damage":0,"enemies":"2 Fungi Beasts","floor":8,"turns":3},{"damage":0,"enemies":"3 Louse","floor":11,"turns":2},{"damage":7,"enemies":"Gremlin Nob","floor":13,"turns":6},{"damage":5,"enemies":"Blue Slaver","floor":14,"turns":4},{"damage":19,"enemies":"Hexaghost","floor":16,"turns":11},{"damage":0,"enemies":"Chosen","floor":18,"turns":6},{"damage":7,"enemies":"Shell Parasite","floor":19,"turns":4},{"damage":8,"enemies":"Sentry and Sphere","floor":20,"turns":7},{"damage":9,"enemies":"Shelled Parasite and Fungi","floor":22,"turns":7},{"damage":41,"enemies":"Book of Stabbing","floor":23,"turns":7},{"damage":6,"enemies":"Centurion and Healer","floor":25,"turns":8},{"damage":15,"enemies":"Snecko","floor":28,"turns":7},{"damage":16,"enemies":"Snake Plant","floor":29,"turns":6},{"damage":21,"enemies":"Colosseum Slavers","floor":31,"turns":4},{"damage":4,"enemies":"Colosseum Nobs","floor":31,"turns":6},{"damage":26,"enemies":"Collector","floor":33,"turns":10},{"damage":14,"enemies":"3 Darklings","floor":35,"turns":5},{"damage":20,"enemies":"3 Shapes","floor":36,"turns":4},{"damage":10,"enemies":"Mind Bloom Boss Battle","floor":38,"turns":9},{"damage":27,"enemies":"Transient","floor":39,"turns":5},{"damage":9,"enemies":"Giant Head","floor":41,"turns":6},{"damage":32,"enemies":"Writhing Mass","floor":44,"turns":6},{"damage":21,"enemies":"4 Shapes","floor":45,"turns":6},{"damage":10,"enemies":"Jaw Worm Horde","floor":47,"turns":4},{"damage":21,"enemies":"Maw","floor":48,"turns":6},{"damage":34,"enemies":"Awakened One","floor":50,"turns":12}],"seed_played":"-6062085814737979882","potions_obtained":[{"floor":1,"key":"Weak Potion"},{"floor":8,"key":"GamblersBrew"},{"floor":11,"key":"SteroidPotion"},{"floor":14,"key":"ColorlessPotion"},{"floor":18,"key":"AttackPotion"},{"floor":19,"key":"SneckoOil"},{"floor":23,"key":"SmokeBomb"},{"floor":33,"key":"BloodPotion"},{"floor":35,"key":"Ancient Potion"},{"floor":36,"key":"DistilledChaos"},{"floor":38,"key":"DuplicationPotion"},{"floor":39,"key":"FearPotion"},{"floor":41,"key":"LiquidMemories"},{"floor":42,"key":"Fruit Juice"},{"floor":42,"key":"BlessingOfTheForge"},{"floor":44,"key":"SteroidPotion"},{"floor":45,"key":"Fire Potion"},{"floor":47,"key":"HeartOfIron"},{"floor":48,"key":"EssenceOfSteel"}],"is_trial":false,"path_per_floor":["M","M","M","$","?","?","M","M","T","?","M","R","E","M","R","B",null,"M","M","M","?","M","E","R","M","T","R","M","M","$","?","R","B",null,"M","M","$","?","M","R","E","?","T","M","M","R","M","M","R","B",null],"character_chosen":"IRONCLAD","items_purchased":["Vajra","Prayer Wheel","Madness","DollysMirror","DuplicationPotion","Oddly Smooth Stone","Flame Barrier","Panacea","Inflame","Iron Wave+1"],"campfire_rested":8,"item_purchase_floors":[30,30,30,30,30,37,37,37,37,37],"current_hp_per_floor":[80,80,80,80,80,80,80,80,80,80,80,80,79,80,80,67,80,80,79,77,77,74,51,75,75,75,80,71,61,61,60,80,60,80,72,77,77,73,68,80,77,82,82,56,49,74,70,71,85,85],"gold":1336,"neow_bonus":"","is_daily":true,"chose_seed":false,"campfire_upgraded":0,"win_rate":0.0,"timestamp":1610078307,"path_taken":["M","M","M","$","?","?","M","M","T","?","M","R","E","M","R","BOSS","M","M","M","?","M","E","R","M","T","R","?","M","$","?","R","BOSS","M","M","$","?","M","R","E","?","T","M","M","R","?","M","R","BOSS"],"items_purchased_type":["Relic","Relic","Card","Relic","Potion","Relic","Card","Card","Card","Card"],"build_version":"2020-12-22","purchased_purges":0,"victory":true,"max_hp_per_floor":[80,80,80,80,80,80,80,80,80,80,80,80,80,80,80,80,80,80,80,80,80,80,80,80,80,80,80,80,80,80,80,80,80,80,80,80,80,80,80,80,80,85,85,85,85,85,85,85,85,85],"card_choices":[{"not_picked":["Intimidate","Iron Wave"],"picked":"Metallicize","floor":0},{"not_picked":["Sword Boomerang","Anger"],"picked":"Rampage","floor":0},{"not_picked":["Havoc","Wild Strike"],"picked":"Clothesline","floor":0},{"not_picked":["Twin Strike","Clash"],"picked":"Anger","floor":0},{"not_picked":["Pommel Strike","Warcry"],"picked":"Flame Barrier","floor":0},{"not_picked":["Flex","Disarm"],"picked":"Warcry","floor":0},{"not_picked":["Fire Breathing","Cleave"],"picked":"Armaments","floor":0},{"not_picked":["Cleave","Rupture"],"picked":"Battle Trance","floor":0},{"not_picked":["Sword Boomerang","Sever Soul"],"picked":"Dual Wield","floor":0},{"not_picked":["Wild Strike","Combust"],"picked":"Whirlwind","floor":0},{"not_picked":["Flex","Reckless Charge"],"picked":"Metallicize","floor":0},{"not_picked":["Entrench","Battle Trance"],"picked":"Shrug It Off","floor":0},{"not_picked":["True Grit","Reckless Charge"],"picked":"Seeing Red","floor":0},{"not_picked":["Clash","Warcry"],"picked":"Cleave","floor":0},{"not_picked":["Disarm","Flex"],"picked":"Thunderclap","floor":0},{"not_picked":["Perfected Strike","True Grit"],"picked":"Armaments","floor":1},{"not_picked":["Hemokinesis","Flex"],"picked":"Ghostly Armor","floor":2},{"not_picked":["Clothesline","Rupture"],"picked":"Flame Barrier","floor":3},{"not_picked":["Wild Strike","Burning Pact"],"picked":"Pommel Strike","floor":7},{"not_picked":["Bloodletting","Battle Trance"],"picked":"Cleave","floor":8},{"not_picked":["Corruption","Power Through"],"picked":"Pommel Strike","floor":11},{"not_picked":["Perfected Strike","Fire Breathing"],"picked":"Intimidate","floor":13},{"not_picked":["Iron Wave","True Grit"],"picked":"Metallicize","floor":14},{"not_picked":["Brutality","Feed"],"picked":"Offering","floor":16},{"not_picked":["Thunderclap","Warcry"],"picked":"Inflame+1","floor":18},{"not_picked":["Twin Strike","Clothesline"],"picked":"Armaments","floor":19},{"not_picked":["Ghostly Armor","Shrug It Off"],"picked":"Rampage","floor":20},{"not_picked":["Dual Wield","Body Slam"],"picked":"Twin Strike+1","floor":22},{"not_picked":["Entrench+1","Brutality"],"picked":"Shrug It Off","floor":23},{"not_picked":["Flex","Carnage+1"],"picked":"Twin Strike+1","floor":25},{"not_picked":["Warcry+1","Pommel Strike+1"],"picked":"Iron Wave+1","floor":29},{"not_picked":["Dropkick+1","Body Slam+1"],"picked":"Spot Weakness","floor":31},{"not_picked":["Immolate+1","Bludgeon+1"],"picked":"Reaper+1","floor":33},{"not_picked":["Armaments","Body Slam+1"],"picked":"Sword Boomerang+1","floor":35},{"not_picked":["Intimidate","Heavy Blade+1"],"picked":"Sword Boomerang+1","floor":35},{"not_picked":["Entrench+1","Shockwave+1"],"picked":"Demon Form","floor":36},{"not_picked":["Rupture","Carnage+1"],"picked":"Iron Wave+1","floor":36},{"not_picked":["Sword Boomerang+1","Cleave+1"],"picked":"Dual Wield+1","floor":38},{"not_picked":["Sword Boomerang+1","Uppercut+1"],"picked":"Flame Barrier","floor":39},{"not_picked":["True Grit","Clothesline+1","Headbutt+1"],"picked":"SKIP","floor":39},{"not_picked":["Combust+1","Pummel+1"],"picked":"Iron Wave+1","floor":41},{"not_picked":["Wild Strike+1","Perfected Strike+1"],"picked":"Headbutt+1","floor":44},{"not_picked":["Power Through","Sentinel+1","Bludgeon+1"],"picked":"SKIP","floor":44},{"not_picked":["Armaments","Battle Trance"],"picked":"Shrug It Off","floor":45},{"not_picked":["Hemokinesis+1","Thunderclap+1"],"picked":"Headbutt+1","floor":45},{"not_picked":["Rupture","Anger+1"],"picked":"Sword Boomerang+1","floor":47},{"not_picked":["Feed+1","Blood for Blood+1"],"picked":"Sword Boomerang+1","floor":47},{"not_picked":["Carnage+1","Reckless Charge+1"],"picked":"Ghostly Armor","floor":48},{"not_picked":["Thunderclap+1","Cleave+1"],"picked":"Spot Weakness","floor":48}],"player_experience":290788,"relics_obtained":[{"floor":9,"key":"Boot"},{"floor":13,"key":"Gremlin Horn"},{"floor":23,"key":"Molten Egg 2"},{"floor":26,"key":"CeramicFish"},{"floor":31,"key":"Torii"},{"floor":31,"key":"White Beast Statue"},{"floor":38,"key":"StoneCalendar"},{"floor":41,"key":"Turnip"},{"floor":43,"key":"Self Forming Clay"}],"event_choices":[{"damage_healed":0,"gold_gain":0,"player_choice":"Ignored","damage_taken":0,"max_hp_gain":0,"max_hp_loss":0,"event_name":"Liars Game","floor":5,"gold_loss":0},{"damage_healed":0,"gold_gain":0,"player_choice":"Grow","damage_taken":0,"max_hp_gain":0,"max_hp_loss":0,"event_name":"Living Wall","floor":6,"gold_loss":0,"cards_upgraded":["Armaments"]},{"damage_healed":0,"gold_gain":0,"player_choice":"Searched \u00271\u0027 times","damage_taken":0,"relics_obtained":["Meat on the Bone"],"max_hp_gain":0,"max_hp_loss":0,"event_name":"Dead Adventurer","floor":10,"gold_loss":0},{"damage_healed":0,"gold_gain":0,"player_choice":"Bet on Murderer","damage_taken":0,"max_hp_gain":0,"max_hp_loss":0,"event_name":"The Joust","floor":21,"gold_loss":50},{"damage_healed":0,"gold_gain":0,"player_choice":"Fight","damage_taken":0,"max_hp_gain":0,"max_hp_loss":0,"event_name":"Colosseum","floor":31,"gold_loss":0},{"damage_healed":0,"gold_gain":0,"player_choice":"Fought Nobs","damage_taken":0,"max_hp_gain":0,"max_hp_loss":0,"event_name":"Colosseum","floor":31,"gold_loss":0},{"damage_healed":0,"gold_gain":0,"player_choice":"Fight","damage_taken":0,"max_hp_gain":0,"max_hp_loss":0,"event_name":"MindBloom","floor":38,"gold_loss":0},{"damage_healed":0,"gold_gain":0,"player_choice":"Got Potions","damage_taken":0,"max_hp_gain":0,"max_hp_loss":0,"event_name":"Lab","floor":42,"gold_loss":0}],"is_beta":false,"boss_relics":[{"not_picked":["Runic Cube","Calling Bell"],"picked":"Runic Pyramid"},{"not_picked":["Sozu","Tiny House"],"picked":"Philosopher\u0027s Stone"}],"items_purged_floors":[],"is_endless":false,"potions_floor_spawned":[1,8,11,14,18,19,23,31,33,35,36,38,39,41,44,45,47,48],"ascension_level":0}}