{"host":"dowi7cgbhepuzvpj","time":1610120979,"event":{"mods":["AchievementEnabler","BaseMod","Colored Map","Highlight Path","Keyboard Shortcuts","Minty Spire (QoL Compilation)","Permanent Neow","Quick Restart","StSLib","SuperFastMode"],"gold_per_floor":[166,60,40,60,60,60,73,73,100,112,130,130,157,177,177,255,255,274,274,199,199,216,247,247,261,284,333,346,42,92,92,92],"floor_reached":31,"playtime":811,"items_purged":[],"score":441,"play_id":"e392e38f-3a82-4bad-822b-03fe114a58e0","local_time":"20210109004939","is_ascension_mode":true,"campfire_choices":[{"data":"Cloak And Dagger","floor":6.0,"key":"SMITH"},{"data":"Footwork","floor":8.0,"key":"SMITH"},{"data":"Finisher","floor":12.0,"key":"SMITH"},{"data":"Cloak And Dagger","floor":15.0,"key":"SMITH"},{"floor":24.0,"key":"REST"}],"circlet_count":0,"master_deck":["AscendersBane","Survivor","Neutralize+1","Blade Dance","Flying Knee","Cloak And Dagger+1","Finisher+1","Footwork+1","Blade Dance","Phantasmal Killer","Cloak And Dagger+1","Tools of the Trade","Masterful Stab","Sucker Punch","Bullet Time","Crippling Poison","Wraith Form v2","Accuracy","Burst","Leg Sweep","Poisoned Stab","Accuracy","Expertise","Tactician","Dagger Throw+1","Infinite Blades","Acrobatics"],"relics":["Tiny House","Akabeko","War Paint","Pandora\u0027s Box","Thread and Needle","Omamori","Boot","Pantograph"],"acts_visited":["Exordium","TheCity"],"potions_floor_usage":[],"damage_taken":[{"damage":4.0,"enemies":"Small Slimes","floor":1.0,"turns":3.0},{"damage":0.0,"enemies":"Cultist","floor":4.0,"turns":3.0},{"damage":0.0,"enemies":"2 Louse","floor":7.0,"turns":2.0},{"damage":0.0,"enemies":"Blue Slaver","floor":10.0,"turns":4.0},{"damage":0.0,"enemies":"2 Fungi Beasts","floor":11.0,"turns":3.0},{"damage":3.0,"enemies":"Looter","floor":14.0,"turns":3.0},{"damage":26.0,"enemies":"Hexaghost","floor":16.0,"turns":10.0},{"damage":11.0,"enemies":"2 Thieves","floor":18.0,"turns":3.0},{"damage":2.0,"enemies":"Spheric Guardian","floor":22.0,"turns":5.0},{"damage":34.0,"enemies":"Slavers","floor":23.0,"turns":6.0},{"damage":19.0,"enemies":"Centurion and Healer","floor":25.0,"turns":6.0},{"damage":6.0,"enemies":"3 Cultists","floor":28.0,"turns":6.0},{"damage":20,"enemies":"Shelled Parasite and Fungi","floor":31,"turns":4}],"seed_played":"-6445358476922444448","potions_obtained":[{"floor":0.0,"key":"PowerPotion"},{"floor":3.0,"key":"LiquidBronze"},{"floor":11.0,"key":"LiquidMemories"},{"floor":18.0,"key":"EssenceOfSteel"},{"floor":25.0,"key":"FairyPotion"},{"floor":28.0,"key":"SpeedPotion"}],"is_trial":false,"path_per_floor":["M","$","?","M","$","R","M","R","T","M","M","R","T","M","R","B",null,"M","?","?","?","M","E","R","M","T","T","M","$","?","M"],"character_chosen":"THE_SILENT","items_purchased":["Cloak And Dagger","Finisher","Pantograph","Acrobatics"],"campfire_rested":1,"item_purchase_floors":[2,2,29,29],"current_hp_per_floor":[60,60,60,60,60,60,60,60,60,60,60,60,60,57,57,31,61,50,50,50,50,48,14,35,16,16,16,10,10,10,11,11],"gold":92,"neow_bonus":"BOSS_RELIC","is_daily":false,"chose_seed":false,"campfire_upgraded":4,"win_rate":0.0,"timestamp":1610120979,"path_taken":["M","$","?","?","$","R","M","R","T","M","M","R","?","M","R","BOSS","M","?","?","?","M","E","R","M","T","?","M","$","?","?"],"items_purchased_type":["Card","Card","Relic","Card"],"build_version":"2020-12-22","purchased_purges":0,"victory":false,"max_hp_per_floor":[71,71,71,71,71,71,71,71,71,71,71,71,71,71,71,71,71,71,71,71,71,71,71,71,71,71,71,71,71,71,71,71],"card_choices":[{"not_picked":["Prepared","Expertise"],"picked":"Blade Dance","floor":0.0},{"not_picked":["Backstab","Deadly Poison"],"picked":"Flying Knee","floor":1.0},{"not_picked":["Poisoned Stab","Endless Agony","Acrobatics"],"picked":"SKIP","floor":4.0},{"not_picked":["Well Laid Plans","Finisher"],"picked":"Footwork","floor":7.0},{"not_picked":["Slice","Prepared"],"picked":"Blade Dance","floor":10.0},{"not_picked":["Noxious Fumes","Dash"],"picked":"Phantasmal Killer","floor":11.0},{"not_picked":["Slice","Well Laid Plans"],"picked":"Cloak And Dagger","floor":14.0},{"not_picked":["Unload","Storm of Steel"],"picked":"Tools of the Trade","floor":16.0},{"not_picked":["Deflect","Bane","Eviscerate"],"picked":"SKIP","floor":18.0},{"not_picked":["Endless Agony","Prepared"],"picked":"Expertise","floor":22.0},{"not_picked":["Prepared","Die Die Die"],"picked":"Tactician","floor":23.0},{"not_picked":["Catalyst","Deadly Poison"],"picked":"Dagger Throw+1","floor":25.0},{"not_picked":["Well Laid Plans","Setup"],"picked":"Infinite Blades","floor":28.0}],"player_experience":780600,"relics_obtained":[{"floor":9.0,"key":"Akabeko"},{"floor":13.0,"key":"War Paint"},{"floor":23.0,"key":"Thread and Needle"},{"floor":26.0,"key":"Omamori"},{"floor":27.0,"key":"Boot"}],"event_choices":[{"damage_healed":0.0,"max_hp_gain":0.0,"max_hp_loss":0.0,"gold_gain":0.0,"event_name":"The Woman in Blue","player_choice":"Bought 1 Potion","floor":3.0,"gold_loss":0.0,"damage_taken":0.0},{"damage_healed":0.0,"max_hp_gain":0.0,"max_hp_loss":0.0,"gold_gain":0.0,"event_name":"The Mausoleum","player_choice":"Ignored","floor":19.0,"gold_loss":0.0,"damage_taken":0.0},{"cards_removed":["Bullet Time"],"damage_healed":0.0,"max_hp_gain":0.0,"max_hp_loss":0.0,"gold_gain":0.0,"event_name":"Beggar","player_choice":"Gave Gold","floor":20.0,"gold_loss":75.0,"damage_taken":0.0},{"damage_healed":0.0,"max_hp_gain":0.0,"max_hp_loss":0.0,"gold_gain":0.0,"event_name":"The Library","player_choice":"Read","floor":21.0,"gold_loss":0.0,"damage_taken":0.0,"cards_obtained":["Accuracy"]},{"damage_healed":0.0,"max_hp_gain":0.0,"max_hp_loss":0.0,"gold_gain":50.0,"event_name":"Golden Shrine","player_choice":"Pray","floor":30.0,"gold_loss":0.0,"damage_taken":0.0}],"is_beta":false,"boss_relics":[{"not_picked":["Busted Crown","Ectoplasm"],"picked":"Pandora\u0027s Box"}],"items_purged_floors":[],"is_endless":false,"potions_floor_spawned":[7,11,18,25,28],"killed_by":"Shelled Parasite and Fungi","ascension_level":16}}