{"host":"9v3x998ddbx8o276","time":1610074303,"event":{"mods":["AchievementEnabler","BaseMod","Colored Map","Colored Powertips","Highlight Path","Minty Spire (QoL Compilation)","Quick Restart","Rare Cards Sparkle"],"gold_per_floor":[110,124,135,135,154,184,184,212,261,186,186,186,213,227,227,306,306,326,241,241,256,276,276,276,276,321,355,375,46,46,62,62,134,134,152,452,467,484,9,9,9,9,9,62,62,62],"floor_reached":45,"playtime":1668,"items_purged":["Reprogram"],"score":902,"play_id":"0ddc21b7-1612-4c28-b9fe-1cd81170acbd","local_time":"20210108132143","is_ascension_mode":true,"campfire_choices":[{"data":"Electrodynamics","floor":7.0,"key":"SMITH"},{"data":"Barrage","floor":12.0,"key":"SMITH"},{"data":"Glacier","floor":15.0,"key":"SMITH"},{"floor":23.0,"key":"REST"},{"floor":25.0,"key":"REST"},{"data":"Creative AI","floor":32.0,"key":"SMITH"},{"data":"Chill","floor":40,"key":"SMITH"},{"data":"Self Repair","floor":42,"key":"SMITH"}],"circlet_count":0,"master_deck":["AscendersBane","Zap","Dualcast","Barrage+1","Glacier+1","Cold Snap","Electrodynamics+1","Barrage+1","FTL+1","Genetic Algorithm","Turbo","Creative AI+1","Cold Snap","Glacier+1","Rip and Tear","Tempest","Ghostly","Ghostly","Ghostly","Heatsinks","Coolheaded","Rip and Tear","Auto Shields","Reboot","Hello World","Leap","Meteor Strike","FTL","Coolheaded","Loop+1","Chill+1","Self Repair+1"],"relics":["Cracked Core","NeowsBlessing","Ginger","Pantograph","War Paint","Inserter","Lantern","Whetstone","Matryoshka","Orichalcum","ClockworkSouvenir","Pandora\u0027s Box","Pear","Letter Opener","Mercury Hourglass","Ice Cream"],"acts_visited":["Exordium","TheCity","TheBeyond"],"potions_floor_usage":[38,45],"damage_taken":[{"damage":0.0,"enemies":"Jaw Worm","floor":1.0,"turns":1.0},{"damage":0.0,"enemies":"2 Louse","floor":2.0,"turns":1.0},{"damage":0.0,"enemies":"Cultist","floor":3.0,"turns":1.0},{"damage":0.0,"enemies":"2 Fungi Beasts","floor":5.0,"turns":4.0},{"damage":22.0,"enemies":"Lagavulin","floor":6.0,"turns":7.0},{"damage":3.0,"enemies":"3 Sentries","floor":8.0,"turns":3.0},{"damage":16.0,"enemies":"Gremlin Nob","floor":13.0,"turns":4.0},{"damage":0.0,"enemies":"Blue Slaver","floor":14.0,"turns":2.0},{"damage":46.0,"enemies":"The Guardian","floor":16.0,"turns":13.0},{"damage":3.0,"enemies":"Chosen","floor":18.0,"turns":5.0},{"damage":26.0,"enemies":"3 Byrds","floor":21.0,"turns":4.0},{"damage":21.0,"enemies":"Centurion and Healer","floor":22.0,"turns":6.0},{"damage":28.0,"enemies":"Book of Stabbing","floor":27.0,"turns":7.0},{"damage":2.0,"enemies":"Chosen and Byrds","floor":28.0,"turns":5.0},{"damage":0.0,"enemies":"Snecko","floor":31.0,"turns":6.0},{"damage":18.0,"enemies":"Automaton","floor":33.0,"turns":10.0},{"damage":0.0,"enemies":"3 Shapes","floor":35.0,"turns":8.0},{"damage":21,"enemies":"3 Darklings","floor":37,"turns":5},{"damage":0,"enemies":"Transient","floor":38,"turns":6},{"damage":15,"enemies":"2 Orb Walkers","floor":44,"turns":5},{"damage":37,"enemies":"Nemesis","floor":45,"turns":2}],"seed_played":"5010527126385425524","potions_obtained":[{"floor":2.0,"key":"Block Potion"},{"floor":5.0,"key":"SkillPotion"},{"floor":14.0,"key":"Ancient Potion"},{"floor":27.0,"key":"Regen Potion"},{"floor":28.0,"key":"BlessingOfTheForge"},{"floor":31.0,"key":"CultistPotion"},{"floor":37,"key":"LiquidMemories"},{"floor":44,"key":"DistilledChaos"}],"is_trial":false,"path_per_floor":["M","M","M","?","M","E","R","E","T","?","?","R","E","M","R","B",null,"M","?","?","M","M","R","?","R","T","E","M","$","?","M","R","B",null,"M","?","M","M","$","R","$","R","T","?","E"],"character_chosen":"DEFECT","items_purchased":["Orichalcum","ClockworkSouvenir","Pear","Chill","Self Repair"],"campfire_rested":2,"item_purchase_floors":[29,29,39,39,39],"current_hp_per_floor":[64,64,64,64,64,42,42,39,39,39,44,44,28,28,28,7,59,56,56,56,30,9,31,31,38,38,10,22,22,22,22,22,20,34,34,34,13,13,23,23,23,23,23,18,0,0],"gold":62,"neow_bonus":"THREE_ENEMY_KILL","is_daily":false,"chose_seed":false,"campfire_upgraded":6,"win_rate":0.0,"timestamp":1610074303,"path_taken":["M","M","M","?","M","E","R","E","T","?","?","R","E","M","R","BOSS","M","?","?","?","M","R","?","R","T","E","M","$","?","M","R","BOSS","M","?","M","M","$","R","?","R","T","?","E"],"items_purchased_type":["Relic","Relic","Relic","Card","Card"],"build_version":"2020-12-22","purchased_purges":1,"victory":false,"max_hp_per_floor":[71,71,71,71,71,71,71,71,71,71,76,76,76,76,76,76,76,76,76,76,76,76,76,38,38,38,38,38,38,38,38,38,38,38,38,38,38,38,48,48,48,48,48,48,48,48],"card_choices":[{"not_picked":["Steam","Double Energy"],"picked":"Barrage","floor":1.0},{"not_picked":["Gash","Leap"],"picked":"Glacier","floor":2.0},{"not_picked":["Rebound","Leap"],"picked":"Cold Snap","floor":3.0},{"not_picked":["Melter","Sweeping Beam"],"picked":"Electrodynamics","floor":5.0},{"not_picked":["Reinforced Body","Redo"],"picked":"Barrage","floor":6.0},{"not_picked":["Go for the Eyes","Steam"],"picked":"FTL","floor":8.0},{"not_picked":["Hologram","Undo"],"picked":"Genetic Algorithm","floor":13.0},{"not_picked":["Steam","Rebound"],"picked":"Turbo","floor":14.0},{"not_picked":["Seek","Hyperbeam"],"picked":"Creative AI","floor":16.0},{"not_picked":["Stack+1","Auto Shields"],"picked":"Cold Snap","floor":18.0},{"not_picked":["Gash+1","Genetic Algorithm"],"picked":"Rip and Tear","floor":21.0},{"not_picked":["Gash","Aggregate"],"picked":"Tempest","floor":22.0},{"not_picked":["Go for the Eyes+1","Cold Snap"],"picked":"Heatsinks","floor":27.0},{"not_picked":["Hologram","Go for the Eyes"],"picked":"Coolheaded","floor":28.0},{"not_picked":["Redo","Cold Snap","Hologram"],"picked":"SKIP","floor":31.0},{"not_picked":["Electrodynamics","Machine Learning"],"picked":"Reboot","floor":33.0},{"not_picked":["Redo","Capacitor+1"],"picked":"Coolheaded","floor":35.0},{"not_picked":["Stack","Rip and Tear"],"picked":"Loop+1","floor":37},{"not_picked":["Redo","Aggregate","Reinforced Body"],"picked":"SKIP","floor":38}],"player_experience":1630740,"relics_obtained":[{"floor":6.0,"key":"Ginger"},{"floor":8.0,"key":"Pantograph"},{"floor":13.0,"key":"War Paint"},{"floor":26.0,"key":"Whetstone"},{"floor":27.0,"key":"Matryoshka"},{"floor":43,"key":"Letter Opener"},{"floor":43,"key":"Mercury Hourglass"},{"floor":44,"key":"Ice Cream"}],"event_choices":[{"damage_healed":0.0,"max_hp_gain":0.0,"max_hp_loss":0.0,"gold_gain":0.0,"event_name":"Living Wall","player_choice":"Grow","floor":4.0,"gold_loss":0.0,"damage_taken":0.0,"cards_upgraded":["Barrage"]},{"cards_removed":["Strike_B"],"damage_healed":0.0,"max_hp_gain":0.0,"max_hp_loss":0.0,"gold_gain":0.0,"event_name":"The Cleric","player_choice":"Card Removal","floor":10.0,"gold_loss":75.0,"damage_taken":0.0},{"damage_healed":0.0,"max_hp_gain":5.0,"max_hp_loss":0.0,"gold_gain":0.0,"event_name":"Big Fish","player_choice":"Donut","floor":11.0,"gold_loss":0.0,"damage_taken":0.0},{"damage_healed":0.0,"max_hp_gain":0.0,"max_hp_loss":0.0,"gold_gain":0.0,"event_name":"Addict","player_choice":"Obtained Relic","floor":19.0,"gold_loss":85.0,"damage_taken":0.0,"relics_obtained":["Lantern"]},{"damage_healed":0.0,"max_hp_gain":0.0,"max_hp_loss":0.0,"gold_gain":0.0,"event_name":"Duplicator","player_choice":"Copied","floor":20.0,"gold_loss":0.0,"damage_taken":0.0,"cards_obtained":["Glacier"]},{"damage_healed":0.0,"max_hp_gain":0.0,"max_hp_loss":38.0,"gold_gain":0.0,"event_name":"Ghosts","player_choice":"Became a Ghost","floor":24.0,"gold_loss":0.0,"damage_taken":0.0,"cards_obtained":["Ghostly","Ghostly","Ghostly"]},{"damage_healed":0.0,"max_hp_gain":0.0,"max_hp_loss":0.0,"gold_gain":0.0,"cards_transformed":["Strike_B","Strike_B"],"event_name":"Drug Dealer","player_choice":"Became Test Subject","floor":30.0,"gold_loss":0.0,"damage_taken":0.0,"cards_obtained":["Rip and Tear","Auto Shields"]},{"damage_healed":0.0,"max_hp_gain":0.0,"max_hp_loss":0.0,"gold_gain":300.0,"event_name":"Wheel of Change","player_choice":"Gold","floor":36.0,"gold_loss":0.0,"damage_taken":0.0},{"damage_healed":0,"gold_gain":0,"player_choice":"Fight","damage_taken":0,"max_hp_gain":0,"max_hp_loss":0,"event_name":"Mysterious Sphere","floor":44,"gold_loss":0}],"is_beta":false,"boss_relics":[{"not_picked":["Runic Dome","Busted Crown"],"picked":"Inserter"},{"not_picked":["SlaversCollar","Black Star"],"picked":"Pandora\u0027s Box"}],"items_purged_floors":[39],"is_endless":false,"potions_floor_spawned":[2,5,6,14,27,28,31,37,44],"killed_by":"Nemesis","ascension_level":20}}