{"host":"78zdngn0u28jm0pp","time":1610141354,"event":{"mods":["BaseMod","Jorbs\u0027s Wanderer Trilogy","Minty Spire (QoL Compilation)","Permanent Neow","Quick Restart","Relic Stats","StSLib","Unceasing Turn Reminder"],"gold_per_floor":[112,24,24,24,24,58,58,76,152,175,100,100,119,153,153,249,249,263,263,282,7,28,28,28,59,59,109,109,109,128,148,148,238,238,258,258,148,162,6,6,6,6],"floor_reached":41,"playtime":1367,"items_purged":["Grand Finale"],"score":934,"play_id":"c4be0549-5526-47da-9cf8-e1736807822a","local_time":"20210108142914","is_ascension_mode":true,"campfire_choices":[{"data":"Neutralize","floor":7.0,"key":"SMITH"},{"data":"Crippling Poison","floor":12.0,"key":"SMITH"},{"data":"Leg Sweep","floor":15.0,"key":"SMITH"},{"data":"Noxious Fumes","floor":24.0,"key":"SMITH"},{"data":"Corpse Explosion","floor":29.0,"key":"SMITH"},{"floor":32.0,"key":"RECALL"},{"data":"Catalyst","floor":40.0,"key":"SMITH"}],"circlet_count":0,"master_deck":["AscendersBane","Strike_G","Strike_G","Strike_G","Defend_G","Defend_G","Defend_G+1","Defend_G","Defend_G","Survivor","Neutralize+1","Dagger Spray","Footwork","Poisoned Stab","Leg Sweep+1","Crippling Poison+1","Dagger Throw","Terror","Corpse Explosion+1","Backflip+1","Noxious Fumes+1","Bane","PiercingWail","Adrenaline","Dash","Malaise","Catalyst+1","Blur"],"relics":["Ring of the Snake","NeowsBlessing","Golden Idol","Dream Catcher","Juzu Bracelet","Eternal Feather","Bronze Scales","Coffee Dripper","Question Card","Centennial Puzzle","Bottled Flame","Tough Bandages","Velvet Choker"],"acts_visited":["Exordium","TheCity","TheBeyond"],"potions_floor_usage":[],"damage_taken":[{"damage":0.0,"enemies":"2 Louse","floor":1.0,"turns":1.0},{"damage":0.0,"enemies":"Lagavulin","floor":6.0,"turns":2.0},{"damage":2.0,"enemies":"Small Slimes","floor":8.0,"turns":2.0},{"damage":2.0,"enemies":"Jaw Worm","floor":10.0,"turns":4.0},{"damage":10.0,"enemies":"3 Louse","floor":13.0,"turns":2.0},{"damage":35.0,"enemies":"Gremlin Nob","floor":14.0,"turns":5.0},{"damage":7.0,"enemies":"Hexaghost","floor":16.0,"turns":10.0},{"damage":11.0,"enemies":"Spheric Guardian","floor":18.0,"turns":5.0},{"damage":0.0,"enemies":"3 Byrds","floor":20.0,"turns":2.0},{"damage":20.0,"enemies":"Centurion and Healer","floor":22.0,"turns":5.0},{"damage":10.0,"enemies":"Gremlin Leader","floor":25.0,"turns":7.0},{"damage":0.0,"enemies":"3 Cultists","floor":30.0,"turns":2.0},{"damage":4.0,"enemies":"Cultist and Chosen","floor":31.0,"turns":4.0},{"damage":40.0,"enemies":"Champ","floor":33.0,"turns":12.0},{"damage":0.0,"enemies":"3 Darklings","floor":35.0,"turns":3.0},{"damage":5.0,"enemies":"Orb Walker","floor":38.0,"turns":4.0},{"damage":0,"enemies":"Reptomancer","floor":41,"turns":1}],"seed_played":"8057858922206945680","potions_obtained":[{"floor":6.0,"key":"GamblersBrew"},{"floor":13.0,"key":"Fruit Juice"},{"floor":16.0,"key":"GamblersBrew"},{"floor":22.0,"key":"PowerPotion"},{"floor":25.0,"key":"EntropicBrew"},{"floor":36.0,"key":"LiquidMemories"},{"floor":36.0,"key":"FearPotion"},{"floor":38.0,"key":"Poison Potion"}],"is_trial":false,"path_per_floor":["M","$","?","?","?","E","R","M","T","M","?","R","M","E","R","B",null,"M","?","M","$","M","?","R","E","T","?","?","R","M","M","R","B",null,"M","?","?","M","$","R","E"],"character_chosen":"THE_SILENT","items_purchased":["Footwork","Question Card","Blur"],"campfire_rested":0,"item_purchase_floors":[2,21,39],"current_hp_per_floor":[59,59,59,59,48,48,48,46,46,44,44,53,48,13,22,15,53,42,42,42,42,22,22,37,27,27,27,27,42,42,38,53,13,52,52,52,52,47,47,62,62,62],"gold":6,"neow_bonus":"THREE_ENEMY_KILL","is_daily":false,"chose_seed":false,"campfire_upgraded":6,"win_rate":0.0,"timestamp":1610141354,"path_taken":["M","$","?","?","?","E","R","M","T","M","?","R","M","E","R","BOSS","M","?","M","$","M","?","R","E","T","?","?","R","M","M","R","BOSS","M","?","?","M","?","R","E"],"items_purchased_type":["Card","Relic","Card"],"build_version":"2020-12-22","purchased_purges":1,"victory":false,"max_hp_per_floor":[66,66,60,60,60,60,60,60,60,60,60,60,65,65,65,65,65,65,65,65,65,65,65,65,65,65,65,65,65,65,65,65,65,65,65,65,65,65,65,65,65,65],"relic_stats":{"Dream Catcher":0,"Centennial Puzzle":[12],"Tough Bandages":[36],"counters":[16,70],"Golden Idol":96,"Bronze Scales":[132],"Eternal Feather":78,"Juzu Bracelet":2,"Question Card":7,"obtain_stats":[{"NeowsBlessing":0,"Golden Idol":3,"Velvet Choker":34,"Eternal Feather":9,"Juzu Bracelet":6,"Question Card":21,"Dream Catcher":5,"Centennial Puzzle":23,"Bottled Flame":25,"Tough Bandages":26,"Bronze Scales":14,"Coffee Dripper":17,"Ring of the Snake":0},{"NeowsBlessing":0,"Golden Idol":1,"Velvet Choker":14,"Eternal Feather":3,"Juzu Bracelet":2,"Question Card":9,"Dream Catcher":1,"Centennial Puzzle":10,"Bottled Flame":11,"Tough Bandages":11,"Bronze Scales":6,"Coffee Dripper":7,"Ring of the Snake":0},{"NeowsBlessing":0,"Golden Idol":1,"Velvet Choker":63,"Eternal Feather":5,"Juzu Bracelet":3,"Question Card":33,"Dream Catcher":1,"Centennial Puzzle":38,"Bottled Flame":45,"Tough Bandages":45,"Bronze Scales":16,"Coffee Dripper":26,"Ring of the Snake":0}],"Ring of the Snake":[32]},"card_choices":[{"not_picked":["Underhanded Strike","Predator"],"picked":"Dagger Spray","floor":1.0},{"not_picked":["Backflip","Dodge and Roll"],"picked":"Poisoned Stab","floor":6.0},{"not_picked":["Poisoned Stab","Backflip"],"picked":"Leg Sweep","floor":8.0},{"not_picked":["Eviscerate","Endless Agony"],"picked":"Crippling Poison","floor":10.0},{"not_picked":["Sucker Punch","Acrobatics"],"picked":"Dagger Throw","floor":13.0},{"not_picked":["Dodge and Roll","Dagger Throw"],"picked":"Terror","floor":14.0},{"not_picked":["Venomology","Phantasmal Killer"],"picked":"Corpse Explosion","floor":16.0},{"not_picked":["Predator","Prepared+1"],"picked":"Backflip+1","floor":18.0},{"not_picked":["Slice","Outmaneuver"],"picked":"Bane","floor":20.0},{"not_picked":["Dodge and Roll","Dagger Spray","Bane"],"picked":"PiercingWail","floor":22.0},{"not_picked":["Poisoned Stab","Flying Knee+1","Bane","Quick Slash"],"picked":"SKIP","floor":25.0},{"not_picked":["Cloak And Dagger","Acrobatics","Prepared"],"picked":"Adrenaline","floor":30.0},{"not_picked":["Outmaneuver","Finisher","Distraction"],"picked":"Dash","floor":31.0},{"not_picked":["Unload","Night Terror","Wraith Form v2"],"picked":"Malaise","floor":33.0},{"not_picked":["Underhanded Strike","Noxious Fumes","Endless Agony","Flechettes"],"picked":"SKIP","floor":35.0},{"not_picked":["Bane","Leg Sweep","Backflip+1"],"picked":"Catalyst","floor":38.0}],"player_experience":766133,"relics_obtained":[{"floor":6.0,"key":"Juzu Bracelet"},{"floor":9.0,"key":"Eternal Feather"},{"floor":14.0,"key":"Bronze Scales"},{"floor":25.0,"key":"Bottled Flame"},{"floor":26.0,"key":"Tough Bandages"}],"event_choices":[{"damage_healed":0.0,"max_hp_gain":0.0,"max_hp_loss":6.0,"gold_gain":0.0,"event_name":"Golden Idol","player_choice":"Lose Max HP","floor":3.0,"gold_loss":0.0,"damage_taken":0.0,"relics_obtained":["Golden Idol"]},{"damage_healed":0.0,"max_hp_gain":0.0,"max_hp_loss":0.0,"gold_gain":0.0,"cards_transformed":["Strike_G"],"event_name":"Living Wall","player_choice":"Change","floor":4.0,"gold_loss":0.0,"damage_taken":0.0,"cards_obtained":["Grand Finale"]},{"damage_healed":0.0,"max_hp_gain":0.0,"max_hp_loss":0.0,"gold_gain":0.0,"event_name":"Scrap Ooze","player_choice":"Success","floor":5.0,"gold_loss":0.0,"damage_taken":11.0,"relics_obtained":["Dream Catcher"]},{"cards_removed":["Strike_G"],"damage_healed":0.0,"max_hp_gain":0.0,"max_hp_loss":0.0,"gold_gain":0.0,"event_name":"The Cleric","player_choice":"Card Removal","floor":11.0,"gold_loss":75.0,"damage_taken":0.0},{"damage_healed":0.0,"max_hp_gain":0.0,"max_hp_loss":0.0,"gold_gain":0.0,"event_name":"The Library","player_choice":"Read","floor":19.0,"gold_loss":0.0,"damage_taken":0.0,"cards_obtained":["Noxious Fumes"]},{"damage_healed":0.0,"max_hp_gain":0.0,"max_hp_loss":0.0,"gold_gain":0.0,"event_name":"The Mausoleum","player_choice":"Opened","floor":23.0,"gold_loss":0.0,"damage_taken":0.0,"relics_obtained":["Centennial Puzzle"],"cards_obtained":["Writhe"]},{"damage_healed":0.0,"max_hp_gain":0.0,"max_hp_loss":0.0,"gold_gain":50.0,"event_name":"Nest","player_choice":"Stole From Cult","floor":27.0,"gold_loss":0.0,"damage_taken":0.0},{"damage_healed":0.0,"max_hp_gain":0.0,"max_hp_loss":0.0,"gold_gain":0.0,"event_name":"Ghosts","player_choice":"Ignored","floor":28.0,"gold_loss":0.0,"damage_taken":0.0},{"damage_healed":0.0,"max_hp_gain":0.0,"max_hp_loss":0.0,"gold_gain":0.0,"event_name":"Lab","player_choice":"Got Potions","floor":36.0,"gold_loss":0.0,"damage_taken":0.0},{"cards_removed":["Writhe"],"damage_healed":0.0,"max_hp_gain":0.0,"max_hp_loss":0.0,"gold_gain":0.0,"event_name":"Designer","player_choice":"Upgrade and Remove","floor":37.0,"gold_loss":110.0,"damage_taken":0.0,"cards_upgraded":["Defend_G"]}],"is_beta":false,"boss_relics":[{"not_picked":["WristBlade","Snecko Eye"],"picked":"Coffee Dripper"},{"not_picked":["Pandora\u0027s Box","Black Star"],"picked":"Velvet Choker"}],"items_purged_floors":[39],"is_endless":false,"potions_floor_spawned":[6,13,16,22,25,38],"killed_by":"Reptomancer","ascension_level":20}}