{"host":"qfskrnw3pl1q86j0","time":1610126957,"event":{"mods":["BaseMod","Block Reminder","Hermit","Marisa????????","Minty Spire (QoL Compilation)","Quick Restart","Random Character Button","Relic Stats","StSLib","The Poker Player","slay the spire mod where everything is the same but ironclad has a cowboy hat"],"gold_per_floor":[18,18,34,44,44,44,58,58,58,13,13,23,34,368,368,471,471,484,484,399,399,419,419,98,98,98,114,114,128,17,28,28,127,127,144,162,62,74,86,86,106,123,149,24,35,35,35,90,90,90],"floor_reached":51,"playtime":1629,"items_purged":["Strike_B","Strike_B","Strike_B"],"score":651,"play_id":"f838da4f-722a-4dfd-b351-be4dfd12074e","local_time":"20210108182917","is_ascension_mode":false,"campfire_choices":[{"data":"Zap","floor":6.0,"key":"SMITH"},{"data":"Dualcast","floor":8.0,"key":"SMITH"},{"data":"Beam Cell","floor":11.0,"key":"SMITH"},{"data":"Electrodynamics","floor":15.0,"key":"SMITH"},{"data":"Defragment","floor":23.0,"key":"SMITH"},{"data":"Electrodynamics","floor":25.0,"key":"SMITH"},{"data":"Barrage","floor":32.0,"key":"SMITH"},{"data":"Thunder Strike","floor":40,"key":"SMITH"},{"data":"Glacier","floor":46,"key":"SMITH"},{"data":"Static Discharge","floor":49,"key":"SMITH"}],"circlet_count":0,"master_deck":["Strike_B","Defend_B","Defend_B","Defend_B","Defend_B","Zap+1","Dualcast+1","Coolheaded","Beam Cell+1","Ball Lightning","Sweeping Beam","Ball Lightning","Electrodynamics+1","Auto Shields","Electrodynamics+1","Defragment+1","Leap+1","Barrage+1","Defragment+1","Glacier+1","Static Discharge+1","Core Surge","Thunder Strike+1","Steam+1","Tempest"],"relics":["Cracked Core","Incense Burner","Pocketwatch","Old Coin","Inserter","Question Card","Eternal Feather","Bottled Lightning","Snecko Eye","Vajra","CatCart"],"acts_visited":["Exordium","TheCity","TheBeyond"],"potions_floor_usage":[50,50,50],"damage_taken":[{"damage":0.0,"enemies":"Small Slimes","floor":1.0,"turns":3.0},{"damage":0.0,"enemies":"Cultist","floor":3.0,"turns":3.0},{"damage":1.0,"enemies":"Jaw Worm","floor":4.0,"turns":4.0},{"damage":7.0,"enemies":"Blue Slaver","floor":7.0,"turns":3.0},{"damage":1.0,"enemies":"2 Fungi Beasts","floor":12.0,"turns":2.0},{"damage":10.0,"enemies":"Lots of Slimes","floor":13.0,"turns":2.0},{"damage":4.0,"enemies":"3 Sentries","floor":14.0,"turns":3.0},{"damage":17.0,"enemies":"The Guardian","floor":16.0,"turns":9.0},{"damage":0.0,"enemies":"Chosen","floor":18.0,"turns":3.0},{"damage":5.0,"enemies":"3 Byrds","floor":22.0,"turns":2.0},{"damage":0.0,"enemies":"Snake Plant","floor":27.0,"turns":3.0},{"damage":3.0,"enemies":"Centurion and Healer","floor":29.0,"turns":4.0},{"damage":2.0,"enemies":"Chosen and Byrds","floor":31.0,"turns":3.0},{"damage":4.0,"enemies":"Collector","floor":33.0,"turns":7.0},{"damage":0.0,"enemies":"Orb Walker","floor":35.0,"turns":2.0},{"damage":0,"enemies":"3 Shapes","floor":36,"turns":4},{"damage":0,"enemies":"Jaw Worm Horde","floor":38,"turns":2},{"damage":12,"enemies":"Spire Growth","floor":39,"turns":4},{"damage":12,"enemies":"3 Darklings","floor":41,"turns":5},{"damage":0,"enemies":"Maw","floor":42,"turns":5},{"damage":0,"enemies":"Transient","floor":45,"turns":5},{"damage":0,"enemies":"Orin","floor":48,"turns":7},{"damage":43,"enemies":"Awakened One","floor":50,"turns":8}],"seed_played":"7125800686358802716","potions_obtained":[{"floor":2.0,"key":"Explosive Potion"},{"floor":2.0,"key":"FocusPotion"},{"floor":2.0,"key":"LiquidMemories"},{"floor":14.0,"key":"PowerPotion"},{"floor":16.0,"key":"PotionOfCapacity"},{"floor":35.0,"key":"DuplicationPotion"}],"is_trial":false,"path_per_floor":["M","?","M","M","?","R","M","R","T","$","R","M","M","E","R","B",null,"M","?","?","?","M","R","$","R","T","M","?","M","$","M","R","B",null,"M","M","$","M","M","R","M","M","T","$","M","R","$","?","R","B",null],"character_chosen":"DEFECT","items_purchased":["Ball Lightning","Eternal Feather","Glacier","Static Discharge"],"campfire_rested":0,"item_purchase_floors":[10,24,30,30],"current_hp_per_floor":[75,75,75,74,74,74,67,67,67,67,67,66,56,52,52,35,75,75,75,75,75,70,70,70,75,75,75,75,72,72,70,75,71,75,75,75,75,75,63,75,63,63,63,63,63,75,75,75,75,32],"gold":90,"neow_bonus":"ONE_RARE_RELIC","is_daily":false,"chose_seed":false,"campfire_upgraded":10,"win_rate":0.0,"timestamp":1610126957,"path_taken":["M","?","M","?","?","R","M","R","T","$","R","M","M","E","R","BOSS","M","?","?","?","M","R","$","R","T","M","?","M","$","M","R","BOSS","M","?","$","M","M","R","M","M","T","?","M","R","$","?","R","BOSS"],"items_purchased_type":["Card","Relic","Card","Card"],"build_version":"2020-12-22","purchased_purges":3,"victory":true,"max_hp_per_floor":[75,75,75,75,75,75,75,75,75,75,75,75,75,75,75,75,75,75,75,75,75,75,75,75,75,75,75,75,75,75,75,75,75,75,75,75,75,75,75,75,75,75,75,75,75,75,75,75,75,75],"relic_stats":{"Inserter":[32],"counters":[23,93],"Snecko Eye":[86,74,89,82],"Eternal Feather":34,"Question Card":13,"obtain_stats":[{"Inserter":17,"Snecko Eye":34,"Vajra":43,"Eternal Feather":24,"Incense Burner":0,"Bottled Lightning":26,"CatCart":48,"Cracked Core":0,"Question Card":20,"Pocketwatch":9,"Old Coin":14},{"Inserter":8,"Snecko Eye":14,"Vajra":20,"Eternal Feather":10,"Incense Burner":0,"Bottled Lightning":10,"CatCart":22,"Cracked Core":0,"Question Card":9,"Pocketwatch":4,"Old Coin":7},{"Inserter":29,"Snecko Eye":51,"Vajra":73,"Eternal Feather":34,"Incense Burner":0,"Bottled Lightning":34,"CatCart":85,"Cracked Core":0,"Question Card":32,"Pocketwatch":13,"Old Coin":20}],"Pocketwatch":[81]},"card_choices":[{"not_picked":["Barrage","Heatsinks"],"picked":"Coolheaded","floor":1.0},{"not_picked":["Compile Driver","Barrage"],"picked":"Beam Cell","floor":3.0},{"not_picked":["Rebound","Loop"],"picked":"Ball Lightning","floor":4.0},{"not_picked":["Steam","Self Repair"],"picked":"Sweeping Beam","floor":7.0},{"not_picked":["Conserve Battery","Barrage"],"picked":"Electrodynamics","floor":12.0},{"not_picked":["Steam","Rebound","Hologram"],"picked":"SKIP","floor":13.0},{"not_picked":["Go for the Eyes","Gash"],"picked":"Auto Shields","floor":14.0},{"not_picked":["Rainbow","Echo Form"],"picked":"Electrodynamics","floor":16.0},{"not_picked":["Rebound","Gash+1","Stack"],"picked":"SKIP","floor":18.0},{"not_picked":["Recycle","Conserve Battery","Redo"],"picked":"Leap+1","floor":22.0},{"not_picked":["Rip and Tear","Streamline","Leap"],"picked":"Barrage","floor":27.0},{"not_picked":["Go for the Eyes","Genetic Algorithm","Recycle","Sweeping Beam"],"picked":"SKIP","floor":29.0},{"not_picked":["Sunder","Coolheaded+1","Rebound+1"],"picked":"Core Surge","floor":31.0},{"not_picked":["Biased Cognition","Machine Learning","Meteor Strike"],"picked":"Thunder Strike","floor":33.0},{"not_picked":["Go for the Eyes+1","Leap","Barrage+1","Redo+1"],"picked":"SKIP","floor":35.0},{"not_picked":["Go for the Eyes","Storm+1","Recycle+1"],"picked":"Steam+1","floor":36},{"not_picked":["Ball Lightning+1","Rebound+1","Turbo+1"],"picked":"Tempest","floor":38},{"not_picked":["Beam Cell","Steam Power+1","Stack","Static Discharge"],"picked":"SKIP","floor":39},{"not_picked":["Biased Cognition","Double Energy+1","Conserve Battery","Compile Driver"],"picked":"SKIP","floor":41},{"not_picked":["Beam Cell+1","Go for the Eyes","Compile Driver+1","Leap"],"picked":"SKIP","floor":42},{"not_picked":["Conserve Battery","Rip and Tear","Ball Lightning","Turbo"],"picked":"SKIP","floor":45}],"player_experience":936013,"relics_obtained":[{"floor":9.0,"key":"Pocketwatch"},{"floor":14.0,"key":"Old Coin"},{"floor":26.0,"key":"Bottled Lightning"},{"floor":43,"key":"Vajra"},{"floor":48,"key":"CatCart"}],"event_choices":[{"damage_healed":0.0,"max_hp_gain":0.0,"max_hp_loss":0.0,"gold_gain":0.0,"event_name":"Lab","player_choice":"Got Potions","floor":2.0,"gold_loss":0.0,"damage_taken":0.0},{"damage_healed":0.0,"max_hp_gain":0.0,"max_hp_loss":0.0,"gold_gain":0.0,"event_name":"Liars Game","player_choice":"Ignored","floor":5.0,"gold_loss":0.0,"damage_taken":0.0},{"damage_healed":0.0,"max_hp_gain":0.0,"max_hp_loss":0.0,"gold_gain":0.0,"event_name":"The Library","player_choice":"Read","floor":19.0,"gold_loss":0.0,"damage_taken":0.0,"cards_obtained":["Defragment"]},{"damage_healed":0.0,"max_hp_gain":0.0,"max_hp_loss":0.0,"gold_gain":0.0,"event_name":"Addict","player_choice":"Obtained Relic","floor":20.0,"gold_loss":85.0,"damage_taken":0.0,"relics_obtained":["Question Card"]},{"damage_healed":0.0,"max_hp_gain":0.0,"max_hp_loss":0.0,"gold_gain":0.0,"event_name":"Vampires","player_choice":"Ignored","floor":21.0,"gold_loss":0.0,"damage_taken":0.0},{"damage_healed":0.0,"max_hp_gain":0.0,"max_hp_loss":0.0,"gold_gain":0.0,"event_name":"Duplicator","player_choice":"Copied","floor":28.0,"gold_loss":0.0,"damage_taken":0.0,"cards_obtained":["Defragment"]},{"damage_healed":0,"gold_gain":0,"player_choice":"Fight","damage_taken":0,"max_hp_gain":0,"max_hp_loss":0,"event_name":"OrinTheCat","floor":48,"gold_loss":0}],"is_beta":false,"boss_relics":[{"not_picked":["Calling Bell","Tiny House"],"picked":"Inserter"},{"not_picked":["Nuclear Battery","Empty Cage"],"picked":"Snecko Eye"}],"items_purged_floors":[24,37,44],"is_endless":false,"potions_floor_spawned":[7,13,14,16,18,22,27,35,38],"ascension_level":0}}