{"host":"muk55vj08rsk4wus","time":1610145745,"event":{"mods":["BaseMod","Minty Spire (QoL Compilation)","StSLib"],"gold_per_floor":[144,189,234,69,69,69,114,159,184,343,388,388,478,523,523,823,823,877,931,985,935,989,1079,1079,1133,1158,1158,1212,1266,457,766,766,1075,1234,1288,1351,563,713,776,776,866,866,866,929,983,983,1046,1100,1100,1100],"floor_reached":51,"playtime":3484,"items_purged":["Armaments"],"score":857,"play_id":"b1becc3d-8a39-4731-ac2e-d84dd20efe6b","local_time":"20210108174225","daily_mods":["Draft","Uncertain Future","Midas"],"is_ascension_mode":false,"campfire_choices":[{"floor":12,"key":"REST"},{"floor":15,"key":"REST"},{"floor":24,"key":"REST"},{"floor":27,"key":"REST"},{"floor":32,"key":"REST"},{"floor":40,"key":"REST"},{"floor":46,"key":"REST"},{"floor":49,"key":"REST"}],"circlet_count":0,"master_deck":["Metallicize","Anger","Clothesline","Anger","Pommel Strike","Flex","Armaments+1","Cleave+1","Dual Wield","Wild Strike","Metallicize","Shrug It Off","Seeing Red","Cleave","Thunderclap","Flex","Flame Barrier","Dramatic Entrance","Metallicize","Pommel Strike","Pommel Strike","Intimidate","Rage","Metallicize","Immolate","CurseOfTheBell","Inflame+1","Twin Strike+1","Rampage+1","Twin Strike+1","Twin Strike+1","Iron Wave+1","Perfected Strike+1","Metallicize","Heavy Blade+1","Wild Strike+1","Impervious","Perfected Strike+1","Heavy Blade+1","Demon Form","Iron Wave+1","Apotheosis","Panacea","Uppercut+1","Headbutt+1","Parasite","Perfected Strike+1","Headbutt+1","Anger+1","Feed+1","Reckless Charge+1"],"relics":["Burning Blood","Boot","Meat on the Bone","Gremlin Horn","Calling Bell","CeramicFish","Molten Egg 2","Torii","White Beast Statue","Bag of Preparation","Vajra","Prayer Wheel","DollysMirror","StoneCalendar","Self Forming Clay","Tiny House","Oddly Smooth Stone","Frozen Eye","Regal Pillow","Turnip","Peace Pipe","Blue Candle"],"acts_visited":["Exordium","TheCity","TheBeyond"],"potions_floor_usage":[16,16,18,23,28,30,31,33,35,41,41,42,44,50,50,50],"damage_taken":[{"damage":0,"enemies":"2 Louse","floor":1,"turns":2},{"damage":4,"enemies":"Small Slimes","floor":2,"turns":3},{"damage":0,"enemies":"Jaw Worm","floor":3,"turns":3},{"damage":3,"enemies":"Gremlin Gang","floor":7,"turns":2},{"damage":6,"enemies":"2 Fungi Beasts","floor":8,"turns":3},{"damage":9,"enemies":"Lagavulin Event","floor":10,"turns":7},{"damage":0,"enemies":"3 Louse","floor":11,"turns":1},{"damage":12,"enemies":"Gremlin Nob","floor":13,"turns":5},{"damage":0,"enemies":"Blue Slaver","floor":14,"turns":4},{"damage":14,"enemies":"Hexaghost","floor":16,"turns":9},{"damage":8,"enemies":"Chosen","floor":18,"turns":7},{"damage":2,"enemies":"Shell Parasite","floor":19,"turns":7},{"damage":13,"enemies":"Sentry and Sphere","floor":20,"turns":7},{"damage":2,"enemies":"Shelled Parasite and Fungi","floor":22,"turns":8},{"damage":31,"enemies":"Book of Stabbing","floor":23,"turns":7},{"damage":15,"enemies":"Centurion and Healer","floor":25,"turns":8},{"damage":7,"enemies":"Snecko","floor":28,"turns":5},{"damage":9,"enemies":"Snake Plant","floor":29,"turns":3},{"damage":0,"enemies":"Colosseum Slavers","floor":31,"turns":2},{"damage":0,"enemies":"Colosseum Nobs","floor":31,"turns":5},{"damage":24,"enemies":"Collector","floor":33,"turns":8},{"damage":0,"enemies":"3 Darklings","floor":35,"turns":2},{"damage":1,"enemies":"3 Shapes","floor":36,"turns":1},{"damage":13,"enemies":"Mind Bloom Boss Battle","floor":38,"turns":7},{"damage":57,"enemies":"Transient","floor":39,"turns":5},{"damage":33,"enemies":"Giant Head","floor":41,"turns":9},{"damage":23,"enemies":"Writhing Mass","floor":44,"turns":5},{"damage":31,"enemies":"4 Shapes","floor":45,"turns":4},{"damage":22,"enemies":"Jaw Worm Horde","floor":47,"turns":4},{"damage":32,"enemies":"Maw","floor":48,"turns":8},{"damage":84,"enemies":"Awakened One","floor":50,"turns":12}],"seed_played":"-6062085814737979882","potions_obtained":[{"floor":1,"key":"Weak Potion"},{"floor":8,"key":"GamblersBrew"},{"floor":10,"key":"SteroidPotion"},{"floor":13,"key":"ColorlessPotion"},{"floor":16,"key":"AttackPotion"},{"floor":18,"key":"SneckoOil"},{"floor":25,"key":"DistilledChaos"},{"floor":28,"key":"DuplicationPotion"},{"floor":29,"key":"DuplicationPotion"},{"floor":31,"key":"Weak Potion"},{"floor":33,"key":"DistilledChaos"},{"floor":34,"key":"EssenceOfSteel"},{"floor":35,"key":"GamblersBrew"},{"floor":38,"key":"HeartOfIron"},{"floor":41,"key":"Block Potion"},{"floor":42,"key":"LiquidMemories"},{"floor":42,"key":"Fruit Juice"},{"floor":44,"key":"Explosive Potion"},{"floor":45,"key":"Dexterity Potion"},{"floor":48,"key":"HeartOfIron"}],"is_trial":false,"path_per_floor":["M","M","M","$","?","?","M","M","T","?","M","R","E","M","R","B",null,"M","M","M","?","M","E","R","M","T","R","M","M","$","?","R","B",null,"M","M","$","?","M","R","E","?","T","M","M","R","M","M","R","B",null],"character_chosen":"IRONCLAD","items_purchased":["Dramatic Entrance","Metallicize","Vajra","Prayer Wheel","DollysMirror","Heavy Blade+1","Fruit Juice","Regen Potion","Oddly Smooth Stone","Frozen Eye","Apotheosis","Regal Pillow","Panacea"],"campfire_rested":8,"item_purchase_floors":[4,4,30,30,30,30,30,30,37,37,37,37,37],"current_hp_per_floor":[80,80,80,80,80,80,80,80,80,77,80,80,74,80,80,72,80,78,80,73,73,77,52,76,67,67,80,79,76,81,85,85,67,90,90,90,90,83,44,86,59,64,64,59,46,89,73,59,95,29],"gold":1100,"neow_bonus":"","is_daily":true,"chose_seed":false,"campfire_upgraded":0,"win_rate":0.0,"timestamp":1610145745,"path_taken":["M","M","M","$","?","?","M","M","T","?","M","R","E","M","R","BOSS","M","M","M","?","M","E","R","M","T","R","?","M","$","?","R","BOSS","M","M","$","?","M","R","E","?","T","M","M","R","?","M","R","BOSS"],"items_purchased_type":["Card","Card","Relic","Relic","Relic","Card","Potion","Potion","Relic","Relic","Card","Relic","Card"],"build_version":"2020-12-22","purchased_purges":1,"victory":true,"max_hp_per_floor":[80,80,80,80,80,80,80,80,80,80,80,80,80,80,80,80,80,80,80,80,80,80,80,80,80,80,80,80,80,85,85,85,85,90,90,90,90,90,90,90,90,95,95,95,95,95,95,95,95,95],"card_choices":[{"not_picked":["Intimidate","Iron Wave"],"picked":"Metallicize","floor":0},{"not_picked":["Rampage","Sword Boomerang"],"picked":"Anger","floor":0},{"not_picked":["Havoc","Wild Strike"],"picked":"Clothesline","floor":0},{"not_picked":["Twin Strike","Clash"],"picked":"Anger","floor":0},{"not_picked":["Flame Barrier","Warcry"],"picked":"Pommel Strike","floor":0},{"not_picked":["Warcry","Disarm"],"picked":"Flex","floor":0},{"not_picked":["Fire Breathing","Cleave"],"picked":"Armaments","floor":0},{"not_picked":["Battle Trance","Rupture"],"picked":"Cleave","floor":0},{"not_picked":["Sword Boomerang","Sever Soul"],"picked":"Dual Wield","floor":0},{"not_picked":["Whirlwind","Combust"],"picked":"Wild Strike","floor":0},{"not_picked":["Flex","Reckless Charge"],"picked":"Metallicize","floor":0},{"not_picked":["Entrench","Battle Trance"],"picked":"Shrug It Off","floor":0},{"not_picked":["True Grit","Reckless Charge"],"picked":"Seeing Red","floor":0},{"not_picked":["Clash","Warcry"],"picked":"Cleave","floor":0},{"not_picked":["Disarm","Flex"],"picked":"Thunderclap","floor":0},{"not_picked":["Perfected Strike","True Grit"],"picked":"Armaments","floor":1},{"not_picked":["Hemokinesis","Ghostly Armor"],"picked":"Flex","floor":2},{"not_picked":["Clothesline","Rupture"],"picked":"Flame Barrier","floor":3},{"not_picked":["Wild Strike","Burning Pact"],"picked":"Pommel Strike","floor":7},{"not_picked":["Cleave","Bloodletting","Battle Trance"],"picked":"SKIP","floor":8},{"not_picked":["Corruption","Power Through"],"picked":"Pommel Strike","floor":10},{"not_picked":["Perfected Strike","Fire Breathing"],"picked":"Intimidate","floor":11},{"not_picked":["Infernal Blade","Metallicize"],"picked":"Rage","floor":13},{"not_picked":["Clothesline","Combust"],"picked":"Metallicize","floor":14},{"not_picked":["Fiend Fire","Corruption"],"picked":"Immolate","floor":16},{"not_picked":["Thunderclap+1","Warcry"],"picked":"Inflame+1","floor":18},{"not_picked":["Armaments","Clothesline+1"],"picked":"Twin Strike+1","floor":19},{"not_picked":["Ghostly Armor","Shrug It Off"],"picked":"Rampage+1","floor":20},{"not_picked":["Dual Wield","Body Slam+1"],"picked":"Twin Strike+1","floor":22},{"not_picked":["Evolve","Entrench+1","Brutality"],"picked":"SKIP","floor":23},{"not_picked":["Flex","Carnage+1"],"picked":"Twin Strike+1","floor":25},{"not_picked":["Warcry+1","Pommel Strike+1"],"picked":"Iron Wave+1","floor":28},{"not_picked":["Iron Wave+1","Warcry"],"picked":"Perfected Strike+1","floor":29},{"not_picked":["Flex","Iron Wave+1"],"picked":"Wild Strike+1","floor":31},{"not_picked":["Reaper+1","Immolate+1"],"picked":"Impervious","floor":33},{"not_picked":["Fire Breathing","Feel No Pain+1"],"picked":"Perfected Strike+1","floor":34},{"not_picked":["Sword Boomerang+1","Intimidate"],"picked":"Heavy Blade+1","floor":35},{"not_picked":["Sword Boomerang+1","Armaments","Body Slam+1"],"picked":"SKIP","floor":35},{"not_picked":["Entrench+1","Shockwave+1"],"picked":"Demon Form","floor":36},{"not_picked":["Rupture","Carnage+1"],"picked":"Iron Wave+1","floor":36},{"not_picked":["Sword Boomerang+1","Flame Barrier"],"picked":"Uppercut+1","floor":39},{"not_picked":["True Grit","Clothesline+1"],"picked":"Headbutt+1","floor":39},{"not_picked":["Combust+1","Pummel+1","Iron Wave+1"],"picked":"SKIP","floor":41},{"not_picked":["Wild Strike+1","Headbutt+1"],"picked":"Perfected Strike+1","floor":44},{"not_picked":["Power Through","Sentinel+1","Bludgeon+1"],"picked":"SKIP","floor":44},{"not_picked":["Hemokinesis+1","Thunderclap+1"],"picked":"Headbutt+1","floor":45},{"not_picked":["Shrug It Off","Armaments","Battle Trance"],"picked":"SKIP","floor":45},{"not_picked":["Rupture","Sword Boomerang+1"],"picked":"Anger+1","floor":47},{"not_picked":["Blood for Blood+1","Sword Boomerang+1"],"picked":"Feed+1","floor":47},{"not_picked":["Ghostly Armor","Carnage+1"],"picked":"Reckless Charge+1","floor":48},{"not_picked":["Thunderclap+1","Spot Weakness","Cleave+1"],"picked":"SKIP","floor":48}],"player_experience":123974,"relics_obtained":[{"floor":9,"key":"Boot"},{"floor":13,"key":"Gremlin Horn"},{"floor":17,"key":"CeramicFish"},{"floor":17,"key":"Molten Egg 2"},{"floor":17,"key":"Torii"},{"floor":23,"key":"White Beast Statue"},{"floor":26,"key":"Bag of Preparation"},{"floor":31,"key":"StoneCalendar"},{"floor":31,"key":"Self Forming Clay"},{"floor":38,"key":"Turnip"},{"floor":41,"key":"Peace Pipe"},{"floor":43,"key":"Blue Candle"}],"event_choices":[{"damage_healed":0,"gold_gain":0,"player_choice":"Ignored","damage_taken":0,"max_hp_gain":0,"max_hp_loss":0,"event_name":"Liars Game","floor":5,"gold_loss":0},{"damage_healed":0,"gold_gain":0,"player_choice":"Grow","damage_taken":0,"max_hp_gain":0,"max_hp_loss":0,"event_name":"Living Wall","floor":6,"gold_loss":0,"cards_upgraded":["Armaments"]},{"damage_healed":0,"gold_gain":0,"player_choice":"Searched \u00272\u0027 times","damage_taken":0,"relics_obtained":["Meat on the Bone"],"max_hp_gain":0,"max_hp_loss":0,"event_name":"Dead Adventurer","floor":10,"gold_loss":0},{"damage_healed":0,"gold_gain":0,"player_choice":"Bet on Murderer","damage_taken":0,"max_hp_gain":0,"max_hp_loss":0,"event_name":"The Joust","floor":21,"gold_loss":50},{"damage_healed":0,"gold_gain":0,"player_choice":"Fight","damage_taken":0,"max_hp_gain":0,"max_hp_loss":0,"event_name":"Colosseum","floor":31,"gold_loss":0},{"damage_healed":0,"gold_gain":0,"player_choice":"Fought Nobs","damage_taken":0,"max_hp_gain":0,"max_hp_loss":0,"event_name":"Colosseum","floor":31,"gold_loss":0},{"damage_healed":0,"gold_gain":0,"player_choice":"Fight","damage_taken":0,"max_hp_gain":0,"max_hp_loss":0,"event_name":"MindBloom","floor":38,"gold_loss":0},{"damage_healed":0,"gold_gain":0,"player_choice":"Got Potions","damage_taken":0,"max_hp_gain":0,"max_hp_loss":0,"event_name":"Lab","floor":42,"gold_loss":0}],"is_beta":false,"boss_relics":[{"not_picked":["Runic Cube","Runic Pyramid"],"picked":"Calling Bell"},{"not_picked":["Sozu","Philosopher\u0027s Stone"],"picked":"Tiny House"}],"items_purged_floors":[37],"is_endless":false,"potions_floor_spawned":[1,8,10,13,16,18,22,25,28,29,31,31,33,35,36,38,39,41,44,45,47,48],"ascension_level":0}}