{"host":"69bxgjr0sv0a6xc4","time":1610114313,"event":{"mods":["Act Like it!","BaseMod","Better Altar","Better Match","Better Note","Better Sensory Stone","Better Skull","Better Third Choice","BetterRewards","DeckTracker","Friendly Minions","Jorbs\u0027s Wanderer Trilogy","Lobotomy","LobotomyExtend","Minty Spire (QoL Compilation)","Relic Stats","Spicy Shops","StSLib","The Bladedancer","Unceasing Turn Reminder"],"gold_per_floor":[271,271,271,196,206,206,206,224,224,254,265,275,262,295,295,369,369,381,398,415,187,187,218,231,231,231,24,24,24,57,70,70,147,147,157,157,15,15,15,93,93,93],"floor_reached":41,"playtime":9444,"items_purged":["Strike_G","Clumsy"],"score":925,"play_id":"aca1e3e9-6289-4dd2-81f1-7bd85a51cba9","local_time":"20210108145833","is_ascension_mode":true,"campfire_choices":[{"data":"Apotheosis","floor":6,"key":"SMITH"},{"data":"Noxious Fumes","floor":15,"key":"SMITH"},{"floor":25,"key":"RECALL"},{"data":"Footwork","floor":28,"key":"SMITH"},{"data":"Adrenaline","floor":32,"key":"SMITH"}],"circlet_count":0,"master_deck":[],"relics":["Ring of the Snake","CogitoBucket","LetterFromLob","Eternal Feather","White Beast Statue","AspirationHeart","Ancient Tea Set","Cursed Key","LuminousBracelet","Dream Catcher","Snake Skull","Membership Card","Bloody Idol","Omamori","AtMidnight","BackwardClock","Calling Bell","Blood Vial","Darkstone Periapt","StoneCalendar","Nunchaku"],"acts_visited":["Exordium","TheCity","TheBeyond"],"potions_floor_usage":[11,13,14,14,19,19,30,30,31,33],"damage_taken":[{"damage":0,"enemies":"Jaw Worm","floor":1,"turns":7},{"damage":1,"enemies":"2 Louse","floor":5,"turns":3},{"damage":0,"enemies":"Small Slimes","floor":8,"turns":13},{"damage":7,"enemies":"Lagavulin","floor":10,"turns":5},{"damage":6,"enemies":"3 Louse","floor":11,"turns":4},{"damage":7,"enemies":"Looter","floor":12,"turns":6},{"damage":4,"enemies":"Exordium Thugs","floor":13,"turns":4},{"damage":12,"enemies":"Gremlin Nob","floor":14,"turns":3},{"damage":0,"enemies":"Hexaghost","floor":16,"turns":9},{"damage":14,"enemies":"Shell Parasite","floor":18,"turns":5},{"damage":33,"enemies":"3 Byrds","floor":19,"turns":8},{"damage":2,"enemies":"Snecko","floor":20,"turns":4},{"damage":2,"enemies":"Gremlin Leader","floor":23,"turns":5},{"damage":10,"enemies":"Centurion and Healer","floor":24,"turns":8},{"damage":7,"enemies":"Book of Stabbing","floor":30,"turns":7},{"damage":70,"enemies":"Shelled Parasite and Fungi","floor":31,"turns":17},{"damage":79,"enemies":"Collector","floor":33,"turns":8},{"damage":26,"enemies":"3 Shapes","floor":35,"turns":5},{"damage":111,"enemies":"Nemesis","floor":41,"turns":5}],"seed_played":"7155418315140775891","potions_obtained":[{"floor":8,"key":"Block Potion"},{"floor":11,"key":"Weak Potion"},{"floor":12,"key":"Poison Potion"},{"floor":13,"key":"Poison Potion"},{"floor":14,"key":"Dexterity Potion"},{"floor":16,"key":"BlessingOfTheForge"},{"floor":19,"key":"Block Potion"},{"floor":20,"key":"GhostInAJar"},{"floor":30,"key":"Block Potion"},{"floor":31,"key":"Poison Potion"},{"floor":33,"key":"Weak Potion"},{"floor":35,"key":"Strength Potion"}],"is_trial":false,"path_per_floor":["M","?","?","?","M","R","E","M","T","E","M","M","M","E","R","B",null,"M","M","M","$","?","E","M","R","T","$","R","?","E","M","R","B",null,"M","?","$","?","?","T","E"],"character_chosen":"THE_SILENT","items_purchased":["Adrenaline","Membership Card","Nunchaku","Dash"],"campfire_rested":0,"item_purchase_floors":[21,27,37,37],"current_hp_per_floor":[59,59,59,59,58,58,66,66,66,59,53,56,52,40,49,49,69,55,37,36,36,36,36,33,48,48,48,63,13,21,91,91,56,82,70,91,91,91,91,91,0,0],"gold":93,"neow_bonus":"","is_daily":false,"chose_seed":false,"campfire_upgraded":4,"win_rate":0.0,"timestamp":1610114313,"path_taken":["M","?","?","?","M","R","E","M","T","E","M","M","M","E","R","BOSS","M","M","M","$","?","E","M","R","T","$","R","?","E","M","R","BOSS","M","?","$","?","?","?","E"],"items_purchased_type":["Card","Relic","Relic","Card"],"build_version":"2020-12-22","purchased_purges":2,"victory":false,"max_hp_per_floor":[66,66,66,66,66,66,66,66,66,66,66,76,76,76,76,76,76,76,91,91,91,91,91,91,91,91,91,91,91,91,91,91,91,91,91,91,91,91,91,91,91,91],"relic_stats":{"Blood Vial":2,"Darkstone Periapt":0,"Dream Catcher":0,"Nunchaku":[0],"counters":[22,129],"Bloody Idol":15,"Eternal Feather":39,"StoneCalendar":[0],"Snake Skull":[110],"Cursed Key":2,"obtain_stats":[{"Darkstone Periapt":34,"BackwardClock":31,"AspirationHeart":12,"LuminousBracelet":19,"Eternal Feather":9,"StoneCalendar":34,"Snake Skull":26,"Omamori":30,"Ancient Tea Set":14,"Cursed Key":17,"White Beast Statue":10,"Calling Bell":34,"Blood Vial":34,"CogitoBucket":0,"Dream Catcher":23,"Nunchaku":37,"Bloody Idol":29,"AtMidnight":31,"LetterFromLob":1,"Membership Card":27,"Ring of the Snake":0},{"Darkstone Periapt":20,"BackwardClock":19,"AspirationHeart":7,"LuminousBracelet":13,"Eternal Feather":3,"StoneCalendar":20,"Snake Skull":16,"Omamori":17,"Ancient Tea Set":9,"Cursed Key":10,"White Beast Statue":4,"Calling Bell":20,"Blood Vial":20,"CogitoBucket":0,"Dream Catcher":15,"Nunchaku":21,"Bloody Idol":16,"AtMidnight":19,"LetterFromLob":1,"Membership Card":16,"Ring of the Snake":0},{"Darkstone Periapt":119,"BackwardClock":111,"AspirationHeart":39,"LuminousBracelet":69,"Eternal Feather":23,"StoneCalendar":119,"Snake Skull":86,"Omamori":93,"Ancient Tea Set":46,"Cursed Key":55,"White Beast Statue":28,"Calling Bell":119,"Blood Vial":119,"CogitoBucket":0,"Dream Catcher":78,"Nunchaku":124,"Bloody Idol":86,"AtMidnight":111,"LetterFromLob":7,"Membership Card":86,"Ring of the Snake":0}],"Ring of the Snake":[42]},"card_choices":[{"not_picked":["Skewer","Outmaneuver"],"picked":"Bouncing Flask","floor":1},{"not_picked":["Transmutation","Dark Shackles"],"picked":"Apotheosis","floor":2},{"not_picked":["Sucker Punch","Deadly Poison"],"picked":"Backstab","floor":5},{"not_picked":["A Thousand Cuts","Poisoned Stab","Outmaneuver"],"picked":"SKIP","floor":8},{"not_picked":["Accuracy","Slice"],"picked":"Noxious Fumes","floor":10},{"not_picked":["Choke","Poisoned Stab","Deadly Poison"],"picked":"SKIP","floor":11},{"not_picked":["LongBird","WallGazer"],"picked":"SpiderBud","floor":12},{"not_picked":["PiercingWail","Flechettes","Underhanded Strike"],"picked":"SKIP","floor":12},{"not_picked":["Poisoned Stab","Concentrate","Outmaneuver"],"picked":"SKIP","floor":13},{"not_picked":["Calculated Gamble","Poisoned Stab"],"picked":"Footwork","floor":14},{"not_picked":["Storm of Steel","Grand Finale"],"picked":"Tools of the Trade","floor":16},{"not_picked":["Prepared","Flying Knee"],"picked":"Catalyst","floor":18},{"not_picked":["Sucker Punch","Dagger Throw","Eviscerate"],"picked":"SKIP","floor":19},{"not_picked":["Scorched","MeatLantern"],"picked":"PunishingBird","floor":20},{"not_picked":["Cloak And Dagger","Flying Knee"],"picked":"Footwork","floor":20},{"not_picked":["Skewer","Eviscerate","Tactician"],"picked":"SKIP","floor":23},{"not_picked":["Skewer","Eviscerate"],"picked":"Tactician","floor":23},{"not_picked":["Woodsman","Scorched"],"picked":"RedShoes","floor":24},{"not_picked":["Dodge and Roll","Bane"],"picked":"Cloak And Dagger","floor":24},{"not_picked":["Outmaneuver","Concentrate","Choke"],"picked":"SKIP","floor":30},{"not_picked":["Finisher+1","Outmaneuver","Cloak And Dagger"],"picked":"SKIP","floor":31},{"not_picked":["FairyFestival","CENSORED"],"picked":"FieryBird","floor":33},{"not_picked":["Malaise","Night Terror"],"picked":"Adrenaline","floor":33},{"not_picked":["Footwork","Poisoned Stab","Slice+1"],"picked":"SKIP","floor":35}],"player_experience":890044,"relics_obtained":[{"floor":1,"key":"LetterFromLob"},{"floor":9,"key":"Eternal Feather"},{"floor":10,"key":"White Beast Statue"},{"floor":14,"key":"Ancient Tea Set"},{"floor":23,"key":"Dream Catcher"},{"floor":26,"key":"Snake Skull"},{"floor":30,"key":"Omamori"},{"floor":31,"key":"AtMidnight"},{"floor":34,"key":"Blood Vial"},{"floor":34,"key":"Darkstone Periapt"},{"floor":34,"key":"StoneCalendar"}],"event_choices":[{"damage_healed":0,"gold_gain":1,"player_choice":"1","damage_taken":0,"max_hp_gain":0,"max_hp_loss":0,"event_name":"betterStone:BetterStone","floor":2,"gold_loss":0},{"damage_healed":59,"gold_gain":0,"player_choice":"Leave","damage_taken":0,"max_hp_gain":0,"max_hp_loss":66,"event_name":"betterThird:BetterShining","floor":3,"gold_loss":0},{"cards_removed":["Strike_G"],"damage_healed":0,"gold_gain":0,"player_choice":"Card Removal","damage_taken":0,"max_hp_gain":0,"max_hp_loss":0,"event_name":"The Cleric","floor":4,"gold_loss":75},{"damage_healed":0,"gold_gain":0,"player_choice":"Read","damage_taken":0,"max_hp_gain":0,"max_hp_loss":0,"event_name":"The Library","floor":22,"gold_loss":0,"cards_obtained":["Deflect"]},{"damage_healed":0,"gold_gain":0,"player_choice":" Idol ","damage_taken":50,"relics_obtained":["Bloody Idol"],"max_hp_gain":63,"max_hp_loss":13,"event_name":"betterAltar:BetterAltar","floor":29,"potions_obtained":[],"relics_lost":[],"gold_loss":0},{"cards_removed":["Dash"],"damage_healed":0,"gold_gain":0,"player_choice":"Removed Attack","damage_taken":0,"max_hp_gain":0,"max_hp_loss":0,"event_name":"Falling","floor":38,"gold_loss":0}],"is_beta":false,"boss_relics":[{"not_picked":["Ring of the Serpent","Tiny House"],"picked":"Cursed Key"},{"not_picked":["Coffee Dripper","SlaversCollar"],"picked":"Calling Bell"}],"items_purged_floors":[21,27],"is_endless":false,"potions_floor_spawned":[8,11,12,13,14,16,18,19,20,23,24,30,31,33,35],"killed_by":"Nemesis","ascension_level":15}}