{"host":"1yemetsqamtkb9ct","time":1610110195,"event":{"mods":["AchievementEnabler","BaseMod","Colored Map","Custom Start","KOR Keyword Fix","Lobotomy","Minty Spire (QoL Compilation)","Quick Restart","Random Character Button","StSLib","SuperFastMode"],"gold_per_floor":[116,129,129,129,141,141,141,151,151,178,192,192,208,220,220,322,322,342,342,357,357,357],"floor_reached":21,"playtime":583,"items_purged":[],"score":173,"play_id":"17fef5cc-993f-4f82-8459-1d5b0bd4232e","local_time":"20210108214955","is_ascension_mode":false,"campfire_choices":[{"floor":6,"key":"REST"},{"floor":12,"key":"REST"},{"floor":15,"key":"REST"}],"circlet_count":0,"master_deck":["Strike_R","Strike_R","Strike_R","Strike_R","Strike_R","Defend_R","Defend_R+1","Defend_R+1","Defend_R+1","Bash","FieryBird","VoidDream","Shrug It Off+1","NakedNest","Rudolta","Perfected Strike","LittlePrince","OSAHOGD","Perfected Strike","WallGazer","DespairKnight","Yin","Perfected Strike","Necronomicurse","Blood for Blood"],"relics":["Burning Blood","CogitoBucket","Paper Frog","Tiny Chest","War Paint","ResearcherNote","Cursed Key","Necronomicon","Yang_Lob"],"acts_visited":["Exordium","TheCity"],"potions_floor_usage":[16,16,21],"damage_taken":[{"damage":8,"enemies":"Small Slimes","floor":1,"turns":3},{"damage":19,"enemies":"Jaw Worm","floor":2,"turns":3},{"damage":13,"enemies":"Cultist","floor":5,"turns":3},{"damage":21,"enemies":"Lots of Slimes","floor":8,"turns":7},{"damage":24,"enemies":"Large Slime","floor":11,"turns":7},{"damage":25,"enemies":"3 Louse","floor":13,"turns":4},{"damage":26,"enemies":"Blue Slaver","floor":14,"turns":4},{"damage":33,"enemies":"Slime Boss","floor":16,"turns":14},{"damage":19,"enemies":"Shell Parasite","floor":18,"turns":5},{"damage":39,"enemies":"3 Byrds","floor":20,"turns":6},{"damage":18,"enemies":"Snecko","floor":21,"turns":1}],"seed_played":"-1268218558979917097","potions_obtained":[{"floor":2,"key":"ColorlessPotion"},{"floor":8,"key":"GamblersBrew"},{"floor":13,"key":"Explosive Potion"}],"is_trial":false,"path_per_floor":["M","M","?","?","M","R","$","M","T","T","M","R","M","M","R","B",null,"M","?","M","M"],"character_chosen":"IRONCLAD","items_purchased":[],"campfire_rested":3,"item_purchase_floors":[],"current_hp_per_floor":[78,65,62,46,39,63,63,48,48,48,30,54,35,15,39,26,80,67,51,18,0,0],"gold":357,"neow_bonus":"","is_daily":false,"chose_seed":false,"campfire_upgraded":0,"win_rate":0.0,"timestamp":1610110195,"path_taken":["M","M","?","?","M","R","$","M","T","?","?","R","M","M","R","BOSS","M","?","M","M"],"items_purchased_type":[],"build_version":"2020-12-22","purchased_purges":0,"victory":false,"max_hp_per_floor":[80,80,80,80,80,80,80,80,80,80,80,80,80,80,80,80,80,80,80,80,80,80],"card_choices":[{"not_picked":["LittleHelper","Rudolta"],"picked":"FieryBird","floor":1},{"not_picked":["Cleave","Havoc","Reckless Charge"],"picked":"SKIP","floor":1},{"not_picked":["HeroicMonk","BigBadWolf"],"picked":"VoidDream","floor":2},{"not_picked":["True Grit","Iron Wave"],"picked":"Shrug It Off","floor":2},{"not_picked":["DespairKnight","Murderer"],"picked":"NakedNest","floor":5},{"not_picked":["Sword Boomerang","Infernal Blade","Cleave"],"picked":"SKIP","floor":5},{"not_picked":["Sword Boomerang","Infernal Blade","Cleave"],"picked":"SKIP","floor":5},{"not_picked":["MHz","HappyTeddy"],"picked":"Rudolta","floor":8},{"not_picked":["Hemokinesis","Rage"],"picked":"Perfected Strike","floor":8},{"not_picked":["MeatLantern","SpiderBud"],"picked":"LittlePrince","floor":11},{"not_picked":["Bloodletting","Sword Boomerang","Rampage"],"picked":"SKIP","floor":11},{"not_picked":["Bloodbath","Scorched"],"picked":"OSAHOGD","floor":13},{"not_picked":["Body Slam","Inflame"],"picked":"Perfected Strike","floor":13},{"not_picked":["MHz","BeautyBeast"],"picked":"WallGazer","floor":14},{"not_picked":["Anger","Uppercut","Carnage"],"picked":"SKIP","floor":14},{"not_picked":["LittleHelper","SingingMachine"],"picked":"DespairKnight","floor":16},{"not_picked":["MHz","BlackSwan"],"picked":"Yin","floor":18},{"not_picked":["Warcry","Inflame"],"picked":"Perfected Strike","floor":18},{"not_picked":["Blood for Blood","Iron Wave","Fire Breathing"],"picked":"SKIP","floor":20},{"not_picked":["Iron Wave","Fire Breathing"],"picked":"Blood for Blood","floor":20}],"player_experience":594187,"relics_obtained":[{"floor":9,"key":"Tiny Chest"},{"floor":10,"key":"War Paint"},{"floor":19,"key":"Necronomicon"}],"event_choices":[{"damage_healed":0,"gold_gain":0,"player_choice":"Success","damage_taken":3,"relics_obtained":["Paper Frog"],"max_hp_gain":0,"max_hp_loss":0,"event_name":"Scrap Ooze","floor":3,"gold_loss":0},{"damage_healed":0,"gold_gain":0,"player_choice":"Entered Light","damage_taken":16,"max_hp_gain":0,"max_hp_loss":0,"event_name":"Shining Light","floor":4,"gold_loss":0,"cards_upgraded":["Defend_R","Shrug It Off"]},{"damage_healed":0,"gold_gain":0,"player_choice":"Obtained Book","damage_taken":16,"max_hp_gain":0,"max_hp_loss":0,"event_name":"Cursed Tome","floor":19,"gold_loss":0}],"is_beta":false,"boss_relics":[{"not_picked":["Coffee Dripper","Runic Dome"],"picked":"Cursed Key"}],"items_purged_floors":[],"is_endless":false,"potions_floor_spawned":[2,8,13],"killed_by":"Snecko","ascension_level":0}}