{"host":"i0avyit1s6jb1siw","time":1610140995,"event":{"mods":["BaseMod","DeckTracker","Dota2Spire","Highlight Path","Minty Spire (QoL Compilation)","Quick Restart","StSLib","SuperFastMode"],"gold_per_floor":[109,184,75,13,29,29,60,60,60,79,79,91,101,13,13,85,85,99,110,110,25,25,25,25],"floor_reached":23,"playtime":305,"items_purged":[],"score":428,"play_id":"8b292725-0a8f-4f00-962a-8b3b296230d1","local_time":"20210108222315","is_ascension_mode":true,"campfire_choices":[{"data":"Perfected Strike","floor":6,"key":"SMITH"},{"data":"Bash","floor":8,"key":"SMITH"},{"data":"Seeing Red","floor":11,"key":"SMITH"},{"data":"Demon Form","floor":15,"key":"SMITH"}],"circlet_count":0,"master_deck":["AscendersBane","Strike_R","Strike_R","Strike_R","Strike_R","Defend_R","Defend_R","Bash+1","Perfected Strike+1","Wild Strike","Seeing Red+1","Flame Barrier","Inflame","Wild Strike+1","Demon Form+1","Combust+1","Immolate+1","Battle Trance+1","Flame Barrier"],"relics":["Burning Blood","NeowsBlessing","Dota2Spire:Vanguard","Molten Egg 2","Du-Vu Doll","Astrolabe","Frozen Egg 2"],"acts_visited":["Exordium","TheCity"],"potions_floor_usage":[16,18],"damage_taken":[{"damage":0,"enemies":"2 Louse","floor":1,"turns":1},{"damage":0,"enemies":"Jaw Worm","floor":5,"turns":1},{"damage":0,"enemies":"Lagavulin","floor":7,"turns":1},{"damage":6,"enemies":"Cultist","floor":10,"turns":3},{"damage":5,"enemies":"Red Slaver","floor":12,"turns":3},{"damage":4,"enemies":"Blue Slaver","floor":13,"turns":3},{"damage":51,"enemies":"Hexaghost","floor":16,"turns":8},{"damage":23,"enemies":"3 Byrds","floor":18,"turns":3},{"damage":17,"enemies":"Shell Parasite","floor":19,"turns":4},{"damage":51,"enemies":"Gremlin Leader","floor":23,"turns":4}],"seed_played":"-7262039833002819016","potions_obtained":[{"floor":7,"key":"DistilledChaos"},{"floor":19,"key":"PowerPotion"}],"is_trial":false,"path_per_floor":["M","?","$","?","M","R","E","R","T","M","R","M","M","$","R","B",null,"M","M","?","?","$","E"],"character_chosen":"IRONCLAD","items_purchased":["Wild Strike","Strength Potion","Demon Form"],"campfire_rested":0,"item_purchase_floors":[3,3,14],"current_hp_per_floor":[74,63,63,63,69,69,75,75,75,75,75,75,75,75,75,30,64,47,36,36,36,36,0,0],"gold":25,"neow_bonus":"THREE_ENEMY_KILL","is_daily":false,"chose_seed":false,"campfire_upgraded":4,"win_rate":0.0,"timestamp":1610140995,"path_taken":["M","?","$","?","M","R","E","R","T","M","R","M","?","?","R","BOSS","M","M","?","?","$","E"],"items_purchased_type":["Card","Potion","Card"],"build_version":"2020-12-22","purchased_purges":0,"victory":false,"max_hp_per_floor":[75,75,75,75,75,75,75,75,75,75,75,75,75,75,75,75,75,75,75,75,75,75,75,75],"card_choices":[{"not_picked":["Anger","Sword Boomerang"],"picked":"Perfected Strike","floor":1},{"not_picked":["Sword Boomerang","Clash"],"picked":"Seeing Red","floor":5},{"not_picked":["Anger+1","Second Wind"],"picked":"Flame Barrier","floor":7},{"not_picked":["Rage","Sword Boomerang+1","Metallicize"],"picked":"SKIP","floor":10},{"not_picked":["Shrug It Off","Limit Break"],"picked":"Inflame","floor":12},{"not_picked":["Blood for Blood+1","Reckless Charge+1"],"picked":"Wild Strike+1","floor":13},{"not_picked":["Reckless Charge+1","Warcry","Sword Boomerang+1"],"picked":"SKIP","floor":18},{"not_picked":["Body Slam+1","Warcry"],"picked":"Flame Barrier","floor":19}],"player_experience":2190187,"relics_obtained":[{"floor":7,"key":"Molten Egg 2"},{"floor":9,"key":"Du-Vu Doll"}],"event_choices":[{"damage_healed":0,"gold_gain":75,"player_choice":"Gather Gold","damage_taken":11,"max_hp_gain":0,"max_hp_loss":0,"event_name":"World of Goop","floor":2,"gold_loss":0},{"damage_healed":0,"gold_gain":0,"player_choice":"Paid Gold","damage_taken":0,"relics_obtained":["Dota2Spire:Vanguard"],"max_hp_gain":0,"max_hp_loss":0,"event_name":"WeMeetAgain","floor":4,"gold_loss":62},{"damage_healed":0,"gold_gain":0,"player_choice":"Ignored","damage_taken":0,"max_hp_gain":0,"max_hp_loss":0,"event_name":"Ghosts","floor":20,"gold_loss":0},{"damage_healed":0,"gold_gain":0,"player_choice":"Obtained Relic","damage_taken":0,"relics_obtained":["Frozen Egg 2"],"max_hp_gain":0,"max_hp_loss":0,"event_name":"Addict","floor":21,"gold_loss":85}],"is_beta":false,"boss_relics":[{"not_picked":["Ectoplasm","Empty Cage"],"picked":"Astrolabe"}],"items_purged_floors":[],"is_endless":false,"potions_floor_spawned":[7,10,13,19],"killed_by":"Gremlin Leader","ascension_level":20}}