{"host":"chv1qanoipyt46jc","time":1610142136,"event":{"mods":["2.2 Compatiblity","AchievementEnabler","Bartender","BaseMod","BetterRewards","CapriCore","Card Filter","Evolution","Gold Saver","Grow up Mod","Minty Spire (QoL Compilation)","Rare Cards Sparkle","Relic Filter","Remove Card Discount Mod","Reorder Act Four","StSLib"],"gold_per_floor":[189,231,246,284,329,382,382,382,432,541,517,517,542,611,611,709,709,720,786,824,836,928,928,963,980,980,980,1015,1059,1059,1097,1097,1197,1197,1207,1307,1330,1330,1370,1403,1401,1428,1509,1529,1560,1571,1606,1625,1625,1625,1625,1625,1625,1658,1658],"floor_reached":56,"playtime":942,"items_purged":["Stick_and_Move","Stick_and_Move","Stick_and_Move","Stick_and_Move","Center_Self","Center_Self","Center_Self","Center_Self","Somersault","Power_Up_Punch","Power_Up_Punch","Dolphin_Blow","Power_Up_Punch+1","Power_Up_Punch+1","Center_Self+1","HandOfGreed+1"],"score":1797,"play_id":"630d9275-48a8-4dc0-85a9-3d71b859d37a","local_time":"20210108154216","is_ascension_mode":false,"campfire_choices":[{"floor":7,"key":"RECALL"},{"floor":12,"key":"REST"},{"floor":15,"key":"REST"},{"floor":23,"key":"REST"},{"floor":30,"key":"REST"},{"floor":32,"key":"REST"},{"floor":49,"key":"REST"},{"floor":53,"key":"REST"}],"circlet_count":0,"master_deck":["Dolphin_Blow+1","Bitters+1","Dolphin_Blow+1","Dolphin_Blow+1"],"relics":["Sneakers","EVO:Axolotl","Vajra","TheAbacus","Medical Kit","Torii","Membership Card","Potion Belt","Molten Egg 2","Toxic Egg 2","Singing Bowl","Water_Ring","Boot","Shuriken","TungstenRod","Bronze Scales","Power_Wrist","Juzu Bracelet","Lizard Tail","Ancient Tea Set","SlaversCollar","White_Cape","Black Star","Strawberry","Akabeko","Piano_Music","Omamori","CeramicFish","Darkstone Periapt","Question Card","Prayer Wheel","Whetstone","Calipers","Bottled Lightning","Mummified Hand"],"acts_visited":["Exordium","TheCity","TheBeyond","TheEnding"],"potions_floor_usage":[55,55],"damage_taken":[{"damage":0,"enemies":"Small Slimes","floor":1,"turns":1},{"damage":0,"enemies":"Jaw Worm","floor":2,"turns":1},{"damage":0,"enemies":"Cultist","floor":3,"turns":1},{"damage":0,"enemies":"Red Slaver","floor":4,"turns":1},{"damage":0,"enemies":"Looter","floor":5,"turns":1},{"damage":0,"enemies":"Lagavulin","floor":6,"turns":2},{"damage":8,"enemies":"3 Sentries","floor":10,"turns":3},{"damage":0,"enemies":"Gremlin Nob","floor":13,"turns":1},{"damage":0,"enemies":"Gremlin Gang","floor":14,"turns":2},{"damage":0,"enemies":"The Guardian","floor":16,"turns":1},{"damage":0,"enemies":"Shell Parasite","floor":18,"turns":1},{"damage":9,"enemies":"2 Thieves","floor":19,"turns":2},{"damage":0,"enemies":"Centurion and Healer","floor":20,"turns":2},{"damage":0,"enemies":"Snake Plant","floor":21,"turns":1},{"damage":0,"enemies":"3 Cultists","floor":22,"turns":3},{"damage":5,"enemies":"Centurion and Healer","floor":24,"turns":2},{"damage":0,"enemies":"Snake Plant","floor":25,"turns":1},{"damage":0,"enemies":"Chosen and Byrds","floor":28,"turns":2},{"damage":0,"enemies":"Snecko","floor":29,"turns":2},{"damage":0,"enemies":"Centurion and Healer","floor":31,"turns":1},{"damage":0,"enemies":"Champ","floor":33,"turns":1},{"damage":0,"enemies":"Orb Walker","floor":35,"turns":1},{"damage":0,"enemies":"3 Darklings","floor":39,"turns":2},{"damage":0,"enemies":"Nemesis","floor":40,"turns":1},{"damage":0,"enemies":"Reptomancer","floor":42,"turns":1},{"damage":0,"enemies":"Spire Growth","floor":44,"turns":2},{"damage":0,"enemies":"Giant Head","floor":45,"turns":2},{"damage":0,"enemies":"4 Shapes","floor":46,"turns":2},{"damage":0,"enemies":"Reptomancer","floor":47,"turns":1},{"damage":0,"enemies":"Transient","floor":48,"turns":3},{"damage":0,"enemies":"Time Eater","floor":50,"turns":1},{"damage":0,"enemies":"Shield and Spear","floor":54,"turns":1},{"damage":0,"enemies":"The Heart","floor":55,"turns":3}],"seed_played":"-1594200442023831760","potions_obtained":[{"floor":6,"key":"BlessingOfTheForge"},{"floor":10,"key":"SkillPotion"},{"floor":16,"key":"SneckoOil"},{"floor":20,"key":"Fire Potion"},{"floor":21,"key":"AttackPotion"},{"floor":47,"key":"FearPotion"},{"floor":54,"key":"Swift Potion"}],"is_trial":false,"path_per_floor":["M","M","M","M","M","E","R","$","T","E","?","R","E","M","R","B",null,"M","M","M","M","M","R","M","M","T","?","M","M","R","M","R","B",null,"M","?","T","?","M","E","$","E","T","M","E","M","E","M","R","B",null,"$","R","E","B",null],"character_chosen":"BARTENDER","items_purchased":["Power_Up_Punch","Vajra","TheAbacus","Power_Up_Punch","Dolphin_Blow","Medical Kit","Torii","Membership Card","Potion Belt","Molten Egg 2","Toxic Egg 2","HandOfGreed+1","Singing Bowl","Water_Ring","Power_Up_Punch+1","Power_Up_Punch+1","Boot","Dolphin_Blow+1","Bitters+1","Shuriken","Dolphin_Blow+1","TungstenRod","Center_Self+1","Dolphin_Blow+1","Bronze Scales","Power_Wrist"],"campfire_rested":7,"item_purchase_floors":[0,0,0,0,0,0,0,0,0,0,0,0,0,0,0,0,0,0,0,0,0,0,0,0,0,0],"current_hp_per_floor":[100,112,124,136,148,160,170,180,190,194,204,222,234,246,256,268,278,290,293,305,317,329,348,355,367,377,387,399,411,426,438,448,460,470,482,492,509,519,531,543,553,565,575,587,599,613,625,639,649,659,669,679,689,701,711],"gold":1658,"neow_bonus":"","is_daily":false,"chose_seed":false,"campfire_upgraded":0,"win_rate":0.0,"timestamp":1610142136,"path_taken":["M","M","M","M","M","E","R","$","T","E","?","R","E","M","R","BOSS","M","M","M","M","M","R","M","M","T","?","M","M","R","M","R","BOSS","M","?","?","?","M","E","$","E","T","M","E","M","E","M","R","BOSS","$","R","E","BOSS"],"items_purchased_type":["Card","Relic","Relic","Card","Card","Relic","Relic","Relic","Relic","Relic","Relic","Card","Relic","Relic","Card","Card","Relic","Card","Card","Relic","Card","Relic","Card","Card","Relic","Relic"],"build_version":"2020-12-22","purchased_purges":16,"victory":true,"max_hp_per_floor":[100,112,124,136,148,160,170,180,190,202,212,222,234,246,256,268,278,290,302,314,326,338,348,360,372,382,392,404,416,426,438,448,460,470,482,492,509,519,531,543,553,565,575,587,599,613,625,639,649,659,669,679,689,701,711],"card_choices":[{"not_picked":["Ripple+1","Cross+1","Rising_Crane+1"],"picked":"Singing Bowl","floor":1},{"not_picked":["Free_Pour+1","Bicycle_Kick+1","On_The_Rocks+1"],"picked":"Singing Bowl","floor":2},{"not_picked":["Bitters+1","Stick_and_Move+1","Snap_Punch+1"],"picked":"Singing Bowl","floor":3},{"not_picked":["With_A_Twist+1","Stick_and_Move+1","Center_Self+1"],"picked":"Singing Bowl","floor":4},{"not_picked":["Foot_Thrust+1","On_The_Rocks+1","Wall_of_Ice+1"],"picked":"Singing Bowl","floor":5},{"not_picked":["Combo_Master","With_A_Twist+1","Snap_Punch+1"],"picked":"Singing Bowl","floor":6},{"not_picked":["Meteodrive+1","Bitters+1","Bloodbath_Bartender+1"],"picked":"Singing Bowl","floor":10},{"not_picked":["ThreeSidedStar+1","Form_Shift+1","Foot_Thrust+1"],"picked":"Singing Bowl","floor":13},{"not_picked":["Greased_Lightning+1","Sucker_Punch+1","Ripple+1"],"picked":"Singing Bowl","floor":14},{"not_picked":["Dolphin_Blow+1","Form_Shift+1","Patience"],"picked":"Singing Bowl","floor":16},{"not_picked":["Bloodbath_Bartender+1","Well_Drinks+1","Foot_Thrust+1"],"picked":"Singing Bowl","floor":18},{"not_picked":["Rising_Crane+1","Bloodbath_Bartender+1","Wall_of_Ice+1"],"picked":"Singing Bowl","floor":19},{"not_picked":["Step_Of_The_Wind+1","Sucker_Punch+1","Fading_Blow+1"],"picked":"Singing Bowl","floor":20},{"not_picked":["Tornado_Kick+1","Coeurl_Form","Stick_and_Move+1"],"picked":"Singing Bowl","floor":21},{"not_picked":["Cross+1","Free_Pour+1","Dragonkick+1"],"picked":"Singing Bowl","floor":22},{"not_picked":["On_The_House+1","Surge+1","Hook+1"],"picked":"Singing Bowl","floor":24},{"not_picked":["Power_Up_Punch+1","Sucker_Punch+1","Cross+1"],"picked":"Singing Bowl","floor":25},{"not_picked":["Free_Pour+1","Dart+1","Elbow_Slash+1"],"picked":"Singing Bowl","floor":28},{"not_picked":["Rope_A_Dope+1","Alacrity+1","Snap_Punch+1"],"picked":"Singing Bowl","floor":29},{"not_picked":["Cross+1","On_The_Rocks+1","Raptor_Form+1"],"picked":"Singing Bowl","floor":31},{"not_picked":["Top_Shelf+1","Windup+1","Dolphin_Blow+1"],"picked":"Singing Bowl","floor":33},{"not_picked":["Center_Self+1","Meteodrive+1","ThreeSidedStar+1"],"picked":"Singing Bowl","floor":35},{"not_picked":["On_The_Rocks+1","Rope_A_Dope+1","Raptor_Form+1"],"picked":"Singing Bowl","floor":39},{"not_picked":["On_The_House+1","Ripple+1","Rope_A_Dope+1"],"picked":"Singing Bowl","floor":40},{"not_picked":["Alacrity+1","Bitters+1","Meteodrive+1"],"picked":"Singing Bowl","floor":42},{"not_picked":["Dragonkick+1","Cross+1","Elbow_Slash+1"],"picked":"Singing Bowl","floor":44},{"not_picked":["Bitters+1","With_A_Twist+1","Foot_Thrust+1"],"picked":"Singing Bowl","floor":45},{"not_picked":["Wall_of_Ice+1","Free_Pour+1","Center_Self+1","Surge+1"],"picked":"Singing Bowl","floor":46},{"not_picked":["Raptor_Form","Dolphin_Blow+1","Ball_Of_Ice+1","Greased_Lightning+1"],"picked":"Singing Bowl","floor":46},{"not_picked":["Step_Of_The_Wind+1","Coeurl_Form","Vortex+","Cross+1"],"picked":"Singing Bowl","floor":47},{"not_picked":["Fight_Dirty+1","ThreeSidedStar+1","Bitters+1","Fading_Blow+1"],"picked":"Singing Bowl","floor":48},{"not_picked":["Step_Of_The_Wind+1","Bloodbath_Bartender+1","Rising_Crane+1","Cross+1"],"picked":"Singing Bowl","floor":48},{"not_picked":["Power_Up_Punch+1","Well_Drinks+1","ThreeSidedStar+1","Wall_of_Ice+1"],"picked":"Singing Bowl","floor":54}],"player_experience":386551,"relics_obtained":[{"floor":6,"key":"Juzu Bracelet"},{"floor":10,"key":"Lizard Tail"},{"floor":13,"key":"Ancient Tea Set"},{"floor":26,"key":"White_Cape"},{"floor":37,"key":"Strawberry"},{"floor":40,"key":"Akabeko"},{"floor":40,"key":"Piano_Music"},{"floor":42,"key":"Omamori"},{"floor":42,"key":"CeramicFish"},{"floor":43,"key":"Darkstone Periapt"},{"floor":45,"key":"Question Card"},{"floor":45,"key":"Prayer Wheel"},{"floor":47,"key":"Whetstone"},{"floor":47,"key":"Calipers"},{"floor":54,"key":"Bottled Lightning"},{"floor":54,"key":"Mummified Hand"}],"event_choices":[{"damage_healed":0,"gold_gain":0,"player_choice":"Left Gold","damage_taken":0,"max_hp_gain":0,"max_hp_loss":0,"event_name":"World of Goop","floor":11,"gold_loss":24},{"damage_healed":0,"gold_gain":0,"player_choice":"Leave","damage_taken":0,"max_hp_gain":0,"max_hp_loss":0,"event_name":"FaceTrader","floor":27,"gold_loss":0},{"damage_healed":0,"gold_gain":100,"player_choice":"Pray","damage_taken":0,"max_hp_gain":0,"max_hp_loss":0,"event_name":"Golden Shrine","floor":36,"gold_loss":0},{"damage_healed":0,"gold_gain":0,"player_choice":"Ignored","damage_taken":0,"max_hp_gain":0,"max_hp_loss":0,"event_name":"NoteForYourself","floor":38,"gold_loss":0}],"is_beta":false,"boss_relics":[{"not_picked":["Cursed Key","Runic Pyramid"],"picked":"SlaversCollar"},{"not_picked":["Calling Bell","Tiny House"],"picked":"Black Star"}],"items_purged_floors":[0,0,0,0,0,0,0,0,0,0,0,0,0,0,0,41],"is_endless":false,"potions_floor_spawned":[1,6,10,16,18,20,21,28,35,40,44,47,54],"ascension_level":0}}