{"host":"n3pcl7mteoua0i12","time":1610081002,"event":{"mods":["BaseMod","Bestiary","Curses Come First","Googly Eyes","Minty Spire (QoL Compilation)","Relic Stats","StSLib"],"gold_per_floor":[168,184,30,47,65,97,97,97,97],"floor_reached":8,"playtime":380,"items_purged":[],"score":75,"play_id":"b1005cf0-a4b1-4d11-9fb3-82f3ce12c774","local_time":"20210107204322","is_ascension_mode":true,"campfire_choices":[{"floor":7,"key":"REST"}],"circlet_count":0,"master_deck":["Strike_G","Strike_G","Strike_G","Strike_G","Strike_G","Defend_G","Defend_G","Defend_G+1","Defend_G","Defend_G","Survivor","Neutralize","Dagger Throw","Backflip","Backflip","Wraith Form v2","PiercingWail"],"relics":["Tiny House","Anchor"],"acts_visited":["Exordium"],"potions_floor_usage":[5,6],"damage_taken":[{"damage":0,"enemies":"Small Slimes","floor":1,"turns":4},{"damage":0,"enemies":"2 Louse","floor":2,"turns":3},{"damage":1,"enemies":"Cultist","floor":4,"turns":4},{"damage":6,"enemies":"Gremlin Gang","floor":5,"turns":6},{"damage":51,"enemies":"3 Sentries","floor":6,"turns":11},{"damage":55,"enemies":"Gremlin Nob","floor":8,"turns":5}],"seed_played":"-7868154948006229136","potions_obtained":[{"floor":0,"key":"Fire Potion"},{"floor":2,"key":"SteroidPotion"},{"floor":5,"key":"Weak Potion"}],"is_trial":false,"path_per_floor":["M","M","$","M","M","E","R","E"],"character_chosen":"THE_SILENT","items_purchased":["Wraith Form v2"],"campfire_rested":1,"item_purchase_floors":[3],"current_hp_per_floor":[68,68,68,67,61,10,32,0,0],"gold":97,"neow_bonus":"BOSS_RELIC","is_daily":false,"chose_seed":false,"campfire_upgraded":0,"win_rate":0.0,"timestamp":1610081002,"path_taken":["M","M","$","M","M","E","R","E"],"items_purchased_type":["Card"],"build_version":"2020-12-22","purchased_purges":0,"victory":false,"max_hp_per_floor":[75,75,75,75,75,75,75,75,75],"relic_stats":{"counters":[6,33],"obtain_stats":[{"Anchor":6,"Tiny House":0,"Ring of the Snake":0},{"Anchor":5,"Tiny House":0,"Ring of the Snake":0},{"Anchor":28,"Tiny House":0,"Ring of the Snake":0}]},"card_choices":[{"not_picked":["Prepared","Reflex"],"picked":"Dagger Throw","floor":0},{"not_picked":["Reflex","PiercingWail"],"picked":"Backflip","floor":1},{"not_picked":["Tactician","Riddle With Holes"],"picked":"Backflip","floor":2},{"not_picked":["Outmaneuver","Underhanded Strike","Night Terror"],"picked":"SKIP","floor":4},{"not_picked":["Deflect","Outmaneuver","Flying Knee"],"picked":"SKIP","floor":5},{"not_picked":["Concentrate","Accuracy"],"picked":"PiercingWail","floor":6}],"player_experience":428096,"relics_obtained":[{"floor":6,"key":"Anchor"}],"event_choices":[],"is_beta":false,"boss_relics":[],"items_purged_floors":[],"is_endless":false,"potions_floor_spawned":[2,5],"killed_by":"Gremlin Nob","ascension_level":6}}