{"host":"artti7o26te9gn1a","time":1610067870,"event":{"mods":["AchievementEnabler","BaseMod","Beaked The Cultist","BetterRewards","Downfall","Minty Spire (QoL Compilation)","StSLib","Trackpad"],"gold_per_floor":[116,134,147,147,37,68,80,92,116,127,155,171,197,212,212,284,284,302,317,104,104,116,142,186,198,198,226,239,239,257,313,313,387,387,405,405,417,25,25,25,54,67,116,149,184,34,34,46,46,46,46],"floor_reached":50,"playtime":2055,"items_purged":["Strike_G","Strike_G","Strike_G","Strike_G"],"score":1638,"play_id":"1f19c475-5829-430e-9d77-1d7382680118","local_time":"20210108020430","is_ascension_mode":true,"campfire_choices":[{"data":"After Image","floor":15,"key":"SMITH"},{"floor":29,"key":"REST"},{"floor":32,"key":"REST"},{"floor":40,"key":"REST"},{"floor":47,"key":"REST"},{"floor":49,"key":"RECALL"}],"circlet_count":0,"master_deck":["AscendersBane","Defend_G","Defend_G","Defend_G","Defend_G","Defend_G","Survivor","Neutralize","Deflect","Dash","Backstab","Footwork","Blade Dance","Dagger Spray+1","Dagger Spray+1","Dagger Spray+1","Acrobatics","Infinite Blades","Deflect","After Image+1","PiercingWail","Prepared","Backstab+1","Bouncing Flask","Adrenaline","Caltrops","HandOfGreed+1","Bullet Time","Deflect","Tactician","A Thousand Cuts+1","After Image","Bouncing Flask+1","Catalyst"],"relics":["Ring of the Snake","Letter Opener","MealTicket","Paper Crane","Bronze Scales","Molten Egg 2","Bag of Marbles","trackpad:IceCube","Vajra","Bag of Preparation","trackpad:CultistFigurine","Fusion Hammer","Omamori","trackpad:BottledShadow","Blood Vial","Meat on the Bone","WristBlade","trackpad:RapidFire","trackpad:ByrdBGone","trackpad:Mousetrap","trackpad:ZombieHeart"],"acts_visited":["Exordium","TheCity","TheBeyond"],"potions_floor_usage":[33,33,41,50],"damage_taken":[{"damage":0,"enemies":"Small Slimes","floor":1,"turns":2},{"damage":0,"enemies":"Cultist","floor":2,"turns":2},{"damage":0,"enemies":"Jaw Worm","floor":3,"turns":2},{"damage":3,"enemies":"3 Sentries","floor":6,"turns":4},{"damage":0,"enemies":"Exordium Wildlife","floor":7,"turns":2},{"damage":0,"enemies":"Large Slime","floor":8,"turns":4},{"damage":0,"enemies":"Lots of Slimes","floor":10,"turns":2},{"damage":7,"enemies":"Lagavulin","floor":11,"turns":5},{"damage":0,"enemies":"Exordium Wildlife","floor":12,"turns":1},{"damage":0,"enemies":"3 Sentries","floor":13,"turns":3},{"damage":0,"enemies":"Looter","floor":14,"turns":1},{"damage":0,"enemies":"Hexaghost","floor":16,"turns":8},{"damage":0,"enemies":"Spheric Guardian","floor":18,"turns":1},{"damage":0,"enemies":"2 Thieves","floor":19,"turns":1},{"damage":0,"enemies":"Snake Plant","floor":22,"turns":2},{"damage":0,"enemies":"Book of Stabbing","floor":23,"turns":4},{"damage":0,"enemies":"Snecko","floor":24,"turns":2},{"damage":0,"enemies":"3 Cultists","floor":25,"turns":4},{"damage":20,"enemies":"Gremlin Leader","floor":27,"turns":4},{"damage":0,"enemies":"Snake Plant","floor":28,"turns":2},{"damage":14,"enemies":"Cultist and Chosen","floor":30,"turns":4},{"damage":11,"enemies":"Slavers","floor":31,"turns":4},{"damage":50,"enemies":"Champ","floor":33,"turns":10},{"damage":16,"enemies":"3 Shapes","floor":35,"turns":2},{"damage":0,"enemies":"3 Darklings","floor":37,"turns":2},{"damage":7,"enemies":"Giant Head","floor":41,"turns":7},{"damage":0,"enemies":"Writhing Mass","floor":42,"turns":4},{"damage":27,"enemies":"Nemesis","floor":44,"turns":5},{"damage":0,"enemies":"4 Shapes","floor":45,"turns":3},{"damage":0,"enemies":"Transient","floor":48,"turns":6},{"damage":74,"enemies":"Time Eater","floor":50,"turns":9}],"seed_played":"3099820114760063301","potions_obtained":[{"floor":3,"key":"Dexterity Potion"},{"floor":7,"key":"Block Potion"},{"floor":23,"key":"PowerPotion"},{"floor":33,"key":"Weak Potion"},{"floor":35,"key":"FearPotion"},{"floor":42,"key":"Strength Potion"},{"floor":48,"key":"SkillPotion"}],"is_trial":false,"path_per_floor":["M","M","M","?","$","E","M","M","T","M","E","M","E","M","R","B",null,"M","M","$","?","M","E","M","M","T","E","M","R","M","E","R","B",null,"M","?","M","$","$","R","E","M","T","E","M","$","R","M","R","B"],"character_chosen":"THE_SILENT","items_purchased":["Letter Opener","MealTicket","Deflect","Dash","Paper Crane","Backstab","Bronze Scales","Footwork","Blade Dance","Molten Egg 2","Bag of Marbles","Dagger Spray+1","Infinite Blades","Deflect","HandOfGreed+1","trackpad:RapidFire"],"campfire_rested":4,"item_purchase_floors":[0,0,0,0,0,0,0,0,0,0,0,0,5,5,20,38],"current_hp_per_floor":[59,59,59,59,66,63,63,63,63,63,56,56,56,56,56,56,64,64,64,66,66,66,66,66,66,66,46,48,66,52,43,62,26,56,42,42,44,59,66,66,59,61,61,36,42,57,70,71,71,0,0],"gold":46,"neow_bonus":"","is_daily":false,"chose_seed":false,"campfire_upgraded":1,"win_rate":0.0,"timestamp":1610067870,"path_taken":["M","M","M","?","$","E","M","M","T","M","E","M","E","?","R","BOSS","M","M","$","?","M","E","M","M","T","E","M","R","M","E","R","BOSS","M","?","?","?","$","R","E","?","T","E","M","$","R","M","R","BOSS"],"items_purchased_type":["Relic","Relic","Card","Card","Relic","Card","Relic","Card","Card","Relic","Relic","Card","Card","Card","Card","Relic"],"build_version":"2020-12-22","purchased_purges":4,"victory":false,"max_hp_per_floor":[66,66,66,66,66,66,66,66,66,66,66,66,66,66,66,66,66,66,66,66,66,66,66,66,66,66,66,66,66,66,66,66,66,66,66,66,66,66,66,66,66,66,66,66,70,70,70,71,71,71,71],"card_choices":[{"not_picked":["Cloak And Dagger","Deflect"],"picked":"Dagger Spray+1","floor":1},{"not_picked":["Choke+1","Skewer+1"],"picked":"Dagger Spray+1","floor":2},{"not_picked":["Poisoned Stab+1","Riddle With Holes+1"],"picked":"Acrobatics","floor":3},{"not_picked":["Riddle With Holes+1","Quick Slash+1","Backflip"],"picked":"SKIP","floor":6},{"not_picked":["Endless Agony+1","Quick Slash+1"],"picked":"After Image","floor":7},{"not_picked":["Poisoned Stab+1","Distraction"],"picked":"PiercingWail","floor":8},{"not_picked":["Underhanded Strike+1","Poisoned Stab+1"],"picked":"Prepared","floor":10},{"not_picked":["Cloak And Dagger","Slice+1"],"picked":"Backstab+1","floor":11},{"not_picked":["Quick Slash+1","Poisoned Stab+1","Glass Knife+1"],"picked":"SKIP","floor":12},{"not_picked":["Escape Plan","Slice+1"],"picked":"Bouncing Flask","floor":13},{"not_picked":["Distraction","Sucker Punch+1","Backflip"],"picked":"SKIP","floor":14},{"not_picked":["Doppelganger","Bullet Time"],"picked":"Adrenaline","floor":16},{"not_picked":["Predator+1","Expertise"],"picked":"Caltrops","floor":18},{"not_picked":["Outmaneuver+1","Distraction","Flying Knee+1"],"picked":"SKIP","floor":19},{"not_picked":["Underhanded Strike+1","Setup","Backflip"],"picked":"SKIP","floor":22},{"not_picked":["Acrobatics+1","Dagger Spray+1"],"picked":"Bullet Time","floor":23},{"not_picked":["Underhanded Strike+1","Riddle With Holes+1","Bane+1"],"picked":"SKIP","floor":24},{"not_picked":["Heel Hook+1","PiercingWail"],"picked":"Deflect","floor":25},{"not_picked":["Distraction","Infinite Blades","Backstab+1"],"picked":"SKIP","floor":27},{"not_picked":["Dagger Spray+1","Underhanded Strike+1"],"picked":"Tactician","floor":28},{"not_picked":["Deadly Poison","Prepared","Bane+1"],"picked":"SKIP","floor":30},{"not_picked":["Backstab+1","Acrobatics"],"picked":"A Thousand Cuts","floor":31},{"not_picked":["Phantasmal Killer","Die Die Die+1"],"picked":"After Image","floor":33},{"not_picked":["Prepared","Dagger Throw+1"],"picked":"Bouncing Flask+1","floor":35},{"not_picked":["Quick Slash+1","Dagger Throw+1","Underhanded Strike+1"],"picked":"SKIP","floor":37},{"not_picked":["Blur","All Out Attack+1","Backflip"],"picked":"SKIP","floor":41},{"not_picked":["Poisoned Stab+1","Glass Knife+1","Dodge and Roll"],"picked":"SKIP","floor":42},{"not_picked":["Poisoned Stab+1","Riddle With Holes+1","Skewer+1"],"picked":"SKIP","floor":44},{"not_picked":["Blade Dance+1","Dash+1"],"picked":"Catalyst","floor":45},{"not_picked":["Dagger Throw+1","Deflect","Dodge and Roll"],"picked":"SKIP","floor":48}],"player_experience":770293,"relics_obtained":[{"floor":6,"key":"trackpad:IceCube"},{"floor":9,"key":"Vajra"},{"floor":11,"key":"Bag of Preparation"},{"floor":13,"key":"trackpad:CultistFigurine"},{"floor":23,"key":"Omamori"},{"floor":26,"key":"trackpad:BottledShadow"},{"floor":27,"key":"Blood Vial"},{"floor":31,"key":"Meat on the Bone"},{"floor":41,"key":"trackpad:ByrdBGone"},{"floor":43,"key":"trackpad:Mousetrap"},{"floor":44,"key":"trackpad:ZombieHeart"}],"event_choices":[{"cards_removed":["Strike_G"],"damage_healed":0,"gold_gain":0,"player_choice":"Purged","damage_taken":0,"max_hp_gain":0,"max_hp_loss":0,"event_name":"Purifier","floor":4,"gold_loss":0},{"damage_healed":0,"gold_gain":0,"player_choice":"Ignored","damage_taken":0,"max_hp_gain":0,"max_hp_loss":0,"event_name":"Ghosts","floor":21,"gold_loss":0},{"damage_healed":0,"gold_gain":0,"player_choice":"Upgraded","damage_taken":0,"max_hp_gain":0,"max_hp_loss":0,"event_name":"Upgrade Shrine","floor":36,"gold_loss":0,"cards_upgraded":["A Thousand Cuts"]}],"is_beta":false,"boss_relics":[{"not_picked":["Tiny House","Ring of the Serpent"],"picked":"Fusion Hammer"},{"not_picked":["SacredBark","Pandora\u0027s Box"],"picked":"WristBlade"}],"items_purged_floors":[0,0,38,46],"is_endless":false,"potions_floor_spawned":[2,3,7,10,11,13,18,23,27,28,33,35,42,48],"killed_by":"Time Eater","ascension_level":19}}