{"host":"Dean","time":1610119320,"event":{"mods":["2.2 Compatiblity","AchievementEnabler","BaseMod","Block Reminder","Colored Map","Colored Powertips","Minty Spire (QoL Compilation)","Permanent Neow","Quick Restart","Relic Stats","Replay The Spire","StSLib"],"gold_per_floor":[99,115,19,19,19,54,54,54,54,67,79,93,119,119,119,214,214,234,234,247,265,104,137,137,155,155,155,172,205,205,205,205,308,308,322,71,85,15,15,15,47,47,47,74,74,74,74,103,103,103,103,103,103,103,54,81,81],"floor_reached":58,"playtime":3751,"items_purged":["Strike_B","Strike_B","Defend_B"],"score":1346,"play_id":"af9dfc59-92ad-43c6-aecb-9938562fdf6b","local_time":"20210108102200","daily_mods":["Red Cards","Colorless Cards","Heirloom"],"is_ascension_mode":true,"campfire_choices":[{"data":"Pain","floor":7,"key":"PURGE"},{"data":"FIFO Queue","floor":15,"key":"SMITH"},{"data":"Loop","floor":24,"key":"SMITH"},{"data":"Loop","floor":30,"key":"SMITH"},{"floor":32,"key":"RECALL"},{"data":"Bash+1","floor":40,"key":"PURGE"},{"data":"Defend_B","floor":42,"key":"PURGE"},{"data":"Defend_B","floor":51,"key":"PURGE"},{"data":"Defend_B","floor":54,"key":"PURGE"}],"circlet_count":0,"master_deck":["Battle Trance+1","Ball Lightning","Evolve+1","Replay:BasicMightCard+1","Warcry+1","Good Instincts+1","Offering+1","WeaponsOverheat+1","Coolheaded+1","Dual Wield+1","FIFO Queue+1","Electrodynamics+1","Loop+1","Skim+1","Cold Snap","ReplayUltimateDefense+1","Shockwave+1","ReplayTheSpireMod:Reroute Power+1","FIFO Queue+1","True Grit+1","Loop+1","Power Through+1","Sword Boomerang+1","Intimidate+1","ReplayUltimateDefense+1","Survey Options+1","ReplayTheSpireMod:Private Reserves+1","Finesse+1","Hologram+1","Hologram+1","Good Instincts+1"],"relics":["Prayer Wheel","Toxic Egg 2","Golden Egg","WristBlade","Peace Pipe","Question Card","Iron Core","Mummified Hand","Magic Flower","Chemical X","WarpedTongs","Burning Blood","Solar Panel","Bag of Preparation","Chameleon Ring","DataDisk","DollysMirror","Philosopher\u0027s Stone","Snack Pack","Garlic","HornCleat","Replay:Bronze Core","Potion Belt","Frozen Egg 2","Bottled Tornado","Cauldron","Replay:Bottled Steam","Ice Cream","Replay:Rubber Ducky","Ornamental Fan","Akabeko","OrangePellets","Pen Nib","Nunchaku"],"acts_visited":["Exordium","TheCity","TheBeyond","TheEnding"],"potions_floor_usage":[41,41,56,57,57,57,57,57,57,57],"damage_taken":[{"damage":7,"enemies":"2 Louse","floor":2,"turns":3},{"damage":10,"enemies":"Gremlin Nob","floor":6,"turns":3},{"damage":2,"enemies":"Small Slimes","floor":10,"turns":3},{"damage":0,"enemies":"Cultist","floor":11,"turns":2},{"damage":6,"enemies":"Exordium Wildlife","floor":12,"turns":3},{"damage":13,"enemies":"3 Sentries","floor":13,"turns":5},{"damage":15,"enemies":"The Guardian","floor":16,"turns":7},{"damage":20,"enemies":"3 Byrds","floor":18,"turns":3},{"damage":0,"enemies":"Spheric Guardian","floor":20,"turns":3},{"damage":6,"enemies":"Snake Plant","floor":21,"turns":2},{"damage":26,"enemies":"Gremlin Leader","floor":23,"turns":4},{"damage":6,"enemies":"3 Cultists","floor":25,"turns":4},{"damage":0,"enemies":"Shelled Parasite and Fungi","floor":28,"turns":3},{"damage":21,"enemies":"Slavers","floor":29,"turns":5},{"damage":20,"enemies":"Pondfish","floor":33,"turns":6},{"damage":5,"enemies":"3 Darklings","floor":35,"turns":4},{"damage":4,"enemies":"3 Shapes","floor":37,"turns":4},{"damage":6,"enemies":"R_Hoarder","floor":41,"turns":3},{"damage":1,"enemies":"Nemesis","floor":44,"turns":3},{"damage":0,"enemies":"R_Hoarder","floor":48,"turns":5},{"damage":6,"enemies":"Replay:Hell Engine","floor":52,"turns":4},{"damage":0,"enemies":"Shield and Spear","floor":56,"turns":4},{"damage":6,"enemies":"The Heart","floor":57,"turns":5}],"seed_played":"-5376500905645502452","potions_obtained":[{"floor":2,"key":"Regen Potion"},{"floor":11,"key":"Venom Potion"},{"floor":18,"key":"Block Potion"},{"floor":25,"key":"Swift Potion"},{"floor":37,"key":"GamblersBrew"},{"floor":38,"key":"EntropicBrew"},{"floor":44,"key":"Energy Potion"}],"is_trial":true,"path_per_floor":["?","M","$","?","WH","E","R","WH","T","M","M","M","E","T","R","B",null,"M","?","M","M","$","E","R","M","T","?","M","E","R","WH","R","B",null,"M","$","M","$","WH","R","E","R","T","E","$","PTL","PTL","E","?","WH","R","B",null,"R","$","E","B",null],"character_chosen":"DEFECT","items_purchased":["Mummified Hand","Magic Flower","Chemical X","Evolve","Replay:BasicMightCard","Warcry+1","ReplayTheSpireMod:Reroute Power+1","DataDisk","DollysMirror","ReplayTheSpireMod:Private Reserves+1","Potion Belt","Hologram+1","Frozen Egg 2","Bottled Tornado","Cauldron","OrangePellets","Pen Nib"],"campfire_rested":0,"item_purchase_floors":[3,3,3,3,3,3,22,22,22,36,36,38,38,38,38,55,55],"current_hp_per_floor":[68,61,61,61,61,51,51,51,51,64,75,75,75,75,75,75,75,75,75,75,75,75,70,70,75,75,75,75,75,75,82,82,82,82,82,82,82,82,82,82,82,82,82,82,82,82,82,82,82,82,82,82,82,82,82,82,82],"gold":81,"neow_bonus":"RANDOM_COMMON_RELIC","is_daily":false,"chose_seed":false,"campfire_upgraded":3,"win_rate":0.0,"timestamp":1610119320,"path_taken":["?","M","$","?","WH","E","R","WH","T","M","M","?","E","?","R","BOSS","M","?","M","M","$","E","R","M","T","?","?","E","R","WH","R","BOSS","M","$","M","$","WH","R","E","R","T","E","?","PTL","PTL","E","?","WH","R","BOSS","R","$","E","BOSS"],"items_purchased_type":["Relic","Relic","Relic","Card","Card","Card","Card","Relic","Relic","Card","Relic","Card","Relic","Relic","Relic","Relic","Relic"],"build_version":"2020-12-18","purchased_purges":3,"victory":true,"max_hp_per_floor":[75,75,75,75,75,75,75,75,75,75,75,75,75,75,75,75,75,75,75,75,75,75,75,75,75,75,75,75,75,75,82,82,82,82,82,82,82,82,82,82,82,82,82,82,82,82,82,82,82,82,82,82,82,82,82,82,82],"relic_stats":{"counters":[23,88],"Magic Flower":[40],"Pen Nib":[1],"Bag of Preparation":[34],"Question Card":33,"Burning Blood":114,"WarpedTongs":[69],"Peace Pipe":6,"OrangePellets":[8],"Nunchaku":[0],"Mummified Hand":[212],"Ornamental Fan":[4],"Prayer Wheel":11,"Chemical X":[34],"obtain_stats":[{"Solar Panel":9,"Ice Cream":43,"Golden Egg":0,"Iron Core":1,"Magic Flower":3,"Bag of Preparation":13,"Bottled Tornado":38,"Burning Blood":6,"Replay:Rubber Ducky":44,"Nunchaku":56,"Chameleon Ring":14,"HornCleat":29,"WristBlade":0,"Mummified Hand":3,"DollysMirror":22,"Replay:Bronze Core":34,"Prayer Wheel":0,"Philosopher\u0027s Stone":22,"Chemical X":3,"Toxic Egg 2":0,"Cracked Core":0,"Replay:Bottled Steam":41,"Potion Belt":36,"Pen Nib":55,"Frozen Egg 2":38,"Question Card":0,"Akabeko":50,"WarpedTongs":4,"Peace Pipe":0,"Cauldron":38,"OrangePellets":55,"DataDisk":22,"Ornamental Fan":48,"Snecko Eye":17,"Snack Pack":23,"Garlic":26},{"Solar Panel":2,"Ice Cream":18,"Golden Egg":0,"Iron Core":0,"Magic Flower":1,"Bag of Preparation":6,"Bottled Tornado":17,"Burning Blood":2,"Replay:Rubber Ducky":19,"Nunchaku":22,"Chameleon Ring":6,"HornCleat":14,"WristBlade":0,"Mummified Hand":1,"DollysMirror":10,"Replay:Bronze Core":15,"Prayer Wheel":0,"Philosopher\u0027s Stone":10,"Chemical X":1,"Toxic Egg 2":0,"Cracked Core":0,"Replay:Bottled Steam":18,"Potion Belt":16,"Pen Nib":21,"Frozen Egg 2":17,"Question Card":0,"Akabeko":20,"WarpedTongs":1,"Peace Pipe":0,"Cauldron":17,"OrangePellets":21,"DataDisk":10,"Ornamental Fan":20,"Snecko Eye":7,"Snack Pack":11,"Garlic":12},{"Solar Panel":6,"Ice Cream":67,"Golden Egg":0,"Iron Core":0,"Magic Flower":3,"Bag of Preparation":19,"Bottled Tornado":64,"Burning Blood":6,"Replay:Rubber Ducky":70,"Nunchaku":83,"Chameleon Ring":19,"HornCleat":50,"WristBlade":0,"Mummified Hand":3,"DollysMirror":34,"Replay:Bronze Core":56,"Prayer Wheel":0,"Philosopher\u0027s Stone":34,"Chemical X":3,"Toxic Egg 2":0,"Cracked Core":0,"Replay:Bottled Steam":67,"Potion Belt":60,"Pen Nib":79,"Frozen Egg 2":64,"Question Card":0,"Akabeko":75,"WarpedTongs":3,"Peace Pipe":0,"Cauldron":64,"OrangePellets":79,"DataDisk":34,"Ornamental Fan":75,"Snecko Eye":26,"Snack Pack":38,"Garlic":42}]},"card_choices":[{"not_picked":["Rage+1","Headbutt","Barrage"],"picked":"Battle Trance+1","floor":2},{"not_picked":["Tempest+1","Barrage","Iron Wave"],"picked":"Ball Lightning","floor":2},{"not_picked":["Forethought","Replay:Sssssssssshield"],"picked":"Good Instincts","floor":5},{"not_picked":["Heavy Blade","Sunder","Bloodletting+1"],"picked":"Offering+1","floor":6},{"not_picked":["Heavy Blade","Cleave","Blind+1"],"picked":"WeaponsOverheat+1","floor":10},{"not_picked":["Purity+1","Sword Boomerang","Iron Wave","Sweeping Beam"],"picked":"SKIP","floor":10},{"not_picked":["Finesse+1","Turbo+1","Streamline"],"picked":"Coolheaded+1","floor":11},{"not_picked":["Warcry+1","Reboot+1","Armaments+1"],"picked":"Dual Wield+1","floor":11},{"not_picked":["ReplayTheSpireMod:Strike From Hell","Clash","Hemokinesis","Anger"],"picked":"SKIP","floor":12},{"not_picked":["ReplayTheSpireMod:GoodbyeWorld","BasicCrystalCard+1","Skim+1","Blood for Blood"],"picked":"SKIP","floor":12},{"not_picked":["Deep Breath+1","Thunderclap","Panic Button+1"],"picked":"FIFO Queue","floor":13},{"not_picked":["Machine Learning","Master of Strategy+1","Buffer"],"picked":"Electrodynamics","floor":16},{"not_picked":["Swift Strike","Cold Snap","Steam+1"],"picked":"Loop","floor":18},{"not_picked":["Darkness+1","Heavy Blade","Cold Snap"],"picked":"Skim+1","floor":18},{"not_picked":["Wild Strike","Headbutt","Pommel Strike"],"picked":"ReplayUltimateDefense","floor":20},{"not_picked":["Armaments+1","Time Bomb+1","Steam+1","Double Energy+1"],"picked":"SKIP","floor":20},{"not_picked":["Ball Lightning","Run Through+1","Pommel Strike"],"picked":"Shockwave+1","floor":21},{"not_picked":["ReplayTheSpireMod:GoodbyeWorld","Twin Strike","Iron Wave","Sever Soul+1"],"picked":"SKIP","floor":21},{"not_picked":["Headbutt","Body Slam","Pommel Strike"],"picked":"True Grit+1","floor":23},{"not_picked":["Run Through","Leap+1","Gash"],"picked":"Loop","floor":25},{"not_picked":["Steam+1","Secret Weapon+1","Replay:Bootleg Shield Generator+1","Body Slam"],"picked":"SKIP","floor":25},{"not_picked":["Pommel Strike","Purity+1","Anger"],"picked":"Power Through+1","floor":28},{"not_picked":["Pummel+1","Run Through","Rage+1"],"picked":"Sword Boomerang+1","floor":28},{"not_picked":["Chrysalis+1","Redo+1","Pommel Strike"],"picked":"Intimidate+1","floor":29},{"not_picked":["Impervious+1","Mayhem","Magnetism"],"picked":"ReplayUltimateDefense","floor":33},{"not_picked":["Leap+1","Cleave","Wild Strike"],"picked":"Survey Options+1","floor":35},{"not_picked":["Hemokinesis+1","Steam+1","FTL","Rupture"],"picked":"SKIP","floor":35},{"not_picked":["Run Through+1","Barrage","Redo+1"],"picked":"Finesse+1","floor":37},{"not_picked":["Blood for Blood+1","ReplayGash","Steam+1","Conserve Battery+1"],"picked":"SKIP","floor":37},{"not_picked":["Mirror Shield+1","Genetic Algorithm+1","ReplayReversal+1"],"picked":"Hologram+1","floor":41},{"not_picked":["Enlightenment+1","Body Slam","Mind Blast"],"picked":"Good Instincts+1","floor":44},{"not_picked":["Streamline+1","Doom and Gloom+1","Rampage","Rage+1"],"picked":"SKIP","floor":48},{"not_picked":["HandOfGreed","Headbutt+1","BasicCrystalCard+1","Sweeping Beam+1"],"picked":"SKIP","floor":56}],"player_experience":770795,"relics_obtained":[{"floor":9,"key":"Solar Panel"},{"floor":13,"key":"Bag of Preparation"},{"floor":14,"key":"Chameleon Ring"},{"floor":23,"key":"Snack Pack"},{"floor":26,"key":"Garlic"},{"floor":29,"key":"HornCleat"},{"floor":41,"key":"Replay:Bottled Steam"},{"floor":44,"key":"Replay:Rubber Ducky"},{"floor":48,"key":"Ornamental Fan"},{"floor":56,"key":"Nunchaku"}],"event_choices":[{"damage_healed":0,"gold_gain":0,"player_choice":"Rummage","damage_taken":0,"relics_obtained":["WarpedTongs"],"max_hp_gain":0,"max_hp_loss":0,"event_name":"Accursed Blacksmith","floor":4,"gold_loss":0,"cards_obtained":["Pain"]},{"damage_healed":0,"gold_gain":0,"cards_transformed":["Strike_B","Strike_B"],"player_choice":"Became Test Subject","damage_taken":0,"max_hp_gain":0,"max_hp_loss":0,"event_name":"Drug Dealer","floor":19,"gold_loss":0,"cards_obtained":["Lockon","Cold Snap"]},{"cards_removed":["Lockon"],"damage_healed":0,"gold_gain":0,"player_choice":"Purged","damage_taken":0,"max_hp_gain":0,"max_hp_loss":0,"event_name":"Purifier","floor":27,"gold_loss":0},{"damage_healed":0,"gold_gain":0,"player_choice":"Ignored","damage_taken":0,"max_hp_gain":0,"max_hp_loss":0,"event_name":"Tomb of Lord Red Mask","floor":49,"gold_loss":0}],"is_beta":true,"boss_relics":[{"not_picked":["Velvet Choker","Ectoplasm"],"picked":"Snecko Eye"},{"not_picked":["Runic Pyramid","Runic Dome"],"picked":"Replay:Bronze Core"}],"items_purged_floors":[3,22,38],"is_endless":false,"potions_floor_spawned":[2,11,18,25,28,37,44,48],"ascension_level":9}}