{"host":"jm45p5sme67dvpdw","time":1610143885,"event":{"mods":["BaseMod","Downfall","Friendly Minions","Hubris","Infinite Spire","Jorbs\u0027s Wanderer Trilogy","Kiyohime????","Koishi","Marisa????????","Minty Spire (QoL Compilation)","Prisma Mod","READ ME - Guardian Mod","READ ME - Snecko Mod","Remilia??????","Replay The Spire","Shop Mod","StSLib","Td1madao Mod","The Animator","The Bug Knight","The Construct","The Disciple","The Hierophant","The Jungle","The Necromancer","The Servant 0.9.4"],"gold_per_floor":[17,30,42,54,72,72,83,83,83,83,83,93,105,118,118,118,118],"floor_reached":16,"playtime":1276,"items_purged":[],"score":98,"play_id":"e657c3ab-3a34-4cc7-ae5d-f3cf7e1ac1a6","local_time":"20210109011125","is_ascension_mode":false,"campfire_choices":[{"floor":6,"key":"RECALL"},{"data":"Devotion","floor":10,"key":"SMITH"},{"floor":15,"key":"REST"}],"circlet_count":0,"master_deck":["Strike_P","Strike_P","Strike_P","Strike_P","Defend_P","Defend_P","Defend_P","Defend_P","Eruption","Vigilance","Devotion+1","EmptyFist","Prostrate","BowlingBash","JustLucky","CrushJoints","Replay:ManipulateFuture","Perseverance"],"relics":["PureWater"],"acts_visited":["Exordium"],"potions_floor_usage":[16],"damage_taken":[{"damage":7,"enemies":"Cultist","floor":1,"turns":5},{"damage":0,"enemies":"2 Louse","floor":2,"turns":4},{"damage":0,"enemies":"Small Slimes","floor":3,"turns":3},{"damage":7,"enemies":"Looter","floor":4,"turns":3},{"damage":0,"enemies":"2 Fungi Beasts","floor":5,"turns":3},{"damage":1,"enemies":"Gremlin Gang","floor":7,"turns":6},{"damage":0,"enemies":"Lots of Slimes","floor":12,"turns":6},{"damage":1,"enemies":"Red Slaver","floor":13,"turns":4},{"damage":7,"enemies":"Large Slime","floor":14,"turns":5},{"damage":70,"enemies":"Hexaghost","floor":16,"turns":9}],"seed_played":"2667426113446046884","potions_obtained":[{"floor":1,"key":"SkillPotion"},{"floor":5,"key":"Doom Potion"},{"floor":7,"key":"Elixir"}],"is_trial":false,"path_per_floor":["M","M","M","M","M","R","M","$","T","R","?","M","M","M","R","B"],"character_chosen":"WATCHER","items_purchased":[],"campfire_rested":1,"item_purchase_floors":[],"current_hp_per_floor":[65,65,65,58,58,58,57,57,57,57,57,57,56,49,70,0,0],"gold":118,"neow_bonus":"THREE_RARE_CARDS","is_daily":false,"chose_seed":false,"campfire_upgraded":1,"win_rate":0.0,"timestamp":1610143885,"path_taken":["M","M","M","M","M","R","M","?","T","R","?","M","M","M","R","BOSS"],"items_purchased_type":[],"build_version":"2020-12-22","purchased_purges":0,"victory":false,"max_hp_per_floor":[72,72,72,72,72,72,72,72,72,72,72,72,72,72,72,72,72],"card_choices":[{"not_picked":["Vault","MasterReality"],"picked":"Devotion","floor":0},{"not_picked":["Protect","FearNoEvil"],"picked":"EmptyFist","floor":1},{"not_picked":["Swivel","SignatureMove"],"picked":"Prostrate","floor":2},{"not_picked":["EmptyBody","Evaluate"],"picked":"BowlingBash","floor":3},{"not_picked":["Replay:Cycle","Replay:AtTheReady"],"picked":"JustLucky","floor":4},{"not_picked":["Nirvana","Replay:AtTheReady"],"picked":"CrushJoints","floor":5},{"not_picked":["Halt","LessonLearned"],"picked":"Replay:ManipulateFuture","floor":7},{"not_picked":["Collect","ThirdEye"],"picked":"Perseverance","floor":12},{"not_picked":["Meditate","FearNoEvil","ForeignInfluence"],"picked":"SKIP","floor":13},{"not_picked":["TalkToTheHand","InnerPeace","Sanctity"],"picked":"SKIP","floor":14}],"player_experience":197532,"relics_obtained":[],"event_choices":[],"is_beta":false,"boss_relics":[],"items_purged_floors":[],"is_endless":false,"potions_floor_spawned":[1,5,7,14],"killed_by":"Hexaghost","ascension_level":0}}