{"host":"dcj2yvrgcvh5dl2s","time":1610079747,"event":{"mods":["BaseMod","Better Note","Block Reminder","Colored Powertips","DeckTracker","Minty Spire (QoL Compilation)","Quick Restart","Rare Cards Sparkle","Relic Stats","StSLib"],"gold_per_floor":[110,110,110,285,45,72,0,34,34,34,34,34,50,71,71,202,202,223,3,3,3,3,3,46,46,46,46,385,410,426,426,426,547,547,563,36,51,51,64,107,107,141,166,209,209,225,0,100,100,100],"floor_reached":51,"playtime":2291,"items_purged":["Regret","Sucker Punch","Doubt"],"score":1150,"play_id":"0fff9af2-8a4f-44bd-8b3d-2d6c526b057b","local_time":"20210108142227","is_ascension_mode":true,"campfire_choices":[{"data":"Neutralize","floor":10,"key":"SMITH"},{"data":"Cloak And Dagger","floor":12,"key":"SMITH"},{"data":"Catalyst","floor":15,"key":"SMITH"},{"data":"RitualDagger","floor":23,"key":"SMITH"},{"floor":25,"key":"REST"},{"data":"Distraction","floor":32,"key":"SMITH"},{"data":"After Image","floor":41,"key":"SMITH"},{"floor":45,"key":"REST"},{"floor":49,"key":"REST"}],"circlet_count":0,"master_deck":["Survivor","Neutralize+1","Cloak And Dagger+1","Accuracy","Backflip","Catalyst+1","Catalyst","Footwork","Footwork","Blade Dance","Wraith Form v2","Bullet Time","Corpse Explosion","Doppelganger","Terror","Tools of the Trade","Deadly Poison","Wraith Form v2","Unload","Infinite Blades+1","Distraction+1","Slice","RitualDagger+1","Dodge and Roll+1","Slice","Slice","Slice","Bite","Bite","Bite","Bite","Bite","After Image+1","Deflect","Escape Plan+1","Slice+1","Deflect","Blade Dance","Storm of Steel","Accuracy+1"],"relics":["Ring of the Snake","NeowsBlessing","Meat on the Bone","FossilizedHelix","Omamori","Bird Faced Urn","Golden Idol","Pandora\u0027s Box","Sundial","Mummified Hand","Akabeko","Ice Cream","Old Coin","Runic Pyramid","Snake Skull","Paper Crane","Du-Vu Doll","Torii","Nunchaku","MealTicket","Red Mask"],"acts_visited":["Exordium","TheCity","TheBeyond"],"potions_floor_usage":[16,24,28,42,44,50,50],"damage_taken":[{"damage":0,"enemies":"Jaw Worm","floor":1,"turns":1},{"damage":0,"enemies":"Lagavulin","floor":6,"turns":1},{"damage":0,"enemies":"3 Sentries","floor":8,"turns":1},{"damage":0,"enemies":"2 Louse","floor":13,"turns":3},{"damage":0,"enemies":"Small Slimes","floor":14,"turns":4},{"damage":45,"enemies":"Slime Boss","floor":16,"turns":12},{"damage":34,"enemies":"Chosen","floor":18,"turns":6},{"damage":40,"enemies":"Gremlin Leader","floor":24,"turns":6},{"damage":28,"enemies":"Slavers","floor":28,"turns":3},{"damage":0,"enemies":"Spheric Guardian","floor":29,"turns":4},{"damage":6,"enemies":"3 Cultists","floor":30,"turns":3},{"damage":3,"enemies":"Champ","floor":33,"turns":9},{"damage":4,"enemies":"Orb Walker","floor":35,"turns":3},{"damage":0,"enemies":"3 Shapes","floor":37,"turns":5},{"damage":0,"enemies":"Transient","floor":39,"turns":5},{"damage":1,"enemies":"Giant Head","floor":40,"turns":7},{"damage":0,"enemies":"Reptomancer","floor":42,"turns":5},{"damage":25,"enemies":"Nemesis","floor":44,"turns":7},{"damage":17,"enemies":"Writhing Mass","floor":46,"turns":4},{"damage":64,"enemies":"Awakened One","floor":50,"turns":11}],"seed_played":"-141302132631609499","potions_obtained":[{"floor":1,"key":"DistilledChaos"},{"floor":6,"key":"Poison Potion"},{"floor":14,"key":"Regen Potion"},{"floor":24,"key":"FairyPotion"},{"floor":28,"key":"Weak Potion"},{"floor":39,"key":"Swift Potion"},{"floor":44,"key":"Explosive Potion"},{"floor":46,"key":"Energy Potion"}],"is_trial":false,"path_per_floor":["M","?","?","?","$","E","$","E","T","R","?","R","M","M","R","B",null,"M","$","?","T","?","R","E","R","T","$","E","M","M","?","R","B",null,"M","$","M","$","M","E","R","E","T","E","R","M","?","?","R","B",null],"character_chosen":"THE_SILENT","items_purchased":["Accuracy","Backflip","Catalyst","Footwork","Distraction","Slice","Snake Skull","Paper Crane"],"campfire_rested":3,"item_purchase_floors":[5,5,5,7,19,19,36,36],"current_hp_per_floor":[70,63,63,63,63,63,63,63,63,63,46,46,52,58,58,31,60,46,46,40,40,40,40,37,58,58,58,46,56,56,49,49,49,49,45,45,49,49,49,49,49,49,49,32,46,36,36,36,49,26],"gold":100,"neow_bonus":"THREE_ENEMY_KILL","is_daily":false,"chose_seed":false,"campfire_upgraded":6,"win_rate":0.0,"timestamp":1610079747,"path_taken":["M","?","?","?","$","E","$","E","T","R","?","R","?","M","R","BOSS","M","$","?","?","?","R","E","R","T","?","E","M","M","?","R","BOSS","M","$","M","$","M","E","R","E","T","E","R","M","?","?","R","BOSS"],"items_purchased_type":["Card","Card","Card","Card","Card","Card","Relic","Relic"],"build_version":"2020-12-22","purchased_purges":3,"victory":true,"max_hp_per_floor":[70,70,70,70,70,70,70,70,70,70,70,70,70,70,70,70,70,70,70,70,70,70,70,70,70,70,70,70,70,70,49,49,49,49,49,49,49,49,49,49,49,49,49,49,49,49,49,49,49,49],"relic_stats":{"Torii":2,"counters":[20,100],"Golden Idol":147,"Snake Skull":[24],"Nunchaku":[10],"Sundial":[4],"Mummified Hand":[79],"Bird Faced Urn":[76],"Pandora\u0027s Box":["Bullet Time","Corpse Explosion","Doppelganger","Sucker Punch","Terror","Tools of the Trade","Deadly Poison","Wraith Form v2","Unload"],"MealTicket":0,"obtain_stats":[{"Ice Cream":26,"NeowsBlessing":0,"Torii":42,"Golden Idol":11,"Snake Skull":36,"Omamori":8,"Paper Crane":36,"Akabeko":24,"Old Coin":28,"Du-Vu Doll":40,"Nunchaku":43,"Sundial":21,"Mummified Hand":22,"Bird Faced Urn":9,"Pandora\u0027s Box":17,"MealTicket":44,"Red Mask":47,"FossilizedHelix":6,"Ring of the Snake":0,"Meat on the Bone":3,"Runic Pyramid":34},{"Ice Cream":8,"NeowsBlessing":0,"Torii":17,"Golden Idol":3,"Snake Skull":13,"Omamori":3,"Paper Crane":13,"Akabeko":8,"Old Coin":9,"Du-Vu Doll":16,"Nunchaku":17,"Sundial":7,"Mummified Hand":7,"Bird Faced Urn":3,"Pandora\u0027s Box":6,"MealTicket":18,"Red Mask":19,"FossilizedHelix":2,"Ring of the Snake":0,"Meat on the Bone":1,"Runic Pyramid":12},{"Ice Cream":34,"NeowsBlessing":0,"Torii":78,"Golden Idol":3,"Snake Skull":56,"Omamori":3,"Paper Crane":56,"Akabeko":34,"Old Coin":37,"Du-Vu Doll":73,"Nunchaku":78,"Sundial":28,"Mummified Hand":28,"Bird Faced Urn":3,"Pandora\u0027s Box":22,"MealTicket":85,"Red Mask":89,"FossilizedHelix":2,"Ring of the Snake":0,"Meat on the Bone":1,"Runic Pyramid":53}],"Ring of the Snake":[40],"Meat on the Bone":60},"card_choices":[{"not_picked":["Escape Plan","Deflect"],"picked":"Cloak And Dagger","floor":1},{"not_picked":["Slice","Quick Slash"],"picked":"Catalyst","floor":6},{"not_picked":["Reflex","Distraction"],"picked":"Footwork","floor":8},{"not_picked":["Riddle With Holes","Eviscerate"],"picked":"Blade Dance","floor":13},{"not_picked":["Outmaneuver","Dagger Throw","Flying Knee"],"picked":"SKIP","floor":14},{"not_picked":["Night Terror","Venomology"],"picked":"Wraith Form v2","floor":16},{"not_picked":["Finisher+1","Outmaneuver"],"picked":"Infinite Blades+1","floor":18},{"not_picked":["Grand Finale","Bane"],"picked":"Dodge and Roll+1","floor":24},{"not_picked":["Bane","Underhanded Strike"],"picked":"Slice","floor":28},{"not_picked":["Heel Hook","Deflect"],"picked":"Slice","floor":29},{"not_picked":["Poisoned Stab+1","Setup"],"picked":"Slice","floor":30},{"not_picked":["Unload","Burst"],"picked":"After Image","floor":33},{"not_picked":["Dagger Throw","PiercingWail+1"],"picked":"Deflect","floor":35},{"not_picked":["Dagger Throw","Deflect"],"picked":"Escape Plan+1","floor":37},{"not_picked":["Sucker Punch","Dagger Throw"],"picked":"Slice+1","floor":39},{"not_picked":["Outmaneuver+1","Eviscerate"],"picked":"Deflect","floor":40},{"not_picked":["All Out Attack+1","Slice"],"picked":"Blade Dance","floor":42},{"not_picked":["Dagger Throw+1","Poisoned Stab"],"picked":"Storm of Steel","floor":44},{"not_picked":["Flechettes+1","Endless Agony+1"],"picked":"Accuracy+1","floor":46}],"player_experience":2236132,"relics_obtained":[{"floor":6,"key":"FossilizedHelix"},{"floor":8,"key":"Omamori"},{"floor":9,"key":"Bird Faced Urn"},{"floor":21,"key":"Sundial"},{"floor":24,"key":"Akabeko"},{"floor":26,"key":"Ice Cream"},{"floor":28,"key":"Old Coin"},{"floor":40,"key":"Du-Vu Doll"},{"floor":42,"key":"Torii"},{"floor":43,"key":"Nunchaku"},{"floor":44,"key":"MealTicket"}],"event_choices":[{"cards_removed":["Strike_G"],"damage_healed":0,"gold_gain":0,"player_choice":"Card Removal","damage_taken":7,"max_hp_gain":0,"max_hp_loss":0,"event_name":"Golden Wing","floor":2,"gold_loss":0},{"damage_healed":0,"gold_gain":0,"player_choice":"Box","damage_taken":0,"relics_obtained":["Meat on the Bone"],"max_hp_gain":0,"max_hp_loss":0,"event_name":"Big Fish","floor":3,"gold_loss":0,"cards_obtained":["Regret"]},{"damage_healed":0,"gold_gain":175,"player_choice":"AGREE","damage_taken":0,"max_hp_gain":0,"max_hp_loss":0,"event_name":"Liars Game","floor":4,"gold_loss":0,"cards_obtained":["Doubt"]},{"damage_healed":0,"gold_gain":0,"player_choice":"Take Damage","damage_taken":17,"relics_obtained":["Golden Idol"],"max_hp_gain":0,"max_hp_loss":0,"event_name":"Golden Idol","floor":11,"gold_loss":0},{"damage_healed":0,"gold_gain":0,"player_choice":"Joined the Cult","damage_taken":6,"max_hp_gain":0,"max_hp_loss":0,"event_name":"Nest","floor":20,"gold_loss":0,"cards_obtained":["RitualDagger"]},{"damage_healed":0,"gold_gain":0,"player_choice":"Stole Relic","damage_taken":0,"relics_obtained":["Mummified Hand"],"max_hp_gain":0,"max_hp_loss":0,"event_name":"Addict","floor":22,"gold_loss":0,"cards_obtained":["Shame"]},{"damage_healed":0,"gold_gain":0,"player_choice":"Became a vampire","damage_taken":0,"max_hp_gain":0,"max_hp_loss":21,"event_name":"Vampires","floor":31,"gold_loss":0,"cards_obtained":["Bite","Bite","Bite","Bite","Bite"]},{"damage_healed":0,"gold_gain":0,"player_choice":"Paid","damage_taken":0,"relics_obtained":["Red Mask"],"max_hp_gain":0,"max_hp_loss":0,"event_name":"Tomb of Lord Red Mask","floor":47,"gold_loss":225},{"damage_healed":0,"gold_gain":100,"player_choice":"Pray","damage_taken":0,"max_hp_gain":0,"max_hp_loss":0,"event_name":"Golden Shrine","floor":48,"gold_loss":0}],"is_beta":false,"boss_relics":[{"not_picked":["SacredBark","Ring of the Serpent"],"picked":"Pandora\u0027s Box"},{"not_picked":["Velvet Choker","Tiny House"],"picked":"Runic Pyramid"}],"items_purged_floors":[5,19,36],"is_endless":false,"potions_floor_spawned":[1,6,14,24,28,39,40,44,46],"ascension_level":5}}