{"host":"11728qvdvolffudn","time":1610108012,"event":{"mods":["BaseMod","Block Reminder","Colored Powertips","Curses Come First","Custom Start","Displayed Cursed Tome","Highlight Path","Minty Spire (QoL Compilation)","Permanent Neow","Quick Restart","Rare Cards Sparkle","Relic Stats","StSLib"],"gold_per_floor":[118,129,129,304,323,323,381,381,432,41,41,61,74,5,5,105,105,116,116,126,225,225,225,256,256,256,273,273,292,292,392,392,491,491,506,506,524,257,271,271,321,331,331,331,331,348,348,364,364,364,364],"floor_reached":50,"playtime":4074,"items_purged":["Doubt"],"score":525,"play_id":"a3677d3c-7cc4-4764-8ef0-650f782b9155","local_time":"20210108121332","is_ascension_mode":false,"campfire_choices":[{"data":"Chill","floor":6,"key":"SMITH"},{"data":"Zap","floor":8,"key":"SMITH"},{"data":"Defragment","floor":15,"key":"SMITH"},{"data":"Bite","floor":23,"key":"SMITH"},{"floor":25,"key":"REST"},{"data":"Rainbow","floor":28,"key":"SMITH"},{"data":"Biased Cognition","floor":30,"key":"SMITH"},{"floor":32,"key":"REST"},{"data":"Biased Cognition","floor":40,"key":"SMITH"},{"data":"Bite","floor":44,"key":"SMITH"},{"floor":47,"key":"REST"},{"data":"Chaos","floor":49,"key":"SMITH"}],"circlet_count":0,"master_deck":["Defend_B","Defend_B","Defend_B","Defend_B","Zap+1","Dualcast","Darkness","Chill+1","Beam Cell","Defragment+1","Chaos+1","Dramatic Entrance","Self Repair","Beam Cell","Self Repair","Go for the Eyes+1","Bite+1","Bite","Bite+1","Bite","Bite","BootSequence","Biased Cognition+1","Go for the Eyes","White Noise+1","Biased Cognition+1","Fusion+1","Capacitor+1","Gash","Parasite","Coolheaded","Redo","Redo","Go for the Eyes","BootSequence"],"relics":["Cracked Core","Thread and Needle","Shuriken","Mercury Hourglass","Lantern","Oddly Smooth Stone","Nuclear Battery","Regal Pillow","Letter Opener","CaptainsWheel","Kunai","Black Star","Pen Nib","Ginger","Prayer Wheel"],"acts_visited":["Exordium","TheCity","TheBeyond"],"potions_floor_usage":[7,7,16,42,50,50],"damage_taken":[{"damage":0,"enemies":"Cultist","floor":1,"turns":4},{"damage":0,"enemies":"2 Louse","floor":2,"turns":3},{"damage":0,"enemies":"Small Slimes","floor":5,"turns":3},{"damage":8,"enemies":"Lagavulin Event","floor":7,"turns":6},{"damage":0,"enemies":"Looter","floor":12,"turns":2},{"damage":0,"enemies":"Blue Slaver","floor":13,"turns":3},{"damage":39,"enemies":"The Guardian","floor":16,"turns":7},{"damage":2,"enemies":"Chosen","floor":18,"turns":4},{"damage":3,"enemies":"3 Byrds","floor":20,"turns":4},{"damage":53,"enemies":"Slavers","floor":24,"turns":6},{"damage":0,"enemies":"Centurion and Healer","floor":27,"turns":6},{"damage":6,"enemies":"Snecko","floor":29,"turns":5},{"damage":6,"enemies":"Colosseum Slavers","floor":31,"turns":4},{"damage":42,"enemies":"Colosseum Nobs","floor":31,"turns":6},{"damage":52,"enemies":"Collector","floor":33,"turns":12},{"damage":3,"enemies":"3 Darklings","floor":35,"turns":5},{"damage":0,"enemies":"3 Shapes","floor":37,"turns":3},{"damage":51,"enemies":"Writhing Mass","floor":39,"turns":9},{"damage":0,"enemies":"Mind Bloom Boss Battle","floor":41,"turns":5},{"damage":23,"enemies":"Transient","floor":42,"turns":5},{"damage":29,"enemies":"4 Shapes","floor":46,"turns":6},{"damage":0,"enemies":"Maw","floor":48,"turns":7},{"damage":66,"enemies":"Donu and Deca","floor":50,"turns":7}],"seed_played":"5404242174559164925","potions_obtained":[{"floor":1,"key":"ColorlessPotion"},{"floor":2,"key":"LiquidBronze"},{"floor":5,"key":"FocusPotion"},{"floor":7,"key":"GamblersBrew"},{"floor":16,"key":"FearPotion"},{"floor":18,"key":"CultistPotion"},{"floor":27,"key":"PowerPotion"},{"floor":33,"key":"SpeedPotion"},{"floor":39,"key":"Strength Potion"},{"floor":41,"key":"Strength Potion"}],"is_trial":false,"path_per_floor":["M","M","T","?","M","R","?","R","T","$","?","M","M","$","R","B",null,"M","$","M","?","?","R","E","R","T","M","R","M","R","?","R","B",null,"M","?","M","$","M","R","?","M","T","R","?","M","R","M","R","B"],"character_chosen":"DEFECT","items_purchased":["Oddly Smooth Stone","Defragment","Chaos","Dramatic Entrance","Self Repair","Gash","Pen Nib"],"campfire_rested":3,"item_purchase_floors":[10,10,10,10,14,38,38],"current_hp_per_floor":[68,68,68,68,68,68,60,60,60,60,65,65,72,72,72,40,73,73,73,73,73,51,51,12,42,42,51,51,51,51,22,51,35,51,51,51,51,51,24,24,47,42,42,42,42,27,51,51,51,0,0],"gold":364,"neow_bonus":"ONE_RARE_RELIC","is_daily":false,"chose_seed":false,"campfire_upgraded":9,"win_rate":0.0,"timestamp":1610108012,"path_taken":["M","M","?","?","M","R","?","R","T","$","?","M","M","?","R","BOSS","M","$","M","?","?","R","E","R","T","M","R","M","R","?","R","BOSS","M","?","?","$","M","R","?","M","T","R","?","M","R","M","R","BOSS"],"items_purchased_type":["Relic","Card","Card","Card","Card","Card","Relic"],"build_version":"2020-12-22","purchased_purges":1,"victory":false,"max_hp_per_floor":[68,68,68,68,68,68,68,68,68,68,73,73,73,73,73,73,73,73,73,73,73,51,51,51,51,51,51,51,51,51,51,51,51,51,51,51,51,51,51,51,51,51,51,51,51,51,51,51,51,51,51],"relic_stats":{"Regal Pillow":38,"counters":[23,122],"Shuriken":[18],"Prayer Wheel":2,"Pen Nib":[6],"Black Star":0,"Letter Opener":[170],"Kunai":[11],"Ginger":[3],"obtain_stats":[{"Lantern":9,"Regal Pillow":24,"Oddly Smooth Stone":10,"Thread and Needle":0,"Pen Nib":38,"Letter Opener":26,"Ginger":41,"Mercury Hourglass":7,"Nuclear Battery":17,"CaptainsWheel":31,"Shuriken":3,"Prayer Wheel":43,"Black Star":34,"Kunai":31,"Cracked Core":0},{"Lantern":4,"Regal Pillow":10,"Oddly Smooth Stone":4,"Thread and Needle":0,"Pen Nib":17,"Letter Opener":10,"Ginger":19,"Mercury Hourglass":3,"Nuclear Battery":7,"CaptainsWheel":14,"Shuriken":2,"Prayer Wheel":20,"Black Star":15,"Kunai":14,"Cracked Core":0},{"Lantern":16,"Regal Pillow":42,"Oddly Smooth Stone":16,"Thread and Needle":0,"Pen Nib":83,"Letter Opener":42,"Ginger":97,"Mercury Hourglass":10,"Nuclear Battery":28,"CaptainsWheel":63,"Shuriken":7,"Prayer Wheel":102,"Black Star":75,"Kunai":63,"Cracked Core":0}],"Mercury Hourglass":[517]},"card_choices":[{"not_picked":["Beam Cell","Coolheaded"],"picked":"Darkness","floor":1},{"not_picked":["Double Energy","Doom and Gloom","Rebound"],"picked":"SKIP","floor":2},{"not_picked":["Hologram","Redo"],"picked":"Chill","floor":5},{"not_picked":["Loop","Fission"],"picked":"Beam Cell","floor":7},{"not_picked":["Redo","Cold Snap"],"picked":"Self Repair","floor":12},{"not_picked":["Sunder","Static Discharge"],"picked":"Beam Cell","floor":13},{"not_picked":["All For One","Electrodynamics"],"picked":"Rainbow","floor":16},{"not_picked":["Turbo","Sunder","Cold Snap"],"picked":"SKIP","floor":18},{"not_picked":["Cold Snap","Chill"],"picked":"Go for the Eyes+1","floor":20},{"not_picked":["Redo","Coolheaded"],"picked":"BootSequence","floor":24},{"not_picked":["Tempest","Conserve Battery"],"picked":"Biased Cognition","floor":27},{"not_picked":["Hologram","Rebound"],"picked":"Go for the Eyes","floor":29},{"not_picked":["Darkness+1","Cold Snap+1"],"picked":"White Noise+1","floor":31},{"not_picked":["Amplify","Creative AI"],"picked":"Biased Cognition","floor":33},{"not_picked":["Cold Snap+1","Hologram"],"picked":"Fusion+1","floor":35},{"not_picked":["Beam Cell","Steam Power"],"picked":"Capacitor+1","floor":37},{"not_picked":["Tempest","Barrage","Hello World+1"],"picked":"SKIP","floor":39},{"not_picked":["Fusion+1","Sweeping Beam"],"picked":"Coolheaded","floor":41},{"not_picked":["Aggregate","Sweeping Beam"],"picked":"Redo","floor":42},{"not_picked":["Gash+1","Heatsinks"],"picked":"Redo","floor":46},{"not_picked":["Lockon","Double Energy","Steam+1"],"picked":"SKIP","floor":46},{"not_picked":["Compile Driver","Melter"],"picked":"Go for the Eyes","floor":48},{"not_picked":["Leap+1","Self Repair"],"picked":"BootSequence","floor":48}],"player_experience":88091,"relics_obtained":[{"floor":3,"key":"Shuriken"},{"floor":9,"key":"Lantern"},{"floor":24,"key":"Regal Pillow"},{"floor":26,"key":"Letter Opener"},{"floor":31,"key":"CaptainsWheel"},{"floor":31,"key":"Kunai"},{"floor":41,"key":"Ginger"},{"floor":43,"key":"Prayer Wheel"}],"event_choices":[{"damage_healed":0,"gold_gain":175,"player_choice":"AGREE","damage_taken":0,"max_hp_gain":0,"max_hp_loss":0,"event_name":"Liars Game","floor":4,"gold_loss":0,"cards_obtained":["Doubt"]},{"damage_healed":0,"gold_gain":0,"player_choice":"Searched \u00272\u0027 times","damage_taken":0,"relics_obtained":["Mercury Hourglass"],"max_hp_gain":0,"max_hp_loss":0,"event_name":"Dead Adventurer","floor":7,"gold_loss":0},{"damage_healed":0,"gold_gain":0,"player_choice":"Donut","damage_taken":0,"max_hp_gain":5,"max_hp_loss":0,"event_name":"Big Fish","floor":11,"gold_loss":0},{"damage_healed":0,"gold_gain":99,"player_choice":"Stole From Cult","damage_taken":0,"max_hp_gain":0,"max_hp_loss":0,"event_name":"Nest","floor":21,"gold_loss":0},{"damage_healed":0,"gold_gain":0,"player_choice":"Became a vampire","damage_taken":0,"max_hp_gain":0,"max_hp_loss":22,"event_name":"Vampires","floor":22,"gold_loss":0,"cards_obtained":["Bite","Bite","Bite","Bite","Bite"]},{"damage_healed":0,"gold_gain":0,"player_choice":"Fight","damage_taken":0,"max_hp_gain":0,"max_hp_loss":0,"event_name":"Colosseum","floor":31,"gold_loss":0},{"damage_healed":0,"gold_gain":0,"player_choice":"Fought Nobs","damage_taken":0,"max_hp_gain":0,"max_hp_loss":0,"event_name":"Colosseum","floor":31,"gold_loss":0},{"cards_removed":["Rainbow"],"damage_healed":0,"gold_gain":0,"player_choice":"Purged","damage_taken":0,"max_hp_gain":0,"max_hp_loss":0,"event_name":"Purifier","floor":36,"gold_loss":0},{"damage_healed":0,"gold_gain":0,"player_choice":"Fight","damage_taken":0,"max_hp_gain":0,"max_hp_loss":0,"event_name":"MindBloom","floor":41,"gold_loss":0},{"cards_removed":["Strike_R"],"damage_healed":0,"gold_gain":0,"player_choice":"Took Card","damage_taken":0,"max_hp_gain":0,"max_hp_loss":0,"event_name":"NoteForYourself","floor":45,"gold_loss":0,"cards_obtained":["Strike_R"]}],"is_beta":false,"boss_relics":[{"not_picked":["Pandora\u0027s Box","Sozu"],"picked":"Nuclear Battery"},{"not_picked":["Runic Dome","Coffee Dripper"],"picked":"Black Star"}],"items_purged_floors":[38],"is_endless":false,"potions_floor_spawned":[1,2,5,7,16,18,27,29,33,37,39,41],"killed_by":"Donu and Deca","ascension_level":0}}