{"host":"p1xsuo25udtrkbq2","time":1610089848,"event":{"mods":["BaseMod","Colored Map","Highlight Path","Minty Spire (QoL Compilation)","Rare Cards Sparkle","Relic Stats","Slay the Relics Exporter","StSLib","everything is the same but u backflip on backflip"],"gold_per_floor":[111,111,121,0,17,17,47,62,86,97,114,143,143,174,174,272,272,285,166,182,195,195,221,233,1,70,102,102,102,116,145,145,250,250,266,284,66,66,85,113,113,15,15,15,44,59,20,54,54,54,54,54,4,35,35],"floor_reached":56,"playtime":11793,"items_purged":["Strike_R","Strike_R","Strike_R","Parasite"],"score":2041,"play_id":"c6a876ec-16f6-462e-a054-d502eb80a65f","local_time":"20210108021048","is_ascension_mode":true,"campfire_choices":[{"data":"Whirlwind","floor":6.0,"key":"SMITH"},{"data":"Offering","floor":13.0,"key":"SMITH"},{"data":"Flex","floor":15.0,"key":"SMITH"},{"data":"Burning Pact","floor":24.0,"key":"SMITH"},{"data":"Barricade","floor":32.0,"key":"SMITH"},{"floor":41.0,"key":"REST"},{"floor":44.0,"key":"RECALL"},{"floor":49.0,"key":"REST"},{"floor":52.0,"key":"REST"}],"circlet_count":0,"master_deck":["AscendersBane","Defend_R","Defend_R","Defend_R","Defend_R","Bash","Apotheosis+1","Whirlwind+1","Bloodletting","Shrug It Off","Burning Pact+1","Flex+1","Seeing Red","Flame Barrier","Offering+1","Impervious","Disarm","Seeing Red","Feel No Pain","Ghostly","Ghostly","Ghostly","Ghostly","Ghostly","Body Slam+1","Anger","Flex","Barricade+1","Offering","Chrysalis","Sword Boomerang","True Grit","Headbutt","Hemokinesis","Body Slam","Rupture"],"relics":["Burning Blood","Blood Vial","Smiling Mask","Regal Pillow","Turnip","Empty Cage","MawBank","Bottled Lightning","HornCleat","Anchor","Unceasing Top","Runic Pyramid","Boot","Pen Nib","Bag of Marbles","Bag of Preparation"],"acts_visited":["Exordium","TheCity","TheBeyond","TheEnding"],"potions_floor_usage":[55,55],"damage_taken":[{"damage":0.0,"enemies":"2 Louse","floor":1.0,"turns":4.0},{"damage":6.0,"enemies":"Cultist","floor":3.0,"turns":3.0},{"damage":0.0,"enemies":"Small Slimes","floor":5.0,"turns":4.0},{"damage":15.0,"enemies":"Lagavulin","floor":7.0,"turns":4.0},{"damage":3.0,"enemies":"2 Fungi Beasts","floor":8.0,"turns":3.0},{"damage":2.0,"enemies":"3 Louse","floor":10.0,"turns":2.0},{"damage":9.0,"enemies":"Exordium Thugs","floor":11.0,"turns":5.0},{"damage":16.0,"enemies":"Gremlin Nob","floor":12.0,"turns":3.0},{"damage":8.0,"enemies":"3 Sentries","floor":14.0,"turns":2.0},{"damage":12.0,"enemies":"Slime Boss","floor":16.0,"turns":3.0},{"damage":18.0,"enemies":"Shell Parasite","floor":18.0,"turns":4.0},{"damage":0.0,"enemies":"3 Byrds","floor":20.0,"turns":4.0},{"damage":9.0,"enemies":"Snake Plant","floor":21.0,"turns":3.0},{"damage":1.0,"enemies":"Gremlin Leader","floor":23.0,"turns":6.0},{"damage":5.0,"enemies":"Slavers","floor":27.0,"turns":9.0},{"damage":3.0,"enemies":"Shelled Parasite and Fungi","floor":30.0,"turns":4.0},{"damage":2.0,"enemies":"Gremlin Leader","floor":31.0,"turns":8.0},{"damage":6.0,"enemies":"Champ","floor":33.0,"turns":13.0},{"damage":15.0,"enemies":"3 Shapes","floor":35.0,"turns":9.0},{"damage":1.0,"enemies":"3 Darklings","floor":36.0,"turns":2.0},{"damage":7.0,"enemies":"Writhing Mass","floor":39.0,"turns":6.0},{"damage":8.0,"enemies":"Reptomancer","floor":40.0,"turns":10.0},{"damage":9.0,"enemies":"Giant Head","floor":45.0,"turns":6.0},{"damage":1.0,"enemies":"4 Shapes","floor":46.0,"turns":3.0},{"damage":12.0,"enemies":"Reptomancer","floor":48.0,"turns":5.0},{"damage":11.0,"enemies":"Time Eater","floor":50.0,"turns":9.0},{"damage":6.0,"enemies":"Shield and Spear","floor":54.0,"turns":8.0},{"damage":26,"enemies":"The Heart","floor":55,"turns":12}],"seed_played":"-1997849294158238298","potions_obtained":[{"floor":1.0,"key":"CultistPotion"},{"floor":3.0,"key":"Dexterity Potion"},{"floor":11.0,"key":"AttackPotion"},{"floor":12.0,"key":"SteroidPotion"},{"floor":20.0,"key":"SkillPotion"},{"floor":27.0,"key":"GamblersBrew"},{"floor":30.0,"key":"EntropicBrew"},{"floor":36.0,"key":"Strength Potion"},{"floor":40.0,"key":"ElixirPotion"},{"floor":45.0,"key":"BloodPotion"},{"floor":54.0,"key":"PowerPotion"}],"is_trial":false,"path_per_floor":["M","?","M","$","M","R","E","M","T","M","M","E","R","E","R","B",null,"M","$","M","M","?","E","R","$","T","E","?","?","M","E","R","B",null,"M","M","$","?","M","E","R","$","T","R","E","M","$","E","R","B",null,"R","$","E","B",null],"character_chosen":"IRONCLAD","items_purchased":["Shrug It Off","Seeing Red","Bottled Lightning","Chrysalis","Sword Boomerang","True Grit","Hemokinesis"],"campfire_rested":3,"item_purchase_floors":[4,19,25,37,42,42,47],"current_hp_per_floor":[72,72,72,72,72,72,63,68,68,72,69,61,61,61,61,57,68,58,58,66,65,36,36,36,36,36,36,36,36,36,36,36,36,36,27,34,34,34,35,34,36,36,36,36,33,36,36,30,36,31,35,36,33,33,19],"gold":35,"neow_bonus":"RANDOM_COLORLESS_2","is_daily":false,"chose_seed":false,"campfire_upgraded":5,"win_rate":0.0,"timestamp":1610089848,"path_taken":["M","?","M","$","M","R","E","M","T","?","M","E","R","E","R","BOSS","M","?","M","M","?","E","R","$","T","E","?","?","M","E","R","BOSS","M","M","$","?","M","E","R","?","T","R","E","?","$","E","R","BOSS","R","$","E","BOSS"],"items_purchased_type":["Card","Card","Relic","Card","Card","Card","Card"],"build_version":"2020-12-22","purchased_purges":4,"victory":true,"max_hp_per_floor":[72,72,72,72,72,72,72,72,72,72,72,72,72,72,72,72,72,72,72,72,72,36,36,36,36,36,36,36,36,36,36,36,36,36,36,36,36,36,36,36,36,36,36,36,36,36,36,36,36,36,36,36,33,33,33],"relic_stats":{"Blood Vial":23,"Regal Pillow":0,"counters":[28,154],"Turnip":[12],"Pen Nib":[4],"Bag of Preparation":[2],"Smiling Mask":225,"MawBank":24,"Boot":[13],"obtain_stats":[{"Regal Pillow":12,"Pen Nib":45,"Bag of Preparation":54,"Smiling Mask":9,"Empty Cage":17,"MawBank":23,"Boot":40,"Burning Blood":0,"Blood Vial":7,"Anchor":27,"HornCleat":26,"Turnip":14,"Bag of Marbles":48,"Bottled Lightning":25,"Unceasing Top":31,"Runic Pyramid":34},{"Regal Pillow":8,"Pen Nib":23,"Bag of Preparation":27,"Smiling Mask":5,"Empty Cage":10,"MawBank":14,"Boot":22,"Burning Blood":0,"Blood Vial":4,"Anchor":15,"HornCleat":14,"Turnip":9,"Bag of Marbles":25,"Bottled Lightning":14,"Unceasing Top":17,"Runic Pyramid":18},{"Regal Pillow":28,"Pen Nib":117,"Bag of Preparation":142,"Smiling Mask":18,"Empty Cage":33,"MawBank":50,"Boot":111,"Burning Blood":0,"Blood Vial":15,"Anchor":59,"HornCleat":50,"Turnip":30,"Bag of Marbles":125,"Bottled Lightning":50,"Unceasing Top":71,"Runic Pyramid":84}],"Burning Blood":137,"Unceasing Top":[3]},"card_choices":[{"not_picked":["Violence","Panache"],"picked":"Apotheosis","floor":0.0},{"not_picked":["Carnage","Perfected Strike"],"picked":"Whirlwind","floor":1.0},{"not_picked":["Armaments","Twin Strike"],"picked":"Bloodletting","floor":3.0},{"not_picked":["Heavy Blade","Carnage"],"picked":"Burning Pact","floor":5.0},{"not_picked":["Ghostly Armor","Wild Strike"],"picked":"Flex","floor":7.0},{"not_picked":["Sword Boomerang","Burning Pact"],"picked":"Seeing Red","floor":8.0},{"not_picked":["Anger","Body Slam"],"picked":"Flame Barrier","floor":10.0},{"not_picked":["Cleave","Warcry"],"picked":"Pommel Strike","floor":11.0},{"not_picked":["Wild Strike","Hemokinesis"],"picked":"Offering","floor":12.0},{"not_picked":["Body Slam","Clash","Pommel Strike"],"picked":"SKIP","floor":14.0},{"not_picked":["Fiend Fire","Berserk"],"picked":"Impervious","floor":16.0},{"not_picked":["Clash","Clothesline+1"],"picked":"Disarm","floor":18.0},{"not_picked":["Searing Blow","Anger"],"picked":"Feel No Pain","floor":20.0},{"not_picked":["Dropkick","Cleave","Blood for Blood"],"picked":"SKIP","floor":21.0},{"not_picked":["Anger","Combust"],"picked":"Body Slam+1","floor":23.0},{"not_picked":["Juggernaut","Heavy Blade","Armaments"],"picked":"SKIP","floor":27.0},{"not_picked":["Flame Barrier","Clash"],"picked":"Flex","floor":30.0},{"not_picked":["Twin Strike","Pummel"],"picked":"Barricade","floor":31.0},{"not_picked":["Exhume","Reaper"],"picked":"Offering","floor":33.0},{"not_picked":["Warcry","Clash","Flame Barrier"],"picked":"SKIP","floor":35.0},{"not_picked":["Second Wind+1","Iron Wave","Fire Breathing"],"picked":"SKIP","floor":39.0},{"not_picked":["Pommel Strike","Bloodletting","Limit Break"],"picked":"SKIP","floor":40.0},{"not_picked":["Dual Wield","Seeing Red","Thunderclap"],"picked":"SKIP","floor":45.0},{"not_picked":["Bloodletting","Armaments"],"picked":"Headbutt","floor":46.0},{"not_picked":["Havoc","Feel No Pain"],"picked":"Body Slam","floor":48.0},{"not_picked":["True Grit","Clothesline+1"],"picked":"Rupture","floor":54.0}],"player_experience":865790,"relics_obtained":[{"floor":7.0,"key":"Blood Vial"},{"floor":9.0,"key":"Smiling Mask"},{"floor":12.0,"key":"Regal Pillow"},{"floor":14.0,"key":"Turnip"},{"floor":23.0,"key":"MawBank"},{"floor":26.0,"key":"HornCleat"},{"floor":27.0,"key":"Anchor"},{"floor":31.0,"key":"Unceasing Top"},{"floor":40.0,"key":"Boot"},{"floor":45.0,"key":"Pen Nib"},{"floor":48.0,"key":"Bag of Marbles"},{"floor":54.0,"key":"Bag of Preparation"}],"event_choices":[{"damage_healed":0.0,"max_hp_gain":0.0,"max_hp_loss":0.0,"gold_gain":0.0,"event_name":"Upgrade Shrine","player_choice":"Upgraded","floor":2.0,"gold_loss":0.0,"damage_taken":0.0,"cards_upgraded":["Apotheosis"]},{"damage_healed":0.0,"max_hp_gain":0.0,"max_hp_loss":36.0,"gold_gain":0.0,"event_name":"Ghosts","player_choice":"Became a Ghost","floor":22.0,"gold_loss":0.0,"damage_taken":0.0,"cards_obtained":["Ghostly","Ghostly","Ghostly","Ghostly","Ghostly"]},{"damage_healed":0.0,"max_hp_gain":0.0,"max_hp_loss":0.0,"gold_gain":0.0,"event_name":"Vampires","player_choice":"Ignored","floor":28.0,"gold_loss":0.0,"damage_taken":0.0},{"damage_healed":0.0,"max_hp_gain":0.0,"max_hp_loss":0.0,"gold_gain":0.0,"event_name":"The Library","player_choice":"Read","floor":29.0,"gold_loss":0.0,"damage_taken":0.0,"cards_obtained":["Anger"]},{"cards_removed":["Pommel Strike"],"damage_healed":0.0,"max_hp_gain":0.0,"max_hp_loss":0.0,"gold_gain":0.0,"event_name":"Purifier","player_choice":"Purged","floor":38.0,"gold_loss":0.0,"damage_taken":0.0}],"is_beta":false,"boss_relics":[{"not_picked":["Mark of Pain","Calling Bell"],"picked":"Empty Cage"},{"not_picked":["SacredBark","Runic Dome"],"picked":"Runic Pyramid"}],"items_purged_floors":[4,19,37,53],"is_endless":false,"potions_floor_spawned":[1,3,8,11,12,14,20,27,30,36,40,45,54],"ascension_level":12}}