{"host":"qdfumeom6htv8yxl","time":1610123996,"event":{"mods":["AchievementEnabler","BaseMod","Bestiary","Block Reminder","Minty Spire (QoL Compilation)","Quick Restart","Relic Stats"],"gold_per_floor":[111,129,185,18,31,31,31,42,42,42,42,42,58,58,58,131,131,146,157,157,34,53,53,67,67,67],"floor_reached":25,"playtime":976,"items_purged":["Strike_G"],"score":386,"play_id":"bffdf727-fc35-4990-8cd2-6aa09eec16a4","local_time":"20210108103956","is_ascension_mode":true,"campfire_choices":[{"data":"Cloak And Dagger","floor":6,"key":"SMITH"},{"floor":10,"key":"REST"},{"floor":12,"key":"REST"},{"data":"Bouncing Flask","floor":15,"key":"SMITH"},{"floor":23,"key":"REST"}],"circlet_count":0,"master_deck":["AscendersBane","Strike_G","Strike_G","Strike_G","Defend_G","Defend_G","Defend_G","Defend_G","Defend_G","Survivor","Neutralize","Accuracy+1","Backstab","Sucker Punch","Underhanded Strike","Bouncing Flask+1","Cloak And Dagger+1","Dash","Escape Plan","Glass Knife","CurseOfTheBell","Footwork+1","Underhanded Strike+1","Catalyst","Bouncing Flask","Blur","Underhanded Strike+1"],"relics":["Ring of the Snake","Orichalcum","Calling Bell","Bronze Scales","Molten Egg 2","The Specimen"],"acts_visited":["Exordium","TheCity"],"potions_floor_usage":[16,18],"damage_taken":[{"damage":4,"enemies":"Jaw Worm","floor":1,"turns":8},{"damage":6,"enemies":"2 Louse","floor":2,"turns":3},{"damage":1,"enemies":"Small Slimes","floor":5,"turns":5},{"damage":32,"enemies":"Exordium Thugs","floor":8,"turns":5},{"damage":2,"enemies":"Blue Slaver","floor":13,"turns":3},{"damage":35,"enemies":"The Guardian","floor":16,"turns":10},{"damage":16,"enemies":"2 Thieves","floor":18,"turns":4},{"damage":3,"enemies":"3 Byrds","floor":19,"turns":3},{"damage":38,"enemies":"Shelled Parasite and Fungi","floor":22,"turns":8},{"damage":24,"enemies":"Sentry and Sphere","floor":24,"turns":5},{"damage":24,"enemies":"Cultist and Chosen","floor":25,"turns":3}],"seed_played":"5438705810772419169","potions_obtained":[{"floor":8,"key":"FearPotion"},{"floor":13,"key":"Fruit Juice"},{"floor":16,"key":"Block Potion"},{"floor":18,"key":"Strength Potion"},{"floor":19,"key":"FairyPotion"}],"is_trial":false,"path_per_floor":["M","M","?","$","M","R","?","M","T","R","?","R","M","?","R","B",null,"M","M","?","$","M","R","M","M"],"character_chosen":"THE_SILENT","items_purchased":["Underhanded Strike","Bouncing Flask","Catalyst","Bouncing Flask"],"campfire_rested":3,"item_purchase_floors":[4,4,21,21],"current_hp_per_floor":[55,49,49,49,48,48,48,16,16,35,35,54,52,66,66,36,62,46,43,43,43,5,26,2,0,0],"gold":67,"neow_bonus":"THREE_CARDS","is_daily":false,"chose_seed":false,"campfire_upgraded":2,"win_rate":0.0,"timestamp":1610123996,"path_taken":["M","M","?","$","M","R","?","M","T","R","?","R","?","?","R","BOSS","M","?","?","$","M","R","M","M"],"items_purchased_type":["Card","Card","Card","Card"],"build_version":"2020-12-22","purchased_purges":1,"victory":false,"max_hp_per_floor":[66,66,66,66,66,66,66,66,66,66,66,66,66,66,66,71,71,71,71,71,71,71,71,71,71,71],"relic_stats":{"counters":[11,57],"Bronze Scales":[117],"Orichalcum":[42],"obtain_stats":[{"Calling Bell":17,"The Specimen":17,"Bronze Scales":17,"Molten Egg 2":17,"Orichalcum":9,"Ring of the Snake":0},{"Calling Bell":6,"The Specimen":6,"Bronze Scales":6,"Molten Egg 2":6,"Orichalcum":4,"Ring of the Snake":0},{"Calling Bell":34,"The Specimen":34,"Bronze Scales":34,"Molten Egg 2":34,"Orichalcum":21,"Ring of the Snake":0}],"Ring of the Snake":[22]},"card_choices":[{"not_picked":["Slice","Well Laid Plans"],"picked":"Accuracy","floor":0},{"not_picked":["PiercingWail","Reflex"],"picked":"Backstab","floor":1},{"not_picked":["PiercingWail","Deadly Poison"],"picked":"Sucker Punch","floor":2},{"not_picked":["Blur","Bane"],"picked":"Cloak And Dagger","floor":5},{"not_picked":["Setup","Bouncing Flask"],"picked":"Dash","floor":8},{"not_picked":["Quick Slash","Concentrate"],"picked":"Escape Plan","floor":13},{"not_picked":["Storm of Steel","Malaise"],"picked":"Glass Knife","floor":16},{"not_picked":["Escape Plan+1","Prepared"],"picked":"Footwork+1","floor":18},{"not_picked":["Prepared","Distraction"],"picked":"Underhanded Strike+1","floor":19},{"not_picked":["Escape Plan","Flying Knee+1"],"picked":"Blur","floor":22},{"not_picked":["Tactician","Blur"],"picked":"Underhanded Strike+1","floor":24}],"player_experience":1739476,"relics_obtained":[{"floor":9,"key":"Orichalcum"},{"floor":17,"key":"Bronze Scales"},{"floor":17,"key":"Molten Egg 2"},{"floor":17,"key":"The Specimen"}],"event_choices":[{"damage_healed":0,"gold_gain":56,"player_choice":"Gained Gold","damage_taken":0,"max_hp_gain":0,"max_hp_loss":0,"event_name":"Golden Wing","floor":3,"gold_loss":0},{"damage_healed":0,"gold_gain":0,"cards_transformed":["Strike_G"],"player_choice":"Change","damage_taken":0,"max_hp_gain":0,"max_hp_loss":0,"event_name":"Living Wall","floor":7,"gold_loss":0,"cards_obtained":["Reflex"]},{"damage_healed":0,"gold_gain":0,"player_choice":"Upgraded","damage_taken":0,"max_hp_gain":0,"max_hp_loss":0,"event_name":"Upgrade Shrine","floor":11,"gold_loss":0,"cards_upgraded":["Accuracy"]},{"cards_removed":["Reflex"],"damage_healed":14,"gold_gain":0,"player_choice":"Offered Uncommon","damage_taken":0,"max_hp_gain":0,"max_hp_loss":0,"event_name":"Bonfire Elementals","floor":14,"gold_loss":0},{"damage_healed":0,"gold_gain":0,"player_choice":"Ignored","damage_taken":0,"max_hp_gain":0,"max_hp_loss":0,"event_name":"Vampires","floor":20,"gold_loss":0}],"is_beta":false,"boss_relics":[{"not_picked":["Ring of the Serpent","Tiny House"],"picked":"Calling Bell"}],"items_purged_floors":[4],"is_endless":false,"potions_floor_spawned":[8,13,16,18,19],"killed_by":"Cultist and Chosen","ascension_level":20}}