{"host":"nqsrckqog5ia9mbo","time":1610133375,"event":{"mods":["AchievementEnabler","BaseMod","Colored Map","Highlight Path","Minty Spire (QoL Compilation)","StSLib"],"gold_per_floor":[119,119,129,140,140,140,171,188,188,188,208,219,219,234,234,234,234],"floor_reached":16,"playtime":955,"items_purged":[],"score":120,"play_id":"0f805e67-acf2-43d8-a5ef-57420784a54c","local_time":"20210108201615","is_ascension_mode":true,"campfire_choices":[{"data":"Neutralize","floor":6,"key":"SMITH"},{"floor":10,"key":"REST"},{"data":"Dagger Spray","floor":13,"key":"SMITH"},{"floor":15,"key":"REST"}],"circlet_count":0,"master_deck":["Strike_G","Strike_G","Strike_G","Strike_G","Defend_G","Defend_G","Defend_G","Defend_G","Defend_G","Survivor","Neutralize+1","Dagger Spray+1","Dagger Throw","Bouncing Flask","Acrobatics","Bane"],"relics":["Ring of the Snake","Centennial Puzzle","Anchor","Ornamental Fan","Pear"],"acts_visited":["Exordium"],"potions_floor_usage":[7,16,16,16],"damage_taken":[{"damage":1,"enemies":"Jaw Worm","floor":1,"turns":6},{"damage":0,"enemies":"Cultist","floor":3,"turns":4},{"damage":0,"enemies":"2 Louse","floor":4,"turns":2},{"damage":31,"enemies":"Lagavulin","floor":7,"turns":9},{"damage":14,"enemies":"Large Slime","floor":8,"turns":7},{"damage":2,"enemies":"2 Fungi Beasts","floor":11,"turns":3},{"damage":0,"enemies":"3 Louse","floor":12,"turns":3},{"damage":4,"enemies":"Exordium Thugs","floor":14,"turns":3},{"damage":46,"enemies":"Slime Boss","floor":16,"turns":9}],"seed_played":"5611752540159352939","potions_obtained":[{"floor":1,"key":"SpeedPotion"},{"floor":3,"key":"Explosive Potion"},{"floor":7,"key":"EssenceOfSteel"},{"floor":8,"key":"Ancient Potion"}],"is_trial":false,"path_per_floor":["M","?","M","M","?","R","E","M","T","R","M","M","R","M","R","B"],"character_chosen":"THE_SILENT","items_purchased":[],"campfire_rested":2,"item_purchase_floors":[],"current_hp_per_floor":[69,51,51,51,51,51,20,6,16,40,38,38,38,34,58,12,12],"gold":234,"neow_bonus":"RANDOM_COMMON_RELIC","is_daily":false,"chose_seed":false,"campfire_upgraded":2,"win_rate":0.0,"timestamp":1610133375,"path_taken":["M","?","M","M","?","R","E","M","T","R","?","M","R","M","R","BOSS"],"items_purchased_type":[],"build_version":"2020-12-22","purchased_purges":0,"victory":false,"max_hp_per_floor":[70,70,70,70,70,70,70,70,80,80,80,80,80,80,80,80,80],"card_choices":[{"not_picked":["Infinite Blades","Finisher"],"picked":"Dagger Spray","floor":1},{"not_picked":["Underhanded Strike","Dodge and Roll"],"picked":"Dagger Throw","floor":3},{"not_picked":["Outmaneuver","Expertise","Tactician"],"picked":"SKIP","floor":4},{"not_picked":["Flying Knee","Glass Knife"],"picked":"Bouncing Flask","floor":7},{"not_picked":["Finisher","Cloak And Dagger"],"picked":"Acrobatics","floor":8},{"not_picked":["Sucker Punch","Expertise"],"picked":"Bane","floor":11},{"not_picked":["Dagger Spray","Bane","Skewer"],"picked":"SKIP","floor":12},{"not_picked":["Dagger Spray","Riddle With Holes","Flying Knee"],"picked":"SKIP","floor":14}],"player_experience":165693,"relics_obtained":[{"floor":7,"key":"Ornamental Fan"},{"floor":9,"key":"Pear"}],"event_choices":[{"damage_healed":0,"gold_gain":0,"player_choice":"Success","damage_taken":18,"relics_obtained":["Anchor"],"max_hp_gain":0,"max_hp_loss":0,"event_name":"Scrap Ooze","floor":2,"gold_loss":0},{"cards_removed":["Strike_G"],"damage_healed":0,"gold_gain":0,"player_choice":"Card Removal","damage_taken":0,"max_hp_gain":0,"max_hp_loss":0,"event_name":"Wheel of Change","floor":5,"gold_loss":0}],"is_beta":false,"boss_relics":[],"items_purged_floors":[],"is_endless":false,"potions_floor_spawned":[1,3,7,8],"killed_by":"Slime Boss","ascension_level":3}}