{"host":"q2j4ef1ti78v4imq","time":1610126720,"event":{"mods":["AchievementEnabler","BaseMod","Better Altar","Better Match","Better Note","Better Sensory Stone","Better Skull","Better Third Choice","Block Reminder","Hermit","Minty Spire (QoL Compilation)","Relic Stats","Replay The Spire","Shade Mod","StSLib"],"gold_per_floor":[112,123,55,55,74,74,103,121,121,141,141,141,157,169,169,169,169],"floor_reached":16,"playtime":484,"items_purged":[],"score":177,"play_id":"e8d571cb-a168-4f8e-83c9-99a23ac61971","local_time":"20210108172520","is_ascension_mode":true,"campfire_choices":[{"data":"Zap","floor":6,"key":"SMITH"},{"data":"Dualcast","floor":11,"key":"SMITH"},{"data":"Redo","floor":15,"key":"SMITH"}],"circlet_count":0,"master_deck":["AscendersBane","Strike_B","Strike_B","Strike_B","Defend_B","Defend_B","Defend_B","Defend_B","Zap+1","Dualcast+1","ReplayRNGCard","Gash","Go for the Eyes","Go for the Eyes","Conserve Battery","Cold Snap","Beam Cell","Redo+1","Gash","Beam Cell","Stack"],"relics":["Cracked Core","Pear","StrikeDummy","Mirror","FossilizedHelix"],"acts_visited":["Exordium"],"potions_floor_usage":[7,16,16],"damage_taken":[{"damage":1,"enemies":"Cultist","floor":1,"turns":4},{"damage":4,"enemies":"Jaw Worm","floor":2,"turns":5},{"damage":0,"enemies":"Small Slimes","floor":5,"turns":2},{"damage":1,"enemies":"Gremlin Nob","floor":7,"turns":4},{"damage":6,"enemies":"Red Slaver","floor":8,"turns":4},{"damage":11,"enemies":"Blue Slaver","floor":10,"turns":3},{"damage":1,"enemies":"Looter","floor":13,"turns":3},{"damage":0,"enemies":"Exordium Thugs","floor":14,"turns":4},{"damage":28,"enemies":"Hexaghost","floor":16,"turns":9}],"seed_played":"-2569534185814607368","potions_obtained":[{"floor":2,"key":"FocusPotion"},{"floor":8,"key":"Adrenaline Potion"},{"floor":10,"key":"EssenceOfDarkness"},{"floor":14,"key":"Swift Potion"}],"is_trial":false,"path_per_floor":["M","M","$","?","M","R","E","M","T","M","R","?","M","M","R","B"],"character_chosen":"DEFECT","items_purchased":["Go for the Eyes","Conserve Battery"],"campfire_rested":0,"item_purchase_floors":[3,3],"current_hp_per_floor":[63,59,59,44,44,44,43,37,37,26,26,26,25,25,25,0,0],"gold":169,"neow_bonus":"TRANSFORM_CARD","is_daily":false,"chose_seed":false,"campfire_upgraded":3,"win_rate":0.0,"timestamp":1610126720,"path_taken":["M","?","$","?","M","R","E","M","T","M","R","?","M","?","R","BOSS"],"items_purchased_type":["Card","Card"],"build_version":"2020-12-22","purchased_purges":0,"victory":false,"max_hp_per_floor":[71,71,71,81,81,81,81,81,81,81,81,81,81,81,81,81,81],"relic_stats":{"counters":[9,38],"obtain_stats":[{"Pear":4,"Cracked Core":0,"StrikeDummy":7,"Mirror":9,"FossilizedHelix":12},{"Pear":2,"Cracked Core":0,"StrikeDummy":4,"Mirror":5,"FossilizedHelix":6},{"Pear":9,"Cracked Core":0,"StrikeDummy":15,"Mirror":19,"FossilizedHelix":22}]},"card_choices":[{"not_picked":["Streamline","Sweeping Beam"],"picked":"Gash","floor":1},{"not_picked":["Multi-Cast","Stack"],"picked":"Go for the Eyes","floor":2},{"not_picked":["Turbo","Doom and Gloom"],"picked":"Cold Snap","floor":5},{"not_picked":["Creative AI","Hologram"],"picked":"Beam Cell","floor":7},{"not_picked":["Panic Button","Turbo"],"picked":"Redo","floor":8},{"not_picked":["Leap","ReplayTheSpireMod:Repulse"],"picked":"Gash","floor":10},{"not_picked":["BasicCrystalCard","Ball Lightning"],"picked":"Beam Cell","floor":13},{"not_picked":["Force Field","Turbo"],"picked":"Stack","floor":14}],"player_experience":841449,"relics_obtained":[{"floor":7,"key":"StrikeDummy"},{"floor":9,"key":"Mirror"}],"event_choices":[{"damage_healed":0,"gold_gain":0,"player_choice":"Relic ","damage_taken":25,"max_hp_gain":0,"max_hp_loss":0,"event_name":"betterThird:BetterScrap","floor":4,"gold_loss":0,"cards_obtained":["Fire Breathing"]},{"damage_healed":0,"gold_gain":0,"player_choice":"Gave Potion","damage_taken":0,"relics_obtained":["FossilizedHelix"],"max_hp_gain":0,"max_hp_loss":0,"event_name":"WeMeetAgain","floor":12,"gold_loss":0}],"is_beta":false,"boss_relics":[],"items_purged_floors":[],"is_endless":false,"potions_floor_spawned":[2,8,10,14],"killed_by":"Hexaghost","ascension_level":14}}