{"host":"1xdknvunkbjx06ui","time":1610126319,"event":{"mods":["BaseMod","Infinite Spire","Minty Spire (QoL Compilation)","Quick Restart","Replay The Spire","StSLib","The Dragon Tamer"],"gold_per_floor":[117,131,131,53,73,102,102,102,127,155,155,155,80,112,112,214,214,229,258,173,173,173,208,221,221,221,251,251,266,266,366,366,466,466,481,481,491,505,727,727,727,604,629,629,644,662,681,700,700,700,700,700],"floor_reached":50,"playtime":2720,"items_purged":["DTMod:Strike","DTMod:Strike"],"score":596,"play_id":"3fbf6447-2070-4296-b6a0-ee1e5f2aa695","local_time":"20210108181839","is_ascension_mode":false,"metric_token":467,"campfire_choices":[{"data":"DTMod:BurningEnergy","floor":8,"key":"SMITH"},{"data":"DTMod:ForkedFire","floor":11,"key":"SMITH"},{"data":"DTMod:HeadStart","floor":15,"key":"SMITH"},{"data":"DTMod:Training","floor":25,"key":"SMITH"},{"floor":28,"key":"REST"},{"floor":32,"key":"REST"},{"data":"DTMod:InvisibleFlame","floor":40,"key":"SMITH"},{"data":"DTMod:InvisibleFlame","floor":44,"key":"SMITH"},{"floor":49,"key":"REST"}],"dtmod_dragon_data":[0,58,2,0,4,0],"circlet_count":0,"master_deck":["DTMod:Strike","DTMod:DoubleHit","DTMod:TargetDefense+1","DTMod:TargetDefense","DTMod:TargetDefense","DTMod:TargetDefense","DTMod:SwitchingTactic","DTMod:Inferno","DTMod:InvisibleFlame+1","DTMod:ForkedFire+1","DTMod:WarmUp","DTMod:BurningEnergy+1","DTMod:HeadStart+1","DTMod:RepeatStrike","DTMod:Training+1","DTMod:HeadStart+1","DTMod:InvisibleFlame+1","DTMod:Cover","DTMod:BurningEnergy+1","DTMod:Training","Parasite"],"relics":["DTMod:PactStone","Pen Nib","Replay:Bandana","Vajra","InkBottle","Velvet Choker","Red Mask","HornCleat","infinitespire:FocusingShard","infinitespire:WardingShard","Ornamental Fan","infinitespire:Golems Mask","Letter Opener","Painkiller Herb","DTMod:DragonFood","Replay:Mystery Machine"],"acts_visited":["Exordium","TheCity","TheBeyond"],"potions_floor_usage":[14,27,33,48,48,50],"damage_taken":[{"damage":0,"enemies":"Cultist","floor":1,"turns":5},{"damage":0,"enemies":"Jaw Worm","floor":2,"turns":3},{"damage":0,"enemies":"Small Slimes","floor":5,"turns":2},{"damage":0,"enemies":"Gremlin Nob","floor":6,"turns":3},{"damage":0,"enemies":"3 Sentries","floor":10,"turns":2},{"damage":0,"enemies":"Lagavulin","floor":14,"turns":3},{"damage":7,"enemies":"Hexaghost","floor":16,"turns":8},{"damage":0,"enemies":"Shell Parasite","floor":18,"turns":2},{"damage":0,"enemies":"Masked Bandits","floor":19,"turns":1},{"damage":0,"enemies":"Replay:Snechameleon","floor":23,"turns":3},{"damage":0,"enemies":"3 Byrds","floor":24,"turns":2},{"damage":2,"enemies":"Nightmare","floor":27,"turns":6},{"damage":0,"enemies":"Snake Plant","floor":29,"turns":1},{"damage":0,"enemies":"Colosseum Slavers","floor":31,"turns":1},{"damage":0,"enemies":"Colosseum Nobs","floor":31,"turns":2},{"damage":42,"enemies":"Automaton","floor":33,"turns":7},{"damage":0,"enemies":"Orb Walker","floor":35,"turns":2},{"damage":0,"enemies":"3 Shapes","floor":37,"turns":1},{"damage":0,"enemies":"Spire Growth","floor":38,"turns":4},{"damage":0,"enemies":"Sphere and 2 Shapes","floor":45,"turns":2},{"damage":0,"enemies":"Maw","floor":46,"turns":4},{"damage":0,"enemies":"Transient","floor":47,"turns":5},{"damage":0,"enemies":"Writhing Mass","floor":48,"turns":5},{"damage":45,"enemies":"Replay:Hell Engine","floor":50,"turns":13}],"seed_played":"-346065208132327622","potions_obtained":[{"floor":6,"key":"CultistPotion"},{"floor":10,"key":"Adrenaline Potion"},{"floor":14,"key":"SteroidPotion"},{"floor":16,"key":"BlessingOfTheForge"},{"floor":37,"key":"FearPotion"},{"floor":38,"key":"LiquidBronze"},{"floor":46,"key":"PowerPotion"},{"floor":47,"key":"LifebloodPotion"}],"is_trial":false,"path_per_floor":["M","M","?","$","M","E","?","R","T","E","R","?","$","E","R","B",null,"M","?","?","AVR","?","E","M","R","T","NM","R","M","?","?","R","B",null,"?","?","?","?","?","T","AVR","T","T","T","?","?","?","?","T","B"],"character_chosen":"THE_DT","items_purchased":["DTMod:WarmUp","DTMod:Cover"],"campfire_rested":3,"item_purchase_floors":[4,42],"current_hp_per_floor":[45,45,45,45,45,45,45,45,45,45,45,45,45,45,45,38,45,45,45,45,45,45,45,45,45,45,43,45,45,45,45,45,3,45,45,43,43,43,43,43,43,43,43,43,43,43,43,43,43,0,0,0],"gold":700,"neow_bonus":"ONE_RANDOM_RARE_CARD","is_daily":false,"chose_seed":false,"campfire_upgraded":6,"win_rate":0.0,"timestamp":1610126319,"path_taken":["M","M","?","$","?","E","?","R","T","E","R","?","$","E","R","BOSS","M","?","?","AVR","?","E","?","R","T","NM","R","M","?","?","R","BOSS","?","?","?","?","?","T","AVR","?","T","T","?","?","?","?","T","BOSS"],"items_purchased_type":["Card","Card"],"build_version":"2020-12-22","purchased_purges":2,"victory":false,"max_hp_per_floor":[45,45,45,45,45,45,45,45,45,45,45,45,45,45,45,45,45,45,45,45,45,45,45,45,45,45,45,45,45,45,45,45,45,45,45,43,43,43,43,43,43,43,43,43,43,43,43,43,43,43,43,43],"card_choices":[{"not_picked":["DTMod:Feint","DTMod:FlameSlash"],"picked":"DTMod:InvisibleFlame","floor":1},{"not_picked":["DTMod:CrossStep","DTMod:CleansingStrike"],"picked":"DTMod:ForkedFire","floor":2},{"not_picked":["DTMod:Dissolve","DTMod:ShieldDrain"],"picked":"DTMod:BurningEnergy","floor":5},{"not_picked":["DTMod:TagTeam","DTMod:Feint"],"picked":"DTMod:HeadStart","floor":6},{"not_picked":["DTMod:BurningEnergy","DTMod:BurningForce"],"picked":"DTMod:RepeatStrike","floor":10},{"not_picked":["DTMod:Inferno","DTMod:ComboAttack"],"picked":"DTMod:Training","floor":14},{"not_picked":["DTMod:Punisher","DTMod:BalancedStrike","DTMod:FlameSlash"],"picked":"SKIP","floor":18},{"not_picked":["DTMod:MagicField+1","DTMod:MasterPlan","DTMod:ShieldDrain+1"],"picked":"SKIP","floor":23},{"not_picked":["DTMod:BalancedStrike","DTMod:Feint+1","DTMod:LastStand+1"],"picked":"SKIP","floor":24},{"not_picked":["DTMod:FlameSlash","DTMod:ShieldDrain","DTMod:QuickFly+1"],"picked":"SKIP","floor":27},{"not_picked":["DTMod:QuickFly","DTMod:InvisibleFlame","DTMod:Overwhelm+1"],"picked":"SKIP","floor":29},{"not_picked":["DTMod:Punisher+1","DTMod:BurningEnergy","DTMod:MagicField"],"picked":"SKIP","floor":35},{"not_picked":["DTMod:TauntingStrike+1","DTMod:Punisher+1"],"picked":"DTMod:InvisibleFlame","floor":37},{"not_picked":["DTMod:BalancedStrike","DTMod:Threaten","DTMod:CrossStep"],"picked":"SKIP","floor":38},{"not_picked":["DTMod:Conduct","DTMod:Punisher+1"],"picked":"DTMod:BurningEnergy+1","floor":45},{"not_picked":["DTMod:Punisher+1","DTMod:Shift+1"],"picked":"DTMod:Training","floor":46},{"not_picked":["DTMod:FlameSlash","DTMod:QuickFly","DTMod:BuildUp"],"picked":"SKIP","floor":47},{"not_picked":["DTMod:Hide","DTMod:Overwhelm+1","DTMod:CleansingStrike+1"],"picked":"SKIP","floor":48}],"player_experience":83632,"relics_obtained":[{"floor":6,"key":"Pen Nib"},{"floor":9,"key":"Replay:Bandana"},{"floor":10,"key":"Vajra"},{"floor":14,"key":"InkBottle"},{"floor":19,"key":"Red Mask"},{"floor":23,"key":"infinitespire:WardingShard"},{"floor":27,"key":"Ornamental Fan"},{"floor":31,"key":"infinitespire:Golems Mask"},{"floor":31,"key":"Letter Opener"},{"floor":43,"key":"Replay:Mystery Machine"}],"event_choices":[{"cards_removed":["DTMod:Strike"],"damage_healed":0,"gold_gain":0,"player_choice":"Offered Basic","damage_taken":0,"max_hp_gain":0,"max_hp_loss":0,"event_name":"Bonfire Elementals","floor":3,"gold_loss":0},{"damage_healed":0,"gold_gain":0,"player_choice":"Fought Bandits","damage_taken":0,"max_hp_gain":0,"max_hp_loss":0,"event_name":"Masked Bandits","floor":19,"gold_loss":0},{"damage_healed":0,"gold_gain":0,"player_choice":"Obtained Relic","damage_taken":0,"relics_obtained":["HornCleat"],"max_hp_gain":0,"max_hp_loss":0,"event_name":"Addict","floor":20,"gold_loss":85},{"damage_healed":0,"gold_gain":0,"player_choice":"Copied","damage_taken":0,"max_hp_gain":0,"max_hp_loss":0,"event_name":"Duplicator","floor":22,"gold_loss":0,"cards_obtained":["DTMod:HeadStart"]},{"damage_healed":15,"gold_gain":0,"player_choice":"Heal","damage_taken":0,"max_hp_gain":0,"max_hp_loss":0,"event_name":"The Library","floor":30,"gold_loss":0},{"damage_healed":0,"gold_gain":0,"player_choice":"Fight","damage_taken":0,"max_hp_gain":0,"max_hp_loss":0,"event_name":"Colosseum","floor":31,"gold_loss":0},{"damage_healed":0,"gold_gain":0,"player_choice":"Fought Nobs","damage_taken":0,"max_hp_gain":0,"max_hp_loss":0,"event_name":"Colosseum","floor":31,"gold_loss":0},{"damage_healed":0,"gold_gain":0,"player_choice":"Max HP","damage_taken":0,"max_hp_gain":0,"max_hp_loss":2,"event_name":"Winding Halls","floor":36,"gold_loss":0},{"damage_healed":0,"gold_gain":222,"player_choice":"Wore Mask","damage_taken":0,"max_hp_gain":0,"max_hp_loss":0,"event_name":"Tomb of Lord Red Mask","floor":39,"gold_loss":0}],"is_beta":false,"boss_relics":[{"not_picked":["Abe\u0027s Treasure","SlaversCollar"],"picked":"Velvet Choker"},{"not_picked":["ReplayTheSpireMod:DimensionalGlitch","Busted Crown"],"picked":"Painkiller Herb"}],"items_purged_floors":[13,42],"is_endless":true,"potions_floor_spawned":[6,10,14,16,19,23,31,37,38,46,47],"killed_by":"Replay:Hell Engine","ascension_level":0}}