{"host":"s41rn2jhghpwfrvz","time":1610122597,"event":{"mods":["BaseMod","Minty Spire (QoL Compilation)","Quick Restart","Relic Stats","SuperFastMode"],"gold_per_floor":[112,124,136,136,153,153,171,171,171,201,215,228,259,275,275,347,347,364,289,214,214,214,214,244,264,311,345,379,379,389,417,417,494,494,509,343,368,383,383,383,414,414,439,452,467,501,501,514,514,514,514,514,514,142,175,175],"floor_reached":57,"playtime":2004,"items_purged":["Sweeping Beam"],"score":3304,"play_id":"e6d9dc7c-cad8-4293-a739-efca6cbdc0ef","local_time":"20210108181637","daily_mods":["SealedDeck","Diverse","DeadlyEvents"],"is_ascension_mode":true,"campfire_choices":[{"data":"Battle Trance","floor":6,"key":"SMITH"},{"data":"Feel No Pain","floor":8,"key":"SMITH"},{"data":"Collect","floor":15,"key":"SMITH"},{"data":"White Noise","floor":23,"key":"SMITH"},{"floor":29,"key":"RECALL"},{"data":"Shrug It Off","floor":32,"key":"SMITH"},{"data":"Gash","floor":40,"key":"SMITH"},{"data":"Gash","floor":42,"key":"SMITH"},{"data":"PiercingWail","floor":49,"key":"SMITH"},{"floor":53,"key":"REST"}],"circlet_count":0,"master_deck":["AscendersBane","ClearTheMind+1","InnerPeace+1","Collect+1","PiercingWail+1","White Noise+1","Gash+1","Gash+1","Feel No Pain+1","Shrug It Off+1","Battle Trance+1","Feel No Pain+1","Madness"],"relics":["Burning Blood","War Paint","Bronze Scales","Frozen Egg 2","Question Card","SacredBark","Singing Bowl","Lantern","Strawberry","Kunai","Gremlin Horn","SlaversCollar","ClockworkSouvenir","StoneCalendar","Akabeko","Toy Ornithopter","Boot","HornCleat","Letter Opener"],"acts_visited":["Exordium","TheCity","TheBeyond","TheEnding"],"potions_floor_usage":[56],"damage_taken":[{"damage":0,"enemies":"Cultist","floor":1,"turns":3},{"damage":4,"enemies":"Small Slimes","floor":2,"turns":4},{"damage":2,"enemies":"2 Louse","floor":3,"turns":3},{"damage":1,"enemies":"Blue Slaver","floor":5,"turns":3},{"damage":0,"enemies":"2 Fungi Beasts","floor":7,"turns":3},{"damage":0,"enemies":"Lagavulin","floor":10,"turns":3},{"damage":0,"enemies":"Exordium Thugs","floor":11,"turns":4},{"damage":3,"enemies":"Looter","floor":12,"turns":3},{"damage":2,"enemies":"3 Sentries","floor":13,"turns":4},{"damage":0,"enemies":"3 Louse","floor":14,"turns":3},{"damage":0,"enemies":"Hexaghost","floor":16,"turns":4},{"damage":0,"enemies":"3 Byrds","floor":18,"turns":3},{"damage":0,"enemies":"Gremlin Leader","floor":24,"turns":3},{"damage":0,"enemies":"Chosen","floor":25,"turns":2},{"damage":0,"enemies":"Book of Stabbing","floor":27,"turns":3},{"damage":58,"enemies":"Slavers","floor":28,"turns":5},{"damage":0,"enemies":"Snake Plant","floor":30,"turns":2},{"damage":0,"enemies":"Gremlin Leader","floor":31,"turns":4},{"damage":0,"enemies":"Champ","floor":33,"turns":4},{"damage":5,"enemies":"3 Darklings","floor":35,"turns":3},{"damage":0,"enemies":"Mind Bloom Boss Battle","floor":37,"turns":4},{"damage":0,"enemies":"3 Shapes","floor":38,"turns":3},{"damage":18,"enemies":"Reptomancer","floor":41,"turns":3},{"damage":0,"enemies":"Transient","floor":44,"turns":5},{"damage":0,"enemies":"4 Shapes","floor":45,"turns":3},{"damage":29,"enemies":"Nemesis","floor":46,"turns":5},{"damage":0,"enemies":"Jaw Worm Horde","floor":48,"turns":2},{"damage":14,"enemies":"Awakened One","floor":50,"turns":4},{"damage":12,"enemies":"Donu and Deca","floor":51,"turns":5},{"damage":17,"enemies":"Shield and Spear","floor":55,"turns":3},{"damage":103,"enemies":"The Heart","floor":56,"turns":8}],"seed_played":"3119298874608283435","potions_obtained":[{"floor":2,"key":"Strength Potion"},{"floor":3,"key":"EssenceOfSteel"},{"floor":10,"key":"Weak Potion"},{"floor":13,"key":"SpeedPotion"},{"floor":35,"key":"SpeedPotion"}],"is_trial":true,"path_per_floor":["M","M","M","?","M","R","M","R","T","E","M","M","E","M","R","B",null,"M","$","?","?","T","R","E","M","T","E","E","R","M","E","R","B",null,"M","$","?","M","$","R","E","R","T","M","M","E","$","M","R","B","B",null,"R","$","E","B",null],"character_chosen":"IRONCLAD","items_purchased":["ClockworkSouvenir","Madness","HornCleat"],"campfire_rested":1,"item_purchase_floors":[36,54,54],"current_hp_per_floor":[74,75,75,75,75,75,75,75,75,75,75,75,75,75,75,75,75,75,75,75,75,75,75,77,79,79,88,38,38,46,54,54,62,88,91,91,99,102,102,102,92,92,92,98,106,85,85,93,93,85,79,102,110,110,101,9],"gold":175,"neow_bonus":"","is_daily":false,"chose_seed":false,"campfire_upgraded":8,"win_rate":0.0,"timestamp":1610122597,"path_taken":["M","M","M","?","?","R","M","R","T","E","M","M","E","M","R","BOSS","M","$","?","?","?","R","E","M","T","E","?","R","M","E","R","BOSS","M","$","?","M","$","R","E","R","T","M","M","E","?","M","R","BOSS","BOSS","R","$","E","BOSS"],"items_purchased_type":["Relic","Card","Relic"],"build_version":"2020-12-22","purchased_purges":1,"victory":true,"max_hp_per_floor":[75,75,75,75,75,75,75,75,75,75,75,75,75,75,75,75,75,75,75,75,75,75,75,77,79,79,88,90,90,92,94,94,96,96,98,98,100,102,102,102,104,104,104,104,106,108,108,110,110,110,110,110,110,110,112,112],"relic_stats":{"Singing Bowl":30,"Gremlin Horn":[15,18],"counters":[31,111],"StoneCalendar":[0],"Letter Opener":[30],"War Paint":["ClearTheMind","InnerPeace"],"Question Card":19,"Boot":[1],"Burning Blood":110,"Bronze Scales":[407],"Kunai":[68],"obtain_stats":[{"Lantern":24,"Singing Bowl":22,"Gremlin Horn":31,"SacredBark":17,"StoneCalendar":37,"Letter Opener":55,"War Paint":4,"Frozen Egg 2":10,"Question Card":13,"Boot":46,"Burning Blood":0,"Akabeko":41,"ClockworkSouvenir":36,"SlaversCollar":34,"HornCleat":54,"Bronze Scales":9,"Strawberry":27,"Kunai":28,"Toy Ornithopter":43},{"Lantern":13,"Singing Bowl":12,"Gremlin Horn":18,"SacredBark":11,"StoneCalendar":21,"Letter Opener":30,"War Paint":3,"Frozen Egg 2":6,"Question Card":9,"Boot":26,"Burning Blood":0,"Akabeko":23,"ClockworkSouvenir":20,"SlaversCollar":19,"HornCleat":29,"Bronze Scales":5,"Strawberry":15,"Kunai":16,"Toy Ornithopter":23},{"Lantern":43,"Singing Bowl":40,"Gremlin Horn":59,"SacredBark":37,"StoneCalendar":70,"Letter Opener":103,"War Paint":10,"Frozen Egg 2":19,"Question Card":30,"Boot":89,"Burning Blood":0,"Akabeko":76,"ClockworkSouvenir":66,"SlaversCollar":63,"HornCleat":100,"Bronze Scales":16,"Strawberry":48,"Kunai":53,"Toy Ornithopter":76}],"Toy Ornithopter":5},"card_choices":[{"not_picked":["Wallop","Twin Strike"],"picked":"Shrug It Off","floor":1},{"not_picked":["FearNoEvil","Tactician"],"picked":"Battle Trance","floor":2},{"not_picked":["Anger","Crescendo","Leg Sweep"],"picked":"SKIP","floor":3},{"not_picked":["Havoc","FlurryOfBlows","Battle Trance"],"picked":"SKIP","floor":5},{"not_picked":["Heavy Blade","Clash","WindmillStrike"],"picked":"SKIP","floor":7},{"not_picked":["Alpha","Conclude","Reinforced Body"],"picked":"SKIP","floor":10},{"not_picked":["Perfected Strike","Evaluate","Rampage"],"picked":"SKIP","floor":11},{"not_picked":["Eviscerate","Sunder","Skewer"],"picked":"SKIP","floor":12},{"not_picked":["Blood for Blood","Reckless Charge","Sanctity"],"picked":"SKIP","floor":13},{"not_picked":["Twin Strike","Barrage","Whirlwind","Sucker Punch"],"picked":"SKIP","floor":14},{"not_picked":["Sanctity","ThirdEye","Outmaneuver","FTL"],"picked":"SKIP","floor":18},{"not_picked":["JustLucky","Go for the Eyes","FlurryOfBlows","FlyingSleeves"],"picked":"Singing Bowl","floor":24},{"not_picked":["Prepared","Second Wind","Sword Boomerang","Pommel Strike"],"picked":"Singing Bowl","floor":25},{"not_picked":["Scrape","Clothesline+1","SandsOfTime+1","Compile Driver"],"picked":"Singing Bowl","floor":27},{"not_picked":["Redo","Doppelganger","Rampage","Deflect"],"picked":"Singing Bowl","floor":28},{"not_picked":["Rupture+1","Barrage","Metallicize+1","Ghostly Armor"],"picked":"Singing Bowl","floor":30},{"not_picked":["Sucker Punch","Shockwave+1","Indignation","ClearTheMind"],"picked":"Singing Bowl","floor":31},{"not_picked":["SpiritShield","Wish","Establishment+1","DevaForm+1"],"picked":"Singing Bowl","floor":33},{"not_picked":["ForeignInfluence","Sever Soul+1","Glacier+1","Caltrops+1"],"picked":"Singing Bowl","floor":35},{"not_picked":["Barrage","Sanctity","Halt+1","SashWhip"],"picked":"Singing Bowl","floor":37},{"not_picked":["Streamline","CrushJoints","Protect","Havoc"],"picked":"Singing Bowl","floor":38},{"not_picked":["Evaluate","Study+1","Blizzard","Barrage"],"picked":"Singing Bowl","floor":41},{"not_picked":["Glacier","Barrage+1","Sunder"],"picked":"Feel No Pain+1","floor":44},{"not_picked":["Sword Boomerang","Study+1","CutThroughFate","Dagger Throw"],"picked":"Singing Bowl","floor":45},{"not_picked":["Undo","Footwork+1","Biased Cognition+1","Ragnarok"],"picked":"Singing Bowl","floor":46},{"not_picked":["Noxious Fumes+1","Armaments","JustLucky","Shockwave"],"picked":"Singing Bowl","floor":48},{"not_picked":["A Thousand Cuts+1","FollowUp","Perseverance+1","Hologram"],"picked":"Singing Bowl","floor":55}],"player_experience":1675391,"relics_obtained":[{"floor":9,"key":"Bronze Scales"},{"floor":10,"key":"Frozen Egg 2"},{"floor":13,"key":"Question Card"},{"floor":22,"key":"Singing Bowl"},{"floor":24,"key":"Lantern"},{"floor":27,"key":"Strawberry"},{"floor":28,"key":"Kunai"},{"floor":31,"key":"Gremlin Horn"},{"floor":37,"key":"StoneCalendar"},{"floor":41,"key":"Akabeko"},{"floor":43,"key":"Toy Ornithopter"},{"floor":46,"key":"Boot"},{"floor":55,"key":"Letter Opener"}],"event_choices":[{"damage_healed":0,"gold_gain":0,"player_choice":"Gave Potion","damage_taken":0,"relics_obtained":["War Paint"],"max_hp_gain":0,"max_hp_loss":0,"event_name":"WeMeetAgain","floor":4,"gold_loss":0},{"cards_removed":["ClearTheMind"],"damage_healed":0,"gold_gain":0,"player_choice":"Gave Gold","damage_taken":0,"max_hp_gain":0,"max_hp_loss":0,"event_name":"Beggar","floor":20,"gold_loss":75},{"damage_healed":0,"gold_gain":0,"player_choice":"Ignored","damage_taken":0,"max_hp_gain":0,"max_hp_loss":0,"event_name":"The Mausoleum","floor":21,"gold_loss":0},{"damage_healed":0,"gold_gain":0,"player_choice":"Fight","damage_taken":0,"max_hp_gain":0,"max_hp_loss":0,"event_name":"MindBloom","floor":37,"gold_loss":0}],"is_beta":false,"boss_relics":[{"not_picked":["Ectoplasm","Empty Cage"],"picked":"SacredBark"},{"not_picked":["Calling Bell","Cursed Key"],"picked":"SlaversCollar"}],"items_purged_floors":[19],"is_endless":false,"potions_floor_spawned":[2,3,10,11,13,14,16,18,31,33,35,41,44,46,48],"ascension_level":20}}