{"host":"l60rmjjsfi0fipmi","time":1610071267,"event":{"mods":["BaseMod","Colored Map","DeckTracker","Highlight Path","Minty Spire (QoL Compilation)"],"gold_per_floor":[119,129,105,124,136,136,155,155,182,182,214,33,33,33,33,128,128,141,154,188,202,202,237,237,249,249,266,335,335,385,397,397,397,397],"floor_reached":33,"playtime":1855,"items_purged":[],"score":294,"play_id":"d918c97b-d513-4e07-86c4-91e9b4eeead7","local_time":"20210107210107","is_ascension_mode":false,"campfire_choices":[{"data":"Searing Blow","floor":6,"key":"SMITH"},{"data":"Searing Blow+1","floor":8,"key":"SMITH"},{"data":"Exhume","floor":15,"key":"SMITH"},{"floor":24,"key":"REST"},{"floor":29,"key":"REST"},{"floor":32,"key":"REST"}],"circlet_count":0,"master_deck":["Strike_R","Strike_R","Strike_R","Strike_R","Defend_R","Defend_R","Defend_R","Defend_R","Bash","Searing Blow+2","Clothesline","Iron Wave","Headbutt","Headbutt","Exhume+1","Cleave","Shockwave","Cleave","Reaper","Double Tap","Whirlwind","Armaments","Fiend Fire","Feel No Pain"],"relics":["Black Blood","PreservedInsect","Ancient Tea Set","Orichalcum","Nunchaku","Vajra","Self Forming Clay","Red Mask","SsserpentHead","Paper Frog","Sundial"],"acts_visited":["Exordium","TheCity"],"potions_floor_usage":[20,23,33,33,33],"damage_taken":[{"damage":2,"enemies":"2 Louse","floor":1,"turns":3},{"damage":10,"enemies":"Jaw Worm","floor":2,"turns":4},{"damage":0,"enemies":"Small Slimes","floor":4,"turns":3},{"damage":4,"enemies":"Looter","floor":5,"turns":4},{"damage":11,"enemies":"Exordium Thugs","floor":7,"turns":5},{"damage":0,"enemies":"Gremlin Nob","floor":11,"turns":3},{"damage":9,"enemies":"Slime Boss","floor":16,"turns":8},{"damage":7,"enemies":"Chosen","floor":18,"turns":5},{"damage":19,"enemies":"3 Byrds","floor":19,"turns":4},{"damage":47,"enemies":"Masked Bandits","floor":20,"turns":7},{"damage":10,"enemies":"Snecko","floor":21,"turns":4},{"damage":31,"enemies":"Book of Stabbing","floor":23,"turns":6},{"damage":17,"enemies":"Centurion and Healer","floor":25,"turns":7},{"damage":43,"enemies":"Snake Plant","floor":27,"turns":6},{"damage":43,"enemies":"3 Cultists","floor":28,"turns":6},{"damage":15,"enemies":"Chosen and Byrds","floor":31,"turns":5},{"damage":111,"enemies":"Collector","floor":33,"turns":9}],"seed_played":"-8720593658656014960","potions_obtained":[{"floor":1,"key":"DuplicationPotion"},{"floor":5,"key":"Strength Potion"},{"floor":7,"key":"SteroidPotion"},{"floor":19,"key":"SpeedPotion"},{"floor":20,"key":"BloodPotion"},{"floor":21,"key":"LiquidMemories"},{"floor":28,"key":"AttackPotion"},{"floor":31,"key":"Regen Potion"}],"is_trial":false,"path_per_floor":["M","M","$","M","M","R","M","R","T","?","E","$","?","T","R","B",null,"M","M","?","M","?","E","R","M","T","M","M","R","?","M","R","B"],"character_chosen":"IRONCLAD","items_purchased":["Iron Wave","Shockwave","Vajra"],"campfire_rested":3,"item_purchase_floors":[3,12,12],"current_hp_per_floor":[80,76,76,80,80,80,75,75,75,68,74,74,74,74,74,71,80,80,73,54,56,56,37,61,66,66,38,19,43,43,50,74,0,0],"gold":397,"neow_bonus":"RANDOM_COMMON_RELIC","is_daily":false,"chose_seed":false,"campfire_upgraded":3,"win_rate":0.0,"timestamp":1610071267,"path_taken":["M","M","$","M","M","R","M","R","T","?","E","$","?","?","R","BOSS","M","M","?","M","?","E","R","M","T","M","?","R","?","M","R","BOSS"],"items_purchased_type":["Card","Card","Relic"],"build_version":"2020-12-22","purchased_purges":0,"victory":false,"max_hp_per_floor":[80,80,80,80,80,80,80,80,80,80,80,80,80,80,80,80,80,80,80,80,80,80,80,80,80,80,80,80,80,80,80,80,80,80],"card_choices":[{"not_picked":["True Grit","Flex"],"picked":"Searing Blow","floor":1},{"not_picked":["Heavy Blade","Warcry"],"picked":"Clothesline","floor":2},{"not_picked":["Pommel Strike","True Grit"],"picked":"Headbutt","floor":4},{"not_picked":["Bloodletting","Clash"],"picked":"Headbutt","floor":5},{"not_picked":["Sword Boomerang","Twin Strike"],"picked":"Exhume","floor":7},{"not_picked":["Clash","Armaments"],"picked":"Cleave","floor":11},{"not_picked":["Brutality","Fiend Fire"],"picked":"Reaper","floor":16},{"not_picked":["Clash","Bloodletting+1","True Grit"],"picked":"SKIP","floor":18},{"not_picked":["Sever Soul","Wild Strike","Flex+1"],"picked":"SKIP","floor":19},{"not_picked":["Cleave","Pommel Strike+1"],"picked":"Double Tap","floor":20},{"not_picked":["Rupture+1","Fire Breathing"],"picked":"Whirlwind","floor":21},{"not_picked":["Iron Wave+1","Warcry"],"picked":"Armaments","floor":23},{"not_picked":["Sever Soul","Pommel Strike","Clothesline"],"picked":"SKIP","floor":25},{"not_picked":["Combust","Havoc+1","Anger"],"picked":"SKIP","floor":27},{"not_picked":["Fire Breathing+1","Sword Boomerang"],"picked":"Fiend Fire","floor":28},{"not_picked":["Hemokinesis+1","Sword Boomerang"],"picked":"Feel No Pain","floor":31}],"player_experience":271656,"relics_obtained":[{"floor":9,"key":"Ancient Tea Set"},{"floor":11,"key":"Nunchaku"},{"floor":14,"key":"Self Forming Clay"},{"floor":20,"key":"Red Mask"},{"floor":23,"key":"Paper Frog"},{"floor":26,"key":"Sundial"}],"event_choices":[{"damage_healed":0,"gold_gain":0,"player_choice":"Success","damage_taken":7,"relics_obtained":["Orichalcum"],"max_hp_gain":0,"max_hp_loss":0,"event_name":"Scrap Ooze","floor":10,"gold_loss":0},{"damage_healed":0,"gold_gain":0,"cards_transformed":["Strike_R"],"player_choice":"Change","damage_taken":0,"max_hp_gain":0,"max_hp_loss":0,"event_name":"Living Wall","floor":13,"gold_loss":0,"cards_obtained":["Cleave"]},{"damage_healed":0,"gold_gain":0,"player_choice":"Fought Bandits","damage_taken":0,"max_hp_gain":0,"max_hp_loss":0,"event_name":"Masked Bandits","floor":20,"gold_loss":0},{"damage_healed":0,"gold_gain":0,"player_choice":"Trade","damage_taken":0,"relics_obtained":["SsserpentHead"],"max_hp_gain":0,"max_hp_loss":0,"event_name":"FaceTrader","floor":22,"gold_loss":0},{"damage_healed":0,"gold_gain":0,"player_choice":"Ignored","damage_taken":0,"max_hp_gain":0,"max_hp_loss":0,"event_name":"Ghosts","floor":30,"gold_loss":0}],"is_beta":false,"boss_relics":[{"not_picked":["Coffee Dripper","Runic Pyramid"],"picked":"Black Blood"}],"items_purged_floors":[],"is_endless":false,"potions_floor_spawned":[1,5,7,19,20,21,28,31],"killed_by":"Collector","ascension_level":0}}