{"host":"q387i5o1hp66091u","time":1610096047,"event":{"mods":["2.2 Compatiblity","BaseMod","Minty Spire (QoL Compilation)","Rare Cards Sparkle"],"gold_per_floor":[144,189,234,153,153,153,198,243,268,427,472,472,562,607,607,907,907,952,997,1042,992,1037,1127,1127,1172,1197,1197,1251,1305,1058,1367,1367,1676,1676,1730,1784,1347,1506,1560,1560,1659,1659,1659,1722,1776,1776,1830,1884,1884,1884],"floor_reached":51,"playtime":3851,"items_purged":[],"score":757,"play_id":"2c5f32aa-4472-456c-ae8f-806cb30c302f","local_time":"20210108175407","daily_mods":["Draft","Uncertain Future","Midas"],"is_ascension_mode":false,"campfire_choices":[{"floor":12,"key":"REST"},{"floor":15,"key":"REST"},{"floor":24,"key":"REST"},{"floor":27,"key":"REST"},{"floor":32,"key":"REST"},{"floor":40,"key":"REST"},{"floor":46,"key":"REST"},{"floor":49,"key":"REST"}],"circlet_count":0,"master_deck":["Metallicize","Rampage","Wild Strike","Anger","Flame Barrier","Disarm","Armaments+1","Battle Trance","Sword Boomerang","Wild Strike","Metallicize","Shrug It Off","True Grit","Cleave","Disarm","Armaments","Ghostly Armor","Flame Barrier","Rampage","Pommel Strike","Cleave","Power Through","Fire Breathing","Rage","Combust","Immolate","Inflame+1","Armaments","Shrug It Off","Body Slam","Brutality","Twin Strike+1","Iron Wave+1","Iron Wave+1","Bloodletting","Dark Embrace","Iron Wave+1","Immolate+1","Body Slam+1","Sword Boomerang+1","Power Through","Fire Breathing","Blood for Blood+1","Flame Barrier","Wild Strike+1","Parasite","Body Slam+1","Offering","Pummel+1","Feel No Pain"],"relics":["Burning Blood","Boot","Meat on the Bone","Gremlin Horn","Runic Cube","Molten Egg 2","CeramicFish","Vajra","Torii","White Beast Statue","Philosopher\u0027s Stone","Oddly Smooth Stone","Regal Pillow","StoneCalendar","Turnip","Self Forming Clay"],"acts_visited":["Exordium","TheCity","TheBeyond"],"potions_floor_usage":[13,28,31,31,33,35,42,45,45,50,50],"damage_taken":[{"damage":0,"enemies":"2 Louse","floor":1,"turns":2},{"damage":1,"enemies":"Small Slimes","floor":2,"turns":4},{"damage":2,"enemies":"Jaw Worm","floor":3,"turns":5},{"damage":0,"enemies":"Gremlin Gang","floor":7,"turns":3},{"damage":7,"enemies":"2 Fungi Beasts","floor":8,"turns":4},{"damage":11,"enemies":"Lagavulin Event","floor":10,"turns":8},{"damage":0,"enemies":"3 Louse","floor":11,"turns":2},{"damage":4,"enemies":"Gremlin Nob","floor":13,"turns":5},{"damage":0,"enemies":"Blue Slaver","floor":14,"turns":3},{"damage":22,"enemies":"Hexaghost","floor":16,"turns":10},{"damage":9,"enemies":"Chosen","floor":18,"turns":5},{"damage":10,"enemies":"Shell Parasite","floor":19,"turns":6},{"damage":20,"enemies":"Sentry and Sphere","floor":20,"turns":6},{"damage":18,"enemies":"Shelled Parasite and Fungi","floor":22,"turns":8},{"damage":4,"enemies":"Book of Stabbing","floor":23,"turns":8},{"damage":19,"enemies":"Centurion and Healer","floor":25,"turns":7},{"damage":18,"enemies":"Snecko","floor":28,"turns":7},{"damage":16,"enemies":"Snake Plant","floor":29,"turns":5},{"damage":29,"enemies":"Colosseum Slavers","floor":31,"turns":5},{"damage":7,"enemies":"Colosseum Nobs","floor":31,"turns":5},{"damage":38,"enemies":"Collector","floor":33,"turns":10},{"damage":0,"enemies":"3 Darklings","floor":35,"turns":4},{"damage":11,"enemies":"3 Shapes","floor":36,"turns":4},{"damage":7,"enemies":"Mind Bloom Boss Battle","floor":38,"turns":10},{"damage":26,"enemies":"Transient","floor":39,"turns":5},{"damage":32,"enemies":"Giant Head","floor":41,"turns":9},{"damage":24,"enemies":"Writhing Mass","floor":44,"turns":7},{"damage":27,"enemies":"4 Shapes","floor":45,"turns":5},{"damage":1,"enemies":"Jaw Worm Horde","floor":47,"turns":3},{"damage":28,"enemies":"Maw","floor":48,"turns":7},{"damage":72,"enemies":"Awakened One","floor":50,"turns":15}],"seed_played":"-6062085814737979882","potions_obtained":[{"floor":1,"key":"Weak Potion"},{"floor":8,"key":"GamblersBrew"},{"floor":10,"key":"SteroidPotion"},{"floor":13,"key":"ColorlessPotion"},{"floor":16,"key":"AttackPotion"},{"floor":25,"key":"DistilledChaos"},{"floor":28,"key":"DuplicationPotion"},{"floor":31,"key":"Ancient Potion"},{"floor":33,"key":"DistilledChaos"},{"floor":35,"key":"GamblersBrew"},{"floor":36,"key":"EssenceOfSteel"},{"floor":38,"key":"HeartOfIron"},{"floor":42,"key":"Fruit Juice"},{"floor":42,"key":"LiquidMemories"},{"floor":45,"key":"Dexterity Potion"},{"floor":47,"key":"Fire Potion"}],"is_trial":false,"path_per_floor":["M","M","M","$","?","?","M","M","T","?","M","R","E","M","R","B",null,"M","M","M","?","M","E","R","M","T","R","M","M","$","?","R","B",null,"M","M","$","?","M","R","E","?","T","M","M","R","M","M","R","B",null],"character_chosen":"IRONCLAD","items_purchased":["Rampage","Bloodletting","Vajra","Dark Embrace","Oddly Smooth Stone","Regal Pillow","Power Through","Fire Breathing"],"campfire_rested":8,"item_purchase_floors":[4,30,30,30,37,37,37,37],"current_hp_per_floor":[80,80,80,80,80,80,80,79,79,74,80,80,80,80,80,64,80,77,73,59,59,47,49,73,60,60,80,68,58,58,58,80,48,80,80,75,75,74,54,80,54,59,59,53,44,84,85,63,85,31],"gold":1884,"neow_bonus":"","is_daily":true,"chose_seed":false,"campfire_upgraded":0,"win_rate":0.0,"timestamp":1610096047,"path_taken":["M","M","M","$","?","?","M","M","T","?","M","R","E","M","R","BOSS","M","M","M","?","M","E","R","M","T","R","?","M","$","?","R","BOSS","M","M","$","?","M","R","E","?","T","M","M","R","?","M","R","BOSS"],"items_purchased_type":["Card","Card","Relic","Card","Relic","Relic","Card","Card"],"build_version":"2020-12-22","purchased_purges":0,"victory":true,"max_hp_per_floor":[80,80,80,80,80,80,80,80,80,80,80,80,80,80,80,80,80,80,80,80,80,80,80,80,80,80,80,80,80,80,80,80,80,80,80,80,80,80,80,80,80,85,85,85,85,85,85,85,85,85],"card_choices":[{"not_picked":["Intimidate","Iron Wave"],"picked":"Metallicize","floor":0},{"not_picked":["Sword Boomerang","Anger"],"picked":"Rampage","floor":0},{"not_picked":["Havoc","Clothesline"],"picked":"Wild Strike","floor":0},{"not_picked":["Twin Strike","Clash"],"picked":"Anger","floor":0},{"not_picked":["Pommel Strike","Warcry"],"picked":"Flame Barrier","floor":0},{"not_picked":["Warcry","Flex"],"picked":"Disarm","floor":0},{"not_picked":["Fire Breathing","Cleave"],"picked":"Armaments","floor":0},{"not_picked":["Cleave","Rupture"],"picked":"Battle Trance","floor":0},{"not_picked":["Sever Soul","Dual Wield"],"picked":"Sword Boomerang","floor":0},{"not_picked":["Whirlwind","Combust"],"picked":"Wild Strike","floor":0},{"not_picked":["Flex","Reckless Charge"],"picked":"Metallicize","floor":0},{"not_picked":["Entrench","Battle Trance"],"picked":"Shrug It Off","floor":0},{"not_picked":["Reckless Charge","Seeing Red"],"picked":"True Grit","floor":0},{"not_picked":["Clash","Warcry"],"picked":"Cleave","floor":0},{"not_picked":["Thunderclap","Flex"],"picked":"Disarm","floor":0},{"not_picked":["Perfected Strike","True Grit"],"picked":"Armaments","floor":1},{"not_picked":["Hemokinesis","Flex"],"picked":"Ghostly Armor","floor":2},{"not_picked":["Clothesline","Rupture"],"picked":"Flame Barrier","floor":3},{"not_picked":["Wild Strike","Burning Pact"],"picked":"Pommel Strike","floor":7},{"not_picked":["Bloodletting","Battle Trance"],"picked":"Cleave","floor":8},{"not_picked":["Corruption","Pommel Strike"],"picked":"Power Through","floor":10},{"not_picked":["Perfected Strike","Intimidate"],"picked":"Fire Breathing","floor":11},{"not_picked":["Infernal Blade","Metallicize"],"picked":"Rage","floor":13},{"not_picked":["Clothesline","Metallicize"],"picked":"Combust","floor":14},{"not_picked":["Fiend Fire","Corruption"],"picked":"Immolate","floor":16},{"not_picked":["Thunderclap","Warcry"],"picked":"Inflame+1","floor":18},{"not_picked":["Twin Strike","Clothesline"],"picked":"Armaments","floor":19},{"not_picked":["Ghostly Armor","Rampage"],"picked":"Shrug It Off","floor":20},{"not_picked":["Dual Wield","Twin Strike+1"],"picked":"Body Slam","floor":22},{"not_picked":["Shrug It Off","Entrench+1"],"picked":"Brutality","floor":23},{"not_picked":["Flex","Carnage+1"],"picked":"Twin Strike+1","floor":25},{"not_picked":["Warcry+1","Pommel Strike+1"],"picked":"Iron Wave+1","floor":28},{"not_picked":["Perfected Strike+1","Warcry"],"picked":"Iron Wave+1","floor":29},{"not_picked":["Flex","Wild Strike+1"],"picked":"Iron Wave+1","floor":31},{"not_picked":["Reaper+1","Impervious"],"picked":"Immolate+1","floor":33},{"not_picked":["Sword Boomerang+1","Armaments"],"picked":"Body Slam+1","floor":35},{"not_picked":["Intimidate","Heavy Blade+1"],"picked":"Sword Boomerang+1","floor":36},{"not_picked":["Iron Wave+1","Flex+1"],"picked":"Blood for Blood+1","floor":38},{"not_picked":["Dual Wield+1","Thunderclap+1"],"picked":"Flame Barrier","floor":39},{"not_picked":["Dual Wield","Iron Wave+1"],"picked":"Wild Strike+1","floor":41},{"not_picked":["Dark Embrace","Flame Barrier+1"],"picked":"Body Slam+1","floor":44},{"not_picked":["Dropkick+1","Headbutt+1"],"picked":"Offering","floor":45},{"not_picked":["Heavy Blade+1","Iron Wave+1"],"picked":"Pummel+1","floor":47},{"not_picked":["Power Through","Sentinel+1"],"picked":"Feel No Pain","floor":48}],"player_experience":583856,"relics_obtained":[{"floor":9,"key":"Boot"},{"floor":13,"key":"Gremlin Horn"},{"floor":23,"key":"Molten Egg 2"},{"floor":26,"key":"CeramicFish"},{"floor":31,"key":"Torii"},{"floor":31,"key":"White Beast Statue"},{"floor":38,"key":"StoneCalendar"},{"floor":41,"key":"Turnip"},{"floor":43,"key":"Self Forming Clay"}],"event_choices":[{"damage_healed":0,"gold_gain":0,"player_choice":"Ignored","damage_taken":0,"max_hp_gain":0,"max_hp_loss":0,"event_name":"Liars Game","floor":5,"gold_loss":0},{"damage_healed":0,"gold_gain":0,"player_choice":"Grow","damage_taken":0,"max_hp_gain":0,"max_hp_loss":0,"event_name":"Living Wall","floor":6,"gold_loss":0,"cards_upgraded":["Armaments"]},{"damage_healed":0,"gold_gain":0,"player_choice":"Searched \u00272\u0027 times","damage_taken":0,"relics_obtained":["Meat on the Bone"],"max_hp_gain":0,"max_hp_loss":0,"event_name":"Dead Adventurer","floor":10,"gold_loss":0},{"damage_healed":0,"gold_gain":0,"player_choice":"Bet on Murderer","damage_taken":0,"max_hp_gain":0,"max_hp_loss":0,"event_name":"The Joust","floor":21,"gold_loss":50},{"damage_healed":0,"gold_gain":0,"player_choice":"Fight","damage_taken":0,"max_hp_gain":0,"max_hp_loss":0,"event_name":"Colosseum","floor":31,"gold_loss":0},{"damage_healed":0,"gold_gain":0,"player_choice":"Fought Nobs","damage_taken":0,"max_hp_gain":0,"max_hp_loss":0,"event_name":"Colosseum","floor":31,"gold_loss":0},{"damage_healed":0,"gold_gain":0,"player_choice":"Fight","damage_taken":0,"max_hp_gain":0,"max_hp_loss":0,"event_name":"MindBloom","floor":38,"gold_loss":0},{"damage_healed":0,"gold_gain":0,"player_choice":"Got Potions","damage_taken":0,"max_hp_gain":0,"max_hp_loss":0,"event_name":"Lab","floor":42,"gold_loss":0}],"is_beta":false,"boss_relics":[{"not_picked":["Calling Bell","Runic Pyramid"],"picked":"Runic Cube"},{"not_picked":["Sozu","Tiny House"],"picked":"Philosopher\u0027s Stone"}],"items_purged_floors":[],"is_endless":false,"potions_floor_spawned":[1,8,10,13,16,18,22,25,28,31,33,35,36,38,39,41,44,45,47,48],"ascension_level":0}}