{"host":"bf9sa99gaumonoeu","time":1610136881,"event":{"mods":["AchievementEnabler","Act Like it!","BaseMod","Better Sensory Stone","Colored Map","Colored Powertips","Downfall","Friendly Minions","Gensokyo","GifTheSpireLib","Googly Eyes","Hallownest","Hermit","Hubris","Jorbs\u0027s Wanderer Trilogy","KinomotoSakuraMod(????)","Koishi","Lobotomy","Marisa????????","Minty Spire (QoL Compilation)","Rare Cards Sparkle","Reimu??????","Relic Stats","Remilia??????","Replay The Spire","StSLib","The Administrix","The Animator","The Blue Laboratory","The Bug Knight","The Construct","The Cursed","The Disciple","The Hierophant","The Mystic","The Necromancer","The Poker Player","The Runesmith","The Senshi","The Servant 0.9.4","TheLocksmith"],"gold_per_floor":[115,128,140,15,34,50,66,66,66,66,66,66,86,86,86,86,86,86],"floor_reached":16,"playtime":950,"items_purged":["locksmith:Strike"],"score":94,"play_id":"c1475333-ab41-4378-bcbd-225171be2845","local_time":"20210108181441","is_ascension_mode":false,"campfire_choices":[{"data":"locksmith:ShrapnelLock","floor":8,"key":"SMITH"},{"data":"locksmith:LockedGuard","floor":10,"key":"SMITH"},{"data":"locksmith:HiddenPower","floor":12,"key":"SMITH"},{"floor":15,"key":"REST"}],"circlet_count":0,"master_deck":["locksmith:Strike","locksmith:Strike","locksmith:Strike","locksmith:Defend","locksmith:Defend","locksmith:Defend","locksmith:KeyMove","locksmith:LockCrash","locksmith:LockSmack","locksmith:KeychainRain","locksmith:Keysmack","locksmith:DeathGaze+1","locksmith:ShrapnelLock+1","locksmith:LockedGuard+1","locksmith:HiddenPower+1","locksmith:DummyRevenge"],"relics":["locksmith:FreeKey","Orichalcum"],"acts_visited":["Exordium"],"potions_floor_usage":[7,16,16],"damage_taken":[{"damage":3,"enemies":"Jaw Worm","floor":1,"turns":4},{"damage":1,"enemies":"Cultist","floor":2,"turns":4},{"damage":1,"enemies":"2 Louse","floor":3,"turns":2},{"damage":27,"enemies":"Exordium Thugs","floor":5,"turns":7},{"damage":12,"enemies":"Blue Slaver","floor":6,"turns":4},{"damage":8,"enemies":"Large Slime","floor":7,"turns":8},{"damage":7,"enemies":"Red Slaver","floor":13,"turns":4},{"damage":47,"enemies":"The Guardian","floor":16,"turns":10}],"seed_played":"6849550764922382997","potions_obtained":[{"floor":2,"key":"blueLaboratory:LouseDecoction"},{"floor":7,"key":"sneckomod:MuddlingPotion"},{"floor":13,"key":"blueLaboratory:TrueEctoplasm"}],"is_trial":false,"path_per_floor":["M","M","M","$","M","M","M","R","T","R","?","R","M","$","R","B"],"character_chosen":"THE_LOCKSMITH","items_purchased":["locksmith:DeathGaze"],"campfire_rested":1,"item_purchase_floors":[4],"current_hp_per_floor":[76,75,74,74,47,35,27,27,27,27,27,27,20,20,43,0,0,0],"gold":86,"neow_bonus":"REMOVE_CARD","is_daily":false,"chose_seed":false,"campfire_upgraded":3,"win_rate":0.0,"timestamp":1610136881,"path_taken":["M","M","M","$","M","M","M","R","T","R","?","R","M","?","R","BOSS"],"items_purchased_type":["Card"],"build_version":"2020-12-22","purchased_purges":1,"victory":false,"max_hp_per_floor":[79,79,79,79,79,79,79,79,79,79,79,79,79,79,79,79,79,79],"relic_stats":{"counters":[8,43],"Orichalcum":[30],"obtain_stats":[{"locksmith:FreeKey":0,"Orichalcum":9},{"locksmith:FreeKey":0,"Orichalcum":6},{"locksmith:FreeKey":0,"Orichalcum":29}]},"card_choices":[{"not_picked":["locksmith:Prep","locksmith:PocketKey"],"picked":"locksmith:LockSmack","floor":1},{"not_picked":["locksmith:HexingDummy","locksmith:FriendlyGift"],"picked":"locksmith:KeychainRain","floor":2},{"not_picked":["locksmith:LockSmack","locksmith:BuriedCurse"],"picked":"locksmith:Keysmack","floor":3},{"not_picked":["locksmith:ZaHando","locksmith:LockBlock"],"picked":"locksmith:ShrapnelLock","floor":5},{"not_picked":["locksmith:PowerSap","locksmith:FeelNoFeign"],"picked":"locksmith:LockedGuard","floor":6},{"not_picked":["locksmith:Prep","locksmith:DeathGaze"],"picked":"locksmith:HiddenPower","floor":7},{"not_picked":["locksmith:JingleLoan","locksmith:LockSmack"],"picked":"locksmith:DummyRevenge","floor":13}],"player_experience":870490,"relics_obtained":[{"floor":9,"key":"Orichalcum"}],"event_choices":[{"damage_healed":0,"gold_gain":0,"player_choice":"Upgraded","damage_taken":0,"max_hp_gain":0,"max_hp_loss":0,"event_name":"Upgrade Shrine","floor":11,"gold_loss":0,"cards_upgraded":["locksmith:DeathGaze"]}],"is_beta":false,"boss_relics":[],"items_purged_floors":[4],"is_endless":false,"potions_floor_spawned":[2,7,13],"killed_by":"The Guardian","ascension_level":0}}