{"host":"iyvjjqtjrywxqc57","time":1610082956,"event":{"mods":["AchievementEnabler","BaseMod","Bestiary","Better Altar","Better Match","Better Note","Better Sensory Stone","Better Skull","Better Third Choice","BetterRewards","Colored Map","Colored Powertips","Dark Map","Defuse TimeMaze Blight","Displayed Cursed Tome","Downfall","Faster Ascension Climbing","Jorbs\u0027s Wanderer Trilogy","Minty Spire (QoL Compilation)","Permanent Neow","Quick Restart","Rare Cards Sparkle","Relic Stats","StSLib"],"gold_per_floor":[118,128,94,94,94,133,133,171,224,224,224,238,29,47,47,171,171,189,9,9,9,9,33,33,66,89,89,89,125,42,63,63,187,187,200,200,75,98,117,117,160,160,212,250,250,250],"floor_reached":45,"playtime":5184,"items_purged":[],"score":723,"play_id":"12ae589b-34ed-4cd9-9d71-530a9eea5d2a","local_time":"20210107231556","is_ascension_mode":true,"campfire_choices":[{"floor":7.0,"key":"REST"},{"data":"expansioncontent:DecasProtection","floor":11.0,"key":"SMITH"},{"data":"Terror","floor":15.0,"key":"SMITH"},{"floor":24.0,"key":"REST"},{"floor":32.0,"key":"REST"},{"data":"Envenom","floor":40,"key":"SMITH"},{"data":"Leg Sweep","floor":42,"key":"SMITH"}],"circlet_count":0,"master_deck":["Strike_G","Strike_G","Strike_G","Strike_G","Strike_G","Defend_G","Defend_G+1","Defend_G","Survivor+1","Neutralize","expansioncontent:DecasProtection+1","Dagger Spray","Cloak And Dagger","Endless Agony","Terror+1","Crippling Poison+1","Backstab","Footwork","Poisoned Stab","PiercingWail","Well Laid Plans","Backstab","Deflect","Acrobatics","Flying Knee+1","Crippling Poison+1","expansioncontent:ManipulateTime","Blur+1","expansioncontent:DonusPower","Envenom+1","Deadly Poison","Corpse Explosion+1","Backstab","Leg Sweep+1","Noxious Fumes+1","Distraction+1"],"relics":["Ring of the Snake","Lizard Tail","Lantern","Golden Idol","Tingsha","Oddly Smooth Stone","Boot","Runic Pyramid","Snake Skull","Strawberry","Omamori","WarpedTongs","War Paint","Juzu Bracelet","Ornamental Fan","PreservedInsect","SlaversCollar","Ancient Tea Set","Orichalcum","Pen Nib"],"acts_visited":["Exordium","TheCity","TheBeyond"],"potions_floor_usage":[33,39,41,45],"damage_taken":[{"damage":0.0,"enemies":"Small Slimes","floor":1.0,"turns":3.0},{"damage":0.0,"enemies":"2 Louse","floor":2.0,"turns":1.0},{"damage":17.0,"enemies":"Lagavulin","floor":6.0,"turns":5.0},{"damage":5.0,"enemies":"3 Sentries","floor":8.0,"turns":7.0},{"damage":0.0,"enemies":"Cultist","floor":12.0,"turns":2.0},{"damage":0.0,"enemies":"3 Louse","floor":14.0,"turns":1.0},{"damage":6.0,"enemies":"Slime Boss","floor":16.0,"turns":9.0},{"damage":8.0,"enemies":"Shell Parasite","floor":18.0,"turns":3.0},{"damage":3.0,"enemies":"2 Thieves","floor":23.0,"turns":3.0},{"damage":28.0,"enemies":"Gremlin Leader","floor":25.0,"turns":5.0},{"damage":8.0,"enemies":"Book of Stabbing","floor":29.0,"turns":8.0},{"damage":2.0,"enemies":"Shelled Parasite and Fungi","floor":31.0,"turns":4.0},{"damage":53,"enemies":"Collector","floor":33,"turns":9},{"damage":5,"enemies":"3 Shapes","floor":35,"turns":2},{"damage":6,"enemies":"Orb Walker","floor":38,"turns":3},{"damage":3,"enemies":"Transient","floor":39,"turns":5},{"damage":24,"enemies":"Reptomancer","floor":41,"turns":5},{"damage":12,"enemies":"Giant Head","floor":44,"turns":8},{"damage":24,"enemies":"Maw","floor":45,"turns":8}],"seed_played":"5581653645016976650","potions_obtained":[{"floor":1.0,"key":"Poison Potion"},{"floor":6.0,"key":"EssenceOfSteel"},{"floor":8.0,"key":"LiquidBronze"},{"floor":10.0,"key":"Guardian:BlockOnCardUsePotion"},{"floor":10.0,"key":"Explosive Potion"},{"floor":18.0,"key":"BlessingOfTheForge"},{"floor":29.0,"key":"Energy Potion"},{"floor":33,"key":"champ:CounterPotion"},{"floor":39,"key":"SkillPotion"},{"floor":44,"key":"AttackPotion"}],"is_trial":false,"path_per_floor":["M","M","$","?","?","E","R","E","T","?","R","M","$","M","R","B",null,"M","$","?","?","?","M","R","E","T","?","?","E","$","M","R","B",null,"M","?","$","M","M","R","E","R","T","E","M"],"character_chosen":"THE_SILENT","items_purchased":["expansioncontent:DecasProtection","Dagger Spray","Cloak And Dagger","Crippling Poison","PiercingWail","Well Laid Plans","Backstab","Deflect","Crippling Poison","expansioncontent:ManipulateTime","PowerPotion","expansioncontent:DonusPower","Backstab","AttackPotion"],"campfire_rested":3,"item_purchase_floors":[0,0,0,3,13,13,13,13,19,19,19,30,37,37],"current_hp_per_floor":[46,46,46,46,46,29,48,43,43,43,43,43,43,43,43,37,65,57,57,15,15,15,12,33,5,5,5,29,21,21,19,40,36,72,67,67,67,61,58,58,34,34,34,22,0,0],"gold":250,"neow_bonus":"","is_daily":false,"chose_seed":false,"campfire_upgraded":4,"win_rate":0.0,"timestamp":1610082956,"path_taken":["M","M","$","?","?","E","R","E","T","?","R","?","$","M","R","BOSS","M","$","?","?","?","M","R","E","T","?","?","E","?","M","R","BOSS","M","?","$","M","M","R","E","R","T","E","M"],"items_purchased_type":["Card","Card","Card","Card","Card","Card","Card","Card","Card","Card","Potion","Card","Card","Potion"],"build_version":"2020-12-22","purchased_purges":0,"victory":false,"max_hp_per_floor":[70,70,70,65,65,65,65,65,65,65,65,65,65,65,65,65,65,65,65,72,72,72,72,72,72,72,72,72,72,72,72,72,72,72,72,72,72,72,72,72,72,72,72,72,72,72],"relic_stats":{"counters":[36,186],"Golden Idol":129,"Tingsha":[66],"Snake Skull":[88],"PreservedInsect":285,"Pen Nib":[13],"Juzu Bracelet":2,"War Paint":["Defend_R","Spot Weakness","Survivor","Defend_G"],"Orichalcum":[30],"Boot":[57],"WarpedTongs":[66],"Lizard Tail":81,"Ornamental Fan":[48],"obtain_stats":[{"Lantern":29,"Mango":14,"Snake Skull":20,"Juzu Bracelet":13,"Whetstone":44,"Ancient Tea Set":26,"Boot":9,"Old Coin":7,"Sozu":34,"Lizard Tail":44,"HornCleat":43,"Mummified Hand":24,"Strawberry":41,"Red Mask":47,"Ring of the Snake":0,"Runic Pyramid":17,"Girya":40,"Happy Flower":37,"Golden Idol":4,"Oddly Smooth Stone":42,"Tingsha":6,"PreservedInsect":20,"Pen Nib":44,"Omamori":20,"War Paint":25,"Orichalcum":43,"WarpedTongs":22,"SlaversCollar":17,"Ornamental Fan":27,"betterThird:SlimedRelic":2,"Coffee Dripper":0,"Membership Card":41,"FossilizedHelix":9},{"Lantern":11,"Mango":6,"Snake Skull":25,"Juzu Bracelet":6,"Whetstone":15,"Ancient Tea Set":10,"Boot":21,"Old Coin":4,"Sozu":12,"Lizard Tail":15,"HornCleat":15,"Mummified Hand":9,"Strawberry":15,"Red Mask":15,"Ring of the Snake":0,"Runic Pyramid":24,"Girya":15,"Happy Flower":13,"Golden Idol":19,"Oddly Smooth Stone":15,"Tingsha":20,"PreservedInsect":8,"Pen Nib":35,"Omamori":25,"War Paint":27,"Orichalcum":34,"WarpedTongs":25,"SlaversCollar":7,"Ornamental Fan":27,"betterThird:SlimedRelic":1,"Coffee Dripper":0,"Membership Card":15,"FossilizedHelix":4},{"Lantern":53,"Mango":31,"Snake Skull":126,"Juzu Bracelet":31,"Whetstone":74,"Ancient Tea Set":49,"Boot":111,"Old Coin":24,"Sozu":60,"Lizard Tail":74,"HornCleat":74,"Mummified Hand":46,"Strawberry":74,"Red Mask":74,"Ring of the Snake":0,"Runic Pyramid":123,"Girya":74,"Happy Flower":64,"Golden Idol":99,"Oddly Smooth Stone":74,"Tingsha":104,"PreservedInsect":42,"Pen Nib":178,"Omamori":126,"War Paint":134,"Orichalcum":170,"WarpedTongs":126,"SlaversCollar":37,"Ornamental Fan":134,"betterThird:SlimedRelic":4,"Coffee Dripper":0,"Membership Card":74,"FossilizedHelix":24}],"Ring of the Snake":[44]},"card_choices":[{"not_picked":["Prepared","Underhanded Strike"],"picked":"Endless Agony","floor":1.0},{"not_picked":["Prepared","Blade Dance"],"picked":"Terror","floor":2.0},{"not_picked":["Tactician","Sucker Punch"],"picked":"Backstab","floor":6.0},{"not_picked":["Slice","Tools of the Trade"],"picked":"Footwork","floor":8.0},{"not_picked":["Outmaneuver","Slice"],"picked":"Poisoned Stab","floor":12.0},{"not_picked":["Dagger Spray","Sucker Punch"],"picked":"Acrobatics","floor":14.0},{"not_picked":["Choke","Setup"],"picked":"Flying Knee+1","floor":18.0},{"not_picked":["Choke+1","Backflip"],"picked":"Blur+1","floor":23.0},{"not_picked":["Blade Dance","Endless Agony","Eviscerate+1"],"picked":"SKIP","floor":25.0},{"not_picked":["Accuracy+1","Cloak And Dagger","Underhanded Strike"],"picked":"SKIP","floor":29.0},{"not_picked":["Acrobatics","Predator","Quick Slash"],"picked":"SKIP","floor":31.0},{"not_picked":["Phantasmal Killer","Bullet Time"],"picked":"Envenom","floor":33},{"not_picked":["Bane","Dodge and Roll+1"],"picked":"Deadly Poison","floor":35},{"not_picked":["Night Terror+1","Wraith Form v2+1"],"picked":"Corpse Explosion+1","floor":36},{"not_picked":["Bane","Accuracy"],"picked":"Leg Sweep","floor":38},{"not_picked":["Sucker Punch","Acrobatics"],"picked":"Noxious Fumes+1","floor":39},{"not_picked":["Dagger Throw","Deflect"],"picked":"Distraction+1","floor":41},{"not_picked":["Prepared+1","Outmaneuver","Grand Finale"],"picked":"SKIP","floor":44}],"player_experience":109907,"relics_obtained":[{"floor":6.0,"key":"Tingsha"},{"floor":8.0,"key":"Oddly Smooth Stone"},{"floor":9.0,"key":"Boot"},{"floor":25.0,"key":"War Paint"},{"floor":26.0,"key":"Juzu Bracelet"},{"floor":29.0,"key":"PreservedInsect"},{"floor":41,"key":"Ancient Tea Set"},{"floor":43,"key":"Orichalcum"},{"floor":44,"key":"Pen Nib"}],"event_choices":[{"damage_healed":0.0,"max_hp_gain":0.0,"max_hp_loss":5.0,"gold_gain":0.0,"event_name":"Golden Idol","player_choice":"Lose Max HP","floor":4.0,"gold_loss":0.0,"damage_taken":0.0,"relics_obtained":["Golden Idol"]},{"damage_healed":0.0,"max_hp_gain":0.0,"max_hp_loss":0.0,"gold_gain":0.0,"event_name":"Living Wall","player_choice":"Grow","floor":5.0,"gold_loss":0.0,"damage_taken":0.0,"cards_upgraded":["Crippling Poison"]},{"damage_healed":0.0,"max_hp_gain":0.0,"max_hp_loss":0.0,"gold_gain":0.0,"event_name":"Lab","player_choice":"Got Potions","floor":10.0,"gold_loss":0.0,"damage_taken":0.0},{"damage_healed":0.0,"max_hp_gain":0.0,"max_hp_loss":0.0,"gold_gain":0.0,"event_name":"betterSkull:BetterSkull","player_choice":"RE RE RE ","floor":20.0,"gold_loss":0.0,"damage_taken":55.0,"cards_upgraded":[],"relics_obtained":["Snake Skull","Strawberry","Omamori"]},{"damage_healed":0.0,"max_hp_gain":0.0,"max_hp_loss":0.0,"gold_gain":0.0,"event_name":"Upgrade Shrine","player_choice":"Upgraded","floor":21.0,"gold_loss":0.0,"damage_taken":0.0,"cards_upgraded":["Crippling Poison"]},{"damage_healed":0.0,"max_hp_gain":0.0,"max_hp_loss":0.0,"gold_gain":0.0,"event_name":"Accursed Blacksmith","player_choice":"Rummage","floor":22.0,"gold_loss":0.0,"damage_taken":0.0,"relics_obtained":["WarpedTongs"],"cards_obtained":["Pain"]},{"damage_healed":0.0,"max_hp_gain":0.0,"max_hp_loss":0.0,"gold_gain":0.0,"event_name":"The Mausoleum","player_choice":"Opened","floor":27.0,"gold_loss":0.0,"damage_taken":0.0,"relics_obtained":["Ornamental Fan"],"cards_obtained":["Writhe"]},{"damage_healed":24.0,"max_hp_gain":0.0,"max_hp_loss":0.0,"gold_gain":0.0,"event_name":"The Library","player_choice":"Heal","floor":28.0,"gold_loss":0.0,"damage_taken":0.0},{"damage_healed":0,"gold_gain":0,"player_choice":"2","damage_taken":0,"max_hp_gain":0,"max_hp_loss":0,"event_name":"betterMatch:BetterMatch","floor":36,"gold_loss":0,"cards_obtained":["betterMatch:RareCard"]}],"is_beta":false,"boss_relics":[{"not_picked":["Busted Crown","Philosopher\u0027s Stone"],"picked":"Runic Pyramid"},{"not_picked":["Tiny House","Ring of the Serpent"],"picked":"SlaversCollar"}],"items_purged_floors":[],"is_endless":false,"potions_floor_spawned":[1,6,8,12,18,23,29,33,39,44],"killed_by":"Maw","ascension_level":1}}