{"host":"ufl0k2so27eic2iy","time":1610115415,"event":{"mods":["BaseMod","Minty Spire (QoL Compilation)","StSLib","The Animator"],"gold_per_floor":[131,159,159,159,62,62,102,102,172,188,201,89,138,178,190,222,222],"floor_reached":16,"playtime":963,"items_purged":["animator:Strike"],"score":193,"play_id":"01a47b9c-0e3b-4171-bcdb-103faa55cd9b","local_time":"20210108141655","is_ascension_mode":true,"campfire_choices":[{"data":"animator:DwarfShaman","floor":6.0,"key":"SMITH"},{"data":"animator:Spearman","floor":15,"key":"SMITH"}],"circlet_count":0,"master_deck":["AscendersBane","animator:Strike_GoblinSlayer","animator:Defend_GoblinSlayer","animator:Strike","animator:Strike","animator:Defend","animator:Defend","animator:Defend","animator:LizardPriest","animator:DwarfShaman+1","animator:Shion","animator:Emonzaemon","animator:Priestess","animator:TohkaYatogami","animator:Spearman+1","animator:GuildGirl","animator:HidekiHinata","animator:Togame","animator:YoshinoHimekawa","animator:ShidoItsuka"],"relics":["animator:LivingPicture","animator:TheMissingPiece","animator:WornHelmet","Potion Belt","Oddly Smooth Stone","Golden Idol","HornCleat","MawBank"],"acts_visited":["Exordium"],"potions_floor_usage":[7,16],"damage_taken":[{"damage":0.0,"enemies":"2 Louse","floor":1.0,"turns":3.0},{"damage":4.0,"enemies":"Jaw Worm","floor":2.0,"turns":4.0},{"damage":12,"enemies":"Lagavulin","floor":7,"turns":7},{"damage":6,"enemies":"Small Slimes","floor":10,"turns":3},{"damage":0,"enemies":"Blue Slaver","floor":11,"turns":3},{"damage":8,"enemies":"3 Sentries","floor":13,"turns":8},{"damage":1,"enemies":"Large Slime","floor":14,"turns":7},{"damage":24,"enemies":"Slime Boss","floor":16,"turns":13}],"seed_played":"-2220547926394614749","potions_obtained":[{"floor":2.0,"key":"Dexterity Potion"},{"floor":7,"key":"Dexterity Potion"}],"is_trial":false,"path_per_floor":["M","M","?","T","$","R","E","?","T","M","M","$","E","M","R","B"],"character_chosen":"THE_ANIMATOR","items_purchased":["animator:Priestess","animator:TohkaYatogami","animator:Togame"],"campfire_rested":0,"item_purchase_floors":[5,5,12],"current_hp_per_floor":[54,50,50,50,50,50,38,38,38,33,33,33,25,24,24,0,0],"gold":222,"neow_bonus":"RANDOM_COMMON_RELIC","is_daily":false,"chose_seed":true,"campfire_upgraded":2,"win_rate":0.0,"timestamp":1610115415,"path_taken":["M","M","?","?","?","R","E","?","T","M","?","$","E","M","R","BOSS"],"items_purchased_type":["Card","Card","Card"],"build_version":"2020-12-22","purchased_purges":1,"victory":false,"max_hp_per_floor":[60,60,60,60,60,60,60,54,54,55,55,55,55,55,55,55,55],"card_choices":[{"not_picked":["animator:YoshinoHimekawa","animator:Sonic"],"picked":"animator:Shion","floor":1.0},{"not_picked":["animator:Shinoa","animator:Natsumi"],"picked":"animator:Emonzaemon","floor":2.0},{"not_picked":["animator:Sonic","animator:Godan"],"picked":"animator:Spearman","floor":7},{"not_picked":["animator:LizardPriest","animator:DwarfShaman"],"picked":"animator:GuildGirl","floor":10},{"not_picked":["animator:ReineMurasame","animator:Chaa"],"picked":"animator:HidekiHinata","floor":11},{"not_picked":["animator:Chaa","animator:Melzalgald"],"picked":"animator:YoshinoHimekawa","floor":13},{"not_picked":["animator:Shigure","animator:Hakurou"],"picked":"animator:ShidoItsuka","floor":14}],"player_experience":2419624,"relics_obtained":[{"floor":4.0,"key":"Potion Belt"},{"floor":7,"key":"Oddly Smooth Stone"},{"floor":9,"key":"HornCleat"},{"floor":13,"key":"MawBank"}],"event_choices":[{"damage_healed":0.0,"max_hp_gain":0.0,"max_hp_loss":0.0,"gold_gain":0.0,"event_name":"Liars Game","player_choice":"Ignored","floor":3.0,"gold_loss":0.0,"damage_taken":0.0},{"damage_healed":0,"gold_gain":0,"player_choice":"Lose Max HP","damage_taken":0,"relics_obtained":["Golden Idol"],"max_hp_gain":0,"max_hp_loss":6,"event_name":"Golden Idol","floor":8,"gold_loss":0}],"is_beta":false,"boss_relics":[],"items_purged_floors":[12],"is_endless":false,"potions_floor_spawned":[2,7],"killed_by":"Slime Boss","ascension_level":15}}