{"host":"z9811rt50ti81n54","time":1610099190,"event":{"mods":["BaseMod","Minty Spire (QoL Compilation)","Random Character Button","SuperFastMode"],"gold_per_floor":[109,129,129,6,106,141,141,181,204,229,229,250,270,304,304,424,424,445,463,24,49,49,49,70,70,95,95,114,114,114,114],"floor_reached":30,"playtime":814,"items_purged":["Injury"],"score":325,"play_id":"78b3c41e-a77e-47d3-ad2c-b3965af189d1","local_time":"20210108184630","is_ascension_mode":false,"campfire_choices":[{"floor":7,"key":"REST"},{"floor":11,"key":"REST"},{"floor":15,"key":"REST"},{"data":"The Bomb","floor":23,"key":"SMITH"},{"floor":25,"key":"REST"}],"circlet_count":0,"master_deck":["Defend_G","Defend_G","Defend_G","Defend_G","Defend_G","Survivor","Neutralize","The Bomb+1","Acrobatics","Deadly Poison","Deflect","Infinite Blades","Catalyst","Terror","Glass Knife","Acrobatics","Caltrops","Concentrate","Flying Knee","Malaise","CurseOfTheBell","Cloak And Dagger+1","Cloak And Dagger+1","Cloak And Dagger+1","Infinite Blades","Bite","Bite","Bite","Bite","Backflip+1"],"relics":["Ring of the Snake","Golden Idol","Whetstone","Dream Catcher","Tingsha","Calling Bell","Snake Skull","Mummified Hand","The Specimen","OrangePellets","Calipers","Boot"],"acts_visited":["Exordium","TheCity"],"potions_floor_usage":[14],"damage_taken":[{"damage":0,"enemies":"2 Louse","floor":1,"turns":4},{"damage":0,"enemies":"Cultist","floor":2,"turns":3},{"damage":24,"enemies":"Gremlin Nob","floor":6,"turns":4},{"damage":5,"enemies":"Lagavulin","floor":8,"turns":5},{"damage":1,"enemies":"Jaw Worm","floor":10,"turns":3},{"damage":1,"enemies":"Looter","floor":12,"turns":3},{"damage":1,"enemies":"2 Fungi Beasts","floor":13,"turns":3},{"damage":23,"enemies":"3 Sentries","floor":14,"turns":4},{"damage":0,"enemies":"Slime Boss","floor":16,"turns":6},{"damage":8,"enemies":"Shell Parasite","floor":18,"turns":7},{"damage":5,"enemies":"Spheric Guardian","floor":19,"turns":3},{"damage":10,"enemies":"Snake Plant","floor":21,"turns":6},{"damage":18,"enemies":"Snecko","floor":24,"turns":5},{"damage":51,"enemies":"Sentry and Sphere","floor":28,"turns":8},{"damage":22,"enemies":"Centurion and Healer","floor":30,"turns":2}],"seed_played":"-2236322980568902381","potions_obtained":[{"floor":10,"key":"Strength Potion"},{"floor":12,"key":"SneckoOil"},{"floor":14,"key":"Strength Potion"},{"floor":19,"key":"BlessingOfTheForge"}],"is_trial":false,"path_per_floor":["M","M","?","$","?","E","R","E","T","M","R","M","M","E","R","B",null,"M","M","$","M","$","R","M","R","T","?","M","?","M"],"character_chosen":"THE_SILENT","items_purchased":["Deflect","OrangePellets","Calipers"],"campfire_rested":4,"item_purchase_floors":[4,20,20],"current_hp_per_floor":[49,49,49,49,49,25,46,41,41,42,63,64,65,44,65,67,70,62,59,59,51,51,51,35,56,56,56,19,19,0,0],"gold":114,"neow_bonus":"RANDOM_COLORLESS_2","is_daily":false,"chose_seed":false,"campfire_upgraded":1,"win_rate":0.0,"timestamp":1610099190,"path_taken":["M","M","?","$","?","E","R","E","T","M","R","M","M","E","R","BOSS","M","M","$","M","$","R","?","R","T","?","M","?","M"],"items_purchased_type":["Card","Relic","Relic"],"build_version":"2020-12-22","purchased_purges":1,"victory":false,"max_hp_per_floor":[70,70,70,70,70,70,70,70,70,70,70,70,70,70,70,70,70,70,70,70,70,70,70,70,70,70,70,70,70,70,70],"card_choices":[{"not_picked":["Violence","Transmutation"],"picked":"The Bomb","floor":0},{"not_picked":["Riddle With Holes","Dagger Spray"],"picked":"Acrobatics","floor":1},{"not_picked":["Dagger Throw","Dagger Spray"],"picked":"Deadly Poison","floor":2},{"not_picked":["Cloak And Dagger","Finisher"],"picked":"Infinite Blades","floor":6},{"not_picked":["Poisoned Stab","Well Laid Plans"],"picked":"Catalyst","floor":8},{"not_picked":["Eviscerate","Riddle With Holes"],"picked":"Terror","floor":10},{"not_picked":["Dagger Spray","Finisher"],"picked":"Glass Knife","floor":11},{"not_picked":["Blade Dance","Skewer"],"picked":"Acrobatics","floor":12},{"not_picked":["Endless Agony","Tactician"],"picked":"Caltrops","floor":13},{"not_picked":["Poisoned Stab","Accuracy"],"picked":"Concentrate","floor":14},{"not_picked":["Bane","Distraction"],"picked":"Flying Knee","floor":15},{"not_picked":["Night Terror","Tools of the Trade"],"picked":"Malaise","floor":16},{"not_picked":["Acrobatics","Slice"],"picked":"Cloak And Dagger+1","floor":18},{"not_picked":["Accuracy","Dash"],"picked":"Cloak And Dagger+1","floor":19},{"not_picked":["Caltrops","Blur","Deadly Poison"],"picked":"SKIP","floor":21},{"not_picked":["Expertise+1","Infinite Blades"],"picked":"Cloak And Dagger+1","floor":24},{"not_picked":["Blade Dance","Prepared"],"picked":"Infinite Blades","floor":25},{"not_picked":["Underhanded Strike+1","Grand Finale"],"picked":"Backflip+1","floor":28}],"player_experience":321218,"relics_obtained":[{"floor":6,"key":"Whetstone"},{"floor":8,"key":"Blood Vial"},{"floor":9,"key":"Dream Catcher"},{"floor":14,"key":"Tingsha"},{"floor":17,"key":"Snake Skull"},{"floor":17,"key":"Mummified Hand"},{"floor":17,"key":"The Specimen"},{"floor":26,"key":"Boot"}],"event_choices":[{"damage_healed":0,"gold_gain":0,"player_choice":"Take Wound","damage_taken":0,"relics_obtained":["Golden Idol"],"max_hp_gain":0,"max_hp_loss":0,"event_name":"Golden Idol","floor":3,"gold_loss":0,"cards_obtained":["Injury"]},{"damage_healed":0,"gold_gain":100,"player_choice":"Gold","damage_taken":0,"max_hp_gain":0,"max_hp_loss":0,"event_name":"Wheel of Change","floor":5,"gold_loss":0},{"damage_healed":0,"gold_gain":0,"player_choice":"Became a vampire (Vial)","damage_taken":0,"max_hp_gain":0,"max_hp_loss":0,"event_name":"Vampires","floor":27,"relics_lost":["Blood Vial"],"gold_loss":0,"cards_obtained":["Bite","Bite","Bite","Bite","Bite"]},{"cards_removed":["Bite"],"damage_healed":0,"gold_gain":0,"player_choice":"Elegance","damage_taken":0,"max_hp_gain":0,"max_hp_loss":0,"event_name":"Back to Basics","floor":29,"gold_loss":0}],"is_beta":false,"boss_relics":[{"not_picked":["Cursed Key","WristBlade"],"picked":"Calling Bell"}],"items_purged_floors":[4],"is_endless":false,"potions_floor_spawned":[10,12,14,19,21],"killed_by":"Centurion and Healer","ascension_level":0}}