{"host":"873t0y8ybyo38pfq","time":1610102793,"event":{"mods":["BaseMod","Bestiary","Colored Map","Colored Powertips","Highlight Path","Minty Spire (QoL Compilation)","Quick Restart","RNG Fix","Rare Cards Sparkle","Relic Stats","StSLib"],"gold_per_floor":[117,117,117,135,185,211,211,211,211],"floor_reached":8,"playtime":136,"items_purged":[],"score":108,"play_id":"8a37ff14-e1fd-4c15-9672-2cf086ce917b","local_time":"20210108054633","is_ascension_mode":true,"campfire_choices":[{"floor":7,"key":"REST"}],"circlet_count":0,"master_deck":["AscendersBane","Strike_B","Strike_B","Defend_B","Defend_B","Defend_B","Defend_B","Zap","Dualcast","Hologram","Sweeping Beam","Lockon","Capacitor"],"relics":["Cracked Core","Darkstone Periapt","Centennial Puzzle"],"acts_visited":["Exordium"],"potions_floor_usage":[6,6],"damage_taken":[{"damage":5,"enemies":"2 Louse","floor":1,"turns":2},{"damage":1,"enemies":"Cultist","floor":4,"turns":3},{"damage":15,"enemies":"3 Sentries","floor":6,"turns":5},{"damage":44,"enemies":"Gremlin Nob","floor":8,"turns":3}],"seed_played":"5673416983775279509","potions_obtained":[{"floor":1,"key":"PowerPotion"},{"floor":4,"key":"FocusPotion"}],"is_trial":false,"path_per_floor":["M","?","?","M","?","E","R","E"],"character_chosen":"DEFECT","items_purchased":[],"campfire_rested":1,"item_purchase_floors":[],"current_hp_per_floor":[41,41,34,33,26,11,32,0,0],"gold":211,"neow_bonus":"TRANSFORM_TWO_CARDS","is_daily":false,"chose_seed":false,"campfire_upgraded":0,"win_rate":0.0,"timestamp":1610102793,"path_taken":["M","?","?","M","?","E","R","E"],"items_purchased_type":[],"build_version":"2020-12-22","purchased_purges":0,"victory":false,"max_hp_per_floor":[71,71,71,71,71,71,71,71,71],"relic_stats":{"Darkstone Periapt":0,"Centennial Puzzle":[3],"counters":[4,13],"obtain_stats":[{"Darkstone Periapt":2,"Centennial Puzzle":6,"Cracked Core":0},{"Darkstone Periapt":1,"Centennial Puzzle":3,"Cracked Core":0},{"Darkstone Periapt":2,"Centennial Puzzle":10,"Cracked Core":0}]},"card_choices":[{"not_picked":["Beam Cell","Compile Driver"],"picked":"Sweeping Beam","floor":1},{"not_picked":["Gash","Skim"],"picked":"Lockon","floor":4},{"not_picked":["Conserve Battery","Beam Cell"],"picked":"Capacitor","floor":6}],"player_experience":1544881,"relics_obtained":[{"floor":2,"key":"Darkstone Periapt"},{"floor":6,"key":"Centennial Puzzle"}],"event_choices":[{"damage_healed":0,"gold_gain":0,"player_choice":"Relic","damage_taken":0,"max_hp_gain":0,"max_hp_loss":0,"event_name":"Wheel of Change","floor":2,"gold_loss":0},{"cards_removed":["Aggregate"],"damage_healed":0,"gold_gain":0,"player_choice":"Card Removal","damage_taken":7,"max_hp_gain":0,"max_hp_loss":0,"event_name":"Golden Wing","floor":3,"gold_loss":0},{"damage_healed":0,"gold_gain":50,"player_choice":"Touch","damage_taken":7,"max_hp_gain":0,"max_hp_loss":0,"event_name":"FaceTrader","floor":5,"gold_loss":0}],"is_beta":false,"boss_relics":[],"items_purged_floors":[],"is_endless":false,"potions_floor_spawned":[1,4],"killed_by":"Gremlin Nob","ascension_level":20}}