{"host":"f5gffvlv6a66yqkd","time":1610107026,"event":{"mods":["2.2 Compatiblity","BaseMod","Colored Map","DeckTracker","Keyboard Shortcuts","Minty Spire (QoL Compilation)","Permanent Neow","Quick Restart","Relic Stats","StSLib","SuperFastMode"],"gold_per_floor":[112,112,112,124,124,159,174,191,215,215,215,15,15,30,30,128,128,143,343,393,409,430,430,355,408,408,426,441,441,219,239,239,335,335,348,371,371,392,100,100,433,277,277,277,277,302,227,258,258,258,258],"floor_reached":50,"playtime":2451,"items_purged":["Strike_G","Dash","Crippling Poison","Wraith Form v2"],"score":1121,"play_id":"bcbbc983-d152-4af0-a81f-bbe801bbf5cc","local_time":"20210108205706","is_ascension_mode":true,"campfire_choices":[{"floor":11.0,"key":"REST"},{"data":"Bouncing Flask","floor":13.0,"key":"SMITH"},{"data":"Tactician","floor":15.0,"key":"SMITH"},{"floor":23.0,"key":"REST"},{"floor":29.0,"key":"REST"},{"data":"Calculated Gamble","floor":32.0,"key":"SMITH"},{"data":"Footwork","floor":40.0,"key":"SMITH"},{"floor":49.0,"key":"RECALL"}],"circlet_count":0,"master_deck":["AscendersBane","Survivor+1","Neutralize","Escape Plan+1","Bouncing Flask+1","Blur","Calculated Gamble+1","Prepared","Tactician+1","PiercingWail","Malaise","Blur","Doppelganger","Dagger Throw","Footwork+1","Deflect","Backflip","Footwork","Grand Finale","Prepared","Tactician+1","Panache","Terror","Footwork","Catalyst"],"relics":["Ring of the Serpent","NeowsBlessing","Bag of Marbles","Juzu Bracelet","Lantern","Membership Card","Pandora\u0027s Box","Letter Opener","TheAbacus","Medical Kit","Paper Crane","DollysMirror","Sundial","Ninja Scroll","Smiling Mask"],"acts_visited":["Exordium","TheCity","TheBeyond"],"potions_floor_usage":[50],"damage_taken":[{"damage":0.0,"enemies":"Jaw Worm","floor":1.0,"turns":1.0},{"damage":0.0,"enemies":"2 Louse","floor":4.0,"turns":1.0},{"damage":0.0,"enemies":"3 Sentries","floor":6.0,"turns":2.0},{"damage":0.0,"enemies":"Small Slimes","floor":7.0,"turns":4.0},{"damage":0.0,"enemies":"Gremlin Gang","floor":8.0,"turns":2.0},{"damage":5.0,"enemies":"Large Slime","floor":14.0,"turns":10.0},{"damage":10.0,"enemies":"The Guardian","floor":16.0,"turns":11.0},{"damage":15.0,"enemies":"Shell Parasite","floor":18.0,"turns":5.0},{"damage":2.0,"enemies":"3 Byrds","floor":21.0,"turns":6.0},{"damage":25.0,"enemies":"Centurion and Healer","floor":22.0,"turns":10.0},{"damage":6.0,"enemies":"Snecko","floor":27.0,"turns":4.0},{"damage":0.0,"enemies":"3 Cultists","floor":28.0,"turns":4.0},{"damage":9.0,"enemies":"Snake Plant","floor":31.0,"turns":5.0},{"damage":13.0,"enemies":"Champ","floor":33.0,"turns":19.0},{"damage":0.0,"enemies":"3 Shapes","floor":35.0,"turns":6.0},{"damage":22.0,"enemies":"3 Darklings","floor":36.0,"turns":5.0},{"damage":0.0,"enemies":"Writhing Mass","floor":38.0,"turns":8.0},{"damage":10.0,"enemies":"Nemesis","floor":46.0,"turns":9.0},{"damage":3.0,"enemies":"Giant Head","floor":48.0,"turns":10.0},{"damage":18,"enemies":"Awakened One","floor":50,"turns":1}],"seed_played":"79669393473109780","potions_obtained":[{"floor":1.0,"key":"Weak Potion"},{"floor":4.0,"key":"Explosive Potion"},{"floor":8.0,"key":"PowerPotion"},{"floor":14.0,"key":"Poison Potion"},{"floor":18.0,"key":"FearPotion"},{"floor":33.0,"key":"PowerPotion"},{"floor":38.0,"key":"CunningPotion"}],"is_trial":false,"path_per_floor":["M","?","?","M","?","E","M","M","T","?","R","$","R","M","R","B",null,"M","?","?","M","M","R","?","T","T","M","M","R","$","M","R","B",null,"M","M","?","M","$","R","?","$","T","?","?","E","?","E","R","B"],"character_chosen":"THE_SILENT","items_purchased":["Membership Card","TheAbacus","Footwork","ColorlessPotion","Crippling Poison","Medical Kit","Paper Crane","DollysMirror"],"campfire_rested":3,"item_purchase_floors":[12,30,30,30,30,39,39,42],"current_hp_per_floor":[59,33,13,13,13,13,13,13,13,13,31,31,31,26,26,16,49,34,34,34,32,7,25,25,25,25,19,19,37,37,28,28,15,49,49,27,27,27,27,27,27,27,27,22,22,12,12,9,9,0,0],"gold":258,"neow_bonus":"THREE_ENEMY_KILL","is_daily":false,"chose_seed":false,"campfire_upgraded":4,"win_rate":0.0,"timestamp":1610107026,"path_taken":["M","?","?","M","?","E","M","M","T","?","R","$","R","M","R","BOSS","M","?","?","M","M","R","?","?","T","M","M","R","$","M","R","BOSS","M","M","?","M","$","R","?","$","T","?","?","E","?","E","R","BOSS"],"items_purchased_type":["Relic","Relic","Card","Potion","Card","Relic","Relic","Relic"],"build_version":"2020-12-22","purchased_purges":4,"victory":false,"max_hp_per_floor":[66,66,66,66,66,66,66,66,66,60,60,60,60,60,60,60,60,60,60,60,60,60,60,60,60,60,60,60,60,60,60,60,60,60,60,60,60,60,60,60,60,60,60,60,57,57,57,57,57,57,57],"relic_stats":{"TheAbacus":[162],"counters":[20,123],"Sundial":[6],"Pandora\u0027s Box":["Flying Knee","Malaise","Wraith Form v2","Unload","Blur","Dash","Crippling Poison","Doppelganger"],"Juzu Bracelet":5,"Letter Opener":[393],"Medical Kit":[10],"Smiling Mask":0,"obtain_stats":[{"Lantern":9,"NeowsBlessing":0,"Golden Idol":10,"Juzu Bracelet":6,"Letter Opener":26,"Paper Crane":39,"Medical Kit":39,"Smiling Mask":48,"TheAbacus":30,"DollysMirror":42,"Sundial":43,"Ninja Scroll":46,"Pandora\u0027s Box":17,"Bag of Marbles":2,"Membership Card":12,"Ring of the Serpent":34,"Ring of the Snake":0},{"Lantern":5,"NeowsBlessing":0,"Golden Idol":5,"Juzu Bracelet":3,"Letter Opener":10,"Paper Crane":17,"Medical Kit":17,"Smiling Mask":19,"TheAbacus":12,"DollysMirror":17,"Sundial":17,"Ninja Scroll":18,"Pandora\u0027s Box":7,"Bag of Marbles":1,"Membership Card":5,"Ring of the Serpent":14,"Ring of the Snake":0},{"Lantern":10,"NeowsBlessing":0,"Golden Idol":10,"Juzu Bracelet":4,"Letter Opener":52,"Paper Crane":103,"Medical Kit":103,"Smiling Mask":122,"TheAbacus":60,"DollysMirror":103,"Sundial":103,"Ninja Scroll":112,"Pandora\u0027s Box":31,"Bag of Marbles":1,"Membership Card":10,"Ring of the Serpent":84,"Ring of the Snake":0}]},"card_choices":[{"not_picked":["Backflip","Acrobatics"],"picked":"Escape Plan","floor":1.0},{"not_picked":["Finisher","Flying Knee"],"picked":"Bouncing Flask","floor":4.0},{"not_picked":["Heel Hook","Flying Knee"],"picked":"Calculated Gamble","floor":6.0},{"not_picked":["Deadly Poison","Endless Agony"],"picked":"Prepared","floor":7.0},{"not_picked":["Backstab","Dagger Throw"],"picked":"Tactician","floor":8.0},{"not_picked":["Distraction","Cloak And Dagger"],"picked":"PiercingWail","floor":14.0},{"not_picked":["Phantasmal Killer","Die Die Die"],"picked":"Wraith Form v2","floor":16.0},{"not_picked":["PiercingWail","Riddle With Holes+1"],"picked":"Dagger Throw","floor":18.0},{"not_picked":["Outmaneuver","Concentrate","Quick Slash+1"],"picked":"SKIP","floor":21.0},{"not_picked":["Bouncing Flask+1","Expertise"],"picked":"Footwork","floor":22.0},{"not_picked":["Blade Dance","Deflect","Deadly Poison"],"picked":"SKIP","floor":27.0},{"not_picked":["Blade Dance","Deadly Poison"],"picked":"Deflect","floor":27.0},{"not_picked":["Poisoned Stab","Skewer+1"],"picked":"Backflip","floor":28.0},{"not_picked":["Distraction","Quick Slash","Calculated Gamble"],"picked":"SKIP","floor":31.0},{"not_picked":["Adrenaline","Wraith Form v2"],"picked":"Grand Finale","floor":33.0},{"not_picked":["Blade Dance","Slice"],"picked":"Prepared","floor":35.0},{"not_picked":["Crippling Poison","Dagger Spray+1","Flechettes"],"picked":"SKIP","floor":36.0},{"not_picked":["Footwork","Flechettes+1","Sucker Punch"],"picked":"SKIP","floor":38.0},{"not_picked":["Secret Technique","Bandage Up"],"picked":"Panache","floor":44.0},{"not_picked":["Poisoned Stab","Calculated Gamble","Underhanded Strike"],"picked":"SKIP","floor":46.0},{"not_picked":["Poisoned Stab","Calculated Gamble","Underhanded Strike"],"picked":"SKIP","floor":46.0},{"not_picked":["Outmaneuver","Dagger Throw"],"picked":"Catalyst","floor":48.0}],"player_experience":1533681,"relics_obtained":[{"floor":6.0,"key":"Juzu Bracelet"},{"floor":9.0,"key":"Lantern"},{"floor":26.0,"key":"Letter Opener"},{"floor":43.0,"key":"Sundial"},{"floor":46.0,"key":"Ninja Scroll"},{"floor":48.0,"key":"Smiling Mask"}],"event_choices":[{"damage_healed":0.0,"max_hp_gain":0.0,"max_hp_loss":0.0,"gold_gain":0.0,"event_name":"Scrap Ooze","player_choice":"Success","floor":2.0,"gold_loss":0.0,"damage_taken":26.0,"relics_obtained":["Bag of Marbles"]},{"damage_healed":0.0,"max_hp_gain":0.0,"max_hp_loss":0.0,"gold_gain":0.0,"event_name":"Shining Light","player_choice":"Entered Light","floor":3.0,"gold_loss":0.0,"damage_taken":20.0,"cards_upgraded":["Escape Plan","Survivor"]},{"damage_healed":0.0,"max_hp_gain":0.0,"max_hp_loss":0.0,"gold_gain":0.0,"cards_transformed":["Strike_G"],"event_name":"Transmorgrifier","player_choice":"Transformed","floor":5.0,"gold_loss":0.0,"damage_taken":0.0,"cards_obtained":["Blur"]},{"damage_healed":0.0,"max_hp_gain":0.0,"max_hp_loss":6.0,"gold_gain":0.0,"event_name":"Golden Idol","player_choice":"Lose Max HP","floor":10.0,"gold_loss":0.0,"damage_taken":0.0,"relics_obtained":["Golden Idol"]},{"damage_healed":0.0,"max_hp_gain":0.0,"max_hp_loss":0.0,"gold_gain":250.0,"event_name":"The Joust","player_choice":"Bet on Owner","floor":19.0,"gold_loss":50.0,"damage_taken":0.0},{"damage_healed":0.0,"max_hp_gain":0.0,"max_hp_loss":0.0,"gold_gain":50.0,"event_name":"Nest","player_choice":"Stole From Cult","floor":20.0,"gold_loss":0.0,"damage_taken":0.0},{"cards_removed":["Unload"],"damage_healed":0.0,"max_hp_gain":0.0,"max_hp_loss":0.0,"gold_gain":0.0,"event_name":"Beggar","player_choice":"Gave Gold","floor":24.0,"gold_loss":75.0,"damage_taken":0.0},{"cards_removed":["Crippling Poison"],"damage_healed":0.0,"max_hp_gain":0.0,"max_hp_loss":0.0,"gold_gain":0.0,"event_name":"Purifier","player_choice":"Purged","floor":37.0,"gold_loss":0.0,"damage_taken":0.0},{"damage_healed":0.0,"max_hp_gain":0.0,"max_hp_loss":0.0,"gold_gain":333.0,"event_name":"The Moai Head","player_choice":"Gave Idol","floor":41.0,"relics_lost":["Golden Idol"],"gold_loss":0.0,"damage_taken":0.0},{"damage_healed":0.0,"max_hp_gain":0.0,"max_hp_loss":0.0,"gold_gain":0.0,"event_name":"SensoryStone","player_choice":"Memory 2","floor":44.0,"gold_loss":0.0,"damage_taken":5.0},{"damage_healed":0.0,"max_hp_gain":0.0,"max_hp_loss":3.0,"gold_gain":0.0,"event_name":"Winding Halls","player_choice":"Max HP","floor":45.0,"gold_loss":0.0,"damage_taken":0.0},{"damage_healed":0.0,"max_hp_gain":0.0,"max_hp_loss":0.0,"gold_gain":0.0,"cards_transformed":["Wraith Form v2","Flying Knee"],"event_name":"Designer","player_choice":"Transformed Cards","floor":47.0,"gold_loss":75.0,"damage_taken":0.0,"cards_obtained":["Terror","Footwork"]}],"is_beta":false,"boss_relics":[{"not_picked":["Empty Cage","HoveringKite"],"picked":"Pandora\u0027s Box"},{"not_picked":["Black Star","Runic Dome"],"picked":"Ring of the Serpent"}],"items_purged_floors":[12,30,39,42],"is_endless":false,"potions_floor_spawned":[1,4,8,14,18,27,28,31,33,35,36,38],"killed_by":"Awakened One","ascension_level":20}}