{"host":"all919iypwkkx094","time":1610100068,"event":{"mods":["AchievementEnabler","BaseMod","Conspire","Hubris","Infinite Spire","Minty Spire (QoL Compilation)","Shop Mod","StSLib","SuperFastMode","The Construct"],"gold_per_floor":[112,124,49,49,49,83,103,118,144,144,179,31,31,31,31,31,31],"floor_reached":16,"playtime":323,"items_purged":["Defend_G"],"score":133,"play_id":"0536ebfc-1f3d-41b9-a750-50ab26542b7b","local_time":"20210108110107","is_ascension_mode":false,"campfire_choices":[{"data":"Neutralize","floor":10,"key":"SMITH"},{"data":"Strike_G","floor":15,"key":"PURGE"}],"circlet_count":0,"master_deck":["Strike_G","Strike_G","Strike_G","Strike_G","Defend_G","Defend_G","Defend_G","Defend_G","Survivor","Neutralize+1","Eviscerate","Quick Slash","Deflect","Backstab","Backstab","Backstab"],"relics":["Ring of the Snake","NeowsBlessing","Peace Pipe","Pocketwatch","Blood Vial","Bag of Marbles","Sling","Frozen Egg 2","conspire:Dentures"],"acts_visited":["Exordium"],"potions_floor_usage":[11,11],"damage_taken":[{"damage":0,"enemies":"conspire:RoseBush","floor":1,"turns":1},{"damage":0,"enemies":"Cultist","floor":2,"turns":1},{"damage":0,"enemies":"3 Sentries","floor":6,"turns":1},{"damage":0,"enemies":"Jaw Worm","floor":7,"turns":3},{"damage":2,"enemies":"3 Louse","floor":8,"turns":4},{"damage":1,"enemies":"Gremlin Nob","floor":11,"turns":3},{"damage":66,"enemies":"Hexaghost","floor":16,"turns":12}],"seed_played":"2956607580952923412","potions_obtained":[{"floor":2,"key":"AttackPotion"},{"floor":6,"key":"BlessingOfTheForge"}],"is_trial":false,"path_per_floor":["M","M","$","?","?","E","M","M","T","R","E","$","T","T","R","B"],"character_chosen":"THE_SILENT","items_purchased":["Sling"],"campfire_rested":0,"item_purchase_floors":[12],"current_hp_per_floor":[70,70,70,63,63,63,63,61,61,61,62,62,62,62,62,0,0],"gold":31,"neow_bonus":"THREE_ENEMY_KILL","is_daily":false,"chose_seed":false,"campfire_upgraded":1,"win_rate":0.0,"timestamp":1610100067,"path_taken":["M","M","$","?","?","E","?","M","T","R","E","$","?","?","R","BOSS"],"items_purchased_type":["Relic"],"build_version":"2020-12-22","purchased_purges":1,"victory":false,"max_hp_per_floor":[70,70,70,70,70,70,70,70,70,70,70,70,70,70,70,70,70],"card_choices":[{"not_picked":["Reflex","Slice"],"picked":"Eviscerate","floor":1},{"not_picked":["Calculated Gamble","Slice"],"picked":"Quick Slash","floor":2},{"not_picked":["Bullet Time","Slice","Dodge and Roll"],"picked":"SKIP","floor":6},{"not_picked":["Blade Dance","Slice"],"picked":"Backstab","floor":7},{"not_picked":["hubris:SlightOfHand","Prepared"],"picked":"Backstab","floor":8},{"not_picked":["Expertise","Underhanded Strike"],"picked":"Backstab","floor":11}],"player_experience":1240,"relics_obtained":[{"floor":6,"key":"Pocketwatch"},{"floor":9,"key":"Blood Vial"},{"floor":11,"key":"Bag of Marbles"},{"floor":13,"key":"Frozen Egg 2"},{"floor":14,"key":"conspire:Dentures"}],"event_choices":[{"damage_healed":0,"gold_gain":0,"player_choice":"Success","damage_taken":7,"relics_obtained":["Peace Pipe"],"max_hp_gain":0,"max_hp_loss":0,"event_name":"Scrap Ooze","floor":4,"gold_loss":0},{"damage_healed":0,"gold_gain":0,"player_choice":"1 cards matched","damage_taken":0,"max_hp_gain":0,"max_hp_loss":0,"event_name":"Match and Keep!","floor":5,"gold_loss":0,"cards_obtained":["Deflect"]}],"is_beta":false,"boss_relics":[],"items_purged_floors":[3],"is_endless":false,"potions_floor_spawned":[2,6],"killed_by":"Hexaghost","ascension_level":0}}