{"host":"u7lm8z2rvb4dg2oo","time":1610086443,"event":{"mods":["AchievementEnabler","BaseMod","Colored Map","Colored Powertips","Curses Come First","Googly Eyes","Highlight Path","Minty Spire (QoL Compilation)","Quick Restart","StSLib"],"gold_per_floor":[111,286,286,286,286,286,298,298,344,373,373,401,401,417,417,518,518,531,5,20,30,42,42,70,70,145,177,193,42,60,71,71,71,71],"floor_reached":33,"playtime":1090,"items_purged":[],"score":512,"play_id":"0379ff5b-469f-4d9d-9d38-6e1c28d38571","local_time":"20210108011403","is_ascension_mode":true,"campfire_choices":[{"data":"Vault","floor":6.0,"key":"SMITH"},{"data":"Eruption","floor":8.0,"key":"SMITH"},{"data":"Worship","floor":11.0,"key":"SMITH"},{"data":"CutThroughFate","floor":13.0,"key":"SMITH"},{"data":"ForeignInfluence","floor":15.0,"key":"SMITH"},{"data":"MasterReality","floor":23.0,"key":"SMITH"},{"floor":25.0,"key":"REST"},{"floor":32.0,"key":"REST"}],"circlet_count":0,"master_deck":["AscendersBane","Strike_P","Strike_P","Strike_P","Defend_P","Defend_P","Defend_P","Defend_P","Eruption+1","Vigilance","Consecrate","Vault+1","Worship+1","CutThroughFate+1","ForeignInfluence+1","Judgement","MasterReality+1","Tantrum","Conclude","Conclude+1","Protect"],"relics":["PureWater","NeowsBlessing","Vajra","Blood Vial","Bottled Lightning","Runic Pyramid","Kunai","Omamori","Lantern","InkBottle","Bag of Preparation","Lee\u0027s Waffle"],"acts_visited":["Exordium","TheCity"],"potions_floor_usage":[],"damage_taken":[{"damage":0.0,"enemies":"Small Slimes","floor":1.0,"turns":1.0},{"damage":0.0,"enemies":"2 Louse","floor":7.0,"turns":1.0},{"damage":0.0,"enemies":"3 Sentries","floor":10.0,"turns":2.0},{"damage":4.0,"enemies":"Gremlin Nob","floor":12.0,"turns":4.0},{"damage":0.0,"enemies":"Cultist","floor":14.0,"turns":3.0},{"damage":32.0,"enemies":"Hexaghost","floor":16.0,"turns":8.0},{"damage":15.0,"enemies":"Shell Parasite","floor":18.0,"turns":4.0},{"damage":14.0,"enemies":"2 Thieves","floor":20.0,"turns":3.0},{"damage":0.0,"enemies":"Snecko","floor":21.0,"turns":4.0},{"damage":0.0,"enemies":"Sentry and Sphere","floor":22.0,"turns":2.0},{"damage":9.0,"enemies":"Gremlin Leader","floor":24.0,"turns":4.0},{"damage":43.0,"enemies":"Slavers","floor":27.0,"turns":2.0},{"damage":0.0,"enemies":"Snake Plant","floor":28.0,"turns":3.0},{"damage":36.0,"enemies":"Snecko","floor":30.0,"turns":3.0},{"damage":0.0,"enemies":"Sentry and Sphere","floor":31.0,"turns":2.0},{"damage":77,"enemies":"Champ","floor":33,"turns":7}],"seed_played":"-8248289760973657085","potions_obtained":[{"floor":7.0,"key":"SteroidPotion"},{"floor":12.0,"key":"BlessingOfTheForge"},{"floor":21.0,"key":"DistilledChaos"},{"floor":27.0,"key":"Fruit Juice"}],"is_trial":false,"path_per_floor":["M","?","?","$","?","R","M","R","T","E","R","E","R","M","R","B",null,"M","$","M","M","M","R","E","R","T","E","M","$","M","M","R","B"],"character_chosen":"WATCHER","items_purchased":["Kunai","Omamori","Regen Potion","AttackPotion","Lee\u0027s Waffle"],"campfire_rested":2,"item_purchase_floors":[19,19,19,19,29],"current_hp_per_floor":[65,65,65,65,65,65,65,65,65,65,65,63,63,65,65,35,63,50,50,43,45,47,47,40,61,61,25,27,84,48,50,75,0,0],"gold":71,"neow_bonus":"THREE_ENEMY_KILL","is_daily":false,"chose_seed":false,"campfire_upgraded":6,"win_rate":0.0,"timestamp":1610086443,"path_taken":["M","?","?","$","?","R","M","R","T","E","R","E","R","?","R","BOSS","M","$","M","M","M","R","E","R","T","E","?","$","M","M","R","BOSS"],"items_purchased_type":["Relic","Relic","Potion","Potion","Relic"],"build_version":"2020-12-22","purchased_purges":0,"victory":false,"max_hp_per_floor":[72,72,72,72,72,72,72,72,72,72,72,72,72,72,72,72,72,72,72,72,72,72,72,72,72,72,77,77,84,84,84,84,84,84],"card_choices":[{"not_picked":["JustLucky","Sanctity"],"picked":"Consecrate","floor":1.0},{"not_picked":["Tantrum","SashWhip"],"picked":"Worship","floor":7.0},{"not_picked":["SignatureMove","Adaptation","Halt"],"picked":"SKIP","floor":10.0},{"not_picked":["PathToVictory","Prostrate"],"picked":"CutThroughFate","floor":12.0},{"not_picked":["Crescendo","ClearTheMind"],"picked":"ForeignInfluence","floor":14.0},{"not_picked":["Alpha","ConjureBlade"],"picked":"Judgement","floor":16.0},{"not_picked":["Study","Prostrate","BowlingBash+1"],"picked":"SKIP","floor":18.0},{"not_picked":["EmptyBody+1","ForeignInfluence","Halt"],"picked":"SKIP","floor":20.0},{"not_picked":["Collect","EmptyBody+1"],"picked":"MasterReality","floor":21.0},{"not_picked":["FollowUp","CarveReality"],"picked":"Tantrum","floor":22.0},{"not_picked":["InnerPeace","EmptyFist"],"picked":"Conclude","floor":24.0},{"not_picked":["FlurryOfBlows","CutThroughFate"],"picked":"Conclude+1","floor":27.0},{"not_picked":["MentalFortress","PathToVictory"],"picked":"Protect","floor":28.0},{"not_picked":["Collect","SashWhip","FlurryOfBlows"],"picked":"SKIP","floor":30.0},{"not_picked":["Halt","Sanctity","CrushJoints"],"picked":"SKIP","floor":31.0}],"player_experience":929357,"relics_obtained":[{"floor":9.0,"key":"Vajra"},{"floor":10.0,"key":"Blood Vial"},{"floor":12.0,"key":"Bottled Lightning"},{"floor":24.0,"key":"Lantern"},{"floor":26.0,"key":"InkBottle"},{"floor":27.0,"key":"Bag of Preparation"}],"event_choices":[{"damage_healed":0.0,"max_hp_gain":0.0,"max_hp_loss":0.0,"gold_gain":175.0,"event_name":"Liars Game","player_choice":"AGREE","floor":2.0,"gold_loss":0.0,"damage_taken":0.0,"cards_obtained":["Doubt"]},{"cards_removed":["Doubt"],"damage_healed":0.0,"max_hp_gain":0.0,"max_hp_loss":0.0,"gold_gain":0.0,"event_name":"Living Wall","player_choice":"Forget","floor":3.0,"gold_loss":0.0,"damage_taken":0.0},{"damage_healed":0.0,"max_hp_gain":0.0,"max_hp_loss":0.0,"gold_gain":0.0,"cards_transformed":["Strike_P"],"event_name":"Transmorgrifier","player_choice":"Transformed","floor":5.0,"gold_loss":0.0,"damage_taken":0.0,"cards_obtained":["Vault"]}],"is_beta":false,"boss_relics":[{"not_picked":["Pandora\u0027s Box","HolyWater"],"picked":"Runic Pyramid"}],"items_purged_floors":[],"is_endless":false,"potions_floor_spawned":[7,12,21,27],"killed_by":"Champ","ascension_level":12}}