{"host":"htqwg582tjjtn9p7","time":1610113010,"event":{"mods":["2.2 Compatiblity","AchievementEnabler","Act Like it!","Aspiration","BaseMod","Better Third Choice","Colored Map","Conspire","Curses Come First","Displayed Cursed Tome","Energized Spire","Force Act Four","GifTheSpireLib","Hermit","Highlight Path","JesterMod","Mad Scientist","Minty Spire (QoL Compilation)","Pale of the Ancients","Permanent Neow","Random Character Button","Relic Stats","Replay The Spire","Robot Space Explorer","Somnambulant","Spicy Shops","Spikes Relics","StSLib","Stuff the Spire","The Blue Laboratory","The Bug Knight","The Forsaken","The Gatherer","The Judge","The Jungle","The Marked","The Runesmith","The Servant 0.9.4","Uncapped"],"gold_per_floor":[16,16,28,28,78,105,121,147,171,23,23,40,74,99,99,175,175,193,210,230,246,21,21,54,54,54,84,101,101,26,44,44,121,121,132,132,132,175,175,209,227,243,267,267,324,324,374,384,384,384,397,415,415,266,266,286,286,39,39,39,39],"floor_reached":60,"playtime":2880,"items_purged":["BlessedFruit"],"score":1488,"play_id":"945f111e-4dcf-4eac-bd93-9c3d305dff73","local_time":"20210108143650","is_ascension_mode":true,"campfire_choices":[{"floor":11,"key":"REST"},{"floor":15,"key":"REST"},{"floor":23,"key":"REST"},{"data":"Feed","floor":25,"key":"SMITH"},{"data":"Apotheosis","floor":29,"key":"SMITH"},{"floor":32,"key":"REST"},{"data":"Pot Of Greed","floor":44,"key":"SMITH"},{"floor":46,"key":"REST"},{"data":"Pot Of Greed","floor":49,"key":"SMITH"},{"floor":55,"key":"REST"},{"floor":57,"key":"REST"}],"circlet_count":0,"master_deck":["AscendersBane","Defend_R","Defend_R","Defend_R","Apotheosis+1","Shockwave","Whirlwind+1","conspire:Purge","Inflame","Shockwave","Inflame","Seeing Red","Impervious","True Grit","Feed+1","Pot Of Greed+1","Pot Of Greed+1","BlessedFruit","Seeing Red","True Grit","Feel No Pain"],"relics":["Burning Blood","SpikesRelics:ToyHorsey","StuffTheSpire:SapphireSignet","Happy Flower","Oddly Smooth Stone","Ginger","Odd Mushroom","Cursed Key","ReplayTheSpireMod:Spearhead","Art of War","Replay:Bottled Flurry","ShockBauble","Ice Cream","CosmicIsotope","Grinning Jar","HeavenlyBonsai","Regal Pillow","Shuriken","Darkstone Periapt","paleoftheancients:Timepiece","paleoftheancients:KeyRelic","Gremlin Horn","CultistMask","paleoftheancients:SoulOfTheCollector","Membership Card","StuffTheSpire:Wildfire","Medical Kit","conspire:Dentures"],"acts_visited":["Exordium","TheCity","TheBeyond","TheBeyond"],"potions_floor_usage":[13,16,21,27,35,50,50],"damage_taken":[{"damage":0,"enemies":"conspire:RoseBush","floor":1,"turns":4},{"damage":11,"enemies":"Jaw Worm","floor":3,"turns":4},{"damage":0,"enemies":"HollowMod:MossKnight","floor":6,"turns":7},{"damage":8,"enemies":"2 Louse","floor":7,"turns":2},{"damage":42,"enemies":"Gremlin Nob","floor":8,"turns":5},{"damage":10,"enemies":"Red Slaver","floor":12,"turns":5},{"damage":5,"enemies":"Lagavulin","floor":13,"turns":5},{"damage":15,"enemies":"The Mushroom Lair","floor":14,"turns":3},{"damage":5,"enemies":"Slime Boss","floor":16,"turns":5},{"damage":24,"enemies":"Spheric Guardian","floor":18,"turns":5},{"damage":0,"enemies":"3 Byrds","floor":19,"turns":4},{"damage":22,"enemies":"Snecko","floor":20,"turns":7},{"damage":9,"enemies":"Shelled Parasite and Fungi","floor":21,"turns":5},{"damage":9,"enemies":"conspire:SneckoGhost","floor":24,"turns":8},{"damage":25,"enemies":"Slavers","floor":27,"turns":4},{"damage":0,"enemies":"Cultist and Chosen","floor":28,"turns":3},{"damage":31,"enemies":"Centurion and Healer","floor":31,"turns":3},{"damage":29,"enemies":"Collector","floor":33,"turns":6},{"damage":11,"enemies":"3 Darklings","floor":35,"turns":4},{"damage":29,"enemies":"Nemesis","floor":40,"turns":5},{"damage":7,"enemies":"3 Shapes","floor":41,"turns":4},{"damage":21,"enemies":"Writhing Mass","floor":42,"turns":5},{"damage":28,"enemies":"conspire:MimicChest","floor":45,"turns":7},{"damage":17,"enemies":"R_Hoarder","floor":47,"turns":9},{"damage":25,"enemies":"4 Shapes","floor":48,"turns":10},{"damage":82,"enemies":"Replay:Hell Engine","floor":50,"turns":12},{"damage":12,"enemies":"Replay:Hell Engine","floor":51,"turns":8},{"damage":50,"enemies":"Replay:Hell Engine","floor":52,"turns":7},{"damage":52,"enemies":"Replay:Hell Engine","floor":56,"turns":5},{"damage":225,"enemies":"paleoftheancients:N","floor":60,"turns":7}],"seed_played":"1058502983200952862","potions_obtained":[{"floor":7,"key":"blueLaboratory:RememoryPotion"},{"floor":8,"key":"PowerPotion"},{"floor":13,"key":"Swift Potion"},{"floor":18,"key":"LifebloodPotion"},{"floor":21,"key":"SkillPotion"},{"floor":31,"key":"GamblersBrew"},{"floor":35,"key":"Dexterity Potion"},{"floor":38,"key":"blueLaboratory:FruitPreserves"},{"floor":56,"key":"Weak Potion"}],"is_trial":false,"path_per_floor":["M","?","M","$","?","E","M","E","T","$","R","M","E","?","R","B",null,"M","M","M","M","$","R","E","R","T","E","M","R","?","M","R","B",null,"M","?","$","?","?","E","M","M","T","R","?","R","E","M","R","B","M","M","?","$","R","M","R","$","?","B"],"character_chosen":"IRONCLAD","items_purchased":["Oddly Smooth Stone","ReplayTheSpireMod:Spearhead","Art of War","Membership Card","StuffTheSpire:Wildfire","Medical Kit","conspire:Dentures"],"campfire_rested":7,"item_purchase_floors":[10,22,22,54,58,58,58],"current_hp_per_floor":[74,74,69,69,69,75,73,37,37,37,59,55,56,47,69,72,74,58,64,48,45,45,67,68,68,68,49,55,55,55,35,58,40,69,67,71,71,71,71,54,66,60,60,60,46,88,83,74,74,82,95,83,83,83,102,81,104,104,104,0,0],"gold":39,"neow_bonus":"RANDOM_COLORLESS_2","is_daily":false,"chose_seed":false,"campfire_upgraded":4,"win_rate":0.0,"timestamp":1610113010,"path_taken":["M","?","M","?","?","E","M","E","T","$","R","?","E","?","R","BOSS","M","M","M","M","$","R","E","R","T","E","M","R","?","M","R","BOSS","M","?","$","?","?","E","M","?","T","R","?","R","E","M","R","BOSS","M","M","?","$","R","M","R","$","?","BOSS"],"items_purchased_type":["Relic","Relic","Relic","Relic","Relic","Relic","Relic"],"build_version":"2020-12-22","purchased_purges":1,"victory":false,"max_hp_per_floor":[75,75,75,75,75,75,75,75,75,75,75,75,75,75,75,75,75,75,75,75,75,75,75,79,79,79,79,79,79,79,79,79,79,79,79,79,79,79,79,79,86,89,89,89,91,91,93,97,97,101,100,102,102,102,102,104,104,104,104,106,106],"relic_stats":{"Darkstone Periapt":0,"Regal Pillow":15,"Happy Flower":[48],"Gremlin Horn":[9,9],"counters":[30,168],"Shuriken":[1],"Art of War":[45],"Ginger":[27],"Cursed Key":2,"Medical Kit":[0],"obtain_stats":[{"Ice Cream":27,"Darkstone Periapt":47,"Regal Pillow":43,"ShockBauble":26,"Gremlin Horn":50,"Ginger":13,"HeavenlyBonsai":40,"Cursed Key":17,"Burning Blood":0,"StuffTheSpire:SapphireSignet":8,"SpikesRelics:ToyHorsey":6,"Replay:Bottled Flurry":24,"conspire:Dentures":58,"paleoftheancients:KeyRelic":50,"Happy Flower":9,"Oddly Smooth Stone":10,"StuffTheSpire:Wildfire":58,"Odd Mushroom":14,"Medical Kit":58,"paleoftheancients:Timepiece":50,"ReplayTheSpireMod:Spearhead":22,"Shuriken":45,"CultistMask":50,"Art of War":22,"CosmicIsotope":34,"Membership Card":54,"Grinning Jar":38,"paleoftheancients:SoulOfTheCollector":51},{"Ice Cream":15,"Darkstone Periapt":24,"Regal Pillow":22,"ShockBauble":14,"Gremlin Horn":26,"Ginger":7,"HeavenlyBonsai":20,"Cursed Key":9,"Burning Blood":0,"StuffTheSpire:SapphireSignet":5,"SpikesRelics:ToyHorsey":3,"Replay:Bottled Flurry":14,"conspire:Dentures":29,"paleoftheancients:KeyRelic":26,"Happy Flower":5,"Oddly Smooth Stone":5,"StuffTheSpire:Wildfire":29,"Odd Mushroom":8,"Medical Kit":29,"paleoftheancients:Timepiece":26,"ReplayTheSpireMod:Spearhead":13,"Shuriken":23,"CultistMask":26,"Art of War":13,"CosmicIsotope":18,"Membership Card":28,"Grinning Jar":19,"paleoftheancients:SoulOfTheCollector":27},{"Ice Cream":73,"Darkstone Periapt":119,"Regal Pillow":103,"ShockBauble":69,"Gremlin Horn":141,"Ginger":32,"HeavenlyBonsai":94,"Cursed Key":40,"Burning Blood":0,"StuffTheSpire:SapphireSignet":22,"SpikesRelics:ToyHorsey":15,"Replay:Bottled Flurry":69,"conspire:Dentures":161,"paleoftheancients:KeyRelic":141,"Happy Flower":22,"Oddly Smooth Stone":22,"StuffTheSpire:Wildfire":161,"Odd Mushroom":35,"Medical Kit":161,"paleoftheancients:Timepiece":141,"ReplayTheSpireMod:Spearhead":61,"Shuriken":110,"CultistMask":141,"Art of War":61,"CosmicIsotope":85,"Membership Card":156,"Grinning Jar":89,"paleoftheancients:SoulOfTheCollector":149}],"Burning Blood":174},"card_choices":[{"not_picked":["The Bomb","StuffTheSpire:Recharge"],"picked":"Apotheosis","floor":0},{"not_picked":["Searing Blow","Sword Boomerang"],"picked":"Shockwave","floor":1},{"not_picked":["StuffTheSpire:Incineration","Sword Boomerang","Clash"],"picked":"SKIP","floor":3},{"not_picked":["StuffTheSpire:Incineration","StuffTheSpire:BloodClot"],"picked":"conspire:Purge","floor":6},{"not_picked":["Body Slam","Blood for Blood"],"picked":"Inflame","floor":7},{"not_picked":["Replay:Undeath\u0027s Touch","Clothesline"],"picked":"Shockwave","floor":8},{"not_picked":["StuffTheSpire:RockThrow","Flex","Pummel"],"picked":"SKIP","floor":12},{"not_picked":["Seeing Red","Sword Boomerang"],"picked":"Inflame","floor":13},{"not_picked":["Armaments","Sword Boomerang"],"picked":"Seeing Red","floor":14},{"not_picked":["Replay:Many Hands","Juggernaut"],"picked":"Impervious","floor":16},{"not_picked":["StuffTheSpire:Incineration","Second Wind+1","Heavy Blade"],"picked":"SKIP","floor":18},{"not_picked":["Clash","Replay:Undeath\u0027s Touch","ReplayTheSpireMod:Strike From Hell"],"picked":"SKIP","floor":19},{"not_picked":["Twin Strike","Iron Wave"],"picked":"True Grit","floor":20},{"not_picked":["Havoc","StuffTheSpire:Incineration"],"picked":"Feed","floor":21},{"not_picked":["Cleave","Thunderclap","StuffTheSpire:Incineration"],"picked":"SKIP","floor":24},{"not_picked":["Run Through","Evolve","Body Slam"],"picked":"SKIP","floor":27},{"not_picked":["Twin Strike","Armaments+1","StuffTheSpire:Pyroclast+1"],"picked":"SKIP","floor":28},{"not_picked":["Twin Strike+1","Metallicize","Heavy Blade"],"picked":"SKIP","floor":31},{"not_picked":["Twin Strike","Warcry","Thunderclap"],"picked":"SKIP","floor":35},{"not_picked":["Pummel+1","Run Through","StuffTheSpire:Slingshot+1"],"picked":"SKIP","floor":40},{"not_picked":["Shrug It Off","Brutality"],"picked":"Seeing Red","floor":41},{"not_picked":["Dark Embrace+1","Carnage","Wild Strike"],"picked":"SKIP","floor":42},{"not_picked":["Infernal Blade","Evolve+1","Sentinel"],"picked":"SKIP","floor":47},{"not_picked":["Thunderclap","Carnage"],"picked":"True Grit","floor":48},{"not_picked":["conspire:ExplosiveBarrier","Life Link","Clothesline+1"],"picked":"SKIP","floor":51},{"not_picked":["Hemokinesis","Anger","Iron Wave"],"picked":"SKIP","floor":52},{"not_picked":["StuffTheSpire:RagingBull","Warcry"],"picked":"Feel No Pain","floor":56}],"player_experience":1902374,"relics_obtained":[{"floor":6,"key":"SpikesRelics:ToyHorsey"},{"floor":8,"key":"StuffTheSpire:SapphireSignet"},{"floor":9,"key":"Happy Flower"},{"floor":13,"key":"Ginger"},{"floor":14,"key":"Odd Mushroom"},{"floor":24,"key":"Replay:Bottled Flurry"},{"floor":26,"key":"ShockBauble"},{"floor":27,"key":"Ice Cream"},{"floor":38,"key":"Grinning Jar"},{"floor":40,"key":"HeavenlyBonsai"},{"floor":43,"key":"Regal Pillow"},{"floor":45,"key":"Shuriken"},{"floor":47,"key":"Darkstone Periapt"},{"floor":51,"key":"paleoftheancients:SoulOfTheCollector"}],"event_choices":[{"damage_healed":0,"gold_gain":50,"player_choice":"Pray","damage_taken":0,"max_hp_gain":0,"max_hp_loss":0,"event_name":"Golden Shrine","floor":5,"gold_loss":0},{"damage_healed":0,"gold_gain":0,"player_choice":"Fought Mushrooms","damage_taken":0,"max_hp_gain":0,"max_hp_loss":0,"event_name":"Mushrooms","floor":14,"gold_loss":0}],"is_beta":false,"boss_relics":[{"not_picked":["Runic Pyramid","aspiration:ServantSkillbook"],"picked":"Cursed Key"},{"not_picked":["Replay:Ancient Bell","Abe\u0027s Treasure"],"picked":"CosmicIsotope"}],"items_purged_floors":[58],"is_endless":false,"potions_floor_spawned":[7,8,13,18,20,21,31,35,42,45,47,48,56],"killed_by":"paleoftheancients:N","ascension_level":15}}