{"host":"2se5dq1do2gp0x9k","time":1610073816,"event":{"mods":["AchievementEnabler","BaseMod","Block Reminder","Colored Map","Colored Powertips","Minty Spire (QoL Compilation)","Relic Stats","StSLib","SuperFastMode"],"gold_per_floor":[117,136,136,26,36,36,62,62,62,73,73,89,103,129,129,129,129],"floor_reached":16,"playtime":619,"items_purged":[],"score":240,"play_id":"5a0735b3-2d09-41bd-b3f0-8eff43e14712","local_time":"20210107184336","is_ascension_mode":true,"campfire_choices":[{"data":"Meditate","floor":6,"key":"SMITH"},{"data":"Meditate","floor":8,"key":"SMITH"},{"data":"Eruption","floor":11,"key":"SMITH"},{"data":"Protect","floor":15,"key":"SMITH"}],"circlet_count":0,"master_deck":["AscendersBane","Strike_P","Strike_P+1","Strike_P","Strike_P","Defend_P+1","Defend_P+1","Defend_P","Defend_P+1","Eruption+1","Vigilance+1","LessonLearned","FlyingSleeves+1","Protect+1","Meditate+1","SandsOfTime+1","Crescendo+1","Meditate+1","FearNoEvil"],"relics":["PureWater","Sundial","TeardropLocket","Gambling Chip"],"acts_visited":["Exordium"],"potions_floor_usage":[14],"damage_taken":[{"damage":4,"enemies":"2 Louse","floor":1,"turns":3},{"damage":0,"enemies":"Cultist","floor":2,"turns":4},{"damage":1,"enemies":"Small Slimes","floor":5,"turns":5},{"damage":10,"enemies":"3 Sentries","floor":7,"turns":7},{"damage":12,"enemies":"Looter","floor":10,"turns":4},{"damage":16,"enemies":"Red Slaver","floor":12,"turns":6},{"damage":1,"enemies":"Exordium Wildlife","floor":13,"turns":5},{"damage":0,"enemies":"Gremlin Nob","floor":14,"turns":1},{"damage":20,"enemies":"Hexaghost","floor":16,"turns":7}],"seed_played":"3343768888378168803","potions_obtained":[{"floor":1,"key":"AttackPotion"},{"floor":5,"key":"DuplicationPotion"},{"floor":14,"key":"Regen Potion"}],"is_trial":false,"path_per_floor":["M","M","?","$","M","R","E","R","T","M","R","M","M","E","R","B"],"character_chosen":"WATCHER","items_purchased":["Meditate","SandsOfTime"],"campfire_rested":0,"item_purchase_floors":[4,4],"current_hp_per_floor":[57,57,57,57,56,56,46,46,46,34,34,18,17,17,17,0,0],"gold":129,"neow_bonus":"THREE_RARE_CARDS","is_daily":false,"chose_seed":false,"campfire_upgraded":4,"win_rate":0.0,"timestamp":1610073816,"path_taken":["M","M","?","$","?","R","E","R","T","M","R","M","M","E","R","BOSS"],"items_purchased_type":["Card","Card"],"build_version":"2020-12-22","purchased_purges":0,"victory":false,"max_hp_per_floor":[62,62,62,62,62,62,62,62,62,62,62,62,62,62,62,62,62],"relic_stats":{"counters":[9,42],"Sundial":[4],"Gambling Chip":[3],"obtain_stats":[{"Sundial":7,"Gambling Chip":14,"TeardropLocket":9,"PureWater":0},{"Sundial":4,"Gambling Chip":8,"TeardropLocket":4,"PureWater":0},{"Sundial":19,"Gambling Chip":35,"TeardropLocket":19,"PureWater":0}]},"card_choices":[{"not_picked":["ConjureBlade","Devotion"],"picked":"LessonLearned","floor":0},{"not_picked":["EmptyBody","PathToVictory"],"picked":"FlyingSleeves","floor":1},{"not_picked":["Pray","WindmillStrike"],"picked":"Protect","floor":2},{"not_picked":["Adaptation","Indignation"],"picked":"Crescendo","floor":5},{"not_picked":["Protect","ClearTheMind"],"picked":"Meditate","floor":7},{"not_picked":["MasterReality","EmptyBody","CarveReality"],"picked":"SKIP","floor":10},{"not_picked":["JustLucky","BowlingBash","SashWhip"],"picked":"SKIP","floor":12},{"not_picked":["Prostrate","Halt","WindmillStrike"],"picked":"SKIP","floor":13},{"not_picked":["Conclude","Protect"],"picked":"FearNoEvil","floor":14}],"player_experience":3797173,"relics_obtained":[{"floor":7,"key":"Sundial"},{"floor":9,"key":"TeardropLocket"},{"floor":14,"key":"Gambling Chip"}],"event_choices":[{"damage_healed":0,"gold_gain":0,"player_choice":"Upgraded","damage_taken":0,"max_hp_gain":0,"max_hp_loss":0,"event_name":"Upgrade Shrine","floor":3,"gold_loss":0,"cards_upgraded":["FlyingSleeves"]}],"is_beta":false,"boss_relics":[],"items_purged_floors":[],"is_endless":false,"potions_floor_spawned":[1,5,7,13,14],"killed_by":"Hexaghost","ascension_level":15}}