{"host":"vrsxkkch9ccrec7k","time":1610122788,"event":{"mods":["Act Like it!","BaseMod","Bestiary","Better Third Choice","Better Vampires","Hermit","Minty Spire (QoL Compilation)","Permanent Neow","Relic Stats","Spicy Shops","StSLib"],"gold_per_floor":[11,11,25,25,25,71,71,119,191,191,211,236,236,281,281,406,406,399,417,332,367,478,490,427,482,494,19,19,37,65,105,105,239,239,275,296,120,1119,1119,1119,1452,1492,1492,1492,1529,1529,658,658,658,665],"floor_reached":51,"playtime":5763,"items_purged":["hermit:Strike_Hermit","hermit:Snipe"],"score":814,"play_id":"6b9f6f56-f08d-4476-a7c7-64daff8d01c5","local_time":"20210108111948","is_ascension_mode":true,"campfire_choices":[{"data":"hermit:HighNoon","floor":7,"key":"SMITH"},{"data":"hermit:GhostlyPresence","floor":10,"key":"SMITH"},{"data":"hermit:TakeAim","floor":13,"key":"SMITH"},{"data":"hermit:Dive","floor":15,"key":"SMITH"},{"data":"hermit:Roughhouse","floor":23,"key":"SMITH"},{"floor":28,"key":"REST"},{"floor":32,"key":"REST"},{"data":"hermit:BigShot","floor":40,"key":"SMITH"},{"floor":44,"key":"REST"},{"data":"hermit:HeroicBravado","floor":46,"key":"SMITH"},{"floor":49,"key":"REST"}],"circlet_count":0,"master_deck":["hermit:Defend_Hermit","hermit:Defend_Hermit","hermit:Defend_Hermit","hermit:Defend_Hermit","hermit:Snapshot+1","hermit:Covet","hermit:GhostlyPresence+1","hermit:Scavenge","hermit:HighNoon+1","hermit:Dive+1","hermit:TakeAim+1","hermit:Roughhouse+1","hermit:Maintenance+1","hermit:Headshot+1","hermit:HeroicBravado+1","hermit:Deadeye","hermit:Vantage","hermit:DeadOrAlive+1","hermit:GhostlyPresence+1","hermit:GoldenBullet+1","hermit:BigShot+1","hermit:CalledShot+1","hermit:EyeOfTheStorm+1","hermit:HeroicBravado","Blind"],"relics":["hermit:Momento","Art of War","Ice Cream","Shuriken","Orichalcum","Empty Cage","MawBank","Omamori","Boot","Strawberry","Cursed Key","Nunchaku","Potion Belt","Whetstone","Orrery","Pen Nib","MealTicket"],"acts_visited":["Exordium","TheCity","TheBeyond"],"potions_floor_usage":[14,16,25,31,33,42,50,50,50,50],"damage_taken":[{"damage":0,"enemies":"Small Slimes","floor":1,"turns":4},{"damage":0,"enemies":"2 Louse","floor":3,"turns":2},{"damage":13,"enemies":"Lagavulin","floor":6,"turns":9},{"damage":20,"enemies":"Gremlin Nob","floor":8,"turns":5},{"damage":0,"enemies":"Cultist","floor":11,"turns":4},{"damage":4,"enemies":"2 Fungi Beasts","floor":12,"turns":5},{"damage":0,"enemies":"3 Sentries","floor":14,"turns":10},{"damage":21,"enemies":"Slime Boss","floor":16,"turns":10},{"damage":9,"enemies":"2 Thieves","floor":18,"turns":4},{"damage":18,"enemies":"3 Byrds","floor":19,"turns":8},{"damage":9,"enemies":"Snecko","floor":21,"turns":8},{"damage":21,"enemies":"Slavers","floor":25,"turns":10},{"damage":7,"enemies":"Cultist and Chosen","floor":29,"turns":8},{"damage":8,"enemies":"Snake Plant","floor":30,"turns":5},{"damage":30,"enemies":"Book of Stabbing","floor":31,"turns":10},{"damage":26,"enemies":"Collector","floor":33,"turns":24},{"damage":0,"enemies":"3 Shapes","floor":35,"turns":8},{"damage":36,"enemies":"3 Darklings","floor":36,"turns":15},{"damage":24,"enemies":"Reptomancer","floor":42,"turns":12},{"damage":2,"enemies":"Jaw Worm Horde","floor":45,"turns":5},{"damage":12,"enemies":"Donu and Deca","floor":50,"turns":11}],"seed_played":"4418869481992528929","potions_obtained":[{"floor":3,"key":"SteroidPotion"},{"floor":6,"key":"Fire Potion"},{"floor":11,"key":"BlessingOfTheForge"},{"floor":18,"key":"SpeedPotion"},{"floor":29,"key":"SpeedPotion"},{"floor":31,"key":"DuplicationPotion"},{"floor":36,"key":"Explosive Potion"}],"is_trial":false,"path_per_floor":["M","?","M","?","?","E","R","E","T","R","M","M","R","E","R","B",null,"M","M","?","M","?","R","?","E","T","$","R","M","M","E","R","B",null,"M","M","$","?","?","R","?","E","T","R","M","R","$","?","R","B",null],"character_chosen":"HERMIT","items_purchased":["hermit:HeroicBravado","hermit:Deadeye","Strength Potion","hermit:BigShot","Potion Belt","Whetstone","Orrery","Pen Nib","hermit:Tonic","BlessingOfTheForge","Energy Potion","MealTicket"],"campfire_rested":4,"item_purchase_floors":[27,27,27,37,47,47,47,47,47,47,47,47],"current_hp_per_floor":[89,89,89,67,67,54,54,34,34,34,34,30,30,30,30,9,89,80,62,62,53,53,53,53,32,32,32,58,51,43,20,48,22,96,96,60,60,60,60,60,60,36,36,64,62,62,62,62,90,78],"gold":665,"neow_bonus":"TWENTY_PERCENT_HP_BONUS","is_daily":false,"chose_seed":false,"campfire_upgraded":7,"win_rate":0.0,"timestamp":1610122788,"path_taken":["M","?","M","?","?","E","R","E","T","R","M","M","R","E","R","BOSS","M","M","?","M","?","R","?","E","T","$","R","?","M","E","R","BOSS","M","M","$","?","?","R","?","E","T","R","M","R","$","?","R","BOSS"],"items_purchased_type":["Card","Card","Potion","Card","Relic","Relic","Relic","Relic","Potion","Potion","Potion","Relic"],"build_version":"2020-12-22","purchased_purges":2,"victory":true,"max_hp_per_floor":[89,89,89,89,89,89,89,89,89,89,89,89,89,89,89,89,89,89,89,89,89,89,89,89,89,89,89,89,89,89,96,96,96,96,96,96,96,96,96,96,96,96,96,96,96,96,96,96,96,96],"relic_stats":{"Nunchaku":[2],"counters":[21,177],"Shuriken":[16],"MealTicket":0,"Pen Nib":[1],"Art of War":[43],"Whetstone":["hermit:GoldenBullet","hermit:DeadOrAlive"],"Orichalcum":[108],"MawBank":84,"Boot":[10],"Cursed Key":0,"obtain_stats":[{"Ice Cream":8,"Potion Belt":47,"Golden Idol":4,"Pen Nib":47,"Omamori":25,"Whetstone":47,"Orichalcum":14,"Empty Cage":17,"MawBank":20,"Boot":26,"Cursed Key":34,"Nunchaku":42,"Shuriken":9,"Strawberry":31,"Orrery":47,"MealTicket":47,"Art of War":6,"hermit:Momento":0},{"Ice Cream":4,"Potion Belt":20,"Golden Idol":2,"Pen Nib":20,"Omamori":12,"Whetstone":20,"Orichalcum":7,"Empty Cage":8,"MawBank":10,"Boot":12,"Cursed Key":16,"Nunchaku":19,"Shuriken":4,"Strawberry":15,"Orrery":20,"MealTicket":20,"Art of War":3,"hermit:Momento":0},{"Ice Cream":20,"Potion Belt":166,"Golden Idol":6,"Pen Nib":166,"Omamori":79,"Whetstone":166,"Orichalcum":39,"Empty Cage":49,"MawBank":61,"Boot":79,"Cursed Key":126,"Nunchaku":161,"Shuriken":20,"Strawberry":102,"Orrery":166,"MealTicket":166,"Art of War":15,"hermit:Momento":0}]},"card_choices":[{"not_picked":["hermit:Quickdraw","hermit:Desperado"],"picked":"hermit:GhostlyPresence","floor":1},{"not_picked":["hermit:EyeOfTheStorm","hermit:Manifest"],"picked":"hermit:Scavenge","floor":3},{"not_picked":["hermit:Coalescence","hermit:TrackingShot"],"picked":"hermit:Snipe","floor":6},{"not_picked":["hermit:Manifest","hermit:FinalCanter"],"picked":"hermit:Dive","floor":8},{"not_picked":["hermit:Desperado","hermit:SprayPray","hermit:Virtue"],"picked":"SKIP","floor":11},{"not_picked":["hermit:Enervate","hermit:HoleUp"],"picked":"hermit:TakeAim","floor":12},{"not_picked":["hermit:Misfire","hermit:Desperado","hermit:Headshot"],"picked":"SKIP","floor":14},{"not_picked":["hermit:Dissolve","hermit:Purgatory"],"picked":"hermit:Roughhouse","floor":16},{"not_picked":["hermit:Ricochet","hermit:LowProfile"],"picked":"hermit:Maintenance+1","floor":18},{"not_picked":["hermit:Snipe+1","hermit:HoleUp","hermit:LowProfile"],"picked":"SKIP","floor":19},{"not_picked":["hermit:TakeAim+1","hermit:SprayPray"],"picked":"hermit:Headshot+1","floor":21},{"not_picked":["hermit:Roughhouse","hermit:Manifest+1"],"picked":"hermit:BlackWind","floor":25},{"not_picked":["hermit:WideOpen","hermit:CursedWeapon+1","hermit:Ricochet"],"picked":"SKIP","floor":29},{"not_picked":["hermit:TrackingShot","hermit:HoleUp","hermit:Feint"],"picked":"SKIP","floor":30},{"not_picked":["hermit:HoleUp","hermit:NoHoldsBarred"],"picked":"hermit:Vantage","floor":31},{"not_picked":["hermit:EternalForm","hermit:Gambit"],"picked":"hermit:DeadOrAlive","floor":33},{"not_picked":["hermit:HoleUp+1","hermit:Combo"],"picked":"hermit:GhostlyPresence+1","floor":35},{"not_picked":["hermit:NoHoldsBarred","hermit:Midnight"],"picked":"hermit:GoldenBullet","floor":36},{"not_picked":["hermit:Shortfuse","hermit:Cheat+1","hermit:CursedWeapon+1"],"picked":"SKIP","floor":42},{"not_picked":["hermit:TrackingShot","hermit:Coalescence+1","hermit:Headshot"],"picked":"SKIP","floor":45},{"not_picked":["hermit:Deadeye","hermit:Midnight+1"],"picked":"hermit:CalledShot+1","floor":47},{"not_picked":["hermit:Brawl+1","hermit:BodyArmor"],"picked":"hermit:EyeOfTheStorm+1","floor":47},{"not_picked":["hermit:Ricochet+1","hermit:HighCaliber+1"],"picked":"hermit:HeroicBravado","floor":47},{"not_picked":["Jack Of All Trades","Apotheosis"],"picked":"Blind","floor":48}],"player_experience":1351418,"relics_obtained":[{"floor":6,"key":"Art of War"},{"floor":8,"key":"Ice Cream"},{"floor":9,"key":"Shuriken"},{"floor":14,"key":"Orichalcum"},{"floor":25,"key":"Omamori"},{"floor":26,"key":"Boot"},{"floor":31,"key":"Strawberry"},{"floor":42,"key":"Nunchaku"}],"event_choices":[{"damage_healed":0,"gold_gain":0,"player_choice":"Grow","damage_taken":0,"max_hp_gain":0,"max_hp_loss":0,"event_name":"Living Wall","floor":2,"gold_loss":0,"cards_upgraded":["hermit:Snapshot"]},{"damage_healed":0,"gold_gain":0,"player_choice":"Take Damage","damage_taken":22,"relics_obtained":["Golden Idol"],"max_hp_gain":0,"max_hp_loss":0,"event_name":"Golden Idol","floor":4,"gold_loss":0},{"damage_healed":0,"gold_gain":0,"player_choice":"1 cards matched","damage_taken":0,"max_hp_gain":0,"max_hp_loss":0,"event_name":"Match and Keep!","floor":5,"gold_loss":0,"cards_obtained":["hermit:HighNoon"]},{"damage_healed":0,"gold_gain":0,"player_choice":"1 cards matched","damage_taken":0,"max_hp_gain":0,"max_hp_loss":0,"event_name":"Match and Keep!","floor":5,"gold_loss":0,"cards_obtained":["hermit:HighNoon"]},{"damage_healed":0,"gold_gain":0,"player_choice":"Obtained Relic","damage_taken":0,"relics_obtained":["MawBank"],"max_hp_gain":0,"max_hp_loss":0,"event_name":"Addict","floor":20,"gold_loss":85},{"damage_healed":0,"gold_gain":99,"player_choice":"Steal","damage_taken":0,"max_hp_gain":0,"max_hp_loss":0,"event_name":"betterThird:BetterNest","floor":22,"gold_loss":0},{"cards_removed":["hermit:Strike_Hermit"],"damage_healed":0,"gold_gain":0,"player_choice":"Gave Gold","damage_taken":0,"max_hp_gain":0,"max_hp_loss":0,"event_name":"Beggar","floor":24,"gold_loss":75},{"damage_healed":0,"gold_gain":999,"player_choice":"Gold","damage_taken":0,"max_hp_gain":0,"max_hp_loss":0,"event_name":"MindBloom","floor":38,"gold_loss":0,"cards_obtained":["Normality","Normality"]},{"cards_removed":["hermit:BlackWind"],"damage_healed":0,"gold_gain":0,"player_choice":"Removed Attack","damage_taken":0,"max_hp_gain":0,"max_hp_loss":0,"event_name":"Falling","floor":39,"gold_loss":0},{"damage_healed":0,"gold_gain":333,"player_choice":"Gave Idol","damage_taken":0,"max_hp_gain":0,"max_hp_loss":0,"event_name":"The Moai Head","floor":41,"relics_lost":["Golden Idol"],"gold_loss":0},{"damage_healed":0,"gold_gain":0,"player_choice":"Memory 1","damage_taken":0,"max_hp_gain":0,"max_hp_loss":0,"event_name":"SensoryStone","floor":48,"gold_loss":0}],"is_beta":false,"boss_relics":[{"not_picked":["Ectoplasm","SacredBark"],"picked":"Empty Cage"},{"not_picked":["Sozu","Astrolabe"],"picked":"Cursed Key"}],"items_purged_floors":[27,37],"is_endless":false,"potions_floor_spawned":[3,6,11,18,29,31,36],"ascension_level":1}}