{"host":"f49a0fglrdtttfz6","time":1610077763,"event":{"mods":["BaseMod","Downfall","Minty Spire (QoL Compilation)","StSLib"],"gold_per_floor":[99,112,123,123,123,32,112,37,49,68,68,81,6,17,35,35,35,35],"floor_reached":16,"playtime":1003,"items_purged":[],"score":119,"play_id":"7895f713-d986-4811-b82a-a33e7aa8dd4c","local_time":"20210107214923","is_ascension_mode":false,"campfire_choices":[{"floor":1,"key":"RECALL"},{"data":"hexamod:SearingWound","floor":8,"key":"SMITH"},{"data":"hexamod:FastForward","floor":13,"key":"SMITH"}],"circlet_count":0,"master_deck":["hexamod:Strike","hexamod:Strike","hexamod:Strike","hexamod:Defend","hexamod:Defend","hexamod:Defend","hexamod:Defend","hexamod:Sear","hexamod:Float","hexamod:SwordOfDarkness","hexamod:GhostShield","hexamod:EmpoweredFlame","hexamod:SearingWound+1","hexamod:FastForward+1","hexamod:ExtraCrispy","hexamod:AdvancingGuard","hexamod:ThermalTransfer","hexamod:ThirdSeal"],"relics":["hexamod:SpiritBrand","Pear","downfall:HeartBlessingRed","downfall:HeartBlessingBlue"],"acts_visited":["Exordium"],"potions_floor_usage":[],"damage_taken":[{"damage":7,"enemies":"2 Louse","floor":2,"turns":3},{"damage":0,"enemies":"Small Slimes","floor":3,"turns":3},{"damage":0,"enemies":"downfall:FleeingMerchant","floor":6,"turns":4},{"damage":5,"enemies":"Jaw Worm","floor":9,"turns":3},{"damage":9,"enemies":"3 Louse","floor":10,"turns":4},{"damage":13,"enemies":"Lots of Slimes","floor":12,"turns":5},{"damage":0,"enemies":"Exordium Wildlife","floor":14,"turns":4},{"damage":1,"enemies":"Exordium Thugs","floor":15,"turns":4},{"damage":83,"enemies":"downfall:Defect","floor":16,"turns":8}],"seed_played":"8369945969924916252","potions_obtained":[{"floor":3,"key":"LiquidMemories"},{"floor":10,"key":"Swift Potion"},{"floor":14,"key":"ColorlessPotion"}],"is_trial":false,"path_per_floor":["R","M","M","?","?","$","T","R","M","M","?","M","R","M","M","B"],"character_chosen":"THE_SPIRIT","items_purchased":["hexamod:SearingWound"],"campfire_rested":0,"item_purchase_floors":[6],"current_hp_per_floor":[77,70,70,70,73,73,73,73,68,59,87,74,84,84,83,0,0,0],"gold":35,"neow_bonus":"TEN_PERCENT_HP_BONUS","is_daily":false,"chose_seed":false,"campfire_upgraded":2,"win_rate":0.0,"timestamp":1610077763,"path_taken":["R","M","M","?","?","$","T","R","M","M","?","M","R","?","M","BOSS"],"items_purchased_type":["Card"],"build_version":"2020-12-22","purchased_purges":0,"victory":false,"max_hp_per_floor":[77,77,77,77,87,87,87,87,87,87,87,87,97,97,97,97,97,97],"card_choices":[{"not_picked":["hexamod:InspiringFlames","hexamod:Hexaguard"],"picked":"hexamod:SwordOfDarkness","floor":2},{"not_picked":["hexamod:ShieldOfDarkness","hexamod:ThermalTransfer"],"picked":"hexamod:GhostShield","floor":3},{"not_picked":["hexamod:InspiringFlames","hexamod:Haunt"],"picked":"hexamod:EmpoweredFlame","floor":6},{"not_picked":["hexamod:GhostLash","hexamod:NightmareGuise"],"picked":"hexamod:FastForward","floor":9},{"not_picked":["hexamod:GhostShield","hexamod:SpectersWail"],"picked":"hexamod:ExtraCrispy","floor":10},{"not_picked":["hexamod:FastForward","hexamod:TurnItUp"],"picked":"hexamod:AdvancingGuard","floor":12},{"not_picked":["hexamod:RetreatToShadows","hexamod:RainOfEmbers"],"picked":"hexamod:ThermalTransfer","floor":14},{"not_picked":["hexamod:AdvancingGuard","hexamod:Hexaguard"],"picked":"hexamod:ThirdSeal","floor":15}],"player_experience":57322,"relics_obtained":[],"event_choices":[{"damage_healed":0,"gold_gain":0,"player_choice":"Success","damage_taken":7,"relics_obtained":["Pear"],"max_hp_gain":0,"max_hp_loss":0,"event_name":"Scrap Ooze","floor":5,"gold_loss":0},{"damage_healed":29,"gold_gain":0,"player_choice":"Banana","damage_taken":0,"max_hp_gain":0,"max_hp_loss":0,"event_name":"Big Fish","floor":11,"gold_loss":0}],"is_beta":false,"boss_relics":[],"items_purged_floors":[],"is_endless":false,"potions_floor_spawned":[3,10,14],"killed_by":"downfall:Defect","ascension_level":0}}