{"host":"njb27ds59h4j3ikk","time":1610067709,"event":{"mods":["AchievementEnabler","BaseMod","Better Altar","Better Match","Better Note","Better Sensory Stone","Better Skull","Better Third Choice","BetterRewards","Downfall","Hermit","Hubris","Minty Spire (QoL Compilation)","Permanent Neow","Quarter Circle Forward PUNCH!","Quick Restart","Rare Cards Sparkle","Replay The Spire","Shop Mod","StSLib","Trackpad","Transform Curses"],"gold_per_floor":[117,135,153,153,164,192,192,227,227,252,263,296,296,296,296,373,373,391,406,420,438,449,481,497,514,514,524,553,488,517,528,528,614,614,648,676,392,412,441,441,478,478,478,478,122,131,174,204,204,204,204,204,204,103,145,145],"floor_reached":57,"playtime":1583,"items_purged":["Slimebound:Icky"],"score":3920,"play_id":"f36d4272-0d6e-4ebe-b71b-2053ac684650","local_time":"20210107200149","is_ascension_mode":true,"campfire_choices":[{"data":"Uppercut","floor":13.0,"key":"SMITH"},{"data":"Hemokinesis","floor":15.0,"key":"SMITH"},{"floor":32,"key":"DIG"},{"floor":40,"key":"RECALL"},{"data":"Bash","floor":44,"key":"SMITH"},{"data":"Sword Boomerang","floor":49,"key":"SMITH"},{"data":"Wild Strike","floor":53,"key":"SMITH"}],"circlet_count":0,"master_deck":["AscendersBane","Strike_R","Strike_R","Strike_R","Strike_R","Strike_R","Defend_R","Defend_R","Defend_R","Defend_R","Bash+1","Enlightenment","Fire Breathing","Hemokinesis+1","Wild Strike+1","Headbutt","Thunderclap","Life Link","Combust","ReplayTheSpireMod:Corrosion Curse+1","Double Tap","Rage","hubris:StunningStrike","Sword Boomerang+1","Uppercut+1","Feed","Hemogenesis","Parasite","Replay:Undeath\u0027s Touch+1","Heavy Blade+1","Run Through+1","Cleave+1","Replay:Undeath\u0027s Touch+1","Perfected Strike+1","Body Slam+1","Blood for Blood+1","Sword Boomerang+1","Thunderclap+1","Iron Wave+1","Reckless Charge+1","Dropkick+1","Pommel Strike+1","Twin Strike+1","Feed+1","Pommel Strike+1","Body Slam+1","Whirlwind+1","ReplayTheSpireMod:Limb From Limb+1","ReplayTheSpireMod:Limb From Limb+1","Twin Strike+1","Iron Wave+1","Immolate+1","Run Through+1","Replay:Undeath\u0027s Touch+1","Injury","Perfected Strike+1","hubris:SharpeningStone+1","Dropkick+1","Replay:Undeath\u0027s Touch+1","expansioncontent:AwakenDeath","Pummel+1"],"relics":["Burning Blood","TungstenRod","qcfpunch:Wild_Herbs_Ointment","Medical Kit","MerchantsRug","Prayer Wheel","Mummified Hand","trackpad:Compendium","Replay:Towering Pillar of Hats","Iron Hammer","hubris:BundleOfHerbs","Gremlin Horn","Bottled Tornado","Self Forming Clay","trackpad:BerserkersDraught","Nunchaku","Molten Egg 2","Counterbalance","hubris:TinFlute","CeramicFish","Kunai","Vajra","hubris:Stopwatch","Toy Ornithopter","Chemical X","hubris:PeanutButter","Pet Ghost","Meat on the Bone","ReplayTheSpireMod:Ring of Addiction","Potion Belt","hubris:EmptyBottle","Ring of Peace","qcfpunch:Army_Boots","trackpad:ToughGloves"],"acts_visited":["Exordium","TheCity","TheBeyond","TheEnding"],"potions_floor_usage":[56,56,56,56,56,56],"damage_taken":[{"damage":1.0,"enemies":"Small Slimes","floor":1.0,"turns":2.0},{"damage":1.0,"enemies":"2 Louse","floor":2.0,"turns":1.0},{"damage":5.0,"enemies":"Cultist","floor":3.0,"turns":2.0},{"damage":7.0,"enemies":"Gremlin Gang","floor":5.0,"turns":2.0},{"damage":7.0,"enemies":"Gremlin Nob","floor":6.0,"turns":3.0},{"damage":11.0,"enemies":"3 Sentries","floor":8.0,"turns":4.0},{"damage":11.0,"enemies":"Gremlin Nob","floor":10.0,"turns":3.0},{"damage":8.0,"enemies":"Exordium Wildlife","floor":11.0,"turns":2.0},{"damage":23.0,"enemies":"Lagavulin","floor":12.0,"turns":5.0},{"damage":65.0,"enemies":"Fading Forest","floor":16.0,"turns":13.0},{"damage":10.0,"enemies":"2 Thieves","floor":18.0,"turns":2.0},{"damage":0.0,"enemies":"3 Byrds","floor":19.0,"turns":2.0},{"damage":0.0,"enemies":"Snake Plant","floor":20.0,"turns":1.0},{"damage":13,"enemies":"Centurion and Healer","floor":21,"turns":2},{"damage":0,"enemies":"Cultist and Chosen","floor":22,"turns":2},{"damage":0,"enemies":"Gremlin Leader","floor":23,"turns":1},{"damage":0,"enemies":"Snake Plant","floor":24,"turns":1},{"damage":0,"enemies":"Shelled Parasite and Fungi","floor":25,"turns":1},{"damage":0,"enemies":"Cultist and Chosen","floor":27,"turns":2},{"damage":0,"enemies":"Slavers","floor":28,"turns":1},{"damage":13,"enemies":"Centurion and Healer","floor":29,"turns":2},{"damage":15,"enemies":"Replay:Snechameleon","floor":30,"turns":2},{"damage":0,"enemies":"3 Cultists","floor":31,"turns":1},{"damage":0,"enemies":"Automaton","floor":33,"turns":2},{"damage":0,"enemies":"3 Darklings","floor":35,"turns":1},{"damage":0,"enemies":"3 Shapes","floor":36,"turns":1},{"damage":0,"enemies":"Maw","floor":38,"turns":1},{"damage":0,"enemies":"Jaw Worm Horde","floor":39,"turns":1},{"damage":0,"enemies":"R_Hoarder","floor":41,"turns":1},{"damage":0,"enemies":"Nemesis","floor":47,"turns":1},{"damage":0,"enemies":"3 Darklings","floor":48,"turns":1},{"damage":7,"enemies":"hubris:GrandSnecko","floor":50,"turns":2},{"damage":34,"enemies":"Donu and Deca","floor":51,"turns":3},{"damage":0,"enemies":"Shield and Spear","floor":55,"turns":1},{"damage":11,"enemies":"The Heart","floor":56,"turns":4}],"seed_played":"-4324685171625300489","potions_obtained":[{"floor":2.0,"key":"LiquidBronze"},{"floor":5.0,"key":"ElixirPotion"},{"floor":6.0,"key":"ColorlessPotion"},{"floor":16.0,"key":"AttackPotion"},{"floor":21,"key":"Cursed Concoction"},{"floor":46,"key":"DistilledChaos"},{"floor":46,"key":"SkillPotion"},{"floor":46,"key":"Fire Potion"}],"is_trial":false,"path_per_floor":["M","M","M","?","M","E","?","E","T","E","M","E","R","?","R","B",null,"M","M","M","M","M","E","M","M","T","M","E","M","E","M","R","B",null,"M","M","$","M","M","R","E","?","T","R","$","?","E","M","R","B","B",null,"R","$","E","B",null],"character_chosen":"IRONCLAD","items_purchased":["TungstenRod","qcfpunch:Wild_Herbs_Ointment","Medical Kit","MerchantsRug","Enlightenment","Mummified Hand","trackpad:Compendium","Lee\u0027s Waffle","Fire Breathing","Hemokinesis","Iron Hammer","ReplayTheSpireMod:Limb From Limb+1","Toy Ornithopter","Chemical X","Run Through+1","Replay:Undeath\u0027s Touch+1","Meat on the Bone","Replay:Undeath\u0027s Touch+1","expansioncontent:AwakenDeath"],"campfire_rested":0,"item_purchase_floors":[0,0,0,0,0,0,0,0,0,0,0,37,37,37,45,45,45,54,54],"current_hp_per_floor":[82,82,82,87,86,85,85,80,80,75,73,56,56,56,56,44,76,72,78,84,77,83,87,87,87,87,87,87,85,76,82,82,87,87,87,87,87,87,87,87,87,87,87,87,87,87,87,87,87,84,63,85,85,85,90,88],"gold":145,"neow_bonus":"","is_daily":false,"chose_seed":false,"campfire_upgraded":5,"win_rate":0.0,"timestamp":1610067709,"path_taken":["M","M","M","?","M","E","?","E","T","E","M","E","R","?","R","BOSS","M","M","M","?","M","E","M","M","T","M","E","?","E","M","R","BOSS","M","M","$","M","M","R","E","?","T","R","$","?","E","M","R","BOSS","BOSS","R","$","E","BOSS"],"items_purchased_type":["Relic","Relic","Relic","Relic","Card","Relic","Relic","Relic","Card","Card","Relic","Card","Relic","Relic","Card","Card","Relic","Card","Card"],"build_version":"2020-12-22","purchased_purges":1,"victory":true,"max_hp_per_floor":[82,82,82,87,87,87,87,87,87,87,87,87,87,87,87,87,87,87,87,87,87,87,87,87,87,87,87,87,87,87,87,87,87,87,87,87,87,87,87,87,87,87,87,87,87,87,87,87,87,85,92,92,90,90,90,88],"card_choices":[{"not_picked":["Sever Soul","Warcry"],"picked":"Wild Strike","floor":1.0},{"not_picked":["Wild Strike","Disarm"],"picked":"Headbutt","floor":1.0},{"not_picked":["Sentinel","Reckless Charge"],"picked":"Thunderclap","floor":2.0},{"not_picked":["Wild Strike","Disarm"],"picked":"Life Link","floor":2.0},{"not_picked":["Iron Wave","Rampage"],"picked":"Combust","floor":3.0},{"not_picked":["Flame Barrier","Defy Death","Life Link"],"picked":"SKIP","floor":3.0},{"not_picked":["True Grit","Disarm"],"picked":"ReplayTheSpireMod:Corrosion Curse","floor":5.0},{"not_picked":["Body Slam","ReplayReversal"],"picked":"Double Tap","floor":5.0},{"not_picked":["Spot Weakness","Twin Strike"],"picked":"Rage","floor":6.0},{"not_picked":["ReplayTheSpireMod:Strike From Hell","Power Through"],"picked":"hubris:StunningStrike","floor":8.0},{"not_picked":["Headbutt","ReplayTheSpireMod:Stacked","Thunderclap"],"picked":"SKIP","floor":10.0},{"not_picked":["Spot Weakness","Run Through"],"picked":"Sword Boomerang","floor":11.0},{"not_picked":["Twin Strike","Clothesline","Heavy Blade"],"picked":"SKIP","floor":11.0},{"not_picked":["Seeing Red","Pommel Strike"],"picked":"Uppercut","floor":12.0},{"not_picked":["Bludgeon","Limit Break"],"picked":"Hemogenesis","floor":16.0},{"not_picked":["hubris:Lust","hexamod:Haunted"],"picked":"Parasite","floor":17.0},{"not_picked":["Shame","Looming Evil"],"picked":"Slimebound:Icky","floor":17.0},{"not_picked":["hubris:Envy","Pain"],"picked":"ReplayTheSpireMod:IOU","floor":17.0},{"not_picked":["Intimidate+1","hubris:ReadiedAction"],"picked":"Replay:Undeath\u0027s Touch+1","floor":18.0},{"not_picked":["Clash+1","Barricade"],"picked":"Heavy Blade+1","floor":18.0},{"not_picked":["Rampage+1","True Grit"],"picked":"Run Through+1","floor":19.0},{"not_picked":["Armaments","Havoc"],"picked":"Cleave+1","floor":19.0},{"not_picked":["Armaments+1","Twin Strike+1"],"picked":"Replay:Undeath\u0027s Touch+1","floor":20},{"not_picked":["Clash+1","ReplayTheSpireMod:Muscle Training","Burning Pact"],"picked":"SKIP","floor":20},{"not_picked":["Entrench","Dropkick+1"],"picked":"Perfected Strike+1","floor":21},{"not_picked":["Ghostly Armor","Evolve"],"picked":"Body Slam+1","floor":21},{"not_picked":["ReplayTheSpireMod:Stacked","Thunderclap+1"],"picked":"Blood for Blood+1","floor":22},{"not_picked":["Massacre+1","Corruption"],"picked":"Sword Boomerang+1","floor":22},{"not_picked":["ReplayTheSpireMod:Muscle Training","Armaments"],"picked":"Thunderclap+1","floor":23},{"not_picked":["Thunderclap+1","Anger+1"],"picked":"Iron Wave+1","floor":24},{"not_picked":["Anger+1","Rampage+1"],"picked":"Reckless Charge+1","floor":24},{"not_picked":["Seeing Red","Dual Wield","Body Slam+1"],"picked":"SKIP","floor":25},{"not_picked":["Shockwave","Iron Wave+1","Flex+1"],"picked":"SKIP","floor":25},{"not_picked":["Iron Wave+1","Perfected Strike+1"],"picked":"Dropkick+1","floor":27},{"not_picked":["Inflame","Shrug It Off","Metallicize"],"picked":"SKIP","floor":27},{"not_picked":["Impervious","hubris:ReadiedAction","Dual Wield"],"picked":"SKIP","floor":28},{"not_picked":["Clash+1","Body Slam+1"],"picked":"Pommel Strike+1","floor":29},{"not_picked":["Bloodletting+1","Wild Strike+1"],"picked":"Twin Strike+1","floor":29},{"not_picked":["Metallicize","Inflame","Second Wind"],"picked":"SKIP","floor":30},{"not_picked":["Havoc","Infernal Blade+1","Sentinel"],"picked":"SKIP","floor":31},{"not_picked":["hubris:SharpeningStone","Brutality","ReplayTheSpireMod:Strike From Hell+1"],"picked":"SKIP","floor":31},{"not_picked":["Demon Form","Berserk"],"picked":"Feed+1","floor":33},{"not_picked":["Clash+1","Shrug It Off+1"],"picked":"Pommel Strike+1","floor":35},{"not_picked":["Warcry","Flex"],"picked":"Body Slam+1","floor":35},{"not_picked":["Shrug It Off","ReplayReversal+1"],"picked":"Whirlwind+1","floor":36},{"not_picked":["Shrug It Off","Combust","Abandon"],"picked":"SKIP","floor":36},{"not_picked":["Thunderclap+1","Warcry"],"picked":"ReplayTheSpireMod:Limb From Limb+1","floor":38},{"not_picked":["ReplayTheSpireMod:Strike From Hell+1","Warcry+1","Clash+1"],"picked":"SKIP","floor":38},{"not_picked":["Cleave+1","Headbutt+1"],"picked":"Twin Strike+1","floor":39},{"not_picked":["Blood for Blood+1","Exhume"],"picked":"Iron Wave+1","floor":39},{"not_picked":["Perfected Strike+1","True Grit"],"picked":"Immolate+1","floor":41},{"not_picked":["Dropkick+1","ReplayTheSpireMod:Strike From Hell+1"],"picked":"Perfected Strike+1","floor":47},{"not_picked":["Fire Breathing","Anger+1"],"picked":"hubris:SharpeningStone+1","floor":48},{"not_picked":["Blood for Blood+1","Cleave+1"],"picked":"Dropkick+1","floor":48},{"not_picked":["Sever Soul+1","Bloodletting"],"picked":"Pummel+1","floor":55}],"player_experience":1229687,"relics_obtained":[{"floor":6.0,"key":"Gremlin Horn"},{"floor":8.0,"key":"Replay:Bottled Flurry"},{"floor":9.0,"key":"Bottled Tornado"},{"floor":10.0,"key":"Self Forming Clay"},{"floor":12.0,"key":"trackpad:BerserkersDraught"},{"floor":23,"key":"hubris:TinFlute"},{"floor":28,"key":"CeramicFish"},{"floor":30,"key":"Kunai"},{"floor":32,"key":"Vajra"},{"floor":41,"key":"hubris:PeanutButter"},{"floor":43,"key":"Pet Ghost"},{"floor":46,"key":"ReplayTheSpireMod:Ring of Addiction"},{"floor":46,"key":"Potion Belt"},{"floor":46,"key":"hubris:EmptyBottle"},{"floor":46,"key":"Ring of Peace"},{"floor":47,"key":"qcfpunch:Army_Boots"},{"floor":55,"key":"trackpad:ToughGloves"}],"event_choices":[{"damage_healed":0.0,"max_hp_gain":5.0,"max_hp_loss":0.0,"gold_gain":0.0,"event_name":"Big Fish","player_choice":"Donut","floor":4.0,"gold_loss":0.0,"damage_taken":0.0},{"cards_removed":["Uppercut"],"damage_healed":0.0,"max_hp_gain":0.0,"max_hp_loss":0.0,"gold_gain":0.0,"event_name":"betterNote:BetterNote","player_choice":"Take \u0026 Give","floor":14.0,"gold_loss":0.0,"damage_taken":0.0,"cards_obtained":["Feed"]}],"is_beta":false,"boss_relics":[{"not_picked":["expansioncontent:StudyCardRelic","Runic Dome"],"picked":"Replay:Ancient Bell"},{"not_picked":["Lantern","Centennial Puzzle"],"picked":"Nunchaku"},{"not_picked":["Frozen Egg 2","trackpad:BottledTsunami"],"picked":"Molten Egg 2"},{"not_picked":["hubris:GlazedTorus","hubris:Teleporter"],"picked":"Counterbalance"},{"not_picked":["Kintsugi","hubris:HollowSoul"],"picked":"hubris:Stopwatch"}],"items_purged_floors":[37],"is_endless":false,"potions_floor_spawned":[2,5,6,10,12,16,21,22,23,24,25,28,30,33,35,38,48],"ascension_level":20}}