{"host":"d8d3jqle49sogkjv","time":1610121511,"event":{"mods":["BaseMod","Colored Map","Colored Powertips","Minty Spire (QoL Compilation)","StSLib"],"gold_per_floor":[113,113,125,54,69,94,94,94,94,19,50,125,157,168,168,272,272,289,306,136,411,47,79,95,95,95,195,114,114,114,147,147,247,247,258,6,6,18,68,94,94,113,113,145,173,191,4,14,14,14,14,14,14,39,39],"floor_reached":56,"playtime":4232,"items_purged":["Strike_B","Defend_B","Regret","Defend_B"],"score":1796,"play_id":"6ae2abd2-73c7-4c88-bd69-4b3be3caa05d","local_time":"20210108165831","is_ascension_mode":true,"campfire_choices":[{"data":"Zap","floor":7,"key":"SMITH"},{"floor":15,"key":"REST"},{"data":"Loop","floor":25,"key":"SMITH"},{"floor":30,"key":"REST"},{"floor":32,"key":"REST"},{"data":"Buffer","floor":41,"key":"SMITH"},{"floor":49,"key":"RECALL"},{"floor":52,"key":"REST"}],"circlet_count":0,"master_deck":["AscendersBane","Strike_B","Defend_B","Zap+1","Dualcast","Scrape","Conserve Battery","Loop+1","Gash","White Noise","Buffer+1","BootSequence","Echo Form","Fission+1","White Noise+1","Steam Power+1","Beam Cell","Beam Cell","Loop","Force Field","Beam Cell","FTL","Gash","Scrape","Force Field","Stack+1","All For One","Scrape","Gash","Chill","Redo+1","Defragment"],"relics":["Cracked Core","NeowsBlessing","MealTicket","Bag of Preparation","InkBottle","Cables","Regal Pillow","Astrolabe","Oddly Smooth Stone","StrikeDummy","DataDisk","WingedGreaves","HornCleat","Bottled Lightning","Busted Crown","OrangePellets","TungstenRod","Unceasing Top","Art of War","Omamori","Pantograph"],"acts_visited":["Exordium","TheCity","TheBeyond","TheEnding"],"potions_floor_usage":[6,6,6,23,23,27,42,50,50,50],"damage_taken":[{"damage":0,"enemies":"2 Louse","floor":1,"turns":1},{"damage":0,"enemies":"Cultist","floor":3,"turns":1},{"damage":0,"enemies":"Small Slimes","floor":5,"turns":1},{"damage":14,"enemies":"Gremlin Nob","floor":6,"turns":3},{"damage":16,"enemies":"3 Sentries","floor":11,"turns":6},{"damage":10,"enemies":"Lagavulin","floor":13,"turns":6},{"damage":15,"enemies":"Exordium Thugs","floor":14,"turns":3},{"damage":14,"enemies":"The Guardian","floor":16,"turns":10},{"damage":0,"enemies":"Chosen","floor":18,"turns":6},{"damage":23,"enemies":"2 Thieves","floor":19,"turns":4},{"damage":16,"enemies":"Gremlin Leader","floor":23,"turns":7},{"damage":2,"enemies":"Snecko","floor":24,"turns":8},{"damage":11,"enemies":"Colosseum Slavers","floor":27,"turns":4},{"damage":54,"enemies":"Colosseum Nobs","floor":27,"turns":6},{"damage":38,"enemies":"Slavers","floor":31,"turns":4},{"damage":19,"enemies":"Champ","floor":33,"turns":8},{"damage":0,"enemies":"Orb Walker","floor":35,"turns":3},{"damage":0,"enemies":"3 Shapes","floor":38,"turns":2},{"damage":5,"enemies":"Mind Bloom Boss Battle","floor":39,"turns":5},{"damage":2,"enemies":"Giant Head","floor":40,"turns":6},{"damage":19,"enemies":"Writhing Mass","floor":42,"turns":3},{"damage":0,"enemies":"Reptomancer","floor":44,"turns":4},{"damage":6,"enemies":"Nemesis","floor":45,"turns":7},{"damage":0,"enemies":"Transient","floor":46,"turns":5},{"damage":0,"enemies":"3 Darklings","floor":48,"turns":5},{"damage":55,"enemies":"Time Eater","floor":50,"turns":6},{"damage":28,"enemies":"Shield and Spear","floor":54,"turns":5},{"damage":48,"enemies":"The Heart","floor":55,"turns":8}],"seed_played":"-6639590136718120669","potions_obtained":[{"floor":2,"key":"SkillPotion"},{"floor":2,"key":"CultistPotion"},{"floor":2,"key":"FearPotion"},{"floor":5,"key":"BlessingOfTheForge"},{"floor":11,"key":"FearPotion"},{"floor":18,"key":"Ancient Potion"},{"floor":23,"key":"FairyPotion"},{"floor":24,"key":"Energy Potion"},{"floor":33,"key":"FearPotion"},{"floor":35,"key":"SpeedPotion"},{"floor":39,"key":"Fire Potion"},{"floor":44,"key":"ColorlessPotion"},{"floor":48,"key":"SteroidPotion"}],"is_trial":false,"path_per_floor":["M","?","M","$","M","E","R","?","T","$","E","?","E","M","R","B",null,"M","M","$","?","$","E","M","R","T","?","$","?","R","E","R","B",null,"M","$","?","M","?","E","R","M","T","E","E","M","$","M","R","B",null,"R","$","E","B",null],"character_chosen":"DEFECT","items_purchased":["Loop","Loop","Force Field","Oddly Smooth Stone","Beam Cell","Scrape","Gash","OrangePellets","Chill","Defragment"],"campfire_rested":4,"item_purchase_floors":[4,20,22,22,22,28,36,36,36,47],"current_hp_per_floor":[68,68,68,68,68,54,54,51,51,66,50,39,29,14,51,37,66,66,43,58,58,73,57,55,55,55,15,30,30,67,29,66,47,68,68,75,75,75,70,68,68,49,49,49,43,43,58,58,58,3,57,75,75,47,24],"gold":39,"neow_bonus":"THREE_ENEMY_KILL","is_daily":false,"chose_seed":false,"campfire_upgraded":3,"win_rate":0.0,"timestamp":1610121511,"path_taken":["M","?","?","$","M","E","R","?","T","$","E","?","E","?","R","BOSS","M","M","$","?","$","E","?","R","T","?","$","?","R","E","R","BOSS","M","$","?","M","?","E","R","M","T","E","E","M","?","?","R","BOSS","R","$","E","BOSS"],"items_purchased_type":["Card","Card","Card","Relic","Card","Card","Card","Relic","Card","Card"],"build_version":"2020-12-22","purchased_purges":4,"victory":true,"max_hp_per_floor":[75,75,75,75,75,75,75,75,75,75,75,75,75,75,75,75,75,75,75,75,75,75,75,75,75,75,75,75,75,75,75,75,75,75,75,75,75,75,75,75,75,75,75,75,75,75,75,75,75,75,75,75,75,75,75],"card_choices":[{"not_picked":["Cold Snap","Sweeping Beam"],"picked":"Scrape","floor":1},{"not_picked":["Barrage","Hello World"],"picked":"Conserve Battery","floor":3},{"not_picked":["Self Repair","Turbo"],"picked":"Gash","floor":5},{"not_picked":["BootSequence","Steam"],"picked":"White Noise","floor":6},{"not_picked":["Leap","Cold Snap"],"picked":"Buffer","floor":11},{"not_picked":["Compile Driver","Leap","Steam"],"picked":"SKIP","floor":13},{"not_picked":["Turbo","Redo"],"picked":"BootSequence","floor":14},{"not_picked":["Machine Learning","Biased Cognition"],"picked":"Echo Form","floor":16},{"not_picked":["Undo","White Noise"],"picked":"Beam Cell","floor":18},{"not_picked":["Turbo","Compile Driver+1"],"picked":"Beam Cell","floor":19},{"not_picked":["Hologram","Cold Snap","Hello World"],"picked":"SKIP","floor":23},{"not_picked":["Stack","Rebound+1"],"picked":"FTL","floor":24},{"not_picked":["Cold Snap","Hologram"],"picked":"Gash","floor":27},{"not_picked":["Hello World","Recycle"],"picked":"Stack+1","floor":31},{"not_picked":["Creative AI","Multi-Cast"],"picked":"All For One","floor":33},{"not_picked":[],"picked":"Scrape","floor":35},{"not_picked":["Doom and Gloom+1"],"picked":"SKIP","floor":38},{"not_picked":[],"picked":"Redo+1","floor":39},{"not_picked":["Rip and Tear+1"],"picked":"SKIP","floor":40},{"not_picked":["Leap"],"picked":"SKIP","floor":42},{"not_picked":["Ball Lightning+1"],"picked":"SKIP","floor":44},{"not_picked":["Undo+1"],"picked":"SKIP","floor":45},{"not_picked":["Scrape"],"picked":"SKIP","floor":46},{"not_picked":["Barrage+1"],"picked":"SKIP","floor":48},{"not_picked":["Auto Shields+1"],"picked":"SKIP","floor":54}],"player_experience":403079,"relics_obtained":[{"floor":6,"key":"MealTicket"},{"floor":9,"key":"InkBottle"},{"floor":11,"key":"Cables"},{"floor":13,"key":"Regal Pillow"},{"floor":23,"key":"StrikeDummy"},{"floor":26,"key":"DataDisk"},{"floor":27,"key":"WingedGreaves"},{"floor":27,"key":"HornCleat"},{"floor":31,"key":"Bottled Lightning"},{"floor":39,"key":"TungstenRod"},{"floor":40,"key":"Unceasing Top"},{"floor":44,"key":"Art of War"},{"floor":45,"key":"Omamori"},{"floor":54,"key":"Pantograph"}],"event_choices":[{"damage_healed":0,"gold_gain":0,"player_choice":"Got Potions","damage_taken":0,"max_hp_gain":0,"max_hp_loss":0,"event_name":"Lab","floor":2,"gold_loss":0},{"damage_healed":0,"gold_gain":0,"player_choice":"Success","damage_taken":3,"relics_obtained":["Bag of Preparation"],"max_hp_gain":0,"max_hp_loss":0,"event_name":"Scrap Ooze","floor":8,"gold_loss":0},{"damage_healed":0,"gold_gain":75,"player_choice":"Gather Gold","damage_taken":11,"max_hp_gain":0,"max_hp_loss":0,"event_name":"World of Goop","floor":12,"gold_loss":0},{"damage_healed":0,"gold_gain":275,"player_choice":"Desecrate","damage_taken":0,"max_hp_gain":0,"max_hp_loss":0,"event_name":"Golden Shrine","floor":21,"gold_loss":0,"cards_obtained":["Regret"]},{"damage_healed":0,"gold_gain":0,"player_choice":"Fight","damage_taken":0,"max_hp_gain":0,"max_hp_loss":0,"event_name":"Colosseum","floor":27,"gold_loss":0},{"damage_healed":0,"gold_gain":0,"player_choice":"Fought Nobs","damage_taken":0,"max_hp_gain":0,"max_hp_loss":0,"event_name":"Colosseum","floor":27,"gold_loss":0},{"damage_healed":0,"gold_gain":0,"player_choice":"Copied","damage_taken":0,"max_hp_gain":0,"max_hp_loss":0,"event_name":"Duplicator","floor":29,"gold_loss":0,"cards_obtained":["Force Field"]},{"damage_healed":0,"gold_gain":0,"player_choice":"Memory 1","damage_taken":0,"max_hp_gain":0,"max_hp_loss":0,"event_name":"SensoryStone","floor":37,"gold_loss":0},{"damage_healed":0,"gold_gain":0,"player_choice":"Fight","damage_taken":0,"max_hp_gain":0,"max_hp_loss":0,"event_name":"MindBloom","floor":39,"gold_loss":0}],"is_beta":false,"boss_relics":[{"not_picked":["Runic Dome","Coffee Dripper"],"picked":"Astrolabe"},{"not_picked":["FrozenCore","Runic Pyramid"],"picked":"Busted Crown"}],"items_purged_floors":[10,20,22,47],"is_endless":false,"potions_floor_spawned":[5,11,18,23,24,33,35,39,44,48],"ascension_level":10}}