{"host":"d9m9v0h6vo0edadb","time":1610106070,"event":{"mods":["BaseMod","Hermit","Keyboard Shortcuts","Minty Spire (QoL Compilation)","StSLib","SuperFastMode","The Cursed"],"gold_per_floor":[109,109,34,109,109,109,109,140,140,172,182,182,195,207,207,207,207],"floor_reached":16,"playtime":105,"items_purged":["Strike_G"],"score":316,"play_id":"ce3e6ab4-87d3-4871-b628-6bf5d88d458a","local_time":"20210108204110","is_ascension_mode":true,"campfire_choices":[{"floor":6,"key":"REST"},{"data":"Die Die Die","floor":12,"key":"SMITH"},{"data":"Noxious Fumes","floor":15,"key":"SMITH"}],"circlet_count":0,"master_deck":["AscendersBane","Strike_G","Strike_G","Strike_G+1","Strike_G","Defend_G","Defend_G","Defend_G","Defend_G+1","Defend_G","Survivor","Neutralize","Accuracy","Parasite","Predator","Die Die Die+1","Noxious Fumes+1","Poisoned Stab"],"relics":["Ring of the Snake","NeowsBlessing","Tough Bandages","Eternal Feather","Pantograph","Dead Branch"],"acts_visited":["Exordium"],"potions_floor_usage":[16],"damage_taken":[{"damage":0,"enemies":"2 Louse","floor":1,"turns":1},{"damage":0,"enemies":"Lagavulin","floor":8,"turns":1},{"damage":0,"enemies":"Gremlin Nob","floor":10,"turns":1},{"damage":0,"enemies":"Small Slimes","floor":11,"turns":1},{"damage":9,"enemies":"Jaw Worm","floor":13,"turns":4},{"damage":0,"enemies":"2 Fungi Beasts","floor":14,"turns":3},{"damage":0,"enemies":"The Guardian","floor":16,"turns":2}],"seed_played":"8827886105759767140","potions_obtained":[{"floor":8,"key":"SneckoOil"},{"floor":11,"key":"PowerPotion"}],"is_trial":false,"path_per_floor":["M","?","$","?","?","R","?","E","T","E","M","R","M","M","R","B"],"character_chosen":"THE_SILENT","items_purchased":[],"campfire_rested":1,"item_purchase_floors":[],"current_hp_per_floor":[59,33,33,22,2,21,37,37,37,37,37,46,37,37,46,66,66],"gold":207,"neow_bonus":"THREE_ENEMY_KILL","is_daily":false,"chose_seed":false,"campfire_upgraded":2,"win_rate":0.0,"timestamp":1610106070,"path_taken":["M","?","$","?","?","R","?","E","T","E","?","R","M","M","R","BOSS"],"items_purchased_type":[],"build_version":"2020-12-22","purchased_purges":1,"victory":false,"max_hp_per_floor":[66,66,66,66,66,66,66,66,66,66,66,66,66,66,66,66,66],"card_choices":[{"not_picked":["Quick Slash","Dagger Throw"],"picked":"Accuracy","floor":1},{"not_picked":["Caltrops","Flying Knee"],"picked":"Predator","floor":8},{"not_picked":["Expertise","Dagger Throw"],"picked":"Die Die Die","floor":10},{"not_picked":["Deadly Poison","Deflect"],"picked":"Noxious Fumes","floor":11},{"not_picked":["Dagger Spray","Sucker Punch"],"picked":"Poisoned Stab","floor":13},{"not_picked":["Distraction","Flying Knee","Quick Slash"],"picked":"SKIP","floor":14}],"player_experience":955780,"relics_obtained":[{"floor":8,"key":"Eternal Feather"},{"floor":9,"key":"Pantograph"},{"floor":10,"key":"Dead Branch"}],"event_choices":[{"damage_healed":0,"gold_gain":0,"player_choice":"Success","damage_taken":26,"relics_obtained":["Tough Bandages"],"max_hp_gain":0,"max_hp_loss":0,"event_name":"Scrap Ooze","floor":2,"gold_loss":0},{"damage_healed":0,"gold_gain":75,"player_choice":"Gather Gold","damage_taken":11,"max_hp_gain":0,"max_hp_loss":0,"event_name":"World of Goop","floor":4,"gold_loss":0},{"damage_healed":0,"gold_gain":0,"player_choice":"Entered Light","damage_taken":20,"max_hp_gain":0,"max_hp_loss":0,"event_name":"Shining Light","floor":5,"gold_loss":0,"cards_upgraded":["Defend_G","Strike_G"]},{"damage_healed":16,"gold_gain":0,"player_choice":"Healed and dodged fight","damage_taken":0,"max_hp_gain":0,"max_hp_loss":0,"event_name":"Mushrooms","floor":7,"gold_loss":0,"cards_obtained":["Parasite"]}],"is_beta":false,"boss_relics":[],"items_purged_floors":[3],"is_endless":false,"potions_floor_spawned":[8,11,14],"killed_by":"The Guardian","ascension_level":20}}