{"host":"tw7a6rmo9h75ssrt","time":1610089782,"event":{"mods":["AchievementEnabler","Act Like it!","BaseMod","Colored Map","Highlight Path","Minty Spire (QoL Compilation)","Permanent Neow","Quick Restart","Relic Stats","SuperFastMode"],"gold_per_floor":[117,134,59,59,59,59,59,59,83,83,102,113,128,157,157,232,232,245,260,273,287,287,287,317,317,340,340,357,377,7,33,33,111,111,128,144,144,158,171,11,30,46,69,69,69,87,87,107,107,107,107],"floor_reached":50,"playtime":1383,"items_purged":["Strike_R","Strike_R"],"score":772,"play_id":"8fac97fb-0d34-4004-a55e-f5777a205b7e","local_time":"20210108150942","is_ascension_mode":true,"campfire_choices":[{"data":"Whirlwind","floor":6.0,"key":"SMITH"},{"data":"Bash","floor":8.0,"key":"SMITH"},{"data":"Second Wind","floor":10.0,"key":"SMITH"},{"data":"Inflame","floor":15.0,"key":"SMITH"},{"floor":23.0,"key":"REST"},{"floor":25.0,"key":"REST"},{"floor":27.0,"key":"REST"},{"floor":32.0,"key":"REST"},{"floor":47.0,"key":"REST"},{"floor":49,"key":"REST"}],"circlet_count":0,"master_deck":["AscendersBane","Strike_R","Strike_R","Defend_R+1","Defend_R","Defend_R","Defend_R","Bash+1","Second Wind+1","Whirlwind+1","Inflame+1","Sentinel+1","Headbutt+1","Inflame","Flex","Whirlwind+1","Seeing Red+1","Limit Break+1","Warcry+1","Parasite","Battle Trance+1","Madness+1","Madness+1"],"relics":["Sozu","Centennial Puzzle","Letter Opener","Philosopher\u0027s Stone","Paper Frog","Anchor","Membership Card","Toxic Egg 2","Juzu Bracelet","Velvet Choker","Meat on the Bone","War Paint"],"acts_visited":["Exordium","TheCity","TheBeyond"],"potions_floor_usage":[],"damage_taken":[{"damage":4.0,"enemies":"2 Louse","floor":1.0,"turns":2.0},{"damage":0.0,"enemies":"Cultist","floor":2.0,"turns":3.0},{"damage":4.0,"enemies":"Small Slimes","floor":11.0,"turns":3.0},{"damage":1.0,"enemies":"Looter","floor":12.0,"turns":3.0},{"damage":0.0,"enemies":"3 Louse","floor":13.0,"turns":2.0},{"damage":8.0,"enemies":"Gremlin Nob","floor":14.0,"turns":4.0},{"damage":35.0,"enemies":"Hexaghost","floor":16.0,"turns":8.0},{"damage":0.0,"enemies":"Spheric Guardian","floor":18.0,"turns":3.0},{"damage":19.0,"enemies":"2 Thieves","floor":19.0,"turns":3.0},{"damage":0.0,"enemies":"Snecko","floor":20.0,"turns":2.0},{"damage":39.0,"enemies":"Snake Plant","floor":21.0,"turns":3.0},{"damage":27.0,"enemies":"Book of Stabbing","floor":24.0,"turns":4.0},{"damage":0.0,"enemies":"3 Cultists","floor":28.0,"turns":2.0},{"damage":0.0,"enemies":"Centurion and Healer","floor":29.0,"turns":5.0},{"damage":31.0,"enemies":"Collector","floor":33.0,"turns":5.0},{"damage":20.0,"enemies":"3 Darklings","floor":35.0,"turns":2.0},{"damage":1.0,"enemies":"Orb Walker","floor":36.0,"turns":3.0},{"damage":11.0,"enemies":"Sphere and 2 Shapes","floor":38.0,"turns":4.0},{"damage":14.0,"enemies":"Writhing Mass","floor":39.0,"turns":4.0},{"damage":0.0,"enemies":"Jaw Worm Horde","floor":41.0,"turns":1.0},{"damage":6.0,"enemies":"Maw","floor":42.0,"turns":4.0},{"damage":14.0,"enemies":"4 Shapes","floor":46.0,"turns":1.0},{"damage":15,"enemies":"Writhing Mass","floor":48,"turns":3},{"damage":79,"enemies":"Donu and Deca","floor":50,"turns":4}],"seed_played":"6007934082770022556","potions_obtained":[],"is_trial":false,"path_per_floor":["M","M","$","?","?","R","$","R","T","R","M","M","M","E","R","B",null,"M","M","M","M","?","R","E","R","T","R","M","M","$","T","R","B",null,"M","M","?","M","M","$","M","M","T","?","?","M","R","M","R","B"],"character_chosen":"IRONCLAD","items_purchased":["Membership Card","Toxic Egg 2","Seeing Red+1","Meat on the Bone","Battle Trance+1"],"campfire_rested":6,"item_purchase_floors":[30,30,30,40,40],"current_hp_per_floor":[68,68,68,73,73,73,73,73,73,73,69,68,68,60,60,25,70,70,51,51,12,12,37,10,35,35,60,60,60,60,60,85,54,77,57,56,56,45,31,31,43,49,49,38,38,36,61,46,71,0,0],"gold":107,"neow_bonus":"BOSS_RELIC","is_daily":false,"chose_seed":false,"campfire_upgraded":4,"win_rate":0.0,"timestamp":1610089782,"path_taken":["M","M","$","?","?","R","$","R","T","R","M","?","M","E","R","BOSS","M","M","?","M","?","R","E","R","T","R","?","M","$","?","R","BOSS","M","M","?","M","M","$","M","M","T","?","?","M","R","M","R","BOSS"],"items_purchased_type":["Relic","Relic","Card","Relic","Card"],"build_version":"2020-12-22","purchased_purges":2,"victory":false,"max_hp_per_floor":[80,80,80,85,85,85,85,85,85,85,85,85,85,85,85,85,85,85,85,85,85,85,85,85,85,85,85,85,85,85,85,85,85,85,85,85,85,85,85,85,85,85,85,85,85,85,85,85,85,85,85],"relic_stats":{"Sozu":11,"Centennial Puzzle":[48],"counters":[24,78],"Juzu Bracelet":0,"Letter Opener":[39],"War Paint":["Sentinel","Defend_R"],"obtain_stats":[{"Velvet Choker":34,"Juzu Bracelet":31,"Letter Opener":14,"War Paint":43,"Burning Blood":0,"Sozu":0,"Centennial Puzzle":9,"Anchor":26,"Philosopher\u0027s Stone":17,"Membership Card":30,"Toxic Egg 2":30,"Paper Frog":24,"Meat on the Bone":40},{"Velvet Choker":15,"Juzu Bracelet":14,"Letter Opener":6,"War Paint":21,"Burning Blood":0,"Sozu":0,"Centennial Puzzle":2,"Anchor":12,"Philosopher\u0027s Stone":7,"Membership Card":14,"Toxic Egg 2":14,"Paper Frog":12,"Meat on the Bone":19},{"Velvet Choker":52,"Juzu Bracelet":47,"Letter Opener":17,"War Paint":70,"Burning Blood":0,"Sozu":0,"Centennial Puzzle":5,"Anchor":40,"Philosopher\u0027s Stone":25,"Membership Card":47,"Toxic Egg 2":47,"Paper Frog":40,"Meat on the Bone":65}],"Meat on the Bone":36},"card_choices":[{"not_picked":["Twin Strike","Headbutt"],"picked":"Second Wind","floor":1.0},{"not_picked":["Havoc","Anger"],"picked":"Whirlwind","floor":2.0},{"not_picked":["Clash","Body Slam","Warcry"],"picked":"SKIP","floor":11.0},{"not_picked":["Clash","Heavy Blade","Headbutt"],"picked":"SKIP","floor":12.0},{"not_picked":["Infernal Blade","Body Slam","Anger"],"picked":"SKIP","floor":13.0},{"not_picked":["Power Through","Intimidate"],"picked":"Inflame","floor":14.0},{"not_picked":["Warcry","Cleave"],"picked":"Sentinel","floor":18.0},{"not_picked":["Pommel Strike","Shrug It Off"],"picked":"Headbutt+1","floor":19.0},{"not_picked":["Dual Wield","Clothesline"],"picked":"Inflame","floor":20.0},{"not_picked":["Body Slam+1","Pommel Strike"],"picked":"Flex","floor":21.0},{"not_picked":["Twin Strike","Pommel Strike"],"picked":"Whirlwind","floor":24.0},{"not_picked":["Clash","Double Tap","Perfected Strike"],"picked":"SKIP","floor":28.0},{"not_picked":["Body Slam","Clothesline","Havoc"],"picked":"SKIP","floor":29.0},{"not_picked":["Reaper","Fiend Fire"],"picked":"Limit Break+1","floor":33.0},{"not_picked":["True Grit+1","Fire Breathing","Iron Wave"],"picked":"SKIP","floor":35.0},{"not_picked":["Feel No Pain","Armaments+1","Flex+1"],"picked":"SKIP","floor":36.0},{"not_picked":["Thunderclap","Clash+1"],"picked":"Warcry+1","floor":38.0},{"not_picked":["Armaments+1","Heavy Blade","Thunderclap"],"picked":"SKIP","floor":39.0},{"not_picked":["Sever Soul+1","Hemokinesis","Iron Wave"],"picked":"SKIP","floor":41.0},{"not_picked":["Twin Strike","Rage+1","Wild Strike"],"picked":"SKIP","floor":42.0},{"not_picked":["Sever Soul","Cleave+1","Carnage+1"],"picked":"SKIP","floor":46.0},{"not_picked":["Dark Embrace+1","Wild Strike","Clothesline+1"],"picked":"SKIP","floor":48}],"player_experience":101750,"relics_obtained":[{"floor":9.0,"key":"Centennial Puzzle"},{"floor":14.0,"key":"Letter Opener"},{"floor":24.0,"key":"Paper Frog"},{"floor":26.0,"key":"Anchor"},{"floor":31.0,"key":"Juzu Bracelet"},{"floor":43.0,"key":"War Paint"}],"event_choices":[{"damage_healed":0.0,"max_hp_gain":5.0,"max_hp_loss":0.0,"gold_gain":0.0,"event_name":"Big Fish","player_choice":"Donut","floor":4.0,"gold_loss":0.0,"damage_taken":0.0},{"cards_removed":["Strike_R"],"damage_healed":0.0,"max_hp_gain":0.0,"max_hp_loss":0.0,"gold_gain":0.0,"event_name":"Purifier","player_choice":"Purged","floor":5.0,"gold_loss":0.0,"damage_taken":0.0},{"damage_healed":0.0,"max_hp_gain":0.0,"max_hp_loss":0.0,"gold_gain":0.0,"event_name":"The Woman in Blue","player_choice":"Bought 0 Potions","floor":22.0,"gold_loss":0.0,"damage_taken":0.0},{"damage_healed":0.0,"max_hp_gain":0.0,"max_hp_loss":0.0,"gold_gain":0.0,"event_name":"Mysterious Sphere","player_choice":"Ignored","floor":37.0,"gold_loss":0.0,"damage_taken":0.0},{"damage_healed":0.0,"max_hp_gain":0.0,"max_hp_loss":0.0,"gold_gain":0.0,"event_name":"Winding Halls","player_choice":"Embrace Madness","floor":44.0,"gold_loss":0.0,"damage_taken":11.0,"cards_obtained":["Madness","Madness"]},{"damage_healed":0.0,"max_hp_gain":0.0,"max_hp_loss":0.0,"gold_gain":0.0,"event_name":"Upgrade Shrine","player_choice":"Upgraded","floor":45.0,"gold_loss":0.0,"damage_taken":0.0,"cards_upgraded":["Whirlwind"]}],"is_beta":false,"boss_relics":[{"not_picked":["Snecko Eye","Runic Cube"],"picked":"Philosopher\u0027s Stone"},{"not_picked":["Runic Pyramid","Busted Crown"],"picked":"Velvet Choker"}],"items_purged_floors":[3,30],"is_endless":false,"potions_floor_spawned":[2,11,12,14,19,21,33,35,36,42,46],"killed_by":"Donu and Deca","ascension_level":13}}