{"host":"egwexuw5uvnxf11j","time":1610070494,"event":{"mods":["2.2 Compatiblity","Aspiration","BaseMod","Better Altar","Better Note","Better Sensory Stone","Better Third Choice","Displayed Cursed Tome","Downfall","Hermit","Key Reminder","Koishi","Marisa????????","Minty Spire (QoL Compilation)","Quick Restart","Shade Mod","Spicy Shops","StSLib","The Construct","The Cursed","The Hierophant","The Runesmith","The Senshi","The Servant 0.9.4","Transform Curses"],"gold_per_floor":[113,113,113,128,146,146,157,192,192,192,205,205,222,8,8,112,112,129,129,145,165,53,53,53],"floor_reached":23,"playtime":1187,"items_purged":[],"score":212,"play_id":"facf46f7-ae0e-4d00-949f-d53d5feb1104","local_time":"20210107204814","is_ascension_mode":true,"campfire_choices":[{"data":"Runesmith:CraftFirestone","floor":6,"key":"SMITH"},{"floor":12,"key":"REST"},{"floor":15,"key":"REST"}],"circlet_count":0,"master_deck":["Runesmith:Strike_RS","Runesmith:Strike_RS","Runesmith:Strike_RS","Runesmith:Strike_RS","Runesmith:Defend_RS","Runesmith:Defend_RS","Runesmith:Defend_RS","Runesmith:Defend_RS","Runesmith:CraftFirestone+1","Runesmith:Fortify","Runesmith:UnlimitedPower+1","Runesmith:Grindstone","Runesmith:Discharge","Runesmith:Electrocute","Runesmith:CraftVitae","Runesmith:Firestorm","Runesmith:HammerThrow","Runesmith:GoWithTheFlow","Runesmith:GrandSlam","Runesmith:Grindstone","Runesmith:CraftMedicinae","Runesmith:HeatExchange+1","Shade:AncientSpear","Runesmith:ChargedHammer","Runesmith:PoweredAnvil","Runesmith:Terraform"],"relics":["Runesmith:CoreCrystal","Blood Vial","keyreminder:keyreminder","Bronze Scales"],"acts_visited":["Exordium","TheCity"],"potions_floor_usage":[16,16,21,23],"damage_taken":[{"damage":10,"enemies":"2 Louse","floor":1,"turns":5},{"damage":1,"enemies":"Jaw Worm","floor":4,"turns":5},{"damage":7,"enemies":"Small Slimes","floor":5,"turns":4},{"damage":2,"enemies":"Exordium Thugs","floor":7,"turns":5},{"damage":43,"enemies":"Gremlin Nob","floor":8,"turns":5},{"damage":5,"enemies":"Exordium Wildlife","floor":11,"turns":6},{"damage":1,"enemies":"2 Fungi Beasts","floor":13,"turns":4},{"damage":51,"enemies":"The Guardian","floor":16,"turns":10},{"damage":13,"enemies":"3 Byrds","floor":18,"turns":3},{"damage":45,"enemies":"Spheric Guardian","floor":20,"turns":6},{"damage":46,"enemies":"Shelled Parasite and Fungi","floor":21,"turns":8},{"damage":24,"enemies":"Slavers","floor":23,"turns":1}],"seed_played":"8999367359797340657","potions_obtained":[{"floor":4,"key":"FairyPotion"},{"floor":5,"key":"GamblersBrew"},{"floor":11,"key":"Dexterity Potion"},{"floor":13,"key":"ColorlessPotion"},{"floor":20,"key":"Explosive Potion"},{"floor":21,"key":"AttackPotion"}],"is_trial":false,"path_per_floor":["M","?","?","M","M","R","M","E","T","?","M","R","M","$","R","B",null,"M","?","M","M","$","E"],"character_chosen":"RUNESMITH_CLASS","items_purchased":["Runesmith:GrandSlam","Runesmith:Grindstone","Runesmith:PoweredAnvil","Runesmith:Terraform"],"campfire_rested":2,"item_purchase_floors":[14,14,22,22],"current_hp_per_floor":[60,67,67,66,59,59,57,14,14,14,11,32,33,33,54,5,70,57,57,16,13,13,0,0],"gold":53,"neow_bonus":"ONE_RANDOM_RARE_CARD","is_daily":false,"chose_seed":false,"campfire_upgraded":1,"win_rate":0.0,"timestamp":1610070494,"path_taken":["M","?","?","M","M","R","M","E","T","?","M","R","M","$","R","BOSS","M","?","M","M","$","E"],"items_purchased_type":["Card","Card","Card","Card"],"build_version":"2020-12-22","purchased_purges":0,"victory":false,"max_hp_per_floor":[70,70,70,70,70,70,70,70,70,70,70,70,70,70,70,70,70,70,70,70,70,70,70,70],"card_choices":[{"not_picked":["Runesmith:Overpower","Runesmith:StaticCage"],"picked":"Runesmith:Grindstone","floor":1},{"not_picked":["Runesmith:BackupBattery","Runesmith:MakeshiftArmor"],"picked":"Runesmith:Discharge","floor":4},{"not_picked":["Runesmith:HeatExchange","Runesmith:EarthShield"],"picked":"Runesmith:Electrocute","floor":5},{"not_picked":["Runesmith:WhiteBalance","Runesmith:ShiftingStrike"],"picked":"Runesmith:CraftVitae","floor":7},{"not_picked":["Runesmith:Refine","Runesmith:Supernova"],"picked":"Runesmith:Firestorm","floor":8},{"not_picked":["Runesmith:EarthShield","Runesmith:UnstableHammer"],"picked":"Runesmith:HammerThrow","floor":11},{"not_picked":["Runesmith:HeatExchange","Runesmith:Overpower"],"picked":"Runesmith:GoWithTheFlow","floor":13},{"not_picked":["Runesmith:ArcReactor","Runesmith:ReplicatingBarrier"],"picked":"Runesmith:CraftMedicinae","floor":16},{"not_picked":["Runesmith:Grindstone","Runesmith:Attraction+1"],"picked":"Runesmith:HeatExchange+1","floor":18},{"not_picked":["Runesmith:Electrocute","Runesmith:ChiselStab"],"picked":"Runesmith:ChargedHammer","floor":20},{"not_picked":["Runesmith:Firestorm","Runesmith:UnstableHammer","Runesmith:Augment"],"picked":"SKIP","floor":21}],"player_experience":2154438,"relics_obtained":[{"floor":8,"key":"Blood Vial"},{"floor":9,"key":"Bronze Scales"}],"event_choices":[{"damage_healed":0,"gold_gain":0,"player_choice":"Leave","damage_taken":0,"max_hp_gain":0,"max_hp_loss":0,"event_name":"The Cleric","floor":3,"gold_loss":0},{"damage_healed":0,"gold_gain":0,"player_choice":"Upgraded","damage_taken":0,"max_hp_gain":0,"max_hp_loss":0,"event_name":"Upgrade Shrine","floor":10,"gold_loss":0,"cards_upgraded":["Runesmith:UnlimitedPower"]},{"cards_removed":["Runesmith:Grindstone"],"damage_healed":0,"gold_gain":0,"player_choice":"Take \u0026 Give","damage_taken":0,"max_hp_gain":0,"max_hp_loss":0,"event_name":"betterNote:BetterNote","floor":19,"gold_loss":0,"cards_obtained":["Shade:AncientSpear"]}],"is_beta":false,"boss_relics":[{"not_picked":["aspiration:DefectSkillbook","Busted Crown"],"picked":"Runesmith:CoreCrystal"}],"items_purged_floors":[],"is_endless":false,"potions_floor_spawned":[4,5,11,13,20,21],"killed_by":"Slavers","ascension_level":2}}