{"host":"rjbqai8ni6dsiu37","time":1610135258,"event":{"mods":["BaseMod","Minty Spire (QoL Compilation)","StSLib","The Hierophant","WarShipGirlsR/??á´Ò³R mod"],"gold_per_floor":[119,130,144,69,69,101,101,126,152,170,70,81,100,117,117,212,212,227,227,244,244,259,286,286,313,336,359,388,400,443,455,467,575,587,619,646,675,95,106,106,117,117,117,117,144,0,0,20,20,20,20,20,20,47,47],"floor_reached":56,"playtime":3420,"items_purged":["rmod:strick","Decay","rmod:goodsister"],"score":1301,"play_id":"47d88843-b8bc-494f-a836-f20a1bd69dc8","local_time":"20210109044738","is_ascension_mode":true,"campfire_choices":[{"data":"rmod:chargemoney","floor":15.0,"key":"SMITH"},{"data":"rmod:openingtorpedo","floor":24.0,"key":"SMITH"},{"data":"rmod:salvage","floor":29.0,"key":"SMITH"},{"floor":32.0,"key":"REST"},{"floor":40.0,"key":"RECALL"},{"floor":44.0,"key":"REST"},{"data":"rmod:basicallowance","floor":47.0,"key":"SMITH"},{"data":"rmod:smokecover","floor":49.0,"key":"SMITH"},{"data":"rmod:desperatesituation","floor":52.0,"key":"SMITH"}],"circlet_count":0,"master_deck":["rmod:strick","rmod:strick","rmod:strick","rmod:defend","rmod:defend","rmod:defend","rmod:defend","rmod:basicallowance+1","rmod:maingunfire","rmod:chargemoney+1","rmod:openingtorpedo+1","rmod:salvage+1","rmod:fletcherpendant+1","rmod:fletcherpendant+1","rmod:fletcherpendant","rmod:fletcherpendant","rmod:intelligenceanalysis","rmod:fletcher","rmod:smokecover+1","rmod:fletcherpendant","rmod:fletcherpendant+1","rmod:fletcherpendant","rmod:fletcher","rmod:ring+1","rmod:chargemoney+1","rmod:desperatesituation+1","rmod:fletcherpendant","rmod:expedition+1","rmod:fletcher","rmod:fletcherpendant","rmod:combined+1"],"relics":["rmod:firstchargereward","NeowsBlessing","Centennial Puzzle","Nunchaku","rmod:extraamm","Philosopher\u0027s Stone","Mercury Hourglass","Art of War","MawBank","Oddly Smooth Stone","Sozu","Torii","Orrery","The Courier","Red Mask","Unceasing Top"],"acts_visited":["Exordium","TheCity","TheBeyond","TheEnding"],"potions_floor_usage":[55],"damage_taken":[{"damage":0.0,"enemies":"Cultist","floor":1.0,"turns":1.0},{"damage":0.0,"enemies":"2 Louse","floor":2.0,"turns":1.0},{"damage":0.0,"enemies":"Jaw Worm","floor":3.0,"turns":1.0},{"damage":45.0,"enemies":"3 Sentries","floor":6.0,"turns":9.0},{"damage":31.0,"enemies":"Lagavulin","floor":8.0,"turns":4.0},{"damage":4.0,"enemies":"Lots of Slimes","floor":10.0,"turns":4.0},{"damage":4.0,"enemies":"Gremlin Gang","floor":12.0,"turns":3.0},{"damage":0.0,"enemies":"3 Louse","floor":13.0,"turns":1.0},{"damage":3.0,"enemies":"Lots of Slimes","floor":14.0,"turns":3.0},{"damage":2.0,"enemies":"The Guardian","floor":16.0,"turns":12.0},{"damage":5.0,"enemies":"Shell Parasite","floor":18.0,"turns":6.0},{"damage":1.0,"enemies":"2 Thieves","floor":20.0,"turns":3.0},{"damage":0.0,"enemies":"Centurion and Healer","floor":21.0,"turns":1.0},{"damage":0.0,"enemies":"Shelled Parasite and Fungi","floor":22.0,"turns":4.0},{"damage":30.0,"enemies":"Gremlin Leader","floor":23.0,"turns":5.0},{"damage":4.0,"enemies":"Book of Stabbing","floor":25.0,"turns":3.0},{"damage":0.0,"enemies":"Snecko","floor":27.0,"turns":3.0},{"damage":0.0,"enemies":"Sentry and Sphere","floor":28.0,"turns":4.0},{"damage":19.0,"enemies":"Slavers","floor":30.0,"turns":3.0},{"damage":27.0,"enemies":"Champ","floor":33.0,"turns":8.0},{"damage":11.0,"enemies":"3 Shapes","floor":35.0,"turns":6.0},{"damage":4.0,"enemies":"3 Darklings","floor":36.0,"turns":2.0},{"damage":18.0,"enemies":"Sphere and 2 Shapes","floor":37.0,"turns":1.0},{"damage":14.0,"enemies":"Maw","floor":39.0,"turns":6.0},{"damage":6.0,"enemies":"4 Shapes","floor":41.0,"turns":1.0},{"damage":0.0,"enemies":"Giant Head","floor":45.0,"turns":6.0},{"damage":12.0,"enemies":"Spire Growth","floor":48.0,"turns":2.0},{"damage":21.0,"enemies":"Donu and Deca","floor":50.0,"turns":6.0},{"damage":35.0,"enemies":"Shield and Spear","floor":54.0,"turns":4.0},{"damage":44,"enemies":"The Heart","floor":55,"turns":9}],"seed_played":"-4373355151334927349","potions_obtained":[{"floor":2.0,"key":"SkillPotion"},{"floor":6.0,"key":"Regen Potion"},{"floor":13.0,"key":"FairyPotion"},{"floor":14.0,"key":"LiquidBronze"},{"floor":16.0,"key":"Block Potion"},{"floor":19.0,"key":"SmokeBomb"},{"floor":19.0,"key":"SneckoOil"},{"floor":23.0,"key":"Block Potion"},{"floor":27.0,"key":"Ancient Potion"},{"floor":30.0,"key":"GamblersBrew"}],"is_trial":false,"path_per_floor":["M","M","M","$","?","E","?","E","T","M","$","M","M","M","R","B",null,"M","?","M","M","M","E","R","E","T","M","M","R","E","?","R","B",null,"M","M","M","$","M","R","M","$","T","R","E","?","R","M","R","B",null,"R","$","E","B",null],"character_chosen":"PRAEFECT","items_purchased":["Torii","Orrery"],"campfire_rested":2,"item_purchase_floors":[38,38],"current_hp_per_floor":[75,75,75,75,80,35,35,16,16,12,12,8,8,5,5,3,80,75,75,74,74,74,44,44,40,40,40,40,40,21,21,45,18,80,69,65,47,47,33,33,27,27,27,51,51,51,51,39,39,18,80,80,80,45,1],"gold":47,"neow_bonus":"THREE_ENEMY_KILL","is_daily":false,"chose_seed":false,"campfire_upgraded":6,"win_rate":0.0,"timestamp":1610135258,"path_taken":["M","?","M","$","?","E","?","E","T","?","$","M","M","M","R","BOSS","M","?","M","?","M","E","R","E","T","M","?","R","E","?","R","BOSS","M","M","?","$","?","R","M","$","T","R","E","?","R","M","R","BOSS","R","$","E","BOSS"],"items_purchased_type":["Relic","Relic"],"build_version":"2020-12-22","purchased_purges":3,"victory":true,"max_hp_per_floor":[75,75,75,75,80,80,80,80,80,80,80,80,80,80,80,80,80,80,80,80,80,80,80,80,80,80,80,80,80,80,80,80,80,80,80,80,80,80,80,80,80,80,80,80,80,80,80,80,80,80,80,80,80,80,80],"card_choices":[{"not_picked":["rmod:fletcherpendant","rmod:combined"],"picked":"rmod:chargemoney","floor":1.0},{"not_picked":["rmod:fuelsupply","rmod:tearstotiara"],"picked":"rmod:openingtorpedo","floor":2.0},{"not_picked":["rmod:supportaircraftcarrier","rmod:ammunitionsupply"],"picked":"rmod:salvage","floor":3.0},{"not_picked":["rmod:aluminumsupply","rmod:ammunitionsupply","rmod:seals"],"picked":"SKIP","floor":6.0},{"not_picked":["rmod:diamondstrike","rmod:gendarmerie","rmod:capitalist"],"picked":"SKIP","floor":8.0},{"not_picked":["rmod:launchingtorpedo","rmod:selfconfidence"],"picked":"rmod:intelligenceanalysis","floor":10.0},{"not_picked":["rmod:goodfighter","rmod:victimresponsibility","rmod:bulid"],"picked":"SKIP","floor":12.0},{"not_picked":["rmod:ammunitionsupply","rmod:unsinkable"],"picked":"rmod:smokecover","floor":13.0},{"not_picked":["rmod:ammunitionsupply","rmod:garrisonisland","rmod:bulid"],"picked":"SKIP","floor":14.0},{"not_picked":["rmod:diamondstrike","rmod:fletcherpendant"],"picked":"rmod:goodsister","floor":18.0},{"not_picked":["rmod:luckystar","rmod:combined","rmod:victimresponsibility"],"picked":"SKIP","floor":20.0},{"not_picked":["rmod:luckystar+1","rmod:firesupport","rmod:circuitoustactics"],"picked":"SKIP","floor":22.0},{"not_picked":["rmod:advancebysurprise","rmod:victimresponsibility+1","rmod:openingtorpedo"],"picked":"SKIP","floor":23.0},{"not_picked":["rmod:luckystar","rmod:tearstotiara+1","rmod:supportescort"],"picked":"SKIP","floor":25.0},{"not_picked":["rmod:steelsupply","rmod:supriseattacks"],"picked":"rmod:ring+1","floor":27.0},{"not_picked":["rmod:steelsupply","rmod:aluminumsupply","rmod:intelligenceanalysis"],"picked":"SKIP","floor":28.0},{"not_picked":["rmod:aluminumsupply","rmod:ring+1","rmod:diamondstrike"],"picked":"SKIP","floor":30.0},{"not_picked":["rmod:seals","rmod:supriseattacks"],"picked":"rmod:desperatesituation","floor":33.0},{"not_picked":["rmod:bulid","rmod:aluminumsupply","rmod:supportescort+1"],"picked":"SKIP","floor":35.0},{"not_picked":["rmod:aluminumsupply+1","rmod:aviationdawn+1","rmod:intelligenceanalysis"],"picked":"SKIP","floor":36.0},{"not_picked":["rmod:ammunitionsupply","rmod:fuelsupply","rmod:tearstotiara+1"],"picked":"SKIP","floor":37.0},{"not_picked":["rmod:fuelsupply","rmod:tearstotiara+1"],"picked":"rmod:expedition+1","floor":38.0},{"not_picked":["rmod:fuelsupply","rmod:aggressivemary"],"picked":"rmod:fletcher","floor":38.0},{"not_picked":["rmod:secretscript","rmod:expedition+1","rmod:punchline"],"picked":"SKIP","floor":39.0},{"not_picked":["rmod:luckystar+1","rmod:combined+1","rmod:aluminumsupply+1"],"picked":"SKIP","floor":41.0},{"not_picked":["rmod:luckystar+1","rmod:aluminumsupply+1"],"picked":"rmod:combined+1","floor":41.0},{"not_picked":["rmod:fuelsupply+1","rmod:diamondstrike","rmod:heivgo+1"],"picked":"SKIP","floor":45.0},{"not_picked":["rmod:selfconfidence","rmod:unsinkable","rmod:fuelsupply"],"picked":"SKIP","floor":48.0},{"not_picked":["rmod:advancebysurprise","rmod:auspiciousomen","rmod:capitalist+1"],"picked":"SKIP","floor":54.0}],"player_experience":127888,"relics_obtained":[{"floor":6.0,"key":"Centennial Puzzle"},{"floor":8.0,"key":"Nunchaku"},{"floor":9.0,"key":"rmod:extraamm"},{"floor":23.0,"key":"Mercury Hourglass"},{"floor":25.0,"key":"Art of War"},{"floor":26.0,"key":"MawBank"},{"floor":30.0,"key":"Oddly Smooth Stone"},{"floor":45.0,"key":"The Courier"},{"floor":54.0,"key":"Unceasing Top"}],"event_choices":[{"damage_healed":0.0,"max_hp_gain":5.0,"max_hp_loss":0.0,"gold_gain":0.0,"event_name":"Big Fish","player_choice":"Donut","floor":5.0,"gold_loss":0.0,"damage_taken":0.0},{"damage_healed":0.0,"max_hp_gain":0.0,"max_hp_loss":0.0,"gold_gain":0.0,"event_name":"Wheel of Change","player_choice":"Cursed","floor":7.0,"gold_loss":0.0,"damage_taken":0.0,"cards_obtained":["Decay"]},{"damage_healed":0.0,"max_hp_gain":0.0,"max_hp_loss":0.0,"gold_gain":0.0,"event_name":"Lab","player_choice":"Got Potions","floor":19.0,"gold_loss":0.0,"damage_taken":0.0},{"damage_healed":0.0,"max_hp_gain":0.0,"max_hp_loss":0.0,"gold_gain":0.0,"event_name":"Duplicator","player_choice":"Copied","floor":31.0,"gold_loss":0.0,"damage_taken":0.0,"cards_obtained":["rmod:chargemoney"]},{"damage_healed":0.0,"max_hp_gain":0.0,"max_hp_loss":0.0,"gold_gain":0.0,"event_name":"Tomb of Lord Red Mask","player_choice":"Paid","floor":46.0,"gold_loss":144.0,"damage_taken":0.0,"relics_obtained":["Red Mask"]}],"is_beta":false,"boss_relics":[{"not_picked":["Black Star","Snecko Eye"],"picked":"Philosopher\u0027s Stone"},{"not_picked":["SacredBark","Cursed Key"],"picked":"Sozu"}],"items_purged_floors":[4,11,38],"is_endless":false,"potions_floor_spawned":[2,6,13,14,16,21,23,27,30,33,35,41],"ascension_level":1}}