{"host":"6a06qhlf17v5rcww","time":1610090229,"event":{"mods":["Act Like it!","Aspiration","BaseMod","Beaked The Cultist","Better Altar","Better Match","Better Note","Better Sensory Stone","Better Skull","Better Third Choice","Better Vampires","BetterRewards","Block Reminder","Colored Powertips","Downfall","Gensokyo","Infinite Spire","Minty Spire (QoL Compilation)","Poor People Problems","Prisma Mod","Rare Cards Sparkle","Replay The Spire","Shade Mod","StSLib","The Bug Knight","The Jungle","The Marked"],"gold_per_floor":[114,114,289,1,12,42,156,173,173,173,183,183,147,165,165,268,268,283,283,303,7,7,7,36,36,59,59,59,59,74,49,49,153,153,172,172,184,184,184,212,222,222,248,267,119,119,131,148,148,148],"floor_reached":51,"playtime":4275,"items_purged":["Doubt"],"score":918,"play_id":"86e50850-8ed4-4d59-8733-dbc987714408","local_time":"20210108021709","is_ascension_mode":false,"campfire_choices":[{"data":"True Grit","floor":10.0,"key":"SMITH"},{"data":"Armaments","floor":12.0,"key":"SMITH"},{"data":"ReplayTheSpireMod:Muscle Training","floor":15.0,"key":"SMITH"},{"data":"Demon Form","floor":23.0,"key":"SMITH"},{"floor":25.0,"key":"REST"},{"data":"Hemogenesis","floor":28.0,"key":"SMITH"},{"data":"Brutality","floor":32.0,"key":"SMITH"},{"data":"Seeing Red","floor":42,"key":"SMITH"},{"data":"Armaments","floor":46,"key":"SMITH"},{"data":"Exhume","floor":49,"key":"SMITH"}],"circlet_count":0,"master_deck":["Strike_R","Strike_R","Strike_R","Defend_R+1","Defend_R","Defend_R","Defend_R","Bash","Burning Pact+1","True Grit+1","Hemogenesis+1","Seeing Red+1","ReplayTheSpireMod:Muscle Training+1","Flame Barrier","Armaments+1","Pommel Strike","Reaper+1","Hemokinesis+1","Brutality+1","Cleave+1","Demon Form+1","Replay:Undeath\u0027s Touch+1","Iron Wave+1","Exhume+1","Sentinel","Dual Wield+1","AscendersBane","Limit Break+1","ReplayTheSpireMod:Limb From Limb+1","Infernal Blade+1","True Grit+1","Perfected Strike+1","Heavy Blade+1","Iron Wave+1","Sentinel+1","Armaments+1","Body Slam+1"],"relics":["Burning Blood","infinitespire:CursedDice","Kunai","Molten Egg 2","Mark of Pain","ClockworkSouvenir","infinitespire:PuzzleCube","Replay:Baseball","theJungle:BirthdayCake","ChewingGum","Potion Belt","ReplayTheSpireMod:TigerMarble","Orrery"],"acts_visited":["Exordium","Exordium","TheBeyond"],"potions_floor_usage":[40,40,40,41,50],"damage_taken":[{"damage":7.0,"enemies":"Jaw Worm","floor":1.0,"turns":6.0},{"damage":2.0,"enemies":"Small Slimes","floor":5.0,"turns":5.0},{"damage":54.0,"enemies":"3 Sentries","floor":6.0,"turns":17.0},{"damage":0.0,"enemies":"2 Louse","floor":8.0,"turns":4.0},{"damage":7.0,"enemies":"Large Slime","floor":11.0,"turns":7.0},{"damage":13.0,"enemies":"Looter","floor":14.0,"turns":5.0},{"damage":26.0,"enemies":"Fading Forest","floor":16.0,"turns":11.0},{"damage":29.0,"enemies":"theJungle:MUSHROOMGANG","floor":18.0,"turns":9.0},{"damage":63.0,"enemies":"theJungle:GiantWrat","floor":20.0,"turns":13.0},{"damage":79.0,"enemies":"theJungle:Cassacara","floor":24.0,"turns":9.0},{"damage":21.0,"enemies":"theJungle:2_Snecko_Cultists","floor":30.0,"turns":4.0},{"damage":31.0,"enemies":"theJungle:FunGuy","floor":33.0,"turns":10.0},{"damage":40.0,"enemies":"3 Shapes","floor":35.0,"turns":5.0},{"damage":24.0,"enemies":"Orb Walker","floor":37.0,"turns":5.0},{"damage":70,"enemies":"Nemesis","floor":40,"turns":7},{"damage":26,"enemies":"Maw","floor":41,"turns":7},{"damage":38,"enemies":"4 Shapes","floor":44,"turns":7},{"damage":3,"enemies":"Sphere and 2 Shapes","floor":47,"turns":4},{"damage":13,"enemies":"Transient","floor":48,"turns":5},{"damage":29,"enemies":"Donu and Deca","floor":50,"turns":9}],"seed_played":"-4230655789812710926","potions_obtained":[{"floor":1.0,"key":"Reflective Coating"},{"floor":8.0,"key":"Dexterity Potion"},{"floor":11.0,"key":"Swift Potion"},{"floor":16.0,"key":"ElixirPotion"},{"floor":20.0,"key":"Doom Potion"},{"floor":40,"key":"ColorlessPotion"},{"floor":47,"key":"Block Potion"}],"is_trial":false,"path_per_floor":["M","?","?","$","M","E","?","M","T","R","M","R","$","M","R","B",null,"M","?","M","$","?","R","E","R","T","?","R","?","M","$","R","B",null,"M","?","M","?","?","E","M","R","T","M","$","R","M","M","R","B",null],"character_chosen":"IRONCLAD","items_purchased":["Burning Pact+1","Hemogenesis","Seeing Red","Hemokinesis+1","Demon Form","ClockworkSouvenir","Iron Wave+1","Orrery"],"campfire_rested":1,"item_purchase_floors":[0,4,4,13,21,21,31,45],"current_hp_per_floor":[79,79,79,79,80,37,37,43,43,43,49,49,49,53,53,33,80,70,70,45,45,35,35,35,59,59,59,59,79,83,83,83,75,100,85,85,80,80,80,44,100,100,100,100,100,100,100,93,93,96],"gold":148,"neow_bonus":"","is_daily":false,"chose_seed":false,"campfire_upgraded":9,"win_rate":0.0,"timestamp":1610090229,"path_taken":["M","?","?","$","M","E","?","M","T","R","M","R","$","M","R","BOSS","M","?","M","$","?","R","E","R","T","?","R","?","?","$","R","BOSS","M","?","M","?","?","E","M","R","T","M","$","R","?","M","R","BOSS"],"items_purchased_type":["Card","Card","Card","Card","Card","Relic","Card","Relic"],"build_version":"2020-12-22","purchased_purges":1,"victory":true,"max_hp_per_floor":[80,80,80,80,80,80,80,80,80,80,80,80,80,80,80,80,80,80,80,80,80,80,80,80,80,80,80,80,100,100,100,100,100,100,100,100,100,100,100,100,100,100,100,100,100,100,100,100,100,100],"card_choices":[{"not_picked":["Sword Boomerang","Warcry"],"picked":"True Grit","floor":1.0},{"not_picked":["Anger","Thunderclap","Clothesline"],"picked":"SKIP","floor":5.0},{"not_picked":["Exhume","Clothesline"],"picked":"ReplayTheSpireMod:Muscle Training","floor":6.0},{"not_picked":["Clothesline","Carnage"],"picked":"Flame Barrier","floor":7.0},{"not_picked":["Warcry","ReplayTheSpireMod:Stacked"],"picked":"Armaments","floor":7.0},{"not_picked":["Havoc","ReplayTheSpireMod:Corrosion Curse"],"picked":"Pommel Strike","floor":7.0},{"not_picked":["True Grit","Headbutt"],"picked":"Warcry","floor":8.0},{"not_picked":["Pommel Strike+1","Power Through"],"picked":"Reaper+1","floor":11.0},{"not_picked":["Warcry","Hemokinesis+1","Thunderclap+1"],"picked":"SKIP","floor":14.0},{"not_picked":["Reaper+1","Double Tap"],"picked":"Brutality","floor":16.0},{"not_picked":["Warcry+1","Thunderclap+1"],"picked":"Cleave+1","floor":18.0},{"not_picked":["Abandon","Anger+1","Havoc"],"picked":"SKIP","floor":20.0},{"not_picked":["Immolate+1","Clothesline+1"],"picked":"Replay:Undeath\u0027s Touch+1","floor":24.0},{"not_picked":["Perfected Strike+1","True Grit","Replay:Undeath\u0027s Touch+1"],"picked":"SKIP","floor":30.0},{"not_picked":["Hemogenesis+1","Bludgeon+1"],"picked":"Exhume","floor":33.0},{"not_picked":["Burning Pact","Flex"],"picked":"Sentinel","floor":35.0},{"not_picked":["Cleave+1","Anger+1"],"picked":"Dual Wield+1","floor":37.0},{"not_picked":["Warcry","Bludgeon+1"],"picked":"ReplayTheSpireMod:Limb From Limb+1","floor":40},{"not_picked":["Armaments","Perfected Strike+1"],"picked":"Infernal Blade+1","floor":41},{"not_picked":["Pommel Strike+1","Havoc"],"picked":"True Grit+1","floor":44},{"not_picked":["Clothesline+1","ReplayTheSpireMod:Muscle Training+1"],"picked":"Perfected Strike+1","floor":45},{"not_picked":["Second Wind","Hemokinesis+1"],"picked":"Heavy Blade+1","floor":45},{"not_picked":["Havoc","Corruption"],"picked":"Iron Wave+1","floor":45},{"not_picked":["Intimidate","Evolve+1"],"picked":"Sentinel+1","floor":45},{"not_picked":["Thunderclap+1","Fiend Fire+1"],"picked":"Armaments","floor":45},{"not_picked":["Whirlwind+1","Searing Blow+1"],"picked":"Body Slam+1","floor":47},{"not_picked":["Run Through+1","Perfected Strike+1","Reckless Charge+1"],"picked":"SKIP","floor":48}],"player_experience":715958,"relics_obtained":[{"floor":6.0,"key":"Kunai"},{"floor":9.0,"key":"Molten Egg 2"},{"floor":24.0,"key":"infinitespire:PuzzleCube"},{"floor":26.0,"key":"Replay:Baseball"},{"floor":40,"key":"Potion Belt"},{"floor":43,"key":"ReplayTheSpireMod:TigerMarble"}],"event_choices":[{"damage_healed":0.0,"max_hp_gain":0.0,"max_hp_loss":0.0,"gold_gain":175.0,"event_name":"betterThird:BetterSerpent","player_choice":"AGREE","floor":3.0,"gold_loss":0.0,"damage_taken":114.0},{"damage_healed":0.0,"max_hp_gain":0.0,"max_hp_loss":0.0,"gold_gain":0.0,"event_name":"betterNote:BetterNote","player_choice":"Ignored","floor":19.0,"gold_loss":0.0,"damage_taken":0.0,"cards_obtained":["beaked:AwakenedForm"]},{"cards_removed":["Warcry"],"damage_healed":0.0,"max_hp_gain":0.0,"max_hp_loss":0.0,"gold_gain":0.0,"event_name":"Falling","player_choice":"Removed Skill","floor":36.0,"gold_loss":0.0,"damage_taken":0.0},{"damage_healed":0.0,"max_hp_gain":0.0,"max_hp_loss":0.0,"gold_gain":3.0,"event_name":"betterStone:BetterStone","player_choice":"3","floor":38.0,"gold_loss":0.0,"damage_taken":0.0,"cards_obtained":["Limit Break"]},{"cards_removed":["Strike_R"],"damage_healed":0.0,"max_hp_gain":0.0,"max_hp_loss":0.0,"gold_gain":0.0,"event_name":"Bonfire Elementals","player_choice":"Offered Basic","floor":39.0,"gold_loss":0.0,"damage_taken":0.0}],"is_beta":false,"boss_relics":[{"not_picked":["ReplayTheSpireMod:SealedPack","Black Blood"],"picked":"Mark of Pain"},{"not_picked":["infinitespire:Burning Sword","Tiny House"],"picked":"ChewingGum"}],"items_purged_floors":[4],"is_endless":false,"potions_floor_spawned":[1,8,11,16,20,37,40,47],"ascension_level":0}}