{"host":"qojc688juf5ijsln","time":1610125929,"event":{"mods":["AchievementEnabler","BaseMod","BetterRewards","Colored Powertips","Highlight Path","Minty Spire (QoL Compilation)","Quick Restart","Shop Mod","StSLib"],"gold_per_floor":[118,132,132,132,132,166,228,256,256,283,293,293,356,406,406,506,506,525,575,625,685,66,96,96,61,61,61,61,111,111,131,131,230,230,255,279,379,23,0,0,42,42,95,134,184,208,228,287,287,287,287,287,13,46,46],"floor_reached":56,"playtime":3267,"items_purged":["Bash","Defend_R","Sever Soul+1","Burning Pact+1"],"score":1388,"play_id":"3dff7360-7a3e-4b22-8ec0-2eb24170e183","local_time":"20210109011209","is_ascension_mode":true,"campfire_choices":[{"floor":12.0,"key":"REST"},{"data":"Defend_R","floor":15.0,"key":"PURGE"},{"floor":24.0,"key":"REST"},{"data":"Strike_R","floor":27.0,"key":"PURGE"},{"data":"Strike_R","floor":28.0,"key":"PURGE"},{"data":"Strike_R","floor":30.0,"key":"PURGE"},{"floor":32.0,"key":"REST"},{"data":"Strike_R","floor":40.0,"key":"PURGE"},{"data":"Sever Soul+1","floor":42,"key":"PURGE"},{"floor":49,"key":"RECALL"},{"data":"Good Instincts","floor":52,"key":"SMITH"}],"circlet_count":0,"master_deck":["Good Instincts+1","Whirlwind","Juggernaut","Clash","Inflame","Panache","Shockwave","Metallicize","Body Slam+1","Seeing Red+1","Panache","Purity","Panache"],"relics":["Burning Blood","Incense Burner","Unceasing Top","HornCleat","SsserpentHead","Peace Pipe","Magic Flower","Enchiridion","Blue Candle","Pen Nib","MerchantsRug","CeramicFish","WingedGreaves","Paper Frog","InkBottle","Philosopher\u0027s Stone","Pocketwatch","Red Mask","FossilizedHelix","Bag of Preparation","Happy Flower","Vajra"],"acts_visited":["Exordium","TheCity","TheBeyond","TheEnding"],"potions_floor_usage":[55],"damage_taken":[{"damage":4.0,"enemies":"Cultist","floor":1.0,"turns":4.0},{"damage":6.0,"enemies":"2 Louse","floor":2.0,"turns":3.0},{"damage":41.0,"enemies":"Gremlin Nob","floor":6.0,"turns":6.0},{"damage":3.0,"enemies":"Jaw Worm","floor":7.0,"turns":4.0},{"damage":13.0,"enemies":"3 Sentries","floor":8.0,"turns":7.0},{"damage":53.0,"enemies":"Lagavulin","floor":10.0,"turns":10.0},{"damage":8.0,"enemies":"Exordium Thugs","floor":11.0,"turns":5.0},{"damage":1.0,"enemies":"Blue Slaver","floor":13.0,"turns":6.0},{"damage":36.0,"enemies":"Slime Boss","floor":16.0,"turns":15.0},{"damage":14.0,"enemies":"Chosen","floor":18.0,"turns":4.0},{"damage":6.0,"enemies":"Shell Parasite","floor":21.0,"turns":3.0},{"damage":50.0,"enemies":"Gremlin Leader","floor":23.0,"turns":6.0},{"damage":15.0,"enemies":"3 Cultists","floor":31.0,"turns":4.0},{"damage":53.0,"enemies":"Champ","floor":33.0,"turns":10.0},{"damage":4.0,"enemies":"3 Shapes","floor":35.0,"turns":3.0},{"damage":22.0,"enemies":"3 Darklings","floor":36.0,"turns":3.0},{"damage":0.0,"enemies":"Mind Bloom Boss Battle","floor":37.0,"turns":5.0},{"damage":38,"enemies":"Reptomancer","floor":41,"turns":4},{"damage":0,"enemies":"Giant Head","floor":44,"turns":2},{"damage":10,"enemies":"4 Shapes","floor":46,"turns":3},{"damage":0,"enemies":"Jaw Worm Horde","floor":47,"turns":2},{"damage":7,"enemies":"Time Eater","floor":50,"turns":2},{"damage":0,"enemies":"Shield and Spear","floor":54,"turns":3},{"damage":52,"enemies":"The Heart","floor":55,"turns":5}],"seed_played":"-6872127547519542024","potions_obtained":[{"floor":1.0,"key":"Weak Potion"},{"floor":6.0,"key":"LiquidBronze"},{"floor":8.0,"key":"Regen Potion"},{"floor":10.0,"key":"EntropicBrew"},{"floor":11.0,"key":"Block Potion"},{"floor":16.0,"key":"LiquidBronze"},{"floor":23.0,"key":"LiquidMemories"},{"floor":31.0,"key":"EssenceOfSteel"},{"floor":35.0,"key":"SkillPotion"},{"floor":41,"key":"SpeedPotion"},{"floor":44,"key":"EssenceOfSteel"},{"floor":47,"key":"Explosive Potion"}],"is_trial":false,"path_per_floor":["M","M","?","?","?","E","M","E","T","E","M","R","M","?","R","B",null,"M","?","?","M","$","E","R","?","T","R","R","T","R","M","R","B",null,"M","M","?","$","?","R","E","R","T","E","?","M","M","?","R","B",null,"R","$","E","B",null],"character_chosen":"IRONCLAD","items_purchased":["Good Instincts","Blue Candle","Pen Nib","MerchantsRug","Panache","Shockwave","Purity","Panache"],"campfire_rested":3,"item_purchase_floors":[0,22,22,22,38,38,53,53],"current_hp_per_floor":[80,80,77,77,77,42,45,38,38,32,33,61,69,69,69,42,94,89,70,54,57,57,16,45,45,45,45,45,45,45,39,68,24,99,99,86,95,95,95,95,66,66,66,75,75,74,83,83,83,85,99,99,99,99,56],"gold":46,"neow_bonus":"","is_daily":false,"chose_seed":false,"campfire_upgraded":1,"win_rate":0.0,"timestamp":1610125929,"path_taken":["M","M","?","?","?","E","?","E","T","E","M","R","?","?","R","BOSS","M","?","?","?","$","E","R","?","T","R","R","?","R","M","R","BOSS","M","M","?","$","?","R","E","R","T","E","?","M","M","?","R","BOSS","R","$","E","BOSS"],"items_purchased_type":["Card","Relic","Relic","Relic","Card","Card","Card","Card"],"build_version":"2020-12-22","purchased_purges":4,"victory":true,"max_hp_per_floor":[80,80,80,80,80,80,80,80,80,94,94,94,94,94,94,94,94,94,99,99,99,99,99,99,99,99,99,99,99,99,99,99,99,99,99,99,99,99,99,99,99,99,99,99,99,99,99,99,99,99,99,99,99,99,99],"card_choices":[{"not_picked":["True Grit","Warcry","Disarm"],"picked":"SKIP","floor":1.0},{"not_picked":["Warcry","Headbutt"],"picked":"Whirlwind","floor":2.0},{"not_picked":["Battle Trance","Thunderclap","Dual Wield"],"picked":"SKIP","floor":6.0},{"not_picked":["Warcry","Burning Pact","True Grit"],"picked":"SKIP","floor":7.0},{"not_picked":["True Grit","Pommel Strike","Impervious"],"picked":"SKIP","floor":8.0},{"not_picked":["Iron Wave","Anger","Sever Soul"],"picked":"SKIP","floor":10.0},{"not_picked":["Twin Strike","Pommel Strike","Armaments"],"picked":"SKIP","floor":11.0},{"not_picked":["Uppercut","Perfected Strike","Body Slam"],"picked":"SKIP","floor":13.0},{"not_picked":["Barricade","Double Tap"],"picked":"Juggernaut","floor":16.0},{"not_picked":["Fire Breathing","Ghostly Armor"],"picked":"Clash","floor":18.0},{"not_picked":["Cleave","Anger","Feel No Pain+1"],"picked":"SKIP","floor":21.0},{"not_picked":["Iron Wave","Perfected Strike","Shrug It Off"],"picked":"SKIP","floor":23.0},{"not_picked":["Iron Wave+1","Power Through","Headbutt"],"picked":"SKIP","floor":31.0},{"not_picked":["Iron Wave","True Grit+1"],"picked":"Inflame","floor":35.0},{"not_picked":["Sentinel+1","Thunderclap+1"],"picked":"Intimidate","floor":36.0},{"not_picked":["Iron Wave+1","Searing Blow"],"picked":"Metallicize","floor":41},{"not_picked":["Berserk","Heavy Blade"],"picked":"Body Slam+1","floor":44},{"not_picked":["Infernal Blade+1","Clothesline"],"picked":"Seeing Red+1","floor":46},{"not_picked":["Evolve+1","Clash+1","Anger+1"],"picked":"SKIP","floor":47},{"not_picked":["Wild Strike+1","Pommel Strike","Body Slam+1"],"picked":"SKIP","floor":54}],"player_experience":110288,"relics_obtained":[{"floor":6.0,"key":"Peace Pipe"},{"floor":8.0,"key":"Magic Flower"},{"floor":10.0,"key":"Mango"},{"floor":20.0,"key":"Enchiridion"},{"floor":23.0,"key":"CeramicFish"},{"floor":26.0,"key":"Paper Frog"},{"floor":29.0,"key":"InkBottle"},{"floor":37.0,"key":"Pocketwatch"},{"floor":41,"key":"FossilizedHelix"},{"floor":43,"key":"Bag of Preparation"},{"floor":44,"key":"Happy Flower"},{"floor":54,"key":"Vajra"}],"event_choices":[{"damage_healed":0.0,"max_hp_gain":0.0,"max_hp_loss":0.0,"gold_gain":0.0,"event_name":"Scrap Ooze","player_choice":"Success","floor":3.0,"gold_loss":0.0,"damage_taken":3.0,"relics_obtained":["HornCleat"]},{"damage_healed":0.0,"max_hp_gain":0.0,"max_hp_loss":0.0,"gold_gain":0.0,"event_name":"Liars Game","player_choice":"Ignored","floor":4.0,"gold_loss":0.0,"damage_taken":0.0},{"damage_healed":0.0,"max_hp_gain":0.0,"max_hp_loss":0.0,"gold_gain":0.0,"event_name":"FaceTrader","player_choice":"Trade","floor":5.0,"gold_loss":0.0,"damage_taken":0.0,"relics_obtained":["SsserpentHead"]},{"damage_healed":0.0,"max_hp_gain":0.0,"max_hp_loss":0.0,"gold_gain":0.0,"event_name":"Shining Light","player_choice":"Ignored","floor":14.0,"gold_loss":0.0,"damage_taken":0.0},{"damage_healed":0.0,"max_hp_gain":5.0,"max_hp_loss":0.0,"gold_gain":0.0,"event_name":"Forgotten Altar","player_choice":"Shed Blood","floor":19.0,"gold_loss":0.0,"damage_taken":24.0},{"damage_healed":0.0,"max_hp_gain":0.0,"max_hp_loss":0.0,"gold_gain":0.0,"event_name":"Cursed Tome","player_choice":"Obtained Book","floor":20.0,"gold_loss":0.0,"damage_taken":16.0},{"damage_healed":0.0,"max_hp_gain":0.0,"max_hp_loss":0.0,"gold_gain":0.0,"event_name":"Addict","player_choice":"Obtained Relic","floor":25.0,"gold_loss":85.0,"damage_taken":0.0,"relics_obtained":["WingedGreaves"]},{"damage_healed":0.0,"max_hp_gain":0.0,"max_hp_loss":0.0,"gold_gain":0.0,"event_name":"MindBloom","player_choice":"Fight","floor":37.0,"gold_loss":0.0,"damage_taken":0.0},{"damage_healed":0.0,"max_hp_gain":0.0,"max_hp_loss":0.0,"gold_gain":0.0,"event_name":"Tomb of Lord Red Mask","player_choice":"Paid","floor":39.0,"gold_loss":73.0,"damage_taken":0.0,"relics_obtained":["Red Mask"]},{"cards_removed":["Intimidate"],"damage_healed":0,"gold_gain":0,"player_choice":"Removed Skill","damage_taken":0,"max_hp_gain":0,"max_hp_loss":0,"event_name":"Falling","floor":45,"gold_loss":0},{"damage_healed":0,"gold_gain":0,"player_choice":"Copied","damage_taken":0,"max_hp_gain":0,"max_hp_loss":0,"event_name":"Duplicator","floor":48,"gold_loss":0,"cards_obtained":["Panache"]}],"is_beta":false,"boss_relics":[{"not_picked":["Mark of Pain","Ectoplasm"],"picked":"Astrolabe"},{"not_picked":["Coffee Dripper","Black Blood"],"picked":"Philosopher\u0027s Stone"}],"items_purged_floors":[0,0,22,38],"is_endless":false,"potions_floor_spawned":[1,6,8,10,11,16,23,31,35,41,44,47],"ascension_level":1}}