{"host":"5cnm2qapaqj5mmu7","time":1610123109,"event":{"mods":["BaseMod","Bestiary","Colored Map","Minty Spire (QoL Compilation)","StSLib"],"gold_per_floor":[15,34,34,52,52,92,111,11,11,11,11,47,47,72,72,72,72],"floor_reached":16,"playtime":704,"items_purged":["Strike_B"],"score":132,"play_id":"bcdcb64e-5624-41fd-9997-b512f130d9d0","local_time":"20210108172509","is_ascension_mode":true,"campfire_choices":[{"floor":10.0,"key":"REST"},{"floor":15,"key":"REST"}],"circlet_count":0,"master_deck":["Strike_B","Strike_B","Defend_B","Defend_B","Defend_B","Defend_B","Zap","Dualcast","Magnetism","Double Energy","Gash","Leap","Multi-Cast+1","Turbo+1","Gash","Conserve Battery+1"],"relics":["Cracked Core","Golden Idol","Toxic Egg 2","Dead Branch","Shovel"],"acts_visited":["Exordium"],"potions_floor_usage":[14,14],"damage_taken":[{"damage":7.0,"enemies":"2 Louse","floor":1.0,"turns":3.0},{"damage":4.0,"enemies":"Small Slimes","floor":2.0,"turns":4.0},{"damage":2.0,"enemies":"Jaw Worm","floor":4.0,"turns":3.0},{"damage":29.0,"enemies":"Lagavulin","floor":6.0,"turns":8.0},{"damage":10.0,"enemies":"2 Fungi Beasts","floor":7.0,"turns":3.0},{"damage":35.0,"enemies":"Gremlin Nob","floor":12.0,"turns":5.0},{"damage":10,"enemies":"Gremlin Gang","floor":14,"turns":2},{"damage":33,"enemies":"The Guardian","floor":16,"turns":9}],"seed_played":"-3103153178243601241","potions_obtained":[{"floor":1.0,"key":"LiquidBronze"},{"floor":6.0,"key":"LiquidMemories"}],"is_trial":false,"path_per_floor":["M","M","?","M","?","E","M","$","T","R","$","E","?","M","R","B"],"character_chosen":"DEFECT","items_purchased":["Gash"],"campfire_rested":2,"item_purchase_floors":[8],"current_hp_per_floor":[68,64,46,44,69,40,30,30,30,52,52,17,17,7,29,0,0],"gold":72,"neow_bonus":"RANDOM_COLORLESS_2","is_daily":false,"chose_seed":false,"campfire_upgraded":0,"win_rate":0.0,"timestamp":1610123109,"path_taken":["M","M","?","M","?","E","M","$","T","R","?","E","?","?","R","BOSS"],"items_purchased_type":["Card"],"build_version":"2020-12-22","purchased_purges":1,"victory":false,"max_hp_per_floor":[75,75,75,75,75,75,75,75,75,75,75,75,75,75,75,75,75],"card_choices":[{"not_picked":["Thinking Ahead","Secret Technique"],"picked":"Magnetism","floor":0.0},{"not_picked":["Hello World","Barrage"],"picked":"Double Energy","floor":1.0},{"not_picked":["Streamline","Turbo"],"picked":"Gash","floor":2.0},{"not_picked":["Steam","Rebound"],"picked":"Leap","floor":4.0},{"not_picked":["Loop","Stack+1"],"picked":"Multi-Cast+1","floor":6.0},{"not_picked":["Stack+1","Barrage"],"picked":"Turbo+1","floor":7.0},{"not_picked":["Go for the Eyes","White Noise+1","Melter"],"picked":"SKIP","floor":12.0},{"not_picked":["Streamline","Rip and Tear"],"picked":"Conserve Battery+1","floor":14}],"player_experience":555736,"relics_obtained":[{"floor":6.0,"key":"Toxic Egg 2"},{"floor":9.0,"key":"Dead Branch"},{"floor":12.0,"key":"Shovel"}],"event_choices":[{"damage_healed":0.0,"max_hp_gain":0.0,"max_hp_loss":0.0,"gold_gain":0.0,"event_name":"Golden Idol","player_choice":"Take Damage","floor":3.0,"gold_loss":0.0,"damage_taken":18.0,"relics_obtained":["Golden Idol"]},{"damage_healed":25.0,"max_hp_gain":0.0,"max_hp_loss":0.0,"gold_gain":0.0,"event_name":"Big Fish","player_choice":"Banana","floor":5.0,"gold_loss":0.0,"damage_taken":0.0},{"cards_removed":["Strike_B"],"damage_healed":0.0,"max_hp_gain":0.0,"max_hp_loss":0.0,"gold_gain":0.0,"event_name":"Bonfire Elementals","player_choice":"Offered Basic","floor":13.0,"gold_loss":0.0,"damage_taken":0.0}],"is_beta":false,"boss_relics":[],"items_purged_floors":[8],"is_endless":false,"potions_floor_spawned":[1,6],"killed_by":"The Guardian","ascension_level":4}}