{"host":"vucub2jtaeo9vgh1","time":1610080915,"event":{"mods":["BaseMod","BetterRewards","Minty Spire (QoL Compilation)","Quick Restart","Rare Cards Sparkle","Replay The Spire","StSLib"],"gold_per_floor":[113,131,143,19,35,62,73,23,94,94,94,109,125,151,151,255,355,365,365,265,190,190,223,223,236,236,270,270,297,297,307,307,408,408,421,421,433,483,502,502,531,531,531,406,440,459,459,459,493,493,493,493,493,493,343,374,374],"floor_reached":58,"playtime":2117,"items_purged":["Transmutation","Parasite","Strike_G","Strike_G"],"score":1683,"play_id":"3782b20b-bc70-4222-ac0b-ea9828893ab8","local_time":"20210108054155","is_ascension_mode":false,"campfire_choices":[{"data":"ReplayTheSpireMod:Scrap Shanks","floor":10,"key":"SMITH"},{"data":"ReplayTheSpireMod:Scrap Shanks","floor":15,"key":"SMITH"},{"data":"Cloak And Dagger","floor":24,"key":"SMITH"},{"data":"ReplayTheSpireMod:Scrap Shanks","floor":30,"key":"SMITH"},{"data":"Survivor","floor":32,"key":"SMITH"},{"data":"Tools of the Trade","floor":40,"key":"SMITH"},{"floor":42,"key":"RECALL"},{"data":"Strike_G","floor":51,"key":"PURGE"},{"data":"Defend_G","floor":54,"key":"SMITH"}],"circlet_count":0,"master_deck":["Strike_G+1","Defend_G","Defend_G","Defend_G+1","Defend_G","Defend_G+1","Survivor+1","Neutralize","ReplayTheSpireMod:Scrap Shanks+1","Blade Dance","Dagger Throw","Blade Dance","Accuracy+1","Prepared","ReplayTheSpireMod:Scrap Shanks+1","ReplayTheSpireMod:Scrap Shanks+1","Envenom+1","Cloak And Dagger","Cloak And Dagger+1","Accuracy+1","Tools of the Trade+1","Prepared+1","ReplayTheSpireMod:Speed Training+1","After Image","Purity"],"relics":["Ring of the Snake","FossilizedHelix","Sling","CaptainsWheel","Juzu Bracelet","White Beast Statue","Calipers","Replay:Wanted Poster","Pet Ghost","Meat on the Bone","Strawberry","Iron Hammer","PreservedInsect","Black Star","Vampiric Spirits","Simple Rune","Ornamental Fan","Bag of Preparation","Replay:Kaleidoscope","BranchBurnRelic","Blood Vial","Replay:WaspNest"],"acts_visited":["Exordium","TheCity","TheBeyond","TheEnding"],"potions_floor_usage":[13,14,16,18,23,25,29,33,33,38,39,39,41,41,45,52,57],"damage_taken":[{"damage":0,"enemies":"Small Slimes","floor":1,"turns":4},{"damage":0,"enemies":"Jaw Worm","floor":2,"turns":3},{"damage":0,"enemies":"Cultist","floor":3,"turns":4},{"damage":2,"enemies":"Blue Slaver","floor":5,"turns":3},{"damage":0,"enemies":"Gremlin Nob","floor":6,"turns":2},{"damage":0,"enemies":"Large Slime","floor":7,"turns":5},{"damage":7,"enemies":"Looter","floor":12,"turns":3},{"damage":0,"enemies":"Blue Slaver","floor":13,"turns":3},{"damage":0,"enemies":"Replay:BlueRogue","floor":14,"turns":4},{"damage":22,"enemies":"Fading Forest","floor":16,"turns":11},{"damage":0,"enemies":"Spheric Guardian","floor":18,"turns":3},{"damage":18,"enemies":"Replay:Snechameleon","floor":23,"turns":5},{"damage":0,"enemies":"Chosen","floor":25,"turns":4},{"damage":0,"enemies":"Gremlin Leader","floor":27,"turns":5},{"damage":2,"enemies":"Book of Stabbing","floor":29,"turns":3},{"damage":0,"enemies":"3 Cultists","floor":31,"turns":4},{"damage":18,"enemies":"Champ","floor":33,"turns":6},{"damage":29,"enemies":"3 Darklings","floor":35,"turns":4},{"damage":0,"enemies":"Orb Walker","floor":37,"turns":2},{"damage":0,"enemies":"Mind Bloom Boss Battle","floor":38,"turns":2},{"damage":3,"enemies":"Writhing Mass","floor":39,"turns":4},{"damage":0,"enemies":"R_Hoarder","floor":41,"turns":3},{"damage":0,"enemies":"Nemesis","floor":45,"turns":5},{"damage":0,"enemies":"Jaw Worm Horde","floor":46,"turns":3},{"damage":34,"enemies":"Awakened One","floor":52,"turns":6},{"damage":0,"enemies":"Shield and Spear","floor":56,"turns":3},{"damage":69,"enemies":"The Heart","floor":57,"turns":5}],"seed_played":"2536451937011174643","potions_obtained":[{"floor":3,"key":"Energy Potion"},{"floor":5,"key":"Elixir"},{"floor":6,"key":"Reflective Coating"},{"floor":7,"key":"Strength Potion"},{"floor":12,"key":"Explosive Potion"},{"floor":13,"key":"Energy Potion"},{"floor":14,"key":"Block Potion"},{"floor":16,"key":"Weak Potion"},{"floor":18,"key":"Explosive Potion"},{"floor":23,"key":"Block Potion"},{"floor":25,"key":"Swift Potion"},{"floor":29,"key":"EssenceOfSteel"},{"floor":33,"key":"LifebloodPotion"},{"floor":35,"key":"ColorlessPotion"},{"floor":37,"key":"Adrenaline Potion"},{"floor":38,"key":"Poison Potion"},{"floor":39,"key":"SteroidPotion"},{"floor":41,"key":"Languid Potion"},{"floor":45,"key":"FearPotion"},{"floor":46,"key":"Weak Potion"},{"floor":56,"key":"SpeedPotion"}],"is_trial":false,"path_per_floor":["M","M","M","$","M","E","M","?","T","R","?","M","M","E","R","B",null,"M","?","$","?","?","E","R","M","T","E","?","E","R","M","R","B",null,"M","?","M","?","M","R","E","R","T","$","E","M","PTL","PTL","?","?","R","B",null,"R","$","E","B",null],"character_chosen":"THE_SILENT","items_purchased":["Sling","ReplayTheSpireMod:Scrap Shanks","Blade Dance","Accuracy+1"],"campfire_rested":0,"item_purchase_floors":[0,0,0,4],"current_hp_per_floor":[31,31,31,31,29,29,29,29,29,29,46,39,39,39,39,17,70,70,70,67,67,67,49,49,49,56,56,56,54,54,54,54,48,74,45,45,45,45,46,46,55,55,55,55,64,72,72,72,54,54,54,48,74,74,74,74,21],"gold":374,"neow_bonus":"","is_daily":false,"chose_seed":false,"campfire_upgraded":7,"win_rate":0.0,"timestamp":1610080915,"path_taken":["M","M","M","$","M","E","M","?","T","R","?","M","M","E","R","BOSS","M","?","?","?","?","E","R","M","T","E","?","E","R","M","R","BOSS","M","?","M","?","M","R","E","R","T","$","E","M","PTL","PTL","?","?","R","BOSS","R","$","E","BOSS"],"items_purchased_type":["Relic","Card","Card","Card"],"build_version":"2020-12-22","purchased_purges":4,"victory":true,"max_hp_per_floor":[70,70,70,70,70,70,70,70,70,70,70,70,70,70,70,70,70,70,70,67,67,67,67,67,67,74,74,74,74,74,74,74,74,74,74,74,74,74,74,74,74,74,74,74,74,74,74,74,74,74,74,74,74,74,74,74,74],"card_choices":[{"not_picked":["Replay:Poison Smokescreen","Escape Plan","Bane"],"picked":"SKIP","floor":1},{"not_picked":["Blur","Dodge and Roll"],"picked":"Dagger Throw","floor":2},{"not_picked":["Fluid Movement","Backflip"],"picked":"Blade Dance","floor":3},{"not_picked":["Concentrate","Escape Plan"],"picked":"Prepared","floor":5},{"not_picked":["Storm of Steel","Blade Dance","Bullet Time"],"picked":"SKIP","floor":6},{"not_picked":["Deflect","Dagger Spray","Flying Knee"],"picked":"SKIP","floor":7},{"not_picked":["Replay:Poison Smokescreen","Endless Agony","Acrobatics"],"picked":"SKIP","floor":12},{"not_picked":["Bane","Flechettes"],"picked":"ReplayTheSpireMod:Scrap Shanks","floor":13},{"not_picked":["Reflex","Malaise"],"picked":"ReplayTheSpireMod:Scrap Shanks","floor":14},{"not_picked":["Night Terror","Malaise"],"picked":"Envenom","floor":16},{"not_picked":["Noxious Fumes+1","Hidden Blade"],"picked":"Cloak And Dagger","floor":18},{"not_picked":["PiercingWail","Draining Mist"],"picked":"Cloak And Dagger","floor":23},{"not_picked":["Blade Dance","Backflip","Cloak And Dagger"],"picked":"SKIP","floor":25},{"not_picked":["Quick Slash","Outmaneuver","All Out Attack"],"picked":"SKIP","floor":27},{"not_picked":["Flechettes","ReplayTheSpireMod:Tripwire","Noxious Fumes"],"picked":"SKIP","floor":29},{"not_picked":["Sucker Punch","Choke","Dagger Throw"],"picked":"SKIP","floor":31},{"not_picked":["Wraith Form v2","Poison Darts"],"picked":"Tools of the Trade","floor":33},{"not_picked":["Hidden Blade+1","Bane","Flechettes+1"],"picked":"SKIP","floor":35},{"not_picked":["Dodge and Roll+1","Acrobatics+1"],"picked":"Prepared+1","floor":37},{"not_picked":["Setup","Fluid Movement"],"picked":"ReplayTheSpireMod:Speed Training+1","floor":38},{"not_picked":["Poisoned Stab+1","Predator+1","Distraction+1"],"picked":"SKIP","floor":39},{"not_picked":["ReplayTheSpireMod:The Works","ReplayTheSpireMod:Exploit Weakness+1"],"picked":"After Image","floor":41},{"not_picked":["PiercingWail","Quick Slash","Backflip+1"],"picked":"SKIP","floor":45},{"not_picked":["Cloak And Dagger+1","Flechettes","Distraction"],"picked":"SKIP","floor":46},{"not_picked":["Replay:Bootleg Shield Generator","Deep Breath"],"picked":"Purity","floor":50},{"not_picked":["Setup","Dodge and Roll+1","Dagger Spray"],"picked":"SKIP","floor":56}],"player_experience":274415,"relics_obtained":[{"floor":6,"key":"Juzu Bracelet"},{"floor":9,"key":"White Beast Statue"},{"floor":14,"key":"Calipers"},{"floor":23,"key":"Meat on the Bone"},{"floor":26,"key":"Strawberry"},{"floor":27,"key":"Iron Hammer"},{"floor":29,"key":"PreservedInsect"},{"floor":38,"key":"Vampiric Spirits"},{"floor":41,"key":"Simple Rune"},{"floor":41,"key":"Ornamental Fan"},{"floor":45,"key":"Bag of Preparation"},{"floor":45,"key":"Replay:Kaleidoscope"},{"floor":49,"key":"Dead Branch"},{"floor":56,"key":"Blood Vial"},{"floor":56,"key":"Replay:WaspNest"}],"event_choices":[{"cards_removed":["Strike_G"],"damage_healed":0,"gold_gain":0,"player_choice":"Card Removal","damage_taken":0,"max_hp_gain":0,"max_hp_loss":0,"event_name":"The Cleric","floor":8,"gold_loss":50},{"damage_healed":17,"gold_gain":0,"player_choice":"Healed and dodged fight","damage_taken":0,"max_hp_gain":0,"max_hp_loss":0,"event_name":"Mushrooms","floor":11,"gold_loss":0,"cards_obtained":["Parasite"]},{"damage_healed":0,"gold_gain":0,"player_choice":"Forge","damage_taken":0,"max_hp_gain":0,"max_hp_loss":0,"event_name":"Accursed Blacksmith","floor":19,"gold_loss":0,"cards_upgraded":["Envenom"]},{"cards_removed":["The Bomb"],"damage_healed":0,"gold_gain":0,"player_choice":"Gave Gold","damage_taken":0,"max_hp_gain":0,"max_hp_loss":0,"event_name":"Beggar","floor":21,"gold_loss":75},{"damage_healed":0,"gold_gain":0,"player_choice":"Copied","damage_taken":0,"max_hp_gain":0,"max_hp_loss":0,"event_name":"Duplicator","floor":28,"gold_loss":0,"cards_obtained":["Accuracy"]},{"damage_healed":0,"gold_gain":0,"player_choice":"Fight","damage_taken":0,"max_hp_gain":0,"max_hp_loss":0,"event_name":"MindBloom","floor":38,"gold_loss":0},{"damage_healed":0,"gold_gain":0,"player_choice":"Memory 1","damage_taken":0,"max_hp_gain":0,"max_hp_loss":0,"event_name":"SensoryStone","floor":50,"gold_loss":0}],"is_beta":false,"boss_relics":[{"not_picked":["Runic Dome","Replay:Ancient Bell"],"picked":"Replay:Wanted Poster"},{"not_picked":["Philosopher\u0027s Stone","Replay:Bronze Core"],"picked":"Black Star"}],"items_purged_floors":[4,20,44,55],"is_endless":false,"potions_floor_spawned":[3,5,6,7,12,13,14,16,18,23,25,27,29,31,33,35,37,38,39,41,45,46,56],"ascension_level":0}}