{"host":"ig7tc0uedzltt2sr","time":1610064599,"event":{"mods":["BaseMod","Better Twitch Integration","Block Reminder","Colored Map","Colored Powertips","Communication Mod","Current Relic Mod","GifTheSpireLib","HexUI Lib","Minty Spire (QoL Compilation)","Quick Restart","Random Character Button","Rare Cards Sparkle","Relic Sorter","Relic Stats","Slay the Relics Exporter","StSLib","SuperFastMode","Synergy Search","Twitch Decklist","Twitch Utils","everything is the same but u backflip on backflip","slay the spire mod where everything is the same but ironclad has a cowboy hat"],"gold_per_floor":[116,127,77,96,109,64,64,64,117,137,137,137,137],"floor_reached":12,"playtime":122,"items_purged":[],"score":70,"play_id":"d065824c-5aca-426a-858d-7e5b715fd6b0","local_time":"20210107160959","is_ascension_mode":false,"campfire_choices":[],"circlet_count":0,"master_deck":["Strike_R+1","Strike_R","Strike_R","Strike_R","Strike_R","Defend_R","Defend_R","Defend_R","Defend_R","Bash","Sentinel","Body Slam","Cleave","Feel No Pain","Intimidate"],"relics":["Burning Blood"],"acts_visited":["Exordium"],"potions_floor_usage":[],"damage_taken":[{"damage":42,"enemies":"Jaw Worm","floor":1,"turns":14},{"damage":5,"enemies":"2 Louse","floor":2,"turns":7},{"damage":4,"enemies":"Small Slimes","floor":4,"turns":6},{"damage":20,"enemies":"Blue Slaver","floor":5,"turns":10},{"damage":2,"enemies":"Looter","floor":6,"turns":5},{"damage":33,"enemies":"3 Louse","floor":10,"turns":4},{"damage":26,"enemies":"Lagavulin","floor":12,"turns":7}],"seed_played":"-1383299663903490494","potions_obtained":[{"floor":4,"key":"LiquidMemories"},{"floor":5,"key":"Weak Potion"},{"floor":10,"key":"Weak Potion"}],"is_trial":false,"path_per_floor":["M","M","?","M","M","M","?","?","T","M","$","E"],"character_chosen":"IRONCLAD","items_purchased":[],"campfire_rested":0,"item_purchase_floors":[],"current_hp_per_floor":[52,53,53,55,41,45,45,45,45,18,18,0,0],"gold":137,"neow_bonus":"TEN_PERCENT_HP_BONUS","is_daily":false,"chose_seed":false,"campfire_upgraded":0,"win_rate":0.0,"timestamp":1610064599,"path_taken":["M","M","?","M","M","M","?","?","T","M","?","E"],"items_purchased_type":[],"build_version":"2020-12-22","purchased_purges":0,"victory":false,"max_hp_per_floor":[88,88,88,88,88,88,88,88,88,88,88,88,88],"relic_stats":{"counters":[7,53],"obtain_stats":[{"Burning Blood":0},{"Burning Blood":0},{"Burning Blood":0}],"Burning Blood":36},"card_choices":[{"not_picked":["Twin Strike","Clothesline"],"picked":"Cleave","floor":1},{"not_picked":["Armaments","Shrug It Off"],"picked":"Sentinel","floor":2},{"not_picked":["Dual Wield","Anger"],"picked":"Body Slam","floor":4},{"not_picked":["Power Through","Wild Strike"],"picked":"Cleave","floor":5},{"not_picked":["Rupture","Bloodletting"],"picked":"Feel No Pain","floor":6},{"not_picked":["Clash","Flex"],"picked":"Intimidate","floor":10}],"player_experience":1462963,"relics_obtained":[],"event_choices":[{"cards_removed":["Cleave"],"damage_healed":0,"gold_gain":0,"player_choice":"Card Removal","damage_taken":0,"max_hp_gain":0,"max_hp_loss":0,"event_name":"The Cleric","floor":3,"gold_loss":50},{"damage_healed":0,"gold_gain":0,"player_choice":"Searched \u00270\u0027 times","damage_taken":0,"max_hp_gain":0,"max_hp_loss":0,"event_name":"Dead Adventurer","floor":7,"gold_loss":0},{"damage_healed":0,"gold_gain":0,"player_choice":"Grow","damage_taken":0,"max_hp_gain":0,"max_hp_loss":0,"event_name":"Living Wall","floor":8,"gold_loss":0,"cards_upgraded":["Strike_R"]}],"is_beta":false,"boss_relics":[],"items_purged_floors":[],"is_endless":false,"potions_floor_spawned":[4,5,10],"killed_by":"Lagavulin","ascension_level":0}}