{"host":"jh7kh5nqtgzr3auj","time":1610122870,"event":{"mods":["AchievementEnabler","Act Like it!","BaseMod","CapriCore","Gensokyo","Highlight Path","Minty Spire (QoL Compilation)","Quick Restart","StSLib","TestMod","The Bug Knight"],"gold_per_floor":[115,115,115,130,143,143,168,21,21,38,72,72,2,528,528,629,629,640,640,640,640,656,690,262,262,262,279,13,40,40,59,59,653,653,669,680,68,68,78,78,96,129,154,553,871,424,455,365,365,365],"floor_reached":51,"playtime":3962,"items_purged":["HollowMod:QuickDashStart","HollowMod:NailStrikeStart"],"score":997,"play_id":"f6c0695d-d3bb-4d96-9d3f-295ae6a78059","local_time":"20210109002110","is_ascension_mode":true,"campfire_choices":[{"data":"Gensokyo:CrescentMoonSlash","floor":6.0,"key":"SMITH"},{"data":"HollowMod:SlysStrikes","floor":12.0,"key":"SMITH"},{"data":"HollowMod:CloakDash","floor":15.0,"key":"SMITH"},{"data":"HollowMod:HerrahsAnger","floor":25.0,"key":"SMITH"},{"data":"HollowMod:FocusHealStart","floor":30.0,"key":"SMITH"},{"data":"HollowMod:CornifersMapStart","floor":32.0,"key":"SMITH"},{"data":"HollowMod:ElderbugsWisdom","floor":40,"key":"SMITH"},{"data":"HollowMod:SoulEater","floor":49,"key":"SMITH"}],"circlet_count":0,"master_deck":["HollowMod:QuickDashStart","HollowMod:QuickDashStart","HollowMod:QuickDashStart","HollowMod:FocusHealStart+1","HollowMod:PogoStrike","HollowMod:SoulMaster","HollowMod:SoulShaman","Gensokyo:CrescentMoonSlash+1","HollowMod:AbyssShriek","HollowMod:SoulVessel","HollowMod:CloakDash","HollowMod:SlysStrikes+1","HollowMod:CloakDash+1","HollowMod:CornifersMapStart+1","HollowMod:HerrahsAnger+1","HollowMod:NewLittleFool","HollowMod:CloakDash","HollowMod:BrokenVessel","HollowMod:HornetsHelp+1","HollowMod:CycloneSlash+1","HollowMod:ElderbugsWisdom+1","HollowMod:MawleksShell+1","HollowMod:InfectedCysts+1","HollowMod:HuntersJournal+1","HollowMod:DreamGate+1","HollowMod:CloakDash","HollowMod:AwokenDreamNail+1","HollowMod:MylasSalvation","HollowMod:MantisMark","HollowMod:NewJinnsSoul","HollowMod:theNailsmith","HollowMod:ChannelNail+1","Secret Technique","HollowMod:SoulEater+1","Gensokyo:CustomPotion"],"relics":["HollowMod:VesselMask","testmod-ConstraintPeriapt","Question Card","Blue Candle","Orichalcum","Dream Catcher","Bag of Preparation","testmod-SaigiyounoYou","Juzu Bracelet","Mango","testmod-Charity","Toolbox","Bottled Tornado","Membership Card","testmod-IndustrialRevolution","Lantern","Molten Egg 2","testmod-Fanaticism","DollysMirror","Orrery","Sling","Vajra","HollowMod:DelicateFlower","Oddly Smooth Stone","Old Coin","testmod-Antiphasic","Chemical X","Letter Opener","HollowMod:IsmasTear","testmod-Fortitude","Dead Branch"],"acts_visited":["Gensokyo:Gensokyo","Gensokyo:Gensokyoer","Gensokyo:Gensokyoest"],"potions_floor_usage":[41,47],"damage_taken":[{"damage":8.0,"enemies":"Gensokyo:Gryphon","floor":1.0,"turns":3.0},{"damage":0.0,"enemies":"Gensokyo:2_Kodama","floor":4.0,"turns":2.0},{"damage":0.0,"enemies":"Gensokyo:3_Fairies","floor":5.0,"turns":2.0},{"damage":12.0,"enemies":"Gensokyo:Mamizou","floor":7.0,"turns":4.0},{"damage":16.0,"enemies":"Gensokyo:Python_and_Kodama","floor":10.0,"turns":3.0},{"damage":37.0,"enemies":"Gensokyo:Aya","floor":11.0,"turns":6.0},{"damage":8.0,"enemies":"Gensokyo:Mamizou","floor":14.0,"turns":5.0},{"damage":33.0,"enemies":"Gensokyo:Kokoro","floor":16.0,"turns":6.0},{"damage":21.0,"enemies":"Gensokyo:3_Dogs","floor":18.0,"turns":2.0},{"damage":27.0,"enemies":"Gensokyo:CosmicMonolith","floor":22.0,"turns":5.0},{"damage":56.0,"enemies":"Gensokyo:Koishi","floor":23.0,"turns":7.0},{"damage":0.0,"enemies":"Gensokyo:Slime_Group","floor":27.0,"turns":1.0},{"damage":11.0,"enemies":"Gensokyo:Reisen","floor":29.0,"turns":5.0},{"damage":32.0,"enemies":"Gensokyo:Swordslinger","floor":31.0,"turns":5.0},{"damage":122,"enemies":"Gensokyo:Eiki","floor":33,"turns":8},{"damage":38,"enemies":"Gensokyo:AncientGuardian","floor":35,"turns":3},{"damage":26,"enemies":"Gensokyo:3_Bats","floor":36,"turns":2},{"damage":67,"enemies":"Gensokyo:Dusk_and_Dawn","floor":39,"turns":4},{"damage":0,"enemies":"Gensokyo:AtlasGolem","floor":41,"turns":2},{"damage":35,"enemies":"Gensokyo:Doremy","floor":42,"turns":5},{"damage":54,"enemies":"Gensokyo:4_Bats","floor":45,"turns":2},{"damage":19,"enemies":"Gensokyo:Kasen","floor":47,"turns":3},{"damage":209,"enemies":"Gensokyo:Scarlet_Devils","floor":50,"turns":7}],"seed_played":"7686561442401773705","potions_obtained":[{"floor":4.0,"key":"AttackPotion"},{"floor":10.0,"key":"AttackPotion"},{"floor":11.0,"key":"CultistPotion"},{"floor":16.0,"key":"Strength Potion"},{"floor":18.0,"key":"FairyPotion"},{"floor":22.0,"key":"GamblersBrew"},{"floor":33,"key":"LiquidMemories"},{"floor":35,"key":"LiquidBronze"},{"floor":39,"key":"SteroidPotion"},{"floor":41,"key":"Fruit Juice"}],"is_trial":false,"path_per_floor":["M","?","?","M","M","R","E","COS","T","M","E","R","?","E","R","B",null,"M","?","?","?","M","E","COS","R","T","M","$","E","R","M","R","B",null,"M","M","COS","?","M","R","M","E","T","?","M","$","E","?","R","B",null],"character_chosen":"THE_BUGKNIGHT","items_purchased":["Membership Card","testmod-IndustrialRevolution","testmod-Antiphasic","Chemical X","Secret Technique","Letter Opener","PowerPotion"],"campfire_rested":0,"item_purchase_floors":[28,28,46,46,46,46,46],"current_hp_per_floor":[73,73,62,69,72,72,66,66,66,54,29,29,29,28,28,15,75,65,65,65,65,52,42,42,42,42,49,49,75,75,72,72,25,89,90,91,91,91,92,92,98,99,100,101,103,103,104,104,104,124],"gold":365,"neow_bonus":"ONE_RANDOM_RARE_CARD","is_daily":false,"chose_seed":false,"campfire_upgraded":8,"win_rate":0.0,"timestamp":1610122870,"path_taken":["M","?","?","M","M","R","E","COS","T","M","E","R","?","E","R","BOSS","M","?","?","?","M","E","COS","R","T","M","$","E","R","M","R","BOSS","M","M","COS","?","M","R","M","E","T","?","M","?","E","?","R","BOSS"],"items_purchased_type":["Relic","Relic","Relic","Relic","Card","Relic","Potion"],"build_version":"2020-12-22","purchased_purges":2,"victory":true,"max_hp_per_floor":[75,75,75,75,75,75,75,75,75,75,75,75,75,75,75,75,75,75,75,75,69,69,83,83,83,83,84,84,85,85,86,86,89,89,90,91,91,91,92,92,98,99,100,101,103,103,104,104,104,124],"card_choices":[{"not_picked":["HollowMod:VengefulVoid","HollowMod:DashSlash"],"picked":"HollowMod:SoulShaman","floor":1.0},{"not_picked":["HollowMod:InfectedCysts","HollowMod:WraithStrike"],"picked":"HollowMod:AbyssShriek","floor":4.0},{"not_picked":["HollowMod:RecoilStrike","HollowMod:Grubsong"],"picked":"HollowMod:SoulVessel","floor":5.0},{"not_picked":["HollowMod:SharpenedNail","HollowMod:LuriensSpire"],"picked":"HollowMod:CloakDash","floor":7.0},{"not_picked":["HollowMod:InfectedAttack","HollowMod:BlackTendrils","HollowMod:VengefulVoid"],"picked":"HollowMod:ShadowDash","floor":10.0},{"not_picked":["HollowMod:MidwifesHunger","HollowMod:PureVessel","HollowMod:Hiveblood"],"picked":"HollowMod:SlysStrikes","floor":11.0},{"not_picked":["HollowMod:SiblingsShadow","HollowMod:VoidDash","HollowMod:FastStrike"],"picked":"HollowMod:CloakDash","floor":11.0},{"not_picked":["HollowMod:InfectedCysts","HollowMod:InfectedAttack","HollowMod:HowlingWraiths"],"picked":"HollowMod:CornifersMapStart","floor":14.0},{"not_picked":["HollowMod:Weaversong","HollowMod:ZotesMagnificence","HollowMod:PureVessel"],"picked":"HollowMod:HerrahsAnger","floor":16.0},{"not_picked":["HollowMod:HowlingWraiths","HollowMod:HeavyBlow","HollowMod:ShadowDash+1"],"picked":"HollowMod:NewLittleFool","floor":18.0},{"not_picked":["HollowMod:VengefulSpirit","HollowMod:HeavyBlow","HollowMod:SoulSplash+1"],"picked":"HollowMod:CloakDash","floor":22.0},{"not_picked":["HollowMod:DescendingDark","HollowMod:SiblingsSouls","HollowMod:MonomonsArchive"],"picked":"HollowMod:BrokenVessel","floor":23.0},{"not_picked":["HollowMod:DoubleDash","HollowMod:CycloneSlash","HollowMod:SoulStrike","HollowMod:InfectedCysts"],"picked":"SKIP","floor":27.0},{"not_picked":["HollowMod:CrystalDash+1","HollowMod:DashSlash+1","HollowMod:HowlingWraiths+1"],"picked":"HollowMod:HornetsHelp+1","floor":29.0},{"not_picked":["HollowMod:SoulStrike","HollowMod:ShapeofUnn","HollowMod:SharpenedNail","HollowMod:HeavyBlow"],"picked":"SKIP","floor":29.0},{"not_picked":["HollowMod:VengefulVoid","HollowMod:HornetsHelp","HollowMod:LuriensSpire+1"],"picked":"HollowMod:CycloneSlash+1","floor":31.0},{"not_picked":["HollowMod:LordofShades","HollowMod:theNailsmith","HollowMod:LifebloodCore"],"picked":"HollowMod:ElderbugsWisdom","floor":33},{"not_picked":["HollowMod:DashSlash+1","HollowMod:SiblingsSouls","HollowMod:SoulEater+1"],"picked":"HollowMod:MawleksShell+1","floor":35},{"not_picked":["HollowMod:BlackTendrils+1","HollowMod:ShadowDash","HollowMod:WraithStrike+1"],"picked":"HollowMod:InfectedCysts+1","floor":36},{"not_picked":["HollowMod:GreatSlash+1","HollowMod:NewLittleFool+1","HollowMod:HeavyBlow+1"],"picked":"HollowMod:HuntersJournal+1","floor":37},{"not_picked":["HollowMod:SiblingsSouls+1","HollowMod:InfectedAttack+1","HollowMod:InfectedCysts+1"],"picked":"HollowMod:DreamGate+1","floor":37},{"not_picked":["HollowMod:LifebloodCocoon","HollowMod:HowlingWraiths+1","HollowMod:SoulSplash"],"picked":"HollowMod:CloakDash","floor":37},{"not_picked":["HollowMod:TaintedHusks+1","HollowMod:CycloneSlash+1","HollowMod:NewLittleFool+1"],"picked":"HollowMod:AwokenDreamNail+1","floor":37},{"not_picked":["HollowMod:GoodIntentions","HollowMod:LuriensSpire+1","HollowMod:SoulSplash+1"],"picked":"HollowMod:MantisMark","floor":39},{"not_picked":["HollowMod:VengefulVoid+1","HollowMod:AbyssShriek+1","HollowMod:TaintedHusks"],"picked":"HollowMod:NewJinnsSoul","floor":41},{"not_picked":["HollowMod:SiblingsShadow+1","HollowMod:NewJinnsSoul+1","HollowMod:BrokenVessel"],"picked":"HollowMod:theNailsmith","floor":42},{"not_picked":["HollowMod:InfectedCysts+1","HollowMod:NewJinnsSoul+1","HollowMod:NewLittleFool+1"],"picked":"HollowMod:ChannelNail+1","floor":45},{"not_picked":["HollowMod:CoiledNail+1","HollowMod:SoulSplash","HollowMod:InfectedCysts+1"],"picked":"HollowMod:SoulEater","floor":47}],"player_experience":305301,"relics_obtained":[{"floor":7.0,"key":"Question Card"},{"floor":9.0,"key":"Blue Candle"},{"floor":11.0,"key":"Orichalcum"},{"floor":14.0,"key":"Bag of Preparation"},{"floor":23.0,"key":"Mango"},{"floor":26.0,"key":"Bottled Tornado"},{"floor":29.0,"key":"Lantern"},{"floor":42,"key":"HollowMod:DelicateFlower"},{"floor":43,"key":"Oddly Smooth Stone"},{"floor":47,"key":"Dead Branch"}],"event_choices":[{"damage_healed":0,"gold_gain":400,"player_choice":"Sell","damage_taken":0,"max_hp_gain":0,"max_hp_loss":0,"event_name":"¶÷ÂåË¹µÄÅÌ×Ó","floor":44,"relics_lost":["testmod-TestBox"],"gold_loss":0}],"is_beta":false,"boss_relics":[{"not_picked":["Velvet Choker","Fusion Hammer"],"picked":"testmod-SaigiyounoYou"},{"not_picked":["Runic Pyramid","Astrolabe"],"picked":"testmod-Fanaticism"}],"items_purged_floors":[28,46],"is_endless":false,"potions_floor_spawned":[4,10,11,16,18,22,33,35,39,41],"ascension_level":2}}