{"host":"kv06jx36eid0zw4n","time":1610143256,"event":{"mods":["AchievementEnabler","Act Like it!","Aspiration","BaseMod","Beaked The Cultist","Better Note","Better Skull","Better Third Choice","BetterRewards","Block Reminder","CCEM","Colored Map","Conspire","Curses Come First","Dota2Spire","Elementarium","Energized Spire","Friendly Minions","Gensokyo","GifTheSpireLib","Glutton Mod","GungeonMod","Halation","Hallownest","Hermit","Hubris","Infinite Spire","Key Reminder","KomeijiMod","Lobotomy","LobotomyExtend","Menagerie","Mimic Mod","Minty Spire (QoL Compilation)","MostiFishMod","Pale of the Ancients","Quarter Circle Forward PUNCH!","Rare Cards Sparkle","Replay The Spire","RumiaBox-????????","Small Relic Pack","Spicy Shops","StSLib","Stuff the Spire","The Blue Laboratory","The Cursed","The Factory","Trackpad","Uncapped","Wandering Minibosses","[IsaacMod]????","vexMod"],"gold_per_floor":[110,127,127,139,152,152,152,152,152,185,238,248,248,13,13,44,44,134,134,148,148,160,177,194,194,211,229,229,268,493,514,533,533,533,612,612,629,629,653,665,665,696,696,725,725,725,725,737,738,738,738,738,738,815,815,831,844,890,970,970,981,981,981,981,1056,1056,1060,1060,1071,1071,1071,1071,1099,1099,1131,1147,1140,1140,1140,1140,1140,1145,1145,1158,1158,1158,1158,1166,1193,1193,1193,1217,1217,1217,1236,1236,1247,1247,1207,1207],"floor_reached":99,"playtime":6311,"items_purged":["Strike_B","Time Bomb","Undo"],"score":2445,"play_id":"20ef25f4-3cc2-4d47-a979-96c11115afed","local_time":"20210108230056","is_ascension_mode":true,"campfire_choices":[{"floor":8.0,"key":"RECALL"},{"data":"MostiFishMod:ReadyAimFire","floor":13.0,"key":"SMITH"},{"data":"hubris:PowerSurge","floor":17.0,"key":"SMITH"},{"data":"infinitespire:UltimateForm","floor":34.0,"key":"SMITH"},{"data":"MostiFishMod:SephirahHod","floor":43.0,"key":"SMITH"},{"data":"Storm","floor":51.0,"key":"SMITH"},{"data":"infinitespire:UltimateForm","floor":53.0,"key":"SMITH"},{"data":"ReplayTheSpireMod:Dual Polarity","floor":60.0,"key":"SMITH"},{"data":"Creative AI","floor":62.0,"key":"SMITH"},{"data":"Creative AI","floor":72.0,"key":"SMITH"},{"data":"StuffTheSpire:Plugnplay","floor":74.0,"key":"SMITH"},{"data":"aspiration:Polymerization","floor":81.0,"key":"PURGE"},{"data":"Defragment","floor":90,"key":"SMITH"},{"data":"Defragment","floor":93,"key":"SMITH"},{"data":"Storm","floor":98,"key":"SMITH"}],"circlet_count":0,"master_deck":["AscendersBane","Defend_B","Defend_B","Defend_B","Defend_B","Zap","Dualcast","Cold Snap","Cold Snap","Sweeping Beam","MostiFishMod:ReadyAimFire+1","ReplaySolidLightProjector","Echo Form","Beam Cell","hubris:PowerSurge+1","MostiFishMod:SephirahHod+1","Mirror Shield+1","Turbo","MostiFishMod:LinkProtocol+1","Echo Form+1","Ball Lightning","Ball Lightning","Fusion","BootSequence","StuffTheSpire:Plugnplay+1","infinitespire:UltimateForm+1","Ball Lightning+1","Turbo","Stack+1","FIFO Queue+1","Heatsinks","ReplaySort","Compile Driver+1","Melter","aspiration:Polymerization","Double Energy","FIFO Queue","Mind Blast","conspire:SharedLibrary","Go for the Eyes","White Noise","Storm+1","Creative AI+1","conspire:Rain","MostiFishMod:ActiveDefenseSystem","Ball Lightning","Aggregate","Lockon","Hologram","MostiFishMod:StarOceanB","Steam","Conserve Battery","StuffTheSpire:NuclearReactor","Defragment+1","Defragment+1","Go for the Eyes+1","infinitespire:UltimateForm+1","MostiFishMod:ActiveDefenseSystem","BasicCrystalCard+1","ReplayTheSpireMod:Dual Polarity+1","Stack+1","Echo Form","Capacitor","Turbo+1","Glacier","Beam Cell","Creative AI+1","infinitespire:Starlight","Self Repair","Defragment","StuffTheSpire:Plugnplay","Glacier","Turbo","Turbo","StuffTheSpire:Plugnplay","Machine Learning","StuffTheSpire:Coldhearted","FIFO Queue","Loop","Storm","Hello World","Storm+1"],"relics":["StuffTheSpire:OccultApparatus","DaveBox","HushsDoor","KeepersGift","FeatherPendant","aspiration:Nostalgia","PureWater","SynthV:TestCard","LetterFromLob","hubris:Towel","Ice Cream","Dota2Spire:ArcaneBoots","halation:PinkSoulGem","halation:IllGainedPizza","MostiFishMod:Hod","Prayer Wheel","Prayer Wheel","StuffTheSpire:Kangaroo","TungstenRod","hubris:NiceRug","Darkstone Periapt","Dota2Spire:EyeOfSkadi","Guide Book","trackpad:IciclePrecepts","CCEMRelics:GrapeVine","relicPack:InfinityGauntlet","hubris:Icosahedron","Elementarium:ElementariumTrophy","Calling Bell","infinitespire:Satchel","DemoMod:AgedBell","Matryoshka","conspire:TopHat","DemoMod:MonsterBlood","Strawberry","Bag of Preparation","Ccalipers","hubris:SlimyHat","Mango","trackpad:StolenKidneys","paleoftheancients:Timepiece","paleoftheancients:KeyRelic","Coffee Dripper","Letter Opener","CCEMRelics:TinyMinotavrHorn","halation:TwoAmDonut","paleoftheancients:SoulOfTheDefect","infinitespire:Bottled Soul","DemoMod:GlassGuonStoneRelic","vexMod:TanglingVine","Hallownest:DreamNailRelic","CCEMRelics:GrindingGear","relicPack:DarknessArmor","Peace Pipe","CCEMRelics:WarHorn","hubris:BottledRain","halation:EternalFortune","SoulBox","relicPack:DSword","trackpad:AdjectivePendant","Dota2Spire:ShadowBlade","Lantern","Cauldron"],"acts_visited":["Menagerie:Menagerie","Elementarium:Elementarium","Hallownest:KingdomsEdge","paleoftheancients:PaleOfTheAncients","Hallownest:Greenpath","TheCity"],"potions_floor_usage":[],"damage_taken":[{"damage":0.0,"enemies":"Menagerie:2_RABBITS","floor":1.0,"turns":3.0},{"damage":0.0,"enemies":"Menagerie:StygianBoar","floor":2.0,"turns":1.0},{"damage":0.0,"enemies":"Menagerie:WhisperingWraith","floor":4.0,"turns":3.0},{"damage":0.0,"enemies":"Menagerie:BEAST_MAGE_AND_PROWLING_AMALGAM","floor":5.0,"turns":4.0},{"damage":0.0,"enemies":"Menagerie:Hydra","floor":10.0,"turns":2.0},{"damage":0.0,"enemies":"Menagerie:EntropyWarlock","floor":12.0,"turns":2.0},{"damage":5.0,"enemies":"Menagerie:MaskedSummoner","floor":16.0,"turns":2.0},{"damage":4.0,"enemies":"Menagerie:AVATARS","floor":18.0,"turns":2.0},{"damage":0.0,"enemies":"Elementarium:2_ELEMENTALS","floor":20.0,"turns":2.0},{"damage":0.0,"enemies":"Elementarium:VoidCorruption","floor":22.0,"turns":3.0},{"damage":0.0,"enemies":"Elementarium:3_ELEMENTALS","floor":23.0,"turns":3.0},{"damage":0.0,"enemies":"Elementarium:VOID_CORRUPTION_AND_ORB_OF_FIRE","floor":24.0,"turns":4.0},{"damage":0.0,"enemies":"Elementarium:RubyGolem","floor":26.0,"turns":1.0},{"damage":0.0,"enemies":"Elementarium:VOID_CORRUPTION_AND_TAR_GOLEM","floor":27.0,"turns":2.0},{"damage":0.0,"enemies":"Nightmare","floor":29.0,"turns":4.0},{"damage":0.0,"enemies":"hubris:Merchant","floor":30.0,"turns":2.0},{"damage":0.0,"enemies":"Elementarium:3_ELEMENTALS","floor":31.0,"turns":2.0},{"damage":0.0,"enemies":"Elementarium:RubyGolem","floor":32.0,"turns":1.0},{"damage":0.0,"enemies":"Elementarium:GolemEmperor","floor":35.0,"turns":1.0},{"damage":0.0,"enemies":"Hallownest:Shield_Heavy","floor":37.0,"turns":1.0},{"damage":0.0,"enemies":"Hallownest:3_Siblings","floor":40.0,"turns":1.0},{"damage":0.0,"enemies":"Hallownest:eliteHiveKnight","floor":42.0,"turns":1.0},{"damage":0.0,"enemies":"Hallownest:eliteCollector","floor":44.0,"turns":2.0},{"damage":0.0,"enemies":"Hallownest:monsterPrimalAspid","floor":48.0,"turns":1.0},{"damage":0.0,"enemies":"Delirium","floor":54.0,"turns":2.0},{"damage":0.0,"enemies":"Delirium","floor":56.0,"turns":1.0},{"damage":0.0,"enemies":"Delirium","floor":57.0,"turns":1.0},{"damage":0.0,"enemies":"Delirium","floor":61.0,"turns":1.0},{"damage":53.0,"enemies":"Delirium","floor":65.0,"turns":2.0},{"damage":0.0,"enemies":"Hallownest:monsterHuskGuard","floor":67.0,"turns":1.0},{"damage":0.0,"enemies":"Hallownest:2_Baldur","floor":69.0,"turns":1.0},{"damage":0.0,"enemies":"Hallownest:eliteCrystalGuardian","floor":73.0,"turns":1.0},{"damage":0.0,"enemies":"2_ Uuma","floor":75.0,"turns":1.0},{"damage":0.0,"enemies":"Hallownest:eliteMossKnight","floor":76.0,"turns":1.0},{"damage":0.0,"enemies":"2_ Uuma","floor":77.0,"turns":1.0},{"damage":0.0,"enemies":"Delirium","floor":82.0,"turns":3.0},{"damage":0,"enemies":"2 Thieves","floor":84,"turns":1},{"damage":0,"enemies":"conspire:FuzzyDice","floor":88,"turns":1},{"damage":0,"enemies":"Replay:Snechameleon","floor":89,"turns":1},{"damage":0,"enemies":"Gremlin Leader","floor":95,"turns":1},{"damage":0,"enemies":"Centurion and Healer","floor":97,"turns":1},{"damage":0,"enemies":"Delirium","floor":99,"turns":1}],"seed_played":"1517419309721140254","potions_obtained":[{"floor":1.0,"key":"blueLaboratory:PlasmaFuel"},{"floor":2.0,"key":"blueLaboratory:FrostheartPotion"},{"floor":5.0,"key":"Fire Potion"},{"floor":20.0,"key":"blueLaboratory:PhilterOfMotion"},{"floor":24.0,"key":"blueLaboratory:RememoryPotion"},{"floor":30.0,"key":"DuplicationPotion"},{"floor":30.0,"key":"Energy Potion"},{"floor":35.0,"key":"AttackPotion"},{"floor":40.0,"key":"blueLaboratory:FrostheartPotion"},{"floor":44.0,"key":"PowerPotion"},{"floor":56.0,"key":"blueLaboratory:BiasPotion"},{"floor":58.0,"key":"Doom Potion"},{"floor":65.0,"key":"DuplicationPotion"},{"floor":67.0,"key":"blueLaboratory:PlasmaFuel"},{"floor":88,"key":"Adrenaline Potion"}],"is_trial":false,"path_per_floor":["M","M","?","M","M","PTL","PTL","R","?","E","T","M","R","$","?","E","R","B",null,"M","?","M","M","M","AVR","M","M","T","NM","$","M","M","?","R","B",null,"M","$","T","M","$","E","R","E","PTL","PTL","T","M","?","AVR","R","$","R","B",null,"M","M","?","T","R","M","R","T","?","B",null,"M","?","M","?","AVR","R","E","R","MIM","E","M","$","?","$","R","B",null,"M","?","?","?","M","E","R","$","T","R","?","E","AVR","M","R","B"],"character_chosen":"DEFECT","items_purchased":["Echo Form","Beam Cell"],"campfire_rested":0,"item_purchase_floors":[14,14],"current_hp_per_floor":[68,68,53,53,53,53,53,53,53,53,53,53,53,53,53,48,48,44,67,67,67,67,67,67,67,67,67,67,67,72,72,72,72,72,72,84,84,84,91,91,91,98,98,98,98,98,98,98,84,98,98,98,98,98,110,113,114,87,87,87,102,102,102,102,83,106,108,108,114,114,114,114,114,114,114,114,114,114,117,117,117,120,120,120,120,120,86,88,93,93,93,93,93,93,95,95,97,97,99,99],"gold":1207,"neow_bonus":"NOSTALGIA","is_daily":false,"chose_seed":false,"campfire_upgraded":13,"win_rate":0.0,"timestamp":1610143256,"path_taken":["M","M","?","M","M","PTL","PTL","R","?","E","T","?","R","$","?","E","R","BOSS","M","?","M","M","M","AVR","M","M","T","NM","$","M","M","?","R","BOSS","M","?","?","?","?","E","R","E","PTL","PTL","T","M","?","AVR","R","$","R","BOSS","M","M","?","T","R","M","R","T","?","BOSS","M","?","M","?","AVR","R","E","R","MIM","E","?","?","?","$","R","BOSS","M","?","?","?","M","E","R","?","T","R","?","E","AVR","M","R","BOSS"],"items_purchased_type":["Card","Card"],"build_version":"2020-12-22","purchased_purges":3,"victory":false,"max_hp_per_floor":[75,75,75,75,75,75,75,75,75,75,75,75,75,75,75,75,75,75,75,75,75,75,75,75,75,75,75,75,75,80,80,80,80,80,80,86,86,86,93,93,93,100,100,100,100,100,100,100,100,114,114,114,114,114,114,114,114,114,114,114,114,114,114,114,114,114,114,114,114,114,114,114,114,114,114,114,114,114,117,117,117,120,120,120,120,120,120,120,123,123,123,123,123,123,123,123,123,123,123,123],"card_choices":[{"not_picked":[],"picked":"ChaosCard","floor":0.0},{"not_picked":["FTL","MostiFishMod:PushDownKick"],"picked":"Cold Snap","floor":1.0},{"not_picked":["Lockon","Hologram","aspiration:Polymerization","Stack"],"picked":"Cold Snap","floor":2.0},{"not_picked":["Stack","StuffTheSpire:LaunchingStrike","StuffTheSpire:Coldhearted","MostiFishMod:PushDownKick"],"picked":"Sweeping Beam","floor":4.0},{"not_picked":["Reinforced Body","Beam Cell","hubris:Ukulele","Pulse"],"picked":"Time Bomb","floor":5.0},{"not_picked":["Chill","Hyperbeam","Stack","Coolheaded"],"picked":"MostiFishMod:ReadyAimFire","floor":10.0},{"not_picked":["ReplayGash","Sweeping Beam","StuffTheSpire:ShieldGenerator","Melter"],"picked":"ReplaySolidLightProjector","floor":12.0},{"not_picked":["Static Discharge","Distribution","Lockon","Leap"],"picked":"hubris:PowerSurge","floor":16.0},{"not_picked":["MostiFishMod:Distribution","Amplify","ReplayTheSpireMod:Omega Cannon","Rainbow"],"picked":"ReplayTheSpireMod:Fabricate Wheel","floor":18.0},{"not_picked":["StuffTheSpire:ShieldGenerator","hubris:Ukulele","Streamline","Panic Button"],"picked":"ReplayTheSpireMod:Fabricate Wheel","floor":20.0},{"not_picked":["Stack","Barrage","Redo","Reboot"],"picked":"Turbo","floor":22.0},{"not_picked":["Streamline","Redo","Gash","Compile Driver"],"picked":"MostiFishMod:LinkProtocol+1","floor":22.0},{"not_picked":["Barrage","Gash","Hologram","Leap"],"picked":"Ball Lightning","floor":23.0},{"not_picked":["MostiFishMod:ReprogramOld","ReplayGash+1","Barrage","Force Field+1"],"picked":"Ball Lightning","floor":23.0},{"not_picked":["Auto Shields","Redo","Undo","hubris:Prefetch","Barrage"],"picked":"SKIP","floor":23.0},{"not_picked":["Leap","Mirror Shield","Melter","Ball Lightning+1"],"picked":"Fusion","floor":24.0},{"not_picked":["Compile Driver","MostiFishMod:PushDownKick+1","Leap","Beam Cell"],"picked":"BootSequence","floor":24.0},{"not_picked":["Blizzard","Turbo","Panic Button","Rebound"],"picked":"StuffTheSpire:Plugnplay","floor":24.0},{"not_picked":["Fan","Gash","Stack+1","Streamline"],"picked":"Ball Lightning+1","floor":26.0},{"not_picked":["ReplayGash","Barrage","Rebound+1","MostiFishMod:ReprogramOld"],"picked":"Turbo","floor":26.0},{"not_picked":["Stack","StuffTheSpire:LoadUp","Beam Cell","Redo"],"picked":"Undo","floor":26.0},{"not_picked":["Leap","Streamline","Beam Cell","Coolheaded"],"picked":"Stack+1","floor":27.0},{"not_picked":["Stack+1","BasicCrystalCard","Compile Driver","Beam Cell+1"],"picked":"FIFO Queue+1","floor":27.0},{"not_picked":["Cancel","Rebound","All For One","Melter"],"picked":"Heatsinks","floor":27.0},{"not_picked":["Cold Snap","Double Energy","Chill","hubris:Ukulele"],"picked":"ReplaySort","floor":29.0},{"not_picked":[],"picked":"Compile Driver+1","floor":30.0},{"not_picked":[],"picked":"Melter","floor":30.0},{"not_picked":[],"picked":"aspiration:Polymerization","floor":30.0},{"not_picked":[],"picked":"Double Energy","floor":30.0},{"not_picked":[],"picked":"FIFO Queue","floor":30.0},{"not_picked":[],"picked":"Mind Blast","floor":30.0},{"not_picked":[],"picked":"ChaosCard","floor":30.0},{"not_picked":["Leap","StuffTheSpire:Plugnplay","Doom and Gloom","StuffTheSpire:NuclearReactor"],"picked":"conspire:SharedLibrary","floor":31.0},{"not_picked":["MostiFishMod:PushDownKick","Rebound","Time Bomb","Panic Button"],"picked":"Go for the Eyes","floor":31.0},{"not_picked":["Hologram","Rebound+1","Redo+1","Distribution"],"picked":"White Noise","floor":31.0},{"not_picked":["Streamline","Rip and Tear+1","Beam Cell","Loop"],"picked":"Storm","floor":32.0},{"not_picked":["Panic Button","Beam Cell","MostiFishMod:GatherIntelligence+1","ReplayTheSpireMod:System Scan"],"picked":"Creative AI","floor":32.0},{"not_picked":["Coolheaded","Go for the Eyes","Panic Button","StuffTheSpire:LoadUp"],"picked":"conspire:Rain","floor":32.0},{"not_picked":["StuffTheSpire:EventHorizon","MostiFishMod:Nova","MostiFishMod:Prepare","MostiFishMod:IceShield"],"picked":"MostiFishMod:ActiveDefenseSystem","floor":35.0},{"not_picked":["Rebound","Conserve Battery","Panic Button","Steam+1"],"picked":"Ball Lightning","floor":37.0},{"not_picked":["Stack","Time Bomb+1","Blizzard","StuffTheSpire:NuclearReactor"],"picked":"Aggregate","floor":37.0},{"not_picked":["Fan","Barrage","BasicCrystalCard","Streamline"],"picked":"Lockon","floor":37.0},{"not_picked":["Aggregate","Recycle","Barrage","Steam"],"picked":"Hologram","floor":40.0},{"not_picked":["Panic Button+1","Redo","Coolheaded+1","Fusion+1"],"picked":"MostiFishMod:StarOceanB","floor":40.0},{"not_picked":["Beam Cell","Streamline","MostiFishMod:PushDownKick","hubris:Ukulele"],"picked":"Steam","floor":40.0},{"not_picked":["Thunder Strike","MostiFishMod:ReprogramOld+1","Go for the Eyes","Sweeping Beam"],"picked":"Conserve Battery","floor":42.0},{"not_picked":["Gash","Go for the Eyes","MostiFishMod:ReprogramOld","StuffTheSpire:LoadUp+1"],"picked":"StuffTheSpire:NuclearReactor","floor":44.0},{"not_picked":["Gash","Reinforced Body+1","Fan","Coolheaded"],"picked":"Defragment","floor":48.0},{"not_picked":["StuffTheSpire:Synthwave","Panic Button","Redo","Sunder"],"picked":"Defragment","floor":48.0},{"not_picked":["Aggregate","Hello World","MostiFishMod:PushDownKick","Reinforced Body"],"picked":"Go for the Eyes+1","floor":48.0},{"not_picked":["MostiFishMod:Hijack","Hyperbeam","ElectricPowerLearning","MostiFishMod:SeaWaves"],"picked":"MostiFishMod:ActiveDefenseSystem","floor":54.0},{"not_picked":["Blizzard","Go for the Eyes","Streamline","Gash"],"picked":"BasicCrystalCard+1","floor":56.0},{"not_picked":["ReplayTheSpireMod:GoodbyeWorld+1","StuffTheSpire:Coldhearted","Barrage+1","Beam Cell"],"picked":"ReplayTheSpireMod:Dual Polarity","floor":56.0},{"not_picked":["MostiFishMod:Distribution","Reprogram+1","BasicCrystalCard","Pulse+1","MostiFishMod:PushDownKick+1"],"picked":"SKIP","floor":56.0},{"not_picked":["conspire:SharedLibrary+1","Rebound+1","Gash+1","Beam Cell"],"picked":"Stack+1","floor":57.0},{"not_picked":["Steam+1","Barrage+1","Reinforced Body","Time Bomb"],"picked":"Echo Form","floor":57.0},{"not_picked":["ReplayTheSpireMod:System Scan","Compile Driver","Hologram","conspire:SharedLibrary+1"],"picked":"Capacitor","floor":57.0},{"not_picked":["Stack","Heatsinks","Hologram","Coolheaded"],"picked":"Turbo+1","floor":58.0},{"not_picked":["ReplayTheSpireMod:Reroute Power+1","Compile Driver","Time Bomb","Redo"],"picked":"Glacier","floor":61.0},{"not_picked":["Hologram","MostiFishMod:ReprogramOld+1","Streamline","Thunder Strike"],"picked":"aspiration:Polymerization","floor":61.0},{"not_picked":["Streamline+1","Panic Button","FTL+1","MostiFishMod:PushDownKick"],"picked":"Beam Cell","floor":61.0},{"not_picked":["StuffTheSpire:ForEach","MostiFishMod:DeathFromBelow","hubris:DoWhile","Reboot"],"picked":"Creative AI","floor":65.0},{"not_picked":["ReplayTheSpireMod:Haul","infinitespire:Menacing"],"picked":"infinitespire:Starlight","floor":66.0},{"not_picked":["StuffTheSpire:LoadUp","Rebound","ReplayTheSpireMod:Omega Cannon","Compile Driver"],"picked":"Self Repair","floor":67.0},{"not_picked":["Cold Snap","Compile Driver","StuffTheSpire:LoadUp","Turbo"],"picked":"Defragment","floor":67.0},{"not_picked":["Compile Driver","Doom and Gloom","Pulse","Darkness","Genetic Algorithm"],"picked":"SKIP","floor":67.0},{"not_picked":["Reprogram","Hologram","MostiFishMod:PushDownKick","Beam Cell"],"picked":"StuffTheSpire:Plugnplay","floor":69.0},{"not_picked":["Cold Snap","Streamline","Gash","MostiFishMod:IceShield"],"picked":"Glacier","floor":69.0},{"not_picked":["Ball Lightning","Beam Cell","Leap","MostiFishMod:PushDownKick","BootSequence"],"picked":"SKIP","floor":69.0},{"not_picked":["FTL","Sweeping Beam","Melter","Compile Driver","Beam Cell"],"picked":"SKIP","floor":73.0},{"not_picked":["Heatsinks","Skim","StuffTheSpire:CleanHardDrive","BasicCrystalCard"],"picked":"Turbo","floor":75.0},{"not_picked":["Gash","MostiFishMod:Prepare","Cold Snap","Darkness"],"picked":"Turbo","floor":76.0},{"not_picked":["Loop","aspiration:Polymerization","ReplayTheSpireMod:Repulse","Redo"],"picked":"StuffTheSpire:Plugnplay","floor":77.0},{"not_picked":["Coolheaded","Gash","Cold Snap","Genetic Algorithm","StuffTheSpire:ShieldGenerator"],"picked":"SKIP","floor":77.0},{"not_picked":["StuffTheSpire:LoadUp","Force Field","Go for the Eyes","Streamline","Tempest"],"picked":"SKIP","floor":77.0},{"not_picked":["MostiFishMod:Prepare","MostiFishMod:InterfaceCompatibility","MostiFishMod:Exploitation","MostiFishMod:Distribution"],"picked":"Machine Learning","floor":82.0},{"not_picked":["Chaos","Sweeping Beam+1","StuffTheSpire:ShieldGenerator","Heatsinks"],"picked":"StuffTheSpire:Coldhearted","floor":84},{"not_picked":["StuffTheSpire:CleanHardDrive","StuffTheSpire:ShieldGenerator","ReplayTheSpireMod:GoodbyeWorld","Sweeping Beam","Coolheaded"],"picked":"SKIP","floor":84},{"not_picked":["StuffTheSpire:GlassShard","conspire:Rain+1","Distribution","Coolheaded","Beam Cell"],"picked":"SKIP","floor":84},{"not_picked":["Conserve Battery","Hello World","Compile Driver","Turbo"],"picked":"FIFO Queue","floor":88},{"not_picked":["MostiFishMod:DeathFromBelow","MostiFishMod:PushDownKick","Ball Lightning","FTL"],"picked":"Loop","floor":88},{"not_picked":["Rebound","Sweeping Beam+1","Hologram","Recycle","StuffTheSpire:Plugnplay"],"picked":"SKIP","floor":88},{"not_picked":["Gash","Steam","Sweeping Beam","Force Field","Panic Button"],"picked":"SKIP","floor":89},{"not_picked":["Fusion","Stack","BasicCrystalCard","Doom and Gloom"],"picked":"Storm","floor":95},{"not_picked":["Steam","Rebound+1","ReplaySort","StuffTheSpire:Rend"],"picked":"Hello World","floor":97},{"not_picked":["Recycle","Gash","Cold Snap","Turbo"],"picked":"Storm","floor":97},{"not_picked":["Lockon","ReplayTheSpireMod:Dual Polarity","Barrage","Pulse","BasicCrystalCard"],"picked":"SKIP","floor":97}],"player_experience":1637185,"relics_obtained":[{"floor":1.0,"key":"SynthV:TestCard"},{"floor":1.0,"key":"LetterFromLob"},{"floor":10.0,"key":"Ice Cream"},{"floor":11.0,"key":"Dota2Spire:ArcaneBoots"},{"floor":16.0,"key":"halation:IllGainedPizza"},{"floor":29.0,"key":"TungstenRod"},{"floor":30.0,"key":"Darkstone Periapt"},{"floor":30.0,"key":"Dota2Spire:EyeOfSkadi"},{"floor":30.0,"key":"Guide Book"},{"floor":30.0,"key":"trackpad:IciclePrecepts"},{"floor":30.0,"key":"CCEMRelics:GrapeVine"},{"floor":30.0,"key":"relicPack:InfinityGauntlet"},{"floor":36.0,"key":"infinitespire:Satchel"},{"floor":36.0,"key":"DemoMod:AgedBell"},{"floor":36.0,"key":"Matryoshka"},{"floor":39.0,"key":"conspire:TopHat"},{"floor":39.0,"key":"DemoMod:MonsterBlood"},{"floor":42.0,"key":"Strawberry"},{"floor":44.0,"key":"Bag of Preparation"},{"floor":47.0,"key":"Ccalipers"},{"floor":47.0,"key":"hubris:SlimyHat"},{"floor":58.0,"key":"CCEMRelics:TinyMinotavrHorn"},{"floor":59.0,"key":"halation:TwoAmDonut"},{"floor":61.0,"key":"paleoftheancients:SoulOfTheDefect"},{"floor":63.0,"key":"infinitespire:Bottled Soul"},{"floor":73.0,"key":"relicPack:DarknessArmor"},{"floor":75.0,"key":"Peace Pipe"},{"floor":75.0,"key":"CCEMRelics:WarHorn"},{"floor":76.0,"key":"hubris:BottledRain"},{"floor":82.0,"key":"halation:EternalFortune"},{"floor":89,"key":"halation:EternalFortune"},{"floor":89,"key":"trackpad:AdjectivePendant"},{"floor":92,"key":"Dota2Spire:ShadowBlade"},{"floor":95,"key":"Lantern"}],"event_choices":[],"is_beta":false,"boss_relics":[{"not_picked":["vexMod:FluxCapacitor","halation:CatFaceCupcake"],"picked":"MostiFishMod:Hod"},{"not_picked":[]},{"not_picked":["BloodWine","vexMod:DeviousBotling"],"picked":"Calling Bell"},{"not_picked":[]},{"not_picked":["vexMod:MysteryBossChallenge","energizedSpire:HugeHouse"],"picked":"trackpad:StolenKidneys"},{"not_picked":[]},{"not_picked":["MagicMushroom","energizedSpire:MagnifyingGlass"],"picked":"vexMod:TanglingVine"},{"not_picked":[]},{"not_picked":["Busted Crown","hubris:Backtick"],"picked":"SoulBox"},{"not_picked":[]}],"items_purged_floors":[30,71,96],"is_endless":true,"potions_floor_spawned":[1,2,5,10,20,24,31,35,40,44,56,65,67,73,82,88,95],"killed_by":"Delirium","ascension_level":13}}