{"host":"unbds6939j6jyuge","time":1610116943,"event":{"mods":["Act Like it!","BaseMod","Colored Powertips","Marked Mod","Minty Spire (QoL Compilation)","Pale of the Ancients","Spicy Shops","StSLib"],"gold_per_floor":[9916,8537,8548,8559,8573,8573,8600,8600,8600,8614,8643,8655,8675,7177,7177,7272,7272,7287,7287,6138,6157,4860,4893,4893,4918,4918,4933,4964,3617,3633,2494,2494,2592,2592,2606,2606,2606,2619,2036,2046,2075,2085,2134,2175,2187,2199,2239,2596,2608,2620,2632,2644,2022,2054,2054],"floor_reached":56,"playtime":7276,"items_purged":["Strike_B","Strike_B","Defend_B","Defend_B","Defend_B","Strike_B","Defend_B","Writhe"],"score":1698,"play_id":"f8f20bfc-3e88-490a-967f-db413211a77d","local_time":"20210108224223","is_ascension_mode":true,"campfire_choices":[{"data":"Seek","floor":6.0,"key":"SMITH"},{"data":"Loop","floor":8.0,"key":"SMITH"},{"data":"Apotheosis","floor":15.0,"key":"SMITH"},{"data":"Hello World","floor":24.0,"key":"SMITH"},{"data":"Fission","floor":32.0,"key":"SMITH"},{"floor":45.0,"key":"RECALL"},{"data":"Sadistic Nature","floor":49.0,"key":"SMITH"},{"data":"Double Energy","floor":52.0,"key":"SMITH"}],"circlet_count":0,"master_deck":["Zap","Dualcast","Ball Lightning","Loop+1","Conserve Battery","Compile Driver","Seek+1","Compile Driver","Stack","Sweeping Beam","Hello World+1","Apotheosis+1","Thunder Strike","Consume","Leap","Storm","Creative AI","Double Energy+1","Melter+1","Auto Shields","Storm+1","Sadistic Nature+1","Turbo","Fission+1","Reboot+1","Chaos+1","Consume+1","Amplify+1","Aggregate+1","Skim+1","Metamorphosis+1","Fission+1","Turbo+1","Violence+1","Chaos+1","Coolheaded+1","Force Field+1","Recycle+1","All For One+1","Multi-Cast+1","Leap+1","Chill+1","Capacitor+1","Skim+1","Rip and Tear+1","Chrysalis+1"],"relics":["Cracked Core","Runic Capacitor","Ice Cream","Runic Capacitor","Strawberry","Shuriken","Chemical X","Pantograph","Mango","Kunai","Gremlin Horn","Darkstone Periapt","HornCleat","Nuclear Battery","Molten Egg 2","Lee\u0027s Waffle","Matryoshka","Medical Kit","Ornamental Fan","Orichalcum","Turnip","Ginger","Bronze Scales","Lantern","Smiling Mask","Mercury Hourglass","Toxic Egg 2","Prayer Wheel","Strange Spoon","OrangePellets","TungstenRod","MealTicket","Sling","HandDrill","Oddly Smooth Stone","Cables","Sozu","Art of War","ClockworkSouvenir","Blood Vial","Pocketwatch","Question Card","MawBank","Meat on the Bone","Toy Ornithopter","Old Coin","Anchor","Nunchaku","Pear"],"acts_visited":["Exordium","TheCity","TheBeyond","TheEnding"],"potions_floor_usage":[55,55],"damage_taken":[{"damage":4.0,"enemies":"Jaw Worm","floor":1.0,"turns":4.0},{"damage":3.0,"enemies":"2 Louse","floor":3.0,"turns":3.0},{"damage":1.0,"enemies":"Cultist","floor":4.0,"turns":3.0},{"damage":7.0,"enemies":"Looter","floor":5.0,"turns":3.0},{"damage":34.0,"enemies":"3 Sentries","floor":7.0,"turns":8.0},{"damage":11.0,"enemies":"Exordium Thugs","floor":10.0,"turns":3.0},{"damage":22.0,"enemies":"Gremlin Nob","floor":11.0,"turns":4.0},{"damage":0.0,"enemies":"2 Fungi Beasts","floor":12.0,"turns":4.0},{"damage":3.0,"enemies":"3 Louse","floor":13.0,"turns":3.0},{"damage":0.0,"enemies":"Slime Boss","floor":16.0,"turns":6.0},{"damage":39.0,"enemies":"2 Thieves","floor":18.0,"turns":4.0},{"damage":12.0,"enemies":"Chosen","floor":21.0,"turns":4.0},{"damage":6.0,"enemies":"Book of Stabbing","floor":23.0,"turns":4.0},{"damage":23.0,"enemies":"Slavers","floor":25.0,"turns":2.0},{"damage":4.0,"enemies":"Snecko","floor":27.0,"turns":4.0},{"damage":7.0,"enemies":"Book of Stabbing","floor":28.0,"turns":3.0},{"damage":5.0,"enemies":"Cultist and Chosen","floor":30.0,"turns":4.0},{"damage":0.0,"enemies":"Automaton","floor":33.0,"turns":6.0},{"damage":12.0,"enemies":"3 Darklings","floor":35.0,"turns":2.0},{"damage":0.0,"enemies":"3 Shapes","floor":38.0,"turns":2.0},{"damage":16.0,"enemies":"Writhing Mass","floor":40.0,"turns":2.0},{"damage":2.0,"enemies":"Giant Head","floor":41.0,"turns":2.0},{"damage":0.0,"enemies":"Maw","floor":42.0,"turns":3.0},{"damage":0.0,"enemies":"Reptomancer","floor":44.0,"turns":2.0},{"damage":0.0,"enemies":"Giant Head","floor":47.0,"turns":2.0},{"damage":16.0,"enemies":"2 Orb Walkers","floor":48.0,"turns":2.0},{"damage":7.0,"enemies":"Donu and Deca","floor":50.0,"turns":3.0},{"damage":0,"enemies":"Shield and Spear","floor":54,"turns":1},{"damage":22,"enemies":"The Heart","floor":55,"turns":7}],"seed_played":"1220473927020060672","potions_obtained":[{"floor":18.0,"key":"LiquidBronze"},{"floor":21.0,"key":"SneckoOil"},{"floor":25.0,"key":"FairyPotion"}],"is_trial":false,"path_per_floor":["M","$","M","M","M","R","E","R","T","M","E","M","M","$","R","B",null,"M","?","$","M","$","E","R","E","T","M","E","$","M","$","R","B",null,"M","?","?","M","$","M","E","M","T","E","R","?","E","?","R","B",null,"R","$","E","B",null],"character_chosen":"DEFECT","items_purchased":["Loop","Ice Cream","Swift Potion","Runic Capacitor","Strawberry","Shuriken","Chemical X","Pantograph","FocusPotion","Apotheosis","Darkstone Periapt","HornCleat","Thunder Strike","Consume","Leap","Storm","Molten Egg 2","Lee\u0027s Waffle","Melter+1","Auto Shields","Matryoshka","Medical Kit","Ornamental Fan","Orichalcum","Turnip","Ginger","Sadistic Nature","Turbo","Energy Potion","Toxic Egg 2","Prayer Wheel","Strange Spoon","OrangePellets","Reboot+1","Chaos+1","TungstenRod","Aggregate+1","Skim+1","MealTicket","Sling","HandDrill","Oddly Smooth Stone","Cables","Metamorphosis+1","Force Field+1","Art of War","ClockworkSouvenir","Blood Vial","Anchor","Nunchaku","Skim+1","Rip and Tear+1","Chrysalis+1"],"campfire_rested":0,"item_purchase_floors":[2,2,2,2,2,2,2,2,2,14,14,14,14,14,14,14,20,20,20,20,20,20,20,22,22,22,22,22,22,29,29,29,29,29,29,29,31,31,31,31,31,31,31,31,39,39,39,39,53,53,53,53,53],"current_hp_per_floor":[78,85,82,81,74,74,54,54,54,43,21,21,18,18,18,43,103,64,64,110,98,98,92,92,69,69,65,58,58,53,59,59,84,116,104,104,104,104,116,100,100,102,102,104,104,104,106,92,92,103,110,110,110,120,108],"gold":2054,"neow_bonus":"TEN_PERCENT_HP_BONUS","is_daily":false,"chose_seed":false,"campfire_upgraded":7,"win_rate":0.0,"timestamp":1610116943,"path_taken":["M","$","M","?","?","R","E","R","T","M","E","M","M","$","R","BOSS","M","?","?","M","$","E","R","E","T","M","E","$","M","$","R","BOSS","M","?","?","M","$","M","E","M","T","E","R","?","E","?","R","BOSS","R","$","E","BOSS"],"items_purchased_type":["Card","Relic","Potion","Relic","Relic","Relic","Relic","Relic","Potion","Card","Relic","Relic","Card","Card","Card","Card","Relic","Relic","Card","Card","Relic","Relic","Relic","Relic","Relic","Relic","Card","Card","Potion","Relic","Relic","Relic","Relic","Card","Card","Relic","Card","Card","Relic","Relic","Relic","Relic","Relic","Card","Card","Relic","Relic","Relic","Relic","Relic","Card","Card","Card"],"build_version":"2020-12-22","purchased_purges":8,"victory":true,"max_hp_per_floor":[82,89,89,89,89,89,103,103,103,103,103,103,103,103,103,103,103,103,103,110,110,110,110,110,110,110,110,110,110,110,116,116,116,116,116,116,116,116,116,116,116,116,116,116,116,110,110,110,110,110,110,110,110,120,120],"card_choices":[{"not_picked":["Rebound","Gash"],"picked":"Ball Lightning","floor":1.0},{"not_picked":["Stack","Rebound"],"picked":"Conserve Battery","floor":3.0},{"not_picked":["Beam Cell","Steam"],"picked":"Compile Driver","floor":4.0},{"not_picked":["Gash","FTL"],"picked":"Seek","floor":5.0},{"not_picked":["Blizzard","Gash"],"picked":"Compile Driver","floor":7.0},{"not_picked":["Capacitor","Compile Driver"],"picked":"Stack","floor":10.0},{"not_picked":["Gash","Streamline"],"picked":"Sweeping Beam","floor":11.0},{"not_picked":["Steam","Go for the Eyes","Streamline"],"picked":"SKIP","floor":12.0},{"not_picked":["White Noise","Turbo"],"picked":"Hello World","floor":13.0},{"not_picked":["Core Surge","Fission"],"picked":"Creative AI","floor":16.0},{"not_picked":["Stack","Turbo+1"],"picked":"Double Energy","floor":18.0},{"not_picked":["Sweeping Beam+1","Beam Cell+1"],"picked":"Storm+1","floor":21.0},{"not_picked":["Steam","Steam Power"],"picked":"Fission","floor":23.0},{"not_picked":["Reprogram","Recycle","Rip and Tear+1"],"picked":"SKIP","floor":25.0},{"not_picked":["Coolheaded","Redo","Sweeping Beam+1"],"picked":"SKIP","floor":27.0},{"not_picked":["Melter+1","Streamline+1","Hologram"],"picked":"SKIP","floor":28.0},{"not_picked":["Compile Driver+1","Beam Cell+1"],"picked":"Consume+1","floor":30.0},{"not_picked":["Recycle+1","Gash+1"],"picked":"Amplify+1","floor":30.0},{"not_picked":["Buffer","Hyperbeam+1"],"picked":"Fission+1","floor":33.0},{"not_picked":["Sweeping Beam+1","Rebound+1"],"picked":"Turbo+1","floor":35.0},{"not_picked":["Sweeping Beam+1","Go for the Eyes+1","Compile Driver+1"],"picked":"SKIP","floor":35.0},{"not_picked":["Sadistic Nature","PanicButton+1"],"picked":"Violence+1","floor":36.0},{"not_picked":["Barrage+1","Turbo+1"],"picked":"Chaos+1","floor":38.0},{"not_picked":["Stack+1","Steam+1"],"picked":"Coolheaded+1","floor":38.0},{"not_picked":["Go for the Eyes+1","Gash+1"],"picked":"Recycle+1","floor":40.0},{"not_picked":["Barrage+1","Cold Snap+1","Blizzard+1"],"picked":"SKIP","floor":40.0},{"not_picked":["Recycle+1","Stack+1"],"picked":"All For One+1","floor":41.0},{"not_picked":["Conserve Battery+1","Barrage+1"],"picked":"Multi-Cast+1","floor":42.0},{"not_picked":["Go for the Eyes+1","Coolheaded+1"],"picked":"Leap+1","floor":42.0},{"not_picked":["Static Discharge+1","Hyperbeam+1","Genetic Algorithm+1","Beam Cell+1"],"picked":"SKIP","floor":44.0},{"not_picked":["Beam Cell+1","Rebound+1","Ball Lightning+1"],"picked":"Chill+1","floor":47.0},{"not_picked":["Streamline+1","Rebound+1","Self Repair"],"picked":"Capacitor+1","floor":48.0},{"not_picked":["Electrodynamics","Streamline+1","Doom and Gloom+1","Conserve Battery+1"],"picked":"SKIP","floor":54}],"player_experience":204994,"relics_obtained":[{"floor":7.0,"key":"Mango"},{"floor":9.0,"key":"Kunai"},{"floor":11.0,"key":"Gremlin Horn"},{"floor":23.0,"key":"Bronze Scales"},{"floor":25.0,"key":"Lantern"},{"floor":26.0,"key":"Smiling Mask"},{"floor":28.0,"key":"Mercury Hourglass"},{"floor":41.0,"key":"Pocketwatch"},{"floor":43.0,"key":"Question Card"},{"floor":43.0,"key":"MawBank"},{"floor":44.0,"key":"Meat on the Bone"},{"floor":47.0,"key":"Toy Ornithopter"},{"floor":48.0,"key":"Old Coin"},{"floor":54,"key":"Pear"}],"event_choices":[{"cards_removed":["Strike_B"],"damage_healed":0.0,"max_hp_gain":0.0,"max_hp_loss":0.0,"gold_gain":0.0,"event_name":"Bonfire Elementals","player_choice":"Offered Basic","floor":19.0,"gold_loss":0.0,"damage_taken":0.0},{"damage_healed":0.0,"max_hp_gain":0.0,"max_hp_loss":0.0,"gold_gain":0.0,"event_name":"SensoryStone","player_choice":"Memory 1","floor":36.0,"gold_loss":0.0,"damage_taken":0.0},{"damage_healed":0.0,"max_hp_gain":0.0,"max_hp_loss":0.0,"gold_gain":0.0,"event_name":"Tomb of Lord Red Mask","player_choice":"Ignored","floor":37.0,"gold_loss":0.0,"damage_taken":0.0},{"damage_healed":0.0,"max_hp_gain":0.0,"max_hp_loss":6.0,"gold_gain":0.0,"event_name":"Winding Halls","player_choice":"Max HP","floor":46.0,"gold_loss":0.0,"damage_taken":0.0},{"damage_healed":0.0,"max_hp_gain":0.0,"max_hp_loss":0.0,"gold_gain":0.0,"event_name":"Mysterious Sphere","player_choice":"Fight","floor":48.0,"gold_loss":0.0,"damage_taken":0.0}],"is_beta":false,"boss_relics":[{"not_picked":["Velvet Choker","Runic Dome"],"picked":"Nuclear Battery"},{"not_picked":["SacredBark","Runic Pyramid"],"picked":"Sozu"}],"items_purged_floors":[2,14,20,22,29,31,39,53],"is_endless":false,"potions_floor_spawned":[5,12,13,18,21,25,28,33,35,40,44,48],"ascension_level":2}}