{"host":"7sni158j623xchr2","time":1610067712,"event":{"mods":["BaseMod","Colored Map","Highlight Path","Minty Spire (QoL Compilation)","Permanent Neow","Potion Indicator Mod","Rare Cards Sparkle","Relic Sorter","Relic Stats","StSLib","everything is the same but u backflip on backflip"],"gold_per_floor":[360,360,360,380,0,27,39,70,136,148,190,220,232,244,256,346,358,380,405,417,417],"floor_reached":20,"playtime":521,"items_purged":[],"score":414,"play_id":"a1d253d4-0d54-43d7-ad45-b4aaee380860","local_time":"20210107190152","is_ascension_mode":true,"campfire_choices":[{"data":"Die Die Die","floor":7,"key":"SMITH"},{"data":"Terror","floor":10,"key":"SMITH"},{"data":"Crippling Poison","floor":13,"key":"SMITH"},{"floor":15,"key":"REST"}],"circlet_count":0,"master_deck":["AscendersBane","Strike_G","Strike_G","Strike_G","Defend_G","Defend_G","Defend_G","Defend_G+1","Defend_G+1","Survivor","Neutralize","All Out Attack+1","Die Die Die+1","Deadly Poison","Terror+1","Bane","Crippling Poison+1","Burst"],"relics":["Ring of the Snake","PreservedInsect","MawBank","Regal Pillow","Empty Cage"],"acts_visited":["Exordium","TheCity"],"potions_floor_usage":[16,18,20],"damage_taken":[{"damage":9,"enemies":"Small Slimes","floor":1,"turns":5},{"damage":0,"enemies":"2 Louse","floor":4,"turns":2},{"damage":7,"enemies":"3 Sentries","floor":6,"turns":4},{"damage":0,"enemies":"Cultist","floor":8,"turns":3},{"damage":0,"enemies":"Gremlin Nob","floor":11,"turns":2},{"damage":0,"enemies":"Lots of Slimes","floor":12,"turns":1},{"damage":46,"enemies":"The Guardian","floor":16,"turns":8},{"damage":14,"enemies":"Chosen","floor":18,"turns":5},{"damage":20,"enemies":"3 Byrds","floor":19,"turns":5},{"damage":26,"enemies":"Snecko","floor":20,"turns":3}],"seed_played":"-7462649999661010882","potions_obtained":[{"floor":6,"key":"ColorlessPotion"},{"floor":8,"key":"Dexterity Potion"},{"floor":12,"key":"SteroidPotion"},{"floor":18,"key":"SteroidPotion"}],"is_trial":false,"path_per_floor":["M","?","?","M","$","E","R","M","T","R","E","M","R","$","R","B",null,"M","M","M"],"character_chosen":"THE_SILENT","items_purchased":["PreservedInsect","Die Die Die","Deadly Poison"],"campfire_rested":1,"item_purchase_floors":[5,5,5],"current_hp_per_floor":[50,32,32,32,32,25,25,25,25,25,25,25,25,25,58,12,48,34,14,0,0],"gold":417,"neow_bonus":"TWO_FIFTY_GOLD","is_daily":false,"chose_seed":false,"campfire_upgraded":3,"win_rate":0.0,"timestamp":1610067712,"path_taken":["M","?","?","M","$","E","R","M","T","R","E","M","R","$","R","BOSS","M","?","M"],"items_purchased_type":["Relic","Card","Card"],"build_version":"2020-12-22","purchased_purges":0,"victory":false,"max_hp_per_floor":[60,60,60,60,60,60,60,60,60,60,60,60,60,60,60,60,60,60,60,60,60],"relic_stats":{"Regal Pillow":15,"counters":[10,38],"PreservedInsect":54,"MawBank":168,"obtain_stats":[{"Regal Pillow":11,"PreservedInsect":5,"MawBank":6,"Empty Cage":17,"Ring of the Snake":0},{"Regal Pillow":5,"PreservedInsect":2,"MawBank":3,"Empty Cage":7,"Ring of the Snake":0},{"Regal Pillow":16,"PreservedInsect":7,"MawBank":11,"Empty Cage":25,"Ring of the Snake":0}],"Ring of the Snake":[20]},"card_choices":[{"not_picked":["Blade Dance","Dagger Spray"],"picked":"All Out Attack","floor":1},{"not_picked":["Dagger Throw","Infinite Blades","Expertise"],"picked":"SKIP","floor":4},{"not_picked":["Slice","Outmaneuver","Acrobatics"],"picked":"SKIP","floor":6},{"not_picked":["Flechettes","Deadly Poison"],"picked":"Terror","floor":8},{"not_picked":["Outmaneuver","Masterful Stab"],"picked":"Bane","floor":11},{"not_picked":["Bane","Deadly Poison"],"picked":"Crippling Poison","floor":12},{"not_picked":["Glass Knife","After Image"],"picked":"Burst","floor":16},{"not_picked":["Underhanded Strike","Sucker Punch","Slice"],"picked":"SKIP","floor":18},{"not_picked":["Underhanded Strike","Quick Slash","Eviscerate"],"picked":"SKIP","floor":19}],"player_experience":1603483,"relics_obtained":[{"floor":6,"key":"MawBank"},{"floor":11,"key":"Regal Pillow"}],"event_choices":[{"damage_healed":0,"gold_gain":0,"player_choice":"Entered Light","damage_taken":18,"max_hp_gain":0,"max_hp_loss":0,"event_name":"Shining Light","floor":2,"gold_loss":0,"cards_upgraded":["Defend_G","Defend_G"]},{"damage_healed":0,"gold_gain":0,"player_choice":"Upgraded","damage_taken":0,"max_hp_gain":0,"max_hp_loss":0,"event_name":"Upgrade Shrine","floor":3,"gold_loss":0,"cards_upgraded":["All Out Attack"]}],"is_beta":false,"boss_relics":[{"not_picked":["Pandora\u0027s Box","Sozu"],"picked":"Empty Cage"}],"items_purged_floors":[],"is_endless":false,"potions_floor_spawned":[6,8,12,18],"killed_by":"Snecko","ascension_level":20}}