{"host":"iphsb0ccnjx0pfn6","time":1610080349,"event":{"mods":["2.2 Compatiblity","AchievementEnabler","BaseMod","Colored Map","DeckTracker","Keyboard Shortcuts","Minty Spire (QoL Compilation)","Permanent Neow","Quick Restart","Relic Stats","StSLib","SuperFastMode","Uncapped","everything is the same but u backflip on backflip"],"gold_per_floor":[114,39,39,62,62,62,98,98,172,172,172,212,233,254,254,353,353,371,371,386,401,45,79,79,117,141,156,192,192,212,212,212,301,301,316,33,57,75,75,114,0,39,66,110,30,64,64,397,397,397,397],"floor_reached":52,"playtime":1303,"items_purged":["Strike_R","Strike_R","Strike_R"],"score":2493,"play_id":"66d8d7a4-486a-4390-8296-0f542a5393cc","local_time":"20210108133229","is_ascension_mode":true,"campfire_choices":[{"data":"Bash","floor":6.0,"key":"SMITH"},{"data":"Body Slam","floor":8.0,"key":"SMITH"},{"data":"Armaments","floor":10.0,"key":"SMITH"},{"data":"Flame Barrier","floor":15.0,"key":"SMITH"},{"floor":24.0,"key":"REST"},{"floor":29.0,"key":"REST"},{"floor":32.0,"key":"RECALL"},{"floor":47,"key":"REST"},{"floor":49,"key":"REST"}],"circlet_count":0,"master_deck":["AscendersBane","Defend_R","Defend_R","Defend_R","Defend_R","Bash+1","Flame Barrier+1","Armaments+1","Body Slam+1","Shrug It Off","Barricade","Body Slam","Ghostly","Ghostly","Ghostly","Finesse","Impervious","Shrug It Off","Entrench","Offering","Entrench","Entrench"],"relics":["Burning Blood","NeowsBlessing","Question Card","Singing Bowl","GremlinMask","Kunai","Fusion Hammer","PreservedInsect","Centennial Puzzle","Ice Cream","Bag of Marbles","HornCleat","Empty Cage","DollysMirror","Magic Flower","Red Mask","Ancient Tea Set","CeramicFish","Art of War"],"acts_visited":["Exordium","TheCity","TheBeyond"],"potions_floor_usage":[51],"damage_taken":[{"damage":0.0,"enemies":"Small Slimes","floor":1.0,"turns":2.0},{"damage":3.0,"enemies":"2 Louse","floor":4.0,"turns":2.0},{"damage":0.0,"enemies":"Lagavulin","floor":7.0,"turns":3.0},{"damage":24.0,"enemies":"Gremlin Nob","floor":12.0,"turns":4.0},{"damage":1.0,"enemies":"Cultist","floor":13.0,"turns":4.0},{"damage":2.0,"enemies":"3 Louse","floor":14.0,"turns":6.0},{"damage":32.0,"enemies":"The Guardian","floor":16.0,"turns":16.0},{"damage":0.0,"enemies":"Spheric Guardian","floor":18.0,"turns":6.0},{"damage":1.0,"enemies":"Shell Parasite","floor":20.0,"turns":5.0},{"damage":8.0,"enemies":"Centurion and Healer","floor":21.0,"turns":9.0},{"damage":35.0,"enemies":"Book of Stabbing","floor":23.0,"turns":6.0},{"damage":2.0,"enemies":"Gremlin Leader","floor":25.0,"turns":5.0},{"damage":3.0,"enemies":"Sentry and Sphere","floor":27.0,"turns":8.0},{"damage":0.0,"enemies":"Book of Stabbing","floor":28.0,"turns":5.0},{"damage":3.0,"enemies":"Snake Plant","floor":30.0,"turns":2.0},{"damage":6.0,"enemies":"Automaton","floor":33.0,"turns":8.0},{"damage":5.0,"enemies":"3 Shapes","floor":35.0,"turns":7.0},{"damage":1.0,"enemies":"3 Darklings","floor":37.0,"turns":7.0},{"damage":0.0,"enemies":"4 Shapes","floor":38.0,"turns":6.0},{"damage":3.0,"enemies":"Reptomancer","floor":40.0,"turns":3.0},{"damage":6.0,"enemies":"Giant Head","floor":42.0,"turns":4.0},{"damage":1,"enemies":"Nemesis","floor":44,"turns":5},{"damage":12,"enemies":"Reptomancer","floor":46,"turns":3},{"damage":1,"enemies":"Awakened One","floor":50,"turns":5},{"damage":25,"enemies":"Time Eater","floor":51,"turns":5}],"seed_played":"-2809222362818067682","potions_obtained":[{"floor":1.0,"key":"BlessingOfTheForge"},{"floor":12.0,"key":"Dexterity Potion"},{"floor":14.0,"key":"Strength Potion"},{"floor":16.0,"key":"CultistPotion"},{"floor":20.0,"key":"Ancient Potion"},{"floor":23.0,"key":"DuplicationPotion"}],"is_trial":false,"path_per_floor":["M","$","?","M","?","R","E","R","T","R","?","E","M","M","R","B",null,"M","?","M","M","$","E","R","E","T","M","E","R","M","?","R","B",null,"M","$","M","M","$","E","?","E","T","E","$","E","R","?","R","B","B",null],"character_chosen":"IRONCLAD","items_purchased":["Finesse","PreservedInsect","DollysMirror","Entrench"],"campfire_rested":4,"item_purchase_floors":[22,22,36,45],"current_hp_per_floor":[74,74,48,51,56,56,62,62,62,62,62,46,51,57,57,31,71,77,42,44,44,44,15,28,32,32,35,41,46,48,48,48,50,50,52,52,54,56,56,58,58,60,60,62,62,61,64,64,64,64,48],"gold":397,"neow_bonus":"THREE_ENEMY_KILL","is_daily":false,"chose_seed":false,"campfire_upgraded":4,"win_rate":0.0,"timestamp":1610080349,"path_taken":["M","$","?","M","?","R","E","R","T","R","?","E","?","M","R","BOSS","M","?","M","M","$","E","R","E","T","M","E","R","M","?","R","BOSS","M","$","M","M","$","E","?","E","T","E","$","E","R","?","R","BOSS","BOSS"],"items_purchased_type":["Card","Relic","Relic","Card"],"build_version":"2020-12-22","purchased_purges":3,"victory":true,"max_hp_per_floor":[75,75,75,75,80,80,80,80,80,80,80,82,82,84,84,84,84,84,42,44,46,46,46,46,46,46,46,46,46,48,48,48,50,50,52,52,54,56,56,58,58,60,60,62,62,64,64,64,64,64,64],"relic_stats":{"Centennial Puzzle":[36],"Singing Bowl":26,"counters":[25,136],"CeramicFish":9,"Magic Flower":[6],"PreservedInsect":438,"Art of War":[6],"Kunai":[5],"Question Card":20,"obtain_stats":[{"Ice Cream":25,"NeowsBlessing":0,"Singing Bowl":9,"Golden Idol":3,"CeramicFish":44,"Magic Flower":40,"GremlinMask":11,"PreservedInsect":22,"Question Card":7,"Empty Cage":34,"Ancient Tea Set":42,"Burning Blood":0,"Centennial Puzzle":23,"HornCleat":28,"DollysMirror":36,"Fusion Hammer":17,"Bag of Marbles":26,"Red Mask":41,"Art of War":46,"Kunai":12},{"Ice Cream":12,"NeowsBlessing":0,"Singing Bowl":3,"Golden Idol":1,"CeramicFish":22,"Magic Flower":20,"GremlinMask":3,"PreservedInsect":10,"Question Card":3,"Empty Cage":16,"Ancient Tea Set":21,"Burning Blood":0,"Centennial Puzzle":11,"HornCleat":14,"DollysMirror":17,"Fusion Hammer":7,"Bag of Marbles":12,"Red Mask":20,"Art of War":23,"Kunai":4},{"Ice Cream":68,"NeowsBlessing":0,"Singing Bowl":7,"Golden Idol":2,"CeramicFish":123,"Magic Flower":114,"GremlinMask":7,"PreservedInsect":57,"Question Card":7,"Empty Cage":91,"Ancient Tea Set":118,"Burning Blood":0,"Centennial Puzzle":63,"HornCleat":81,"DollysMirror":98,"Fusion Hammer":37,"Bag of Marbles":68,"Red Mask":114,"Art of War":126,"Kunai":11}],"Burning Blood":123},"card_choices":[{"not_picked":["Reckless Charge","Spot Weakness"],"picked":"Flame Barrier","floor":1.0},{"not_picked":["Perfected Strike","Power Through"],"picked":"Armaments","floor":4.0},{"not_picked":["Combust","Brutality"],"picked":"Body Slam","floor":7.0},{"not_picked":["Infernal Blade","Reckless Charge","Carnage","Sentinel"],"picked":"Singing Bowl","floor":12.0},{"not_picked":["Headbutt","Shockwave","Battle Trance"],"picked":"Shrug It Off","floor":13.0},{"not_picked":["Sword Boomerang","Clash","Headbutt","Iron Wave"],"picked":"Singing Bowl","floor":14.0},{"not_picked":["Feed","Brutality","Berserk"],"picked":"Barricade","floor":16.0},{"not_picked":["Warcry","True Grit","Armaments"],"picked":"Body Slam","floor":18.0},{"not_picked":["Inflame","Sword Boomerang","Rampage","True Grit"],"picked":"Singing Bowl","floor":20.0},{"not_picked":["Blood for Blood+1","True Grit","Bloodletting+1","Sentinel"],"picked":"Singing Bowl","floor":21.0},{"not_picked":["True Grit","Clash+1","Battle Trance"],"picked":"Impervious","floor":23.0},{"not_picked":["Cleave","Feel No Pain","Havoc"],"picked":"Shrug It Off","floor":25.0},{"not_picked":["Wild Strike","Immolate","Clash"],"picked":"Entrench","floor":27.0},{"not_picked":["Wild Strike+1","Anger","Thunderclap"],"picked":"Offering","floor":28.0},{"not_picked":["Metallicize+1","Spot Weakness","Twin Strike","Anger"],"picked":"Singing Bowl","floor":30.0},{"not_picked":["Berserk","Feed","Brutality","Fiend Fire"],"picked":"Singing Bowl","floor":33.0},{"not_picked":["Heavy Blade","Clash","Hemokinesis","Headbutt"],"picked":"Singing Bowl","floor":35.0},{"not_picked":["Iron Wave+1","Infernal Blade","Heavy Blade","Clash"],"picked":"Singing Bowl","floor":37.0},{"not_picked":["Searing Blow","Combust+1","Perfected Strike+1","Headbutt"],"picked":"Singing Bowl","floor":38.0},{"not_picked":["Fiend Fire","Dropkick","Pummel+1","Searing Blow"],"picked":"Singing Bowl","floor":40.0},{"not_picked":["Carnage","Blood for Blood","Wild Strike+1","Uppercut"],"picked":"Singing Bowl","floor":42.0},{"not_picked":["Body Slam","Inflame+1","Whirlwind","Thunderclap"],"picked":"Singing Bowl","floor":44},{"not_picked":["Ghostly Armor+1","Armaments","Metallicize","Burning Pact+1"],"picked":"Singing Bowl","floor":46}],"player_experience":1261525,"relics_obtained":[{"floor":7.0,"key":"Question Card"},{"floor":9.0,"key":"Singing Bowl"},{"floor":12.0,"key":"Kunai"},{"floor":23.0,"key":"Centennial Puzzle"},{"floor":25.0,"key":"Ice Cream"},{"floor":26.0,"key":"Bag of Marbles"},{"floor":28.0,"key":"HornCleat"},{"floor":40.0,"key":"Magic Flower"},{"floor":42.0,"key":"Ancient Tea Set"},{"floor":44,"key":"CeramicFish"},{"floor":46,"key":"Art of War"}],"event_choices":[{"damage_healed":0.0,"max_hp_gain":0.0,"max_hp_loss":0.0,"gold_gain":0.0,"event_name":"Golden Idol","player_choice":"Take Damage","floor":3.0,"gold_loss":0.0,"damage_taken":26.0,"relics_obtained":["Golden Idol"]},{"damage_healed":0.0,"max_hp_gain":5.0,"max_hp_loss":0.0,"gold_gain":0.0,"event_name":"Big Fish","player_choice":"Donut","floor":5.0,"gold_loss":0.0,"damage_taken":0.0},{"damage_healed":0.0,"max_hp_gain":0.0,"max_hp_loss":0.0,"gold_gain":0.0,"event_name":"FaceTrader","player_choice":"Trade","floor":11.0,"gold_loss":0.0,"damage_taken":0.0,"relics_obtained":["GremlinMask"]},{"damage_healed":0.0,"max_hp_gain":0.0,"max_hp_loss":42.0,"gold_gain":0.0,"event_name":"Ghosts","player_choice":"Became a Ghost","floor":19.0,"gold_loss":0.0,"damage_taken":0.0,"cards_obtained":["Ghostly","Ghostly","Ghostly"]},{"damage_healed":0.0,"max_hp_gain":0.0,"max_hp_loss":0.0,"gold_gain":0.0,"event_name":"The Mausoleum","player_choice":"Ignored","floor":31.0,"gold_loss":0.0,"damage_taken":0.0},{"damage_healed":0.0,"max_hp_gain":0.0,"max_hp_loss":0.0,"gold_gain":0.0,"event_name":"Tomb of Lord Red Mask","player_choice":"Paid","floor":41.0,"gold_loss":114.0,"damage_taken":0.0,"relics_obtained":["Red Mask"]},{"damage_healed":0,"gold_gain":333,"player_choice":"Gave Idol","damage_taken":0,"max_hp_gain":0,"max_hp_loss":0,"event_name":"The Moai Head","floor":48,"relics_lost":["Golden Idol"],"gold_loss":0}],"is_beta":false,"boss_relics":[{"not_picked":["Black Blood","Runic Pyramid"],"picked":"Fusion Hammer"},{"not_picked":["Velvet Choker","Snecko Eye"],"picked":"Empty Cage"}],"items_purged_floors":[2,22,36],"is_endless":false,"potions_floor_spawned":[1,12,14,16,18,20,23,30,37,40,42,46],"ascension_level":20}}