{"host":"6pgtslebjnyv5xmi","time":1610100944,"event":{"mods":["AchievementEnabler","BaseMod","Colored Map","Minty Spire (QoL Compilation)","Rare Cards Sparkle","StSLib","SuperFastMode","The Hierophant","everything is the same but u backflip on backflip"],"gold_per_floor":[118,36,211,37,37,37,72,72,72,72,92,104,204,223,223,302,302,315,315,240,252,25,25,25],"floor_reached":23,"playtime":782,"items_purged":["Strike_R","Strike_R"],"score":318,"play_id":"4731fd64-ad49-4e83-8cd0-be811fff0e7e","local_time":"20210108191544","is_ascension_mode":true,"campfire_choices":[{"data":"Apotheosis","floor":6,"key":"SMITH"},{"floor":15,"key":"REST"}],"circlet_count":0,"master_deck":["AscendersBane","Strike_R","Strike_R","Strike_R","Defend_R","Defend_R","Defend_R","Defend_R","Bash","Fiend Fire","Sword Boomerang","Feel No Pain","Doubt","Apotheosis+1","Second Wind","Sword Boomerang","Spot Weakness","Limit Break","Heavy Blade","Second Wind","Flex","Wild Strike","Fire Breathing"],"relics":["Burning Blood","Vajra","Mummified Hand","Snecko Eye"],"acts_visited":["Exordium","TheCity"],"potions_floor_usage":[7,16],"damage_taken":[{"damage":8,"enemies":"Cultist","floor":1,"turns":3},{"damage":13,"enemies":"Lagavulin","floor":7,"turns":6},{"damage":7,"enemies":"Jaw Worm","floor":11,"turns":3},{"damage":7,"enemies":"2 Louse","floor":12,"turns":3},{"damage":55,"enemies":"Gremlin Gang","floor":14,"turns":5},{"damage":28,"enemies":"Slime Boss","floor":16,"turns":11},{"damage":23,"enemies":"2 Thieves","floor":18,"turns":3},{"damage":21,"enemies":"Shell Parasite","floor":21,"turns":3},{"damage":27,"enemies":"Slavers","floor":23,"turns":3}],"seed_played":"-5943110333894527299","potions_obtained":[{"floor":1,"key":"FearPotion"},{"floor":14,"key":"Swift Potion"}],"is_trial":false,"path_per_floor":["M","$","?","$","?","R","E","$","T","$","M","M","?","M","R","B",null,"M","?","$","M","$","E"],"character_chosen":"IRONCLAD","items_purchased":["Feel No Pain","Apotheosis","Wild Strike","Fire Breathing"],"campfire_rested":1,"item_purchase_floors":[2,4,22,22],"current_hp_per_floor":[66,66,66,66,66,66,59,59,59,59,58,57,57,8,30,8,58,41,41,41,26,26,0,0],"gold":25,"neow_bonus":"THREE_RARE_CARDS","is_daily":false,"chose_seed":false,"campfire_upgraded":1,"win_rate":0.0,"timestamp":1610100944,"path_taken":["M","?","?","$","?","R","E","$","T","$","M","?","?","?","R","BOSS","M","?","$","?","?","E"],"items_purchased_type":["Card","Card","Card","Card"],"build_version":"2020-12-22","purchased_purges":2,"victory":false,"max_hp_per_floor":[75,75,75,75,75,75,75,75,75,75,75,75,75,75,75,75,75,75,75,75,75,75,75,75],"card_choices":[{"not_picked":["Reaper","Feed"],"picked":"Fiend Fire","floor":0},{"not_picked":["Armaments","Uppercut"],"picked":"Sword Boomerang","floor":1},{"not_picked":["Armaments","Warcry","Headbutt"],"picked":"SKIP","floor":7},{"not_picked":["Sword Boomerang","Havoc"],"picked":"Second Wind","floor":11},{"not_picked":["True Grit","Headbutt"],"picked":"Sword Boomerang","floor":12},{"not_picked":["Clash","Carnage"],"picked":"Spot Weakness","floor":14},{"not_picked":["Offering","Feed"],"picked":"Limit Break","floor":16},{"not_picked":["Pummel","Rampage"],"picked":"Heavy Blade","floor":18},{"not_picked":["Twin Strike","Headbutt"],"picked":"Flex","floor":21}],"player_experience":904788,"relics_obtained":[{"floor":7,"key":"Vajra"},{"floor":9,"key":"Mummified Hand"}],"event_choices":[{"damage_healed":0,"gold_gain":175,"player_choice":"AGREE","damage_taken":0,"max_hp_gain":0,"max_hp_loss":0,"event_name":"Liars Game","floor":3,"gold_loss":0,"cards_obtained":["Doubt"]},{"cards_removed":["Decay"],"damage_healed":0,"gold_gain":0,"player_choice":"Purged","damage_taken":0,"max_hp_gain":0,"max_hp_loss":0,"event_name":"Purifier","floor":5,"gold_loss":0},{"damage_healed":0,"gold_gain":100,"player_choice":"Pray","damage_taken":0,"max_hp_gain":0,"max_hp_loss":0,"event_name":"Golden Shrine","floor":13,"gold_loss":0},{"damage_healed":0,"gold_gain":0,"player_choice":"Copied","damage_taken":0,"max_hp_gain":0,"max_hp_loss":0,"event_name":"Duplicator","floor":19,"gold_loss":0,"cards_obtained":["Second Wind"]}],"is_beta":false,"boss_relics":[{"not_picked":["Runic Pyramid","Ectoplasm"],"picked":"Snecko Eye"}],"items_purged_floors":[20,22],"is_endless":false,"potions_floor_spawned":[1,14],"killed_by":"Slavers","ascension_level":14}}