{"host":"z9grmtg2w0nmz8n1","time":1610080808,"event":{"mods":["Aspiration","Bard","BaseMod","Beaked The Cultist","Better Altar","Better Match","Better Note","Better Sensory Stone","Better Skull","Better Third Choice","BetterRewards","CCEM","Colored Map","Conspire","Downfall","GifTheSpireLib","Googly Eyes","Halation","Hermit","Highlight Path","Hubris","Hunter ??","Jedi Mod","Jorbs\u0027s Wanderer Trilogy","Mad Scientist","Marisa????????","Minty Spire (QoL Compilation)","Permanent Neow","Replay The Spire","Shade Mod","Shop Mod","Spicy Shops","StSLib","Stuff the Spire","The Bug Knight","The Construct","The Necromancer","The Runesmith","The Witch"],"gold_per_floor":[119,119,138,158,46,46,46],"floor_reached":6,"playtime":243,"items_purged":["Strike_G"],"score":38,"play_id":"ce4d357b-273d-4759-ad0d-226fa855d29b","local_time":"20210108024008","is_ascension_mode":true,"campfire_choices":[],"circlet_count":0,"master_deck":["Strike_G","Strike_G","Strike_G","Defend_G","Defend_G","Defend_G","Defend_G","Defend_G","Survivor","Neutralize","Distraction","Hidden Blade","Quick Slash","Flying Knee","Infinite Blades"],"relics":["Ring of the Snake"],"acts_visited":["Exordium"],"potions_floor_usage":[6],"damage_taken":[{"damage":0,"enemies":"Small Slimes","floor":1,"turns":5},{"damage":2,"enemies":"Cultist","floor":3,"turns":4},{"damage":0,"enemies":"Jaw Worm","floor":4,"turns":3},{"damage":72,"enemies":"Gremlin Nob","floor":6,"turns":5}],"seed_played":"7894044668794321570","potions_obtained":[{"floor":1,"key":"Doom Potion"},{"floor":3,"key":"Energy Potion"}],"is_trial":false,"path_per_floor":["M","?","M","M","$","E"],"character_chosen":"THE_SILENT","items_purchased":["Infinite Blades"],"campfire_rested":0,"item_purchase_floors":[5],"current_hp_per_floor":[70,70,68,68,68,0,0],"gold":46,"neow_bonus":"THREE_CARDS","is_daily":false,"chose_seed":false,"campfire_upgraded":0,"win_rate":0.0,"timestamp":1610080808,"path_taken":["M","?","M","M","$","E"],"items_purchased_type":["Card"],"build_version":"2020-12-22","purchased_purges":1,"victory":false,"max_hp_per_floor":[70,70,70,70,70,70,70],"card_choices":[{"not_picked":["Acrobatics","Sucker Punch"],"picked":"Distraction","floor":0},{"not_picked":["Leg Sweep","StuffTheSpire:MirrorStance"],"picked":"Hidden Blade","floor":1},{"not_picked":["Draining Mist","Calculated Gamble"],"picked":"Quick Slash","floor":3},{"not_picked":["Flechettes","Well Laid Plans"],"picked":"Flying Knee","floor":4}],"player_experience":810593,"relics_obtained":[],"event_choices":[{"cards_removed":["Strike_G"],"damage_healed":0,"gold_gain":0,"player_choice":"Card Removal","damage_taken":0,"max_hp_gain":0,"max_hp_loss":0,"event_name":"Wheel of Change","floor":2,"gold_loss":0}],"is_beta":false,"boss_relics":[],"items_purged_floors":[5],"is_endless":false,"potions_floor_spawned":[1,3],"killed_by":"Gremlin Nob","ascension_level":1}}