{"host":"2yqfi47fogfu1ic4","time":1610128800,"event":{"mods":["AchievementEnabler","BaseMod","Colored Map","Colored Powertips","Highlight Path","Minty Spire (QoL Compilation)","Permanent Neow","Relic Stats","StSLib"],"gold_per_floor":[111,111,15,31,51,86,86,113,113,147,147,158,158,184,184,258,258,270,185,195,13,29,29,44,44,44,63,63,76,76,256,256,329,329,342,342,352,402,420,453,472,497,521,521,152,152,15,15,15,15,15,15,15,15,44,44],"floor_reached":57,"playtime":4479,"items_purged":["Parasite","Expertise"],"score":2901,"play_id":"42965aac-a82b-4457-b800-bdad41ba0dde","local_time":"20210108190000","is_ascension_mode":true,"campfire_choices":[{"data":"Dash","floor":7.0,"key":"SMITH"},{"data":"Crippling Poison","floor":11.0,"key":"SMITH"},{"floor":15,"key":"REST"},{"data":"Wraith Form v2","floor":23,"key":"SMITH"},{"data":"Burst","floor":25,"key":"SMITH"},{"data":"Catalyst","floor":30,"key":"SMITH"},{"data":"Bouncing Flask","floor":32,"key":"SMITH"},{"data":"Night Terror","floor":44,"key":"SMITH"},{"floor":46,"key":"RECALL"},{"data":"Acrobatics","floor":49,"key":"SMITH"},{"data":"After Image","floor":53,"key":"SMITH"}],"circlet_count":0,"master_deck":["AscendersBane","Defend_G","Defend_G","Defend_G","Defend_G","Survivor","Neutralize","Crippling Poison+1","Bouncing Flask+1","Dash+1","Poisoned Stab","Backflip","Wraith Form v2+1","Acrobatics+1","Night Terror+1","Backflip","Burst+1","PiercingWail","Catalyst+1","Bite","Bite","Bite","Bite","Bite","After Image+1","Noxious Fumes+1","Catalyst+1"],"relics":["Cursed Key","Juzu Bracelet","Akabeko","Ancient Tea Set","Vajra","Dream Catcher","Philosopher\u0027s Stone","Oddly Smooth Stone","Runic Pyramid","PreservedInsect","Lantern","Membership Card","The Specimen","Frozen Eye","Boot"],"acts_visited":["TheCity","TheBeyond","TheEnding"],"potions_floor_usage":[14,14,55,56],"damage_taken":[{"damage":2.0,"enemies":"Cultist","floor":1.0,"turns":6.0},{"damage":9.0,"enemies":"Jaw Worm","floor":4.0,"turns":5.0},{"damage":0.0,"enemies":"Small Slimes","floor":5.0,"turns":3.0},{"damage":21.0,"enemies":"Gremlin Nob","floor":6.0,"turns":4.0},{"damage":2.0,"enemies":"3 Sentries","floor":8.0,"turns":8.0},{"damage":0.0,"enemies":"Gremlin Nob","floor":10.0,"turns":3.0},{"damage":0.0,"enemies":"Exordium Wildlife","floor":12.0,"turns":2.0},{"damage":26,"enemies":"3 Sentries","floor":14,"turns":12},{"damage":16,"enemies":"Hexaghost","floor":16,"turns":10},{"damage":10,"enemies":"Shell Parasite","floor":18,"turns":5},{"damage":3,"enemies":"Chosen","floor":20,"turns":5},{"damage":1,"enemies":"Centurion and Healer","floor":22,"turns":9},{"damage":12,"enemies":"3 Cultists","floor":24,"turns":5},{"damage":3,"enemies":"Shelled Parasite and Fungi","floor":27,"turns":7},{"damage":1,"enemies":"Centurion and Healer","floor":29,"turns":9},{"damage":18,"enemies":"Champ","floor":33,"turns":8},{"damage":0,"enemies":"3 Shapes","floor":35,"turns":4},{"damage":22,"enemies":"3 Darklings","floor":37,"turns":9},{"damage":18,"enemies":"Spire Growth","floor":39,"turns":6},{"damage":0,"enemies":"Reptomancer","floor":40,"turns":5},{"damage":9,"enemies":"Sphere and 2 Shapes","floor":41,"turns":8},{"damage":0,"enemies":"Nemesis","floor":42,"turns":3},{"damage":0,"enemies":"Time Eater","floor":50,"turns":5},{"damage":8,"enemies":"Awakened One","floor":51,"turns":10},{"damage":20,"enemies":"Shield and Spear","floor":55,"turns":6},{"damage":21,"enemies":"The Heart","floor":56,"turns":6}],"seed_played":"310726146905428436","potions_obtained":[{"floor":5.0,"key":"GhostInAJar"},{"floor":6.0,"key":"Swift Potion"},{"floor":8.0,"key":"FearPotion"},{"floor":10.0,"key":"PowerPotion"},{"floor":27,"key":"Explosive Potion"},{"floor":29,"key":"Fire Potion"},{"floor":33,"key":"GamblersBrew"},{"floor":35,"key":"Dexterity Potion"}],"is_trial":false,"path_per_floor":["M","?","?","M","M","E","R","E","T","E","R","M","?","E","R","B",null,"M","?","M","$","M","R","M","R","T","M","?","M","R","?","R","B",null,"M","?","M","?","M","E","M","E","T","R","$","R","$","T","R","B","B",null,"R","$","E","B",null],"character_chosen":"THE_SILENT","items_purchased":["Burst","PiercingWail","Membership Card","The Specimen","Frozen Eye"],"campfire_rested":1,"item_purchase_floors":[21,21,45,45,47],"current_hp_per_floor":[57,62,62,53,53,32,32,30,30,30,30,30,30,4,25,9,56,46,46,43,43,42,42,30,30,30,27,27,49,49,30,30,34,45,49,49,49,49,43,49,48,49,49,49,46,46,46,46,46,46,46,46,46,46,36,25],"gold":44,"neow_bonus":"BOSS_RELIC","is_daily":false,"chose_seed":false,"campfire_upgraded":9,"win_rate":0.0,"timestamp":1610128800,"path_taken":["M","?","?","M","M","E","R","E","T","E","R","M","?","E","R","BOSS","M","?","M","$","M","R","M","R","T","M","?","M","R","?","R","BOSS","M","?","M","?","M","E","M","E","T","R","$","R","$","?","R","BOSS","BOSS","R","$","E","BOSS"],"items_purchased_type":["Card","Card","Relic","Relic","Relic"],"build_version":"2020-12-22","purchased_purges":2,"victory":true,"max_hp_per_floor":[66,71,71,71,71,71,71,71,71,71,71,71,71,71,71,71,71,71,71,71,71,71,71,71,71,71,71,49,49,49,49,49,49,49,49,49,49,49,49,49,49,49,49,49,46,46,46,46,46,46,46,46,46,46,46,46],"relic_stats":{"Dream Catcher":1,"counters":[26,163],"PreservedInsect":127,"Juzu Bracelet":2,"Cursed Key":1,"Boot":[1],"obtain_stats":[{"Lantern":42,"The Specimen":45,"Vajra":10,"Oddly Smooth Stone":19,"PreservedInsect":40,"Juzu Bracelet":3,"Cursed Key":0,"Ancient Tea Set":8,"Boot":55,"Akabeko":6,"Frozen Eye":47,"Dream Catcher":14,"Philosopher\u0027s Stone":17,"Membership Card":45,"Ring of the Snake":0,"Runic Pyramid":34},{"Lantern":22,"The Specimen":22,"Vajra":6,"Oddly Smooth Stone":10,"PreservedInsect":20,"Juzu Bracelet":1,"Cursed Key":0,"Ancient Tea Set":5,"Boot":25,"Akabeko":4,"Frozen Eye":22,"Dream Catcher":8,"Philosopher\u0027s Stone":9,"Membership Card":22,"Ring of the Snake":0,"Runic Pyramid":16},{"Lantern":136,"The Specimen":136,"Vajra":29,"Oddly Smooth Stone":58,"PreservedInsect":125,"Juzu Bracelet":6,"Cursed Key":0,"Ancient Tea Set":26,"Boot":157,"Akabeko":18,"Frozen Eye":136,"Dream Catcher":43,"Philosopher\u0027s Stone":53,"Membership Card":136,"Ring of the Snake":0,"Runic Pyramid":101}]},"card_choices":[{"not_picked":["Deadly Poison","Riddle With Holes"],"picked":"Crippling Poison","floor":1.0},{"not_picked":["Backflip","Finisher"],"picked":"Bouncing Flask","floor":4.0},{"not_picked":["Underhanded Strike","Setup"],"picked":"Dash","floor":5.0},{"not_picked":["Cloak And Dagger","Underhanded Strike"],"picked":"Poisoned Stab","floor":6.0},{"not_picked":["Heel Hook","Flechettes","Expertise"],"picked":"SKIP","floor":8.0},{"not_picked":["Heel Hook","Flechettes","Expertise"],"picked":"SKIP","floor":8.0},{"not_picked":["Predator","Quick Slash"],"picked":"Backflip","floor":10.0},{"not_picked":["Noxious Fumes","Poisoned Stab"],"picked":"Wraith Form v2","floor":12.0},{"not_picked":["Quick Slash","Flying Knee","Sucker Punch"],"picked":"SKIP","floor":14},{"not_picked":["Dodge and Roll","All Out Attack"],"picked":"Acrobatics","floor":15},{"not_picked":["After Image","Die Die Die"],"picked":"Night Terror","floor":16},{"not_picked":["Flying Knee","Deadly Poison"],"picked":"Backflip","floor":18},{"not_picked":["Outmaneuver","Distraction","Quick Slash"],"picked":"SKIP","floor":20},{"not_picked":["Sucker Punch","Quick Slash","Bane"],"picked":"SKIP","floor":22},{"not_picked":["Endless Agony","Blade Dance"],"picked":"Expertise","floor":24},{"not_picked":["Backstab","Underhanded Strike"],"picked":"Catalyst","floor":27},{"not_picked":["Deadly Poison","Poisoned Stab","Dagger Throw"],"picked":"SKIP","floor":29},{"not_picked":["Phantasmal Killer","Glass Knife"],"picked":"After Image","floor":33},{"not_picked":["Sucker Punch","Prepared","Setup"],"picked":"SKIP","floor":35},{"not_picked":["Well Laid Plans","Deadly Poison","Terror"],"picked":"SKIP","floor":37},{"not_picked":["All Out Attack+1","Backstab"],"picked":"Noxious Fumes+1","floor":39},{"not_picked":["Dash+1","Escape Plan+1"],"picked":"Catalyst+1","floor":40},{"not_picked":["Dagger Throw","Unload","Slice"],"picked":"SKIP","floor":41},{"not_picked":["Deflect","Deadly Poison","Blur"],"picked":"SKIP","floor":42},{"not_picked":["Blade Dance","Flying Knee","Prepared"],"picked":"SKIP","floor":55}],"player_experience":2103842,"relics_obtained":[{"floor":6.0,"key":"Akabeko"},{"floor":8.0,"key":"Ancient Tea Set"},{"floor":10.0,"key":"Vajra"},{"floor":14,"key":"Dream Catcher"},{"floor":40,"key":"PreservedInsect"},{"floor":42,"key":"Lantern"},{"floor":55,"key":"Boot"}],"event_choices":[{"damage_healed":0.0,"max_hp_gain":5.0,"max_hp_loss":0.0,"gold_gain":0.0,"event_name":"Big Fish","player_choice":"Donut","floor":2.0,"gold_loss":0.0,"damage_taken":0.0},{"damage_healed":0.0,"max_hp_gain":0.0,"max_hp_loss":0.0,"gold_gain":0.0,"event_name":"WeMeetAgain","player_choice":"Paid Gold","floor":3.0,"gold_loss":96.0,"damage_taken":0.0,"relics_obtained":["Juzu Bracelet"]},{"damage_healed":0.0,"max_hp_gain":0.0,"max_hp_loss":0.0,"gold_gain":0.0,"event_name":"Liars Game","player_choice":"Ignored","floor":13.0,"gold_loss":0.0,"damage_taken":0.0},{"damage_healed":0,"gold_gain":0,"player_choice":"Obtained Relic","damage_taken":0,"relics_obtained":["Oddly Smooth Stone"],"max_hp_gain":0,"max_hp_loss":0,"event_name":"Addict","floor":19,"gold_loss":85},{"damage_healed":0,"gold_gain":0,"player_choice":"Became a vampire","damage_taken":0,"max_hp_gain":0,"max_hp_loss":22,"event_name":"Vampires","floor":28,"gold_loss":0,"cards_obtained":["Bite","Bite","Bite","Bite","Bite"]},{"damage_healed":0,"gold_gain":180,"player_choice":"GOLD GOLD ","damage_taken":19,"max_hp_gain":0,"max_hp_loss":0,"event_name":"Knowing Skull","floor":31,"potions_obtained":[],"gold_loss":0,"cards_obtained":[]},{"cards_removed":["Defend_G"],"damage_healed":0,"gold_gain":0,"player_choice":"Removed Skill","damage_taken":0,"max_hp_gain":0,"max_hp_loss":0,"event_name":"Falling","floor":36,"gold_loss":0},{"damage_healed":0,"gold_gain":50,"player_choice":"Pray","damage_taken":0,"max_hp_gain":0,"max_hp_loss":0,"event_name":"Golden Shrine","floor":38,"gold_loss":0}],"is_beta":false,"boss_relics":[{"not_picked":["Black Star","Sozu"],"picked":"Philosopher\u0027s Stone"},{"not_picked":["Snecko Eye","Astrolabe"],"picked":"Runic Pyramid"}],"items_purged_floors":[45,47],"is_endless":false,"potions_floor_spawned":[5,6,8,10,27,29,33,35,39],"ascension_level":20}}