{"host":"Alvar","time":1610093444,"event":{"mods":["AchievementEnabler","BaseMod","Minty Spire (QoL Compilation)","StSLib"],"gold_per_floor":[116,128,128,128,72,98,117,160,160,178,188,220,249,63,63,148,148,148,148],"floor_reached":18,"playtime":567,"items_purged":[],"score":414,"play_id":"1174b14e-f88c-49e7-b016-dcb5fc9cbfb9","local_time":"20210108151044","is_ascension_mode":true,"campfire_choices":[{"data":"Disarm","floor":15,"key":"SMITH"}],"circlet_count":0,"master_deck":["AscendersBane","Strike_R+1","Strike_R","Strike_R","Strike_R+1","Strike_R","Defend_R","Defend_R","Defend_R","Defend_R","Bash+1","Thunderclap","Impervious","Iron Wave","Fiend Fire","Disarm+1","Apotheosis","Feed"],"relics":["Burning Blood","NeowsBlessing","Shuriken","Girya","CeramicFish","Incense Burner","Whetstone","Runic Pyramid"],"acts_visited":["Exordium","TheCity"],"potions_floor_usage":[8],"damage_taken":[{"damage":0,"enemies":"Cultist","floor":1,"turns":1},{"damage":0,"enemies":"Small Slimes","floor":2,"turns":1},{"damage":0,"enemies":"3 Sentries","floor":6,"turns":2},{"damage":2,"enemies":"2 Louse","floor":7,"turns":4},{"damage":25,"enemies":"Lagavulin","floor":8,"turns":6},{"damage":19,"enemies":"Red Slaver","floor":10,"turns":5},{"damage":2,"enemies":"Exordium Thugs","floor":11,"turns":4},{"damage":9,"enemies":"Gremlin Nob","floor":12,"turns":4},{"damage":3,"enemies":"3 Louse","floor":13,"turns":3},{"damage":6,"enemies":"The Guardian","floor":16,"turns":16},{"damage":23,"enemies":"3 Byrds","floor":18,"turns":3}],"seed_played":"794579359596848909","potions_obtained":[{"floor":2,"key":"Weak Potion"},{"floor":12,"key":"SteroidPotion"},{"floor":13,"key":"DuplicationPotion"},{"floor":16,"key":"LiquidMemories"}],"is_trial":false,"path_per_floor":["M","M","?","?","?","E","M","E","T","M","M","E","M","$","R","B",null,"M"],"character_chosen":"IRONCLAD","items_purchased":["Apotheosis"],"campfire_rested":0,"item_purchase_floors":[14],"current_hp_per_floor":[74,75,75,75,75,75,75,56,56,43,47,44,47,47,47,47,68,45,45],"gold":148,"neow_bonus":"THREE_ENEMY_KILL","is_daily":false,"chose_seed":false,"campfire_upgraded":1,"win_rate":0.0,"timestamp":1610093444,"path_taken":["M","M","?","?","?","E","M","E","T","M","M","E","?","?","R","BOSS","M"],"items_purchased_type":["Card"],"build_version":"2020-12-18","purchased_purges":0,"victory":false,"max_hp_per_floor":[75,75,75,75,75,75,75,75,75,75,75,75,75,75,75,75,75,75,75],"card_choices":[{"not_picked":["Warcry","Combust"],"picked":"Thunderclap","floor":1},{"not_picked":["Iron Wave","Anger"],"picked":"Impervious","floor":2},{"not_picked":["Havoc","Headbutt","Warcry"],"picked":"SKIP","floor":6},{"not_picked":["Havoc","Headbutt","Warcry"],"picked":"SKIP","floor":6},{"not_picked":["Infernal Blade","Armaments"],"picked":"Iron Wave","floor":7},{"not_picked":["Bloodletting","Uppercut"],"picked":"Fiend Fire","floor":8},{"not_picked":["Thunderclap","Second Wind","Body Slam"],"picked":"SKIP","floor":10},{"not_picked":["Sever Soul","Wild Strike","Body Slam"],"picked":"SKIP","floor":11},{"not_picked":["True Grit","Cleave","Fire Breathing"],"picked":"SKIP","floor":12},{"not_picked":["Dropkick","Iron Wave"],"picked":"Disarm","floor":13},{"not_picked":["Fiend Fire","Juggernaut"],"picked":"Feed","floor":16}],"player_experience":766050,"relics_obtained":[{"floor":6,"key":"Girya"},{"floor":8,"key":"CeramicFish"},{"floor":9,"key":"Incense Burner"},{"floor":12,"key":"Whetstone"}],"event_choices":[{"damage_healed":0,"gold_gain":0,"player_choice":"Grow","damage_taken":0,"max_hp_gain":0,"max_hp_loss":0,"event_name":"Living Wall","floor":3,"gold_loss":0,"cards_upgraded":["Bash"]},{"damage_healed":0,"gold_gain":0,"player_choice":"Ignored","damage_taken":0,"max_hp_gain":0,"max_hp_loss":0,"event_name":"Liars Game","floor":4,"gold_loss":0},{"damage_healed":0,"gold_gain":0,"player_choice":"Paid Gold","damage_taken":0,"relics_obtained":["Shuriken"],"max_hp_gain":0,"max_hp_loss":0,"event_name":"WeMeetAgain","floor":5,"gold_loss":56}],"is_beta":true,"boss_relics":[{"not_picked":["Black Star","Black Blood"],"picked":"Runic Pyramid"}],"items_purged_floors":[],"is_endless":false,"potions_floor_spawned":[2,12,13,16],"killed_by":"3 Byrds","ascension_level":20}}