{"host":"flm17o2q7bfjyna6","time":1610126096,"event":{"mods":["2.2 Compatiblity","Act Like it!","BaseMod","Better Altar","Better Match","Better Note","Better Sensory Stone","Better Skull","Better Third Choice","Better Vampires","Colored Map","Colored Powertips","DeckTracker","Hermit","Minty Spire (QoL Compilation)","Quick Restart","Replay The Spire","Reworked Bosses","Spicy Shops","StSLib","Wandering Minibosses"],"gold_per_floor":[119,19,19,19,31,31,65,65,65,86,106,106,139,152,427,523,523,539,553,553,478,478,478,490,12,37,57,57,70,110,131,131,242,242,260,284,284,44,69,111,111,135,183,200,200,250,282,308,308,308,308,308,6,43,43],"floor_reached":56,"playtime":3350,"items_purged":["hermit:Strike_Hermit","hermit:Defend_Hermit"],"score":1928,"play_id":"35421c40-fafb-4f9e-b87a-aac940a93fcc","local_time":"20210108121456","is_ascension_mode":true,"campfire_choices":[{"data":"hermit:GoldenBullet","floor":6,"key":"SMITH"},{"data":"hermit:Vantage","floor":8,"key":"SMITH"},{"data":"hermit:Snapshot","floor":12,"key":"SMITH"},{"data":"hermit:Covet","floor":23,"key":"SMITH"},{"floor":28,"key":"REST"},{"data":"hermit:ShadowCloak","floor":41,"key":"SMITH"},{"data":"hermit:HeroicBravado","floor":45,"key":"SMITH"},{"floor":49,"key":"RECALL"},{"floor":52,"key":"REST"}],"circlet_count":0,"master_deck":["AscendersBane","hermit:Strike_Hermit+1","hermit:Strike_Hermit","hermit:Defend_Hermit","hermit:Defend_Hermit","hermit:Defend_Hermit","hermit:Snapshot+1","hermit:Covet+1","hermit:Determination","hermit:Desperado","hermit:Enervate","ReplayTheSpireMod:Private Reserves","hermit:GoldenBullet+1","hermit:Vantage+1","ReplayTheSpireMod:Splinters","hermit:Glare","hermit:SprayPray","hermit:Deadeye+1","Regret","hermit:HeroicBravado+1","hermit:FlashPowder+1","hermit:Brawl+1","Injury","hermit:ShadowCloak+1","hermit:Scavenge+1","hermit:Manifest+1","hermit:Gestalt","hermit:Spite+1","Writhe","hermit:Vantage+1","hermit:Spite+1","Injury","ReplayTheSpireMod:Doomed","hermit:BigShot+1","hermit:FatalDesire+1"],"relics":["hermit:Momento","NeowsBlessing","Singing Bowl","Meat on the Bone","hermit:Spyglass","Calipers","Onion Ring","ReplayTheSpireMod:DimensionalGlitch","MutagenicStrength","Membership Card","Replay:Ringing Soul","Anchor","hermit:CharredGlove","Vajra","Iron Hammer","Cursed Key","Strawberry","Bag of Marbles","Juzu Bracelet","Boot","Nunchaku","Dead Branch","Girya","Replay:Bottled Steam","Golden Egg","OrangePellets","Whetstone"],"acts_visited":["Exordium","TheCity","TheBeyond","TheEnding"],"potions_floor_usage":[13,19,33,55,55],"damage_taken":[{"damage":0,"enemies":"Cultist","floor":1,"turns":1},{"damage":0,"enemies":"2 Louse","floor":5,"turns":2},{"damage":0,"enemies":"Lagavulin","floor":7,"turns":3},{"damage":7,"enemies":"Jaw Worm","floor":11,"turns":4},{"damage":16,"enemies":"3 Sentries","floor":13,"turns":6},{"damage":0,"enemies":"2 Fungi Beasts","floor":14,"turns":2},{"damage":2,"enemies":"Slime Boss","floor":16,"turns":5},{"damage":1,"enemies":"Spheric Guardian","floor":18,"turns":3},{"damage":27,"enemies":"2 Thieves","floor":19,"turns":4},{"damage":28,"enemies":"Cultist and Chosen","floor":24,"turns":6},{"damage":8,"enemies":"Centurion and Healer","floor":27,"turns":5},{"damage":19,"enemies":"Chosen and Byrds","floor":29,"turns":5},{"damage":19,"enemies":"Replay:Snechameleon","floor":30,"turns":4},{"damage":1,"enemies":"Cultist and Chosen","floor":31,"turns":5},{"damage":7,"enemies":"bossMod:newChamp","floor":33,"turns":13},{"damage":0,"enemies":"Orb Walker","floor":35,"turns":3},{"damage":39,"enemies":"3 Darklings","floor":36,"turns":7},{"damage":0,"enemies":"Sphere and 2 Shapes","floor":39,"turns":3},{"damage":1,"enemies":"R_Hoarder","floor":40,"turns":8},{"damage":2,"enemies":"Maw","floor":42,"turns":6},{"damage":20,"enemies":"Jaw Worm Horde","floor":44,"turns":4},{"damage":10,"enemies":"Mind Bloom Boss Battle","floor":46,"turns":6},{"damage":1,"enemies":"Nemesis","floor":47,"turns":5},{"damage":55,"enemies":"bossMod:newShapes","floor":50,"turns":9},{"damage":10,"enemies":"Shield and Spear","floor":54,"turns":6},{"damage":106,"enemies":"The Heart","floor":55,"turns":11}],"seed_played":"-8027081519205067809","potions_obtained":[{"floor":1,"key":"LiquidMemories"},{"floor":5,"key":"AttackPotion"},{"floor":13,"key":"SpeedPotion"},{"floor":19,"key":"Energy Potion"},{"floor":29,"key":"Cursed Concoction"},{"floor":30,"key":"hermit:Tonic"},{"floor":31,"key":"Regen Potion"},{"floor":39,"key":"Cursed Concoction"},{"floor":46,"key":"Strength Potion"}],"is_trial":false,"path_per_floor":["M","$","T","?","M","R","E","R","T","?","M","R","E","M","R_BF","B",null,"M","M","?","?","?","R","M","$","T","M","R","M","E","M","R_BF","B",null,"M","M","?","$","M","E","R","M","T","M","R","?","E","T","R","B",null,"R","$","E","B",null],"character_chosen":"HERMIT","items_purchased":["hermit:Desperado","hermit:Enervate","Membership Card","Replay:Ringing Soul","Anchor","hermit:CharredGlove","hermit:ShadowCloak","Strawberry","Bag of Marbles","Juzu Bracelet","Replay:Bottled Steam","Golden Egg","OrangePellets","hermit:BigShot"],"campfire_rested":2,"item_purchase_floors":[2,2,25,25,25,25,25,38,38,38,53,53,53,53],"current_hp_per_floor":[68,68,68,68,68,68,68,68,68,70,63,63,47,47,47,45,69,70,43,43,43,43,43,21,24,24,25,50,39,28,36,63,67,87,90,54,82,89,92,94,94,94,97,79,79,71,72,75,75,26,104,130,133,126,26],"gold":43,"neow_bonus":"THREE_ENEMY_KILL","is_daily":false,"chose_seed":false,"campfire_upgraded":6,"win_rate":0.0,"timestamp":1610126096,"path_taken":["M","$","?","?","M","R","E","R","T","?","?","R","E","M","R_BF","BOSS","M","M","?","?","?","R","M","$","T","?","R","M","E","M","R_BF","BOSS","M","M","?","$","M","E","R","M","T","M","R","?","E","?","R","BOSS","R","$","E","BOSS"],"items_purchased_type":["Card","Card","Relic","Relic","Relic","Relic","Card","Relic","Relic","Relic","Relic","Relic","Relic","Card"],"build_version":"2020-12-22","purchased_purges":2,"victory":true,"max_hp_per_floor":[75,75,75,75,75,75,75,75,75,77,77,77,77,77,77,77,77,79,79,79,79,79,79,79,82,82,85,85,87,89,92,92,94,94,97,100,103,110,113,116,116,118,121,123,123,125,127,130,130,130,130,130,133,136,136],"card_choices":[{"not_picked":["hermit:Vantage","hermit:TrackingShot"],"picked":"hermit:Determination","floor":1},{"not_picked":["Replay:Bootleg Shield Generator","Survey Options"],"picked":"ReplayTheSpireMod:Private Reserves","floor":4},{"not_picked":["hermit:Manifest","hermit:TakeAim"],"picked":"hermit:GoldenBullet","floor":5},{"not_picked":["hermit:CalledShot","hermit:ShadowCloak"],"picked":"hermit:Vantage","floor":7},{"not_picked":["hermit:TrackingShot","hermit:CalledShot","hermit:DeadMansHand"],"picked":"Singing Bowl","floor":10},{"not_picked":["hermit:HighCaliber","hermit:Horror"],"picked":"hermit:Glare","floor":11},{"not_picked":["hermit:Horror","hermit:Cheat"],"picked":"hermit:SprayPray","floor":13},{"not_picked":["hermit:Vantage","hermit:ItchyTrigger"],"picked":"hermit:Deadeye","floor":14},{"not_picked":["hermit:Gambit","hermit:FromBeyond"],"picked":"hermit:HeroicBravado","floor":16},{"not_picked":["hermit:BodyArmor","hermit:Glare+1","hermit:BigShot"],"picked":"Singing Bowl","floor":18},{"not_picked":["hermit:Glare","hermit:Roulette"],"picked":"hermit:FlashPowder+1","floor":19},{"not_picked":["hermit:Snipe","hermit:BodyArmor"],"picked":"hermit:Brawl+1","floor":24},{"not_picked":["hermit:FullyLoaded","hermit:Roulette+1"],"picked":"hermit:Scavenge","floor":27},{"not_picked":["hermit:TrackingShot","hermit:Shortfuse","hermit:Brawl"],"picked":"Singing Bowl","floor":29},{"not_picked":["hermit:Misfire+1","hermit:Shortfuse","hermit:Roulette"],"picked":"Singing Bowl","floor":30},{"not_picked":["hermit:Cheat","hermit:HighCaliber"],"picked":"hermit:Manifest+1","floor":31},{"not_picked":["hermit:Purgatory","hermit:HighNoon","hermit:BlackWind"],"picked":"Singing Bowl","floor":33},{"not_picked":["hermit:HighCaliber+1","hermit:BodyArmor"],"picked":"hermit:Gestalt","floor":35},{"not_picked":["hermit:Quickdraw","hermit:Desperado+1"],"picked":"hermit:Spite+1","floor":36},{"not_picked":["hermit:Roulette+1","hermit:DeadMansHand"],"picked":"hermit:Vantage+1","floor":39},{"not_picked":["hermit:PistolWhip","hermit:Glare+1"],"picked":"hermit:Spite+1","floor":40},{"not_picked":["hermit:SprayPray+1","hermit:Scavenge","hermit:Manifest"],"picked":"Singing Bowl","floor":42},{"not_picked":["hermit:Vantage","hermit:FullyLoaded+1","hermit:BlackWind"],"picked":"Singing Bowl","floor":44},{"not_picked":["hermit:SprayPray+1","hermit:Manifest+1","hermit:Desperado+1"],"picked":"Singing Bowl","floor":46},{"not_picked":["hermit:BodyArmor+1","hermit:FromBeyond","hermit:ItchyTrigger+1"],"picked":"Singing Bowl","floor":47},{"not_picked":["hermit:Roulette","hermit:WideOpen+1"],"picked":"hermit:FatalDesire","floor":54}],"player_experience":1649494,"relics_obtained":[{"floor":3,"key":"Singing Bowl"},{"floor":7,"key":"Meat on the Bone"},{"floor":9,"key":"hermit:Spyglass"},{"floor":10,"key":"Calipers"},{"floor":13,"key":"Onion Ring"},{"floor":26,"key":"Vajra"},{"floor":30,"key":"Iron Hammer"},{"floor":40,"key":"Boot"},{"floor":43,"key":"Nunchaku"},{"floor":46,"key":"Dead Branch"},{"floor":47,"key":"Girya"},{"floor":54,"key":"Whetstone"}],"event_choices":[{"damage_healed":0,"gold_gain":1,"player_choice":"1","damage_taken":0,"max_hp_gain":0,"max_hp_loss":0,"event_name":"betterStone:BetterStone","floor":4,"gold_loss":0},{"damage_healed":0,"gold_gain":275,"player_choice":"Desecrate","damage_taken":0,"max_hp_gain":0,"max_hp_loss":0,"event_name":"Golden Shrine","floor":15,"gold_loss":0,"cards_obtained":["Regret"]},{"cards_removed":["hermit:Strike_Hermit"],"damage_healed":0,"gold_gain":0,"player_choice":"Give","damage_taken":0,"max_hp_gain":0,"max_hp_loss":0,"event_name":"betterNote:BetterNote","floor":20,"gold_loss":0,"cards_obtained":["Strike_B"]},{"cards_removed":["hermit:Strike_Hermit"],"damage_healed":0,"gold_gain":0,"player_choice":"Gave Gold","damage_taken":0,"max_hp_gain":0,"max_hp_loss":0,"event_name":"Beggar","floor":21,"gold_loss":75},{"damage_healed":0,"gold_gain":0,"player_choice":"Inject Mutagens","damage_taken":0,"relics_obtained":["MutagenicStrength"],"max_hp_gain":0,"max_hp_loss":0,"event_name":"Drug Dealer","floor":22,"gold_loss":0},{"damage_healed":25,"gold_gain":0,"player_choice":"Writhe","damage_taken":0,"max_hp_gain":0,"max_hp_loss":0,"event_name":"Winding Halls","floor":37,"gold_loss":0,"cards_obtained":["Writhe"]},{"damage_healed":0,"gold_gain":0,"player_choice":"Fight","damage_taken":0,"max_hp_gain":0,"max_hp_loss":0,"event_name":"MindBloom","floor":46,"gold_loss":0}],"is_beta":false,"boss_relics":[{"not_picked":["Snecko Heart","Replay:Drink Me"],"picked":"ReplayTheSpireMod:DimensionalGlitch"},{"not_picked":["Replay:Bronze Core","Ring of Chaos"],"picked":"Cursed Key"}],"items_purged_floors":[25,38],"is_endless":false,"potions_floor_spawned":[1,5,13,19,29,30,31,39,40,46,47],"ascension_level":10}}