{"host":"dzit4ljil6490tuf","time":1610067422,"event":{"mods":["BaseMod","Downfall","Hermit","Hubris","Marisa????????","Minty Spire (QoL Compilation)","StSLib","The Cursed","The Runesmith","The Servant 0.9.4"],"gold_per_floor":[99,115,115,127,277,309,309,329,358,29,49,49,49,75,95,195,195,195,208,219,83,83,83,83,102,121,121,158,180,180,180,207,319,319,319,348,367,376,434,60,85,105,128,152,77,104,104,130,141,141],"floor_reached":51,"playtime":3047,"items_purged":["Regret","hexamod:Strike"],"score":776,"play_id":"ad61edc8-8c5b-4ea4-824b-c7cc22053f96","local_time":"20210108015702","is_ascension_mode":true,"campfire_choices":[{"data":"hexamod:Sear","floor":1,"key":"SMITH"},{"floor":12,"key":"REST"},{"floor":13,"key":"REST"},{"data":"hexamod:TimeOfNeed","floor":18,"key":"SMITH"},{"floor":27,"key":"REST"},{"floor":30,"key":"REST"},{"floor":35,"key":"RECALL"},{"floor":45,"key":"REST"},{"floor":47,"key":"REST"}],"circlet_count":0,"master_deck":["hexamod:Strike+1","hexamod:Strike+1","hexamod:Strike","hexamod:Defend+1","hexamod:Defend","hexamod:Defend+1","hexamod:Sear+1","hexamod:Float+1","hexamod:Firestarter+1","hexamod:AdvancingGuard+1","Slimebound:Icky","hexamod:FlamesFromBeyond","hexamod:HeatCrush+1","hexamod:SwordOfDarkness+1","hexamod:HauntingEcho+1","hexamod:SpectersWail+1","hexamod:HauntingEcho+1","hexamod:TimeOfNeed+1","hexamod:SpectersWail","hexamod:HauntingEcho","hexamod:ShieldOfDarkness+1","hexamod:SixthSeal","hexamod:GhostShield+1","hexamod:GhostLash","hexamod:DynamicBlow","hexamod:SoulSteal+1","hexamod:SuperheatedStrike","hexamod:ThermalTransfer+1","hexamod:InspiringFlames+1","hexamod:SwordOfDarkness+1","hexamod:GhostflameInferno","hexamod:ShieldOfDarkness","hexamod:VolcanoVisage","hexamod:ShieldOfDarkness","hexamod:ThermalTransfer+1","hexamod:FirstSeal","hexamod:TimeOfNeed","hexamod:RainOfEmbers+1","hexamod:ThermalTransfer","hexamod:Rewind","hexamod:GhostLash+1","hexamod:GhostOfSpirePast","hexamod:EmpoweredFlame+1"],"relics":["hexamod:SpiritBrand","Bag of Marbles","WingedGreaves","Orichalcum","Centennial Puzzle","Philosopher\u0027s Stone","MutagenicStrength","Runesmith:AutoHammer","CeramicFish","hexamod:MatchstickCase","Fusion Hammer","Dead Branch","hubris:CuriousFeather","CaptainsWheel","Omamori","downfall:HeartBlessingRed"],"acts_visited":["Exordium","TheCity","TheBeyond"],"potions_floor_usage":[9,9,14,20,25,28,33,42,49,50],"damage_taken":[{"damage":5,"enemies":"2 Louse","floor":2,"turns":3},{"damage":6,"enemies":"Small Slimes","floor":4,"turns":3},{"damage":25,"enemies":"3 Sentries","floor":6,"turns":10},{"damage":2,"enemies":"Jaw Worm","floor":8,"turns":3},{"damage":25,"enemies":"Lagavulin","floor":9,"turns":5},{"damage":2,"enemies":"downfall:FleeingMerchant","floor":10,"turns":4},{"damage":0,"enemies":"Large Slime","floor":11,"turns":4},{"damage":0,"enemies":"3 Sentries","floor":14,"turns":4},{"damage":0,"enemies":"Exordium Wildlife","floor":15,"turns":1},{"damage":16,"enemies":"downfall:Ironclad","floor":16,"turns":6},{"damage":18,"enemies":"Chosen","floor":19,"turns":5},{"damage":12,"enemies":"Shelled Parasite and Fungi","floor":20,"turns":6},{"damage":14,"enemies":"downfall:FleeingMerchant","floor":21,"turns":4},{"damage":13,"enemies":"Chosen and Byrds","floor":25,"turns":5},{"damage":10,"enemies":"Snake Plant","floor":26,"turns":2},{"damage":2,"enemies":"Slavers","floor":28,"turns":3},{"damage":0,"enemies":"Shelled Parasite and Fungi","floor":29,"turns":3},{"damage":17,"enemies":"Centurion and Healer","floor":32,"turns":5},{"damage":37,"enemies":"downfall:Silent","floor":33,"turns":8},{"damage":0,"enemies":"3 Shapes","floor":36,"turns":3},{"damage":17,"enemies":"3 Darklings","floor":37,"turns":4},{"damage":10,"enemies":"2 Orb Walkers","floor":39,"turns":4},{"damage":24,"enemies":"downfall:FleeingMerchant","floor":40,"turns":3},{"damage":1,"enemies":"Sphere and 2 Shapes","floor":42,"turns":3},{"damage":0,"enemies":"Jaw Worm Horde","floor":43,"turns":5},{"damage":9,"enemies":"Spire Growth","floor":44,"turns":3},{"damage":3,"enemies":"4 Shapes","floor":46,"turns":5},{"damage":6,"enemies":"Maw","floor":48,"turns":6},{"damage":28,"enemies":"Writhing Mass","floor":49,"turns":3},{"damage":1,"enemies":"downfall:Defect","floor":50,"turns":5}],"seed_played":"-9159289885299726144","potions_obtained":[{"floor":6,"key":"Slimebound:ThreeZeroPotion"},{"floor":8,"key":"hexamod:EctoCoolerPotion"},{"floor":9,"key":"DistilledChaos"},{"floor":14,"key":"Dexterity Potion"},{"floor":15,"key":"Energy Potion"},{"floor":20,"key":"Explosive Potion"},{"floor":28,"key":"sneckomod:MuddlingPotion"},{"floor":29,"key":"FairyPotion"},{"floor":39,"key":"Energy Potion"},{"floor":46,"key":"Guardian:BlockOnCardUsePotion"},{"floor":48,"key":"Weak Potion"}],"is_trial":false,"path_per_floor":["R","M","?","M","?","E","T","M","E","$","M","R","R","E","M","B",null,"R","M","M","$","?","?","T","M","M","R","E","M","R","?","M","B",null,"R","M","M","?","?","$","T","M","M","M","R","M","R","M","M","B",null],"character_chosen":"THE_SPIRIT","items_purchased":["hexamod:SpectersWail","hexamod:HauntingEcho","hexamod:TimeOfNeed","hexamod:SoulSteal","hexamod:SuperheatedStrike","hubris:CuriousFeather","CaptainsWheel"],"campfire_rested":6,"item_purchase_floors":[10,10,10,21,21,40,40],"current_hp_per_floor":[70,65,65,59,59,34,34,32,7,5,5,26,47,47,47,31,70,70,52,40,26,26,26,26,13,3,24,22,22,43,43,26,14,70,70,70,53,46,36,19,19,25,25,16,37,34,55,56,28,27],"gold":141,"neow_bonus":"REMOVE_CARD","is_daily":false,"chose_seed":false,"campfire_upgraded":2,"win_rate":0.0,"timestamp":1610067422,"path_taken":["R","M","?","M","?","E","T","M","E","$","M","R","R","E","M","BOSS","R","M","M","$","?","?","T","M","M","R","E","M","R","?","M","BOSS","R","M","M","?","?","?","T","M","M","M","R","M","R","M","M","BOSS"],"items_purchased_type":["Card","Card","Card","Card","Card","Relic","Relic"],"build_version":"2020-12-22","purchased_purges":2,"victory":true,"max_hp_per_floor":[70,70,70,70,70,70,70,70,70,70,70,70,70,70,70,70,70,70,70,70,70,70,70,70,70,70,70,70,70,70,70,70,70,70,70,70,70,70,70,70,70,70,70,70,70,70,70,70,70,70],"card_choices":[{"not_picked":["hexamod:NightmareGuise","hexamod:FastForward"],"picked":"hexamod:Firestarter","floor":2},{"not_picked":["hexamod:Firestarter","hexamod:TurnItUp"],"picked":"hexamod:AdvancingGuard","floor":4},{"not_picked":["hexamod:Hexaguard","hexamod:NightmareStrike"],"picked":"hexamod:FlamesFromBeyond","floor":6},{"not_picked":["hexamod:GhostLash","hexamod:PowerFromBeyond"],"picked":"hexamod:HeatCrush","floor":8},{"not_picked":["hexamod:SpectralSpark","hexamod:HeatCrush"],"picked":"hexamod:SwordOfDarkness","floor":9},{"not_picked":["hexamod:Firestarter","hexamod:HeatCrush"],"picked":"hexamod:HauntingEcho","floor":10},{"not_picked":["hexamod:StepThrough","hexamod:Rewind"],"picked":"hexamod:SpectersWail","floor":11},{"not_picked":["hexamod:GhostShield","hexamod:EmpoweringStance"],"picked":"hexamod:HauntingEcho","floor":14},{"not_picked":["hexamod:AdvancingGuard","hexamod:ThirdSeal"],"picked":"hexamod:ShieldOfDarkness","floor":15},{"not_picked":["hexamod:GiftsFromTheDead","hexamod:WildfireWeapon"],"picked":"hexamod:SixthSeal","floor":16},{"not_picked":["hexamod:SpectersWail","hexamod:Hexaguard"],"picked":"hexamod:GhostShield+1","floor":19},{"not_picked":["hexamod:SpectralAdrenaline","hexamod:RecurringNightmare"],"picked":"hexamod:GhostLash","floor":20},{"not_picked":["hexamod:PhantomCloak","hexamod:GhostLash+1"],"picked":"hexamod:DynamicBlow","floor":21},{"not_picked":["hexamod:SkipABeat","hexamod:EtherealExpedition+1"],"picked":"hexamod:ThermalTransfer+1","floor":25},{"not_picked":["hexamod:SecondSeal","hexamod:SuperheatedStrike"],"picked":"hexamod:InspiringFlames","floor":26},{"not_picked":["hexamod:FastForward","hexamod:HeatShield"],"picked":"hexamod:SwordOfDarkness+1","floor":28},{"not_picked":["hexamod:GhostOfSpireFuture","hexamod:InspiringFlames"],"picked":"hexamod:GhostflameInferno","floor":29},{"not_picked":["hexamod:SwordOfDarkness","hexamod:Hexaguard"],"picked":"hexamod:ShieldOfDarkness","floor":32},{"not_picked":["hexamod:Toasty","hexamod:EmpoweringStance"],"picked":"hexamod:VolcanoVisage","floor":33},{"not_picked":["hexamod:SwordOfDarkness","hexamod:Hexaguard"],"picked":"hexamod:ShieldOfDarkness","floor":36},{"not_picked":["hexamod:NightmareGuise","hexamod:NightmareStrike"],"picked":"hexamod:ThermalTransfer+1","floor":37},{"not_picked":["hexamod:RadiantFlame","hexamod:Again"],"picked":"hexamod:TimeOfNeed","floor":39},{"not_picked":["hexamod:HeatCrush+1","hexamod:Toasty"],"picked":"hexamod:RainOfEmbers+1","floor":40},{"not_picked":["hexamod:NightmareGuise","hexamod:SkipABeat"],"picked":"hexamod:ThermalTransfer","floor":42},{"not_picked":["hexamod:CatchUp","hexamod:Again+1"],"picked":"hexamod:Rewind","floor":43},{"not_picked":["hexamod:GhostOfSpirePast","hexamod:GhostOfSpireFuture+1"],"picked":"hexamod:GhostLash+1","floor":44},{"not_picked":["hexamod:NightmareStrike","hexamod:BacktrackSmack+1"],"picked":"hexamod:GhostOfSpirePast","floor":46},{"not_picked":["hexamod:BacktrackSmack+1","hexamod:NightmareGuise"],"picked":"hexamod:EmpoweredFlame+1","floor":48},{"not_picked":["hexamod:SwordOfDarkness","hexamod:GhostShield","hexamod:BacktrackSmack+1"],"picked":"SKIP","floor":49}],"player_experience":556670,"relics_obtained":[{"floor":6,"key":"Bag of Marbles"},{"floor":7,"key":"WingedGreaves"},{"floor":9,"key":"Orichalcum"},{"floor":14,"key":"Centennial Puzzle"},{"floor":24,"key":"Runesmith:AutoHammer"},{"floor":28,"key":"CeramicFish"},{"floor":39,"key":"Dead Branch"},{"floor":41,"key":"Omamori"}],"event_choices":[{"damage_healed":0,"gold_gain":0,"player_choice":"Ignored","damage_taken":0,"max_hp_gain":0,"max_hp_loss":0,"event_name":"Vampires","floor":22,"gold_loss":0},{"damage_healed":0,"gold_gain":0,"player_choice":"Inject Mutagens","damage_taken":0,"relics_obtained":["MutagenicStrength"],"max_hp_gain":0,"max_hp_loss":0,"event_name":"Drug Dealer","floor":23,"gold_loss":0},{"damage_healed":0,"gold_gain":0,"player_choice":"Fight","damage_taken":0,"max_hp_gain":0,"max_hp_loss":0,"event_name":"Mysterious Sphere","floor":39,"gold_loss":0}],"is_beta":false,"boss_relics":[{"not_picked":["hubris:Backtick","Runic Pyramid"],"picked":"Philosopher\u0027s Stone"},{"not_picked":["Runic Dome","Empty Cage"],"picked":"Fusion Hammer"}],"items_purged_floors":[10,40],"is_endless":false,"potions_floor_spawned":[6,8,9,14,15,20,28,29,39,46,48],"ascension_level":1}}