{"host":"ig7tc0uedzltt2sr","time":1610065186,"event":{"mods":["BaseMod","Better Twitch Integration","Block Reminder","Colored Map","Colored Powertips","Communication Mod","Current Relic Mod","GifTheSpireLib","HexUI Lib","Minty Spire (QoL Compilation)","Quick Restart","Random Character Button","Rare Cards Sparkle","Relic Sorter","Relic Stats","Slay the Relics Exporter","StSLib","SuperFastMode","Synergy Search","Twitch Decklist","Twitch Utils","everything is the same but u backflip on backflip","slay the spire mod where everything is the same but ironclad has a cowboy hat"],"gold_per_floor":[117,117,65,76,26,26,26,51,75,95,113,123,135,146,146,146,146],"floor_reached":16,"playtime":80,"items_purged":[],"score":129,"play_id":"6a7aff69-c913-4484-b1fb-41e503f3aa30","local_time":"20210107161946","is_ascension_mode":false,"campfire_choices":[{"floor":15,"key":"RECALL"}],"circlet_count":0,"master_deck":["Strike_R","Strike_R","Strike_R","Strike_R","Defend_R","Defend_R","Defend_R","Bash","Second Wind","Shrug It Off","Cleave","Immolate","Sever Soul","Disarm","Thunderclap","Metallicize","Armaments","Clash"],"relics":["Burning Blood","NeowsBlessing","Bird Faced Urn"],"acts_visited":["Exordium"],"potions_floor_usage":[],"damage_taken":[{"damage":0,"enemies":"2 Louse","floor":1,"turns":2},{"damage":0,"enemies":"Cultist","floor":4,"turns":2},{"damage":0,"enemies":"3 Sentries","floor":8,"turns":1},{"damage":12,"enemies":"Small Slimes","floor":10,"turns":6},{"damage":19,"enemies":"Exordium Thugs","floor":11,"turns":3},{"damage":20,"enemies":"Red Slaver","floor":12,"turns":6},{"damage":15,"enemies":"Gremlin Gang","floor":13,"turns":4},{"damage":31,"enemies":"Exordium Thugs","floor":14,"turns":6},{"damage":22,"enemies":"Slime Boss","floor":16,"turns":3}],"seed_played":"8073271817742169386","potions_obtained":[{"floor":1,"key":"FearPotion"},{"floor":10,"key":"SneckoOil"},{"floor":11,"key":"Weak Potion"},{"floor":14,"key":"AttackPotion"}],"is_trial":false,"path_per_floor":["M","?","$","M","?","?","$","E","T","M","M","M","M","M","R","B"],"character_chosen":"IRONCLAD","items_purchased":["Shrug It Off"],"campfire_rested":0,"item_purchase_floors":[3],"current_hp_per_floor":[80,80,80,80,80,80,80,80,80,74,61,47,38,13,13,0,0],"gold":146,"neow_bonus":"THREE_ENEMY_KILL","is_daily":false,"chose_seed":false,"campfire_upgraded":0,"win_rate":0.0,"timestamp":1610065186,"path_taken":["M","?","$","M","?","?","$","E","T","M","?","M","M","M","R","BOSS"],"items_purchased_type":["Card"],"build_version":"2020-12-22","purchased_purges":0,"victory":false,"max_hp_per_floor":[80,80,80,80,80,80,80,80,80,80,80,80,80,80,80,80,80],"relic_stats":{"counters":[9,33],"Bird Faced Urn":[0],"obtain_stats":[{"NeowsBlessing":0,"Bird Faced Urn":8,"Burning Blood":0},{"NeowsBlessing":0,"Bird Faced Urn":3,"Burning Blood":0},{"NeowsBlessing":0,"Bird Faced Urn":5,"Burning Blood":0}],"Burning Blood":30},"card_choices":[{"not_picked":["Ghostly Armor","Thunderclap"],"picked":"Second Wind","floor":1},{"not_picked":["Twin Strike","Thunderclap"],"picked":"Cleave","floor":4},{"not_picked":["Armaments","Bloodletting"],"picked":"Sever Soul","floor":8},{"not_picked":["Sever Soul","Evolve"],"picked":"Disarm","floor":10},{"not_picked":["Wild Strike","Clash"],"picked":"Thunderclap","floor":11},{"not_picked":["Wild Strike","Headbutt"],"picked":"Metallicize","floor":12},{"not_picked":["Heavy Blade","Shrug It Off"],"picked":"Armaments","floor":13},{"not_picked":["True Grit","Shrug It Off"],"picked":"Clash","floor":14}],"player_experience":1463456,"relics_obtained":[{"floor":8,"key":"Bird Faced Urn"}],"event_choices":[{"damage_healed":0,"gold_gain":0,"player_choice":"Ignored","damage_taken":0,"max_hp_gain":0,"max_hp_loss":0,"event_name":"Shining Light","floor":2,"gold_loss":0},{"cards_removed":["Strike_R"],"damage_healed":0,"gold_gain":0,"player_choice":"Card Removal","damage_taken":0,"max_hp_gain":0,"max_hp_loss":0,"event_name":"The Cleric","floor":5,"gold_loss":50},{"damage_healed":0,"gold_gain":0,"cards_transformed":["Defend_R"],"player_choice":"Transformed","damage_taken":0,"max_hp_gain":0,"max_hp_loss":0,"event_name":"Transmorgrifier","floor":6,"gold_loss":0,"cards_obtained":["Immolate"]}],"is_beta":false,"boss_relics":[],"items_purged_floors":[],"is_endless":false,"potions_floor_spawned":[1,10,11,14],"killed_by":"Slime Boss","ascension_level":0}}