{"host":"j3h0p3l2xgzxhnx7","time":1610117624,"event":{"mods":["BaseMod","Luminous","Marisa????????","Minty Spire (QoL Compilation)","Remilia??????","StSLib","The Bug Knight","The Cursed","The Servant 0.9.4"],"gold_per_floor":[113,131,131,145,157,211,211,211,211],"floor_reached":8,"playtime":258,"items_purged":[],"score":58,"play_id":"14771cd0-9942-4804-8f02-3b18521f7253","local_time":"20210108225344","is_ascension_mode":false,"campfire_choices":[{"data":"Eruption","floor":7,"key":"SMITH"}],"circlet_count":0,"master_deck":["Strike_P","Strike_P","Strike_P","Strike_P","Defend_P","Defend_P","Defend_P","Defend_P","Eruption+1","Vigilance","CurseOfTheBell","CutThroughFate","Weave","Consecrate","Sanctity","CutThroughFate"],"relics":["Calling Bell","Happy Flower","Mercury Hourglass","Girya","Bottled Lightning"],"acts_visited":["Exordium"],"potions_floor_usage":[6],"damage_taken":[{"damage":0,"enemies":"Small Slimes","floor":1,"turns":2},{"damage":1,"enemies":"Jaw Worm","floor":2,"turns":3},{"damage":0,"enemies":"2 Louse","floor":4,"turns":2},{"damage":4,"enemies":"Looter","floor":5,"turns":4},{"damage":22,"enemies":"Gremlin Nob","floor":6,"turns":4},{"damage":51,"enemies":"Lagavulin","floor":8,"turns":3}],"seed_played":"6204382801538975235","potions_obtained":[{"floor":1,"key":"ColorlessPotion"}],"is_trial":false,"path_per_floor":["M","M","?","M","M","E","R","E"],"character_chosen":"WATCHER","items_purchased":[],"campfire_rested":0,"item_purchase_floors":[],"current_hp_per_floor":[72,71,71,71,67,45,45,0,0],"gold":211,"neow_bonus":"BOSS_RELIC","is_daily":false,"chose_seed":false,"campfire_upgraded":1,"win_rate":0.0,"timestamp":1610117624,"path_taken":["M","M","?","M","M","E","R","E"],"items_purchased_type":[],"build_version":"2020-12-22","purchased_purges":0,"victory":false,"max_hp_per_floor":[72,72,72,72,72,72,72,72,72],"card_choices":[{"not_picked":["ThirdEye","PathToVictory"],"picked":"CutThroughFate","floor":1},{"not_picked":["Meditate","Crescendo"],"picked":"Weave","floor":2},{"not_picked":["Fasting2","FlyingSleeves"],"picked":"Consecrate","floor":4},{"not_picked":["WheelKick","Tantrum"],"picked":"Sanctity","floor":5},{"not_picked":["Scrawl","FlyingSleeves"],"picked":"CutThroughFate","floor":6}],"player_experience":111935,"relics_obtained":[{"floor":0,"key":"Happy Flower"},{"floor":0,"key":"Mercury Hourglass"},{"floor":0,"key":"Girya"},{"floor":6,"key":"Bottled Lightning"}],"event_choices":[{"damage_healed":0,"gold_gain":0,"player_choice":"Ignored","damage_taken":0,"max_hp_gain":0,"max_hp_loss":0,"event_name":"Golden Wing","floor":3,"gold_loss":0}],"is_beta":false,"boss_relics":[],"items_purged_floors":[],"is_endless":false,"potions_floor_spawned":[1],"killed_by":"Lagavulin","ascension_level":0}}