{"host":"ig7tc0uedzltt2sr","time":1610071928,"event":{"mods":["BaseMod","Better Twitch Integration","Block Reminder","Colored Map","Colored Powertips","Communication Mod","Current Relic Mod","GifTheSpireLib","HexUI Lib","Minty Spire (QoL Compilation)","Quick Restart","Random Character Button","Rare Cards Sparkle","Relic Sorter","Relic Stats","Slay the Relics Exporter","StSLib","SuperFastMode","Synergy Search","Twitch Decklist","Twitch Utils","everything is the same but u backflip on backflip","slay the spire mod where everything is the same but ironclad has a cowboy hat"],"gold_per_floor":[118,133,2,12,22,22,57,57,84,100,28,48,59,59,59],"floor_reached":14,"playtime":102,"items_purged":[],"score":94,"play_id":"f0616689-f2e0-4d9c-b00f-70f5da012294","local_time":"20210107181208","is_ascension_mode":false,"campfire_choices":[{"floor":6,"key":"REST"},{"floor":8,"key":"REST"}],"circlet_count":0,"master_deck":["Strike_R","Strike_R","Strike_R","Strike_R","Strike_R","Defend_R","Defend_R","Defend_R","Defend_R","Bash","Metallicize","Rupture","Combust","Seeing Red","Cleave","Dropkick","Immolate","Dark Embrace","Power Through","Burning Pact"],"relics":["Burning Blood","NeowsBlessing","Akabeko"],"acts_visited":["Exordium"],"potions_floor_usage":[],"damage_taken":[{"damage":0,"enemies":"Cultist","floor":1,"turns":1},{"damage":0,"enemies":"Jaw Worm","floor":2,"turns":1},{"damage":0,"enemies":"Small Slimes","floor":4,"turns":2},{"damage":30,"enemies":"3 Louse","floor":5,"turns":9},{"damage":78,"enemies":"Lagavulin","floor":7,"turns":11},{"damage":7,"enemies":"Blue Slaver","floor":10,"turns":4},{"damage":2,"enemies":"2 Fungi Beasts","floor":12,"turns":3},{"damage":12,"enemies":"Exordium Wildlife","floor":13,"turns":5},{"damage":32,"enemies":"Gremlin Nob","floor":14,"turns":3}],"seed_played":"2774549990116633049","potions_obtained":[{"floor":4,"key":"EssenceOfSteel"},{"floor":5,"key":"Fire Potion"},{"floor":7,"key":"SneckoOil"},{"floor":12,"key":"LiquidBronze"},{"floor":13,"key":"AttackPotion"}],"is_trial":false,"path_per_floor":["M","M","$","M","M","R","E","R","T","M","$","M","M","E"],"character_chosen":"IRONCLAD","items_purchased":["Combust","SpeedPotion","Dark Embrace"],"campfire_rested":2,"item_purchase_floors":[3,3,11],"current_hp_per_floor":[80,80,80,80,56,80,8,32,32,31,31,35,29,0,0],"gold":59,"neow_bonus":"THREE_ENEMY_KILL","is_daily":false,"chose_seed":false,"campfire_upgraded":0,"win_rate":0.0,"timestamp":1610071928,"path_taken":["M","M","?","?","M","R","E","R","T","M","$","?","M","E"],"items_purchased_type":["Card","Potion","Card"],"build_version":"2020-12-22","purchased_purges":0,"victory":false,"max_hp_per_floor":[80,80,80,80,80,80,80,80,80,80,80,80,80,80,80],"relic_stats":{"counters":[9,39],"obtain_stats":[{"NeowsBlessing":0,"Burning Blood":0,"Akabeko":7},{"NeowsBlessing":0,"Burning Blood":0,"Akabeko":5},{"NeowsBlessing":0,"Burning Blood":0,"Akabeko":24}],"Burning Blood":30},"card_choices":[{"not_picked":["Wild Strike","Clash"],"picked":"Metallicize","floor":1},{"not_picked":["Cleave","Heavy Blade"],"picked":"Rupture","floor":2},{"not_picked":["Dual Wield","Hemokinesis"],"picked":"Seeing Red","floor":4},{"not_picked":["Dual Wield","Clothesline"],"picked":"Cleave","floor":5},{"not_picked":["Twin Strike","Perfected Strike"],"picked":"Dropkick","floor":7},{"not_picked":["Iron Wave","Flex"],"picked":"Immolate","floor":10},{"not_picked":["Thunderclap","Flex"],"picked":"Power Through","floor":12},{"not_picked":["Twin Strike","Clothesline"],"picked":"Burning Pact","floor":13}],"player_experience":1468649,"relics_obtained":[{"floor":7,"key":"Akabeko"}],"event_choices":[],"is_beta":false,"boss_relics":[],"items_purged_floors":[],"is_endless":false,"potions_floor_spawned":[4,5,7,12,13],"killed_by":"Gremlin Nob","ascension_level":0}}