{"host":"dw8ij7emqco3quom","time":1610122048,"event":{"mods":["BaseMod","Minty Spire (QoL Compilation)"],"gold_per_floor":[115,125,125,125,200,200,230,230,230,206,206,52,52,17,17,117,117,136,151,151,76,39,72,72,84,84,84,95,95,95,123,123,123,123],"floor_reached":33,"playtime":1537,"items_purged":[],"score":346,"play_id":"f84d50a3-2696-425a-b9f7-75bc53233d70","local_time":"20210108170728","is_ascension_mode":true,"campfire_choices":[{"data":"Poisoned Stab","floor":6,"key":"SMITH"},{"floor":8,"key":"REST"},{"floor":13,"key":"REST"},{"data":"Footwork","floor":15,"key":"SMITH"},{"floor":24,"key":"REST"},{"floor":27,"key":"REST"},{"floor":30,"key":"REST"},{"floor":32,"key":"REST"}],"circlet_count":0,"master_deck":["Strike_G","Strike_G","Strike_G","Strike_G","Defend_G","Defend_G","Defend_G","Defend_G","Survivor","Neutralize","Footwork+1","Poisoned Stab+1","Acrobatics","Dagger Spray","Die Die Die","Underhanded Strike","Acrobatics+1","Blur","Blur","Deadly Poison+1","Accuracy+1","Poisoned Stab","Dagger Throw+1","Leg Sweep"],"relics":["HoveringKite","Sundial","Tough Bandages","MealTicket","Philosopher\u0027s Stone","Happy Flower","Dream Catcher"],"acts_visited":["Exordium","TheCity"],"potions_floor_usage":[18,23,31,31,31,33],"damage_taken":[{"damage":0,"enemies":"2 Louse","floor":1,"turns":4},{"damage":2,"enemies":"Jaw Worm","floor":2,"turns":5},{"damage":42,"enemies":"Gremlin Nob","floor":7,"turns":6},{"damage":40,"enemies":"The Guardian","floor":16,"turns":15},{"damage":5,"enemies":"Shell Parasite","floor":18,"turns":6},{"damage":19,"enemies":"Spheric Guardian","floor":19,"turns":4},{"damage":52,"enemies":"Book of Stabbing","floor":23,"turns":9},{"damage":17,"enemies":"Centurion and Healer","floor":25,"turns":6},{"damage":13,"enemies":"Sentry and Sphere","floor":28,"turns":7},{"damage":29,"enemies":"Slavers","floor":31,"turns":7},{"damage":64,"enemies":"Collector","floor":33,"turns":6}],"seed_played":"-4551968636234130079","potions_obtained":[{"floor":1,"key":"Ancient Potion"},{"floor":7,"key":"Weak Potion"},{"floor":16,"key":"Explosive Potion"},{"floor":25,"key":"GamblersBrew"},{"floor":28,"key":"Energy Potion"},{"floor":31,"key":"CultistPotion"}],"is_trial":false,"path_per_floor":["M","M","$","?","?","R","E","R","T","$","?","$","R","?","R","B",null,"M","M","?","?","$","E","R","M","T","R","M","$","R","E","R","B"],"character_chosen":"THE_SILENT","items_purchased":["Dagger Spray","MealTicket","Blur"],"campfire_rested":6,"item_purchase_floors":[10,12,22],"current_hp_per_floor":[70,68,68,73,62,62,20,42,42,42,35,35,57,75,75,35,65,60,41,41,41,56,4,26,9,9,31,18,33,55,26,48,0,0],"gold":123,"neow_bonus":"BOSS_RELIC","is_daily":false,"chose_seed":false,"campfire_upgraded":2,"win_rate":0.0,"timestamp":1610122048,"path_taken":["M","M","$","?","?","R","E","R","T","$","?","?","R","?","R","BOSS","M","M","?","?","$","E","R","M","T","R","M","$","R","E","R","BOSS"],"items_purchased_type":["Card","Relic","Card"],"build_version":"2020-12-22","purchased_purges":0,"victory":false,"max_hp_per_floor":[70,70,70,75,75,75,75,75,75,75,75,75,75,75,75,75,75,75,75,75,75,75,75,75,75,75,75,75,75,75,75,75,75,75],"card_choices":[{"not_picked":["Dash","Dodge and Roll"],"picked":"Footwork","floor":1},{"not_picked":["PiercingWail","Bane"],"picked":"Poisoned Stab","floor":2},{"not_picked":["Poisoned Stab","Backstab"],"picked":"Acrobatics","floor":7},{"not_picked":["Grand Finale","Malaise"],"picked":"Die Die Die","floor":16},{"not_picked":["Slice+1","Infinite Blades"],"picked":"Underhanded Strike","floor":18},{"not_picked":["Choke","Outmaneuver+1"],"picked":"Acrobatics+1","floor":19},{"not_picked":["Deflect+1","Eviscerate"],"picked":"Deadly Poison+1","floor":23},{"not_picked":["Masterful Stab+1","Deflect"],"picked":"Accuracy+1","floor":25},{"not_picked":["Riddle With Holes","Backflip"],"picked":"Poisoned Stab","floor":28},{"not_picked":["Outmaneuver","Doppelganger"],"picked":"Dagger Throw+1","floor":31},{"not_picked":["Escape Plan","Setup"],"picked":"Leg Sweep","floor":32}],"player_experience":626375,"relics_obtained":[{"floor":7,"key":"Sundial"},{"floor":9,"key":"Tough Bandages"},{"floor":23,"key":"Happy Flower"},{"floor":31,"key":"Dream Catcher"}],"event_choices":[{"damage_healed":0,"gold_gain":0,"player_choice":"Donut","damage_taken":0,"max_hp_gain":5,"max_hp_loss":0,"event_name":"Big Fish","floor":4,"gold_loss":0},{"damage_healed":0,"gold_gain":75,"player_choice":"Gather Gold","damage_taken":11,"max_hp_gain":0,"max_hp_loss":0,"event_name":"World of Goop","floor":5,"gold_loss":0},{"cards_removed":["Defend_G"],"damage_healed":0,"gold_gain":0,"player_choice":"Card Removal","damage_taken":7,"max_hp_gain":0,"max_hp_loss":0,"event_name":"Golden Wing","floor":11,"gold_loss":0},{"damage_healed":18,"gold_gain":0,"player_choice":"Healed","damage_taken":0,"max_hp_gain":0,"max_hp_loss":0,"event_name":"The Cleric","floor":14,"gold_loss":35},{"damage_healed":0,"gold_gain":0,"player_choice":"Read","damage_taken":0,"max_hp_gain":0,"max_hp_loss":0,"event_name":"The Library","floor":20,"gold_loss":0,"cards_obtained":["Blur"]},{"cards_removed":["Strike_G"],"damage_healed":0,"gold_gain":0,"player_choice":"Gave Gold","damage_taken":0,"max_hp_gain":0,"max_hp_loss":0,"event_name":"Beggar","floor":21,"gold_loss":75}],"is_beta":false,"boss_relics":[{"not_picked":["Snecko Eye","SacredBark"],"picked":"Philosopher\u0027s Stone"}],"items_purged_floors":[],"is_endless":false,"potions_floor_spawned":[1,7,16,25,28,31],"killed_by":"Collector","ascension_level":5}}