{"host":"yknvfbbdiwou5sqc","time":1610121076,"event":{"mods":["AchievementEnabler","BaseMod","Colored Map","Colored Powertips","DeckTracker","Minty Spire (QoL Compilation)","Relic Sorter","SuperFastMode"],"gold_per_floor":[119,119,135,135,43,43,55,55,55,5,18,38,56,32,32,32,32],"floor_reached":16,"playtime":452,"items_purged":[],"score":92,"play_id":"af0f952f-21b0-4b08-9d93-8d5ccae06183","local_time":"20210108175116","is_ascension_mode":false,"campfire_choices":[{"data":"Madness","floor":6,"key":"SMITH"},{"data":"Bash","floor":15,"key":"SMITH"}],"circlet_count":0,"master_deck":["Strike_R","Strike_R","Defend_R","Defend_R","Defend_R","Defend_R","Bash+1","Madness+1","Dropkick","Shrug It Off"],"relics":["Burning Blood"],"acts_visited":[],"potions_floor_usage":[16],"damage_taken":[{"damage":10,"enemies":"Jaw Worm","floor":1,"turns":4},{"damage":0,"enemies":"Small Slimes","floor":3,"turns":3},{"damage":2,"enemies":"2 Louse","floor":7,"turns":3},{"damage":9,"enemies":"Blue Slaver","floor":11,"turns":4},{"damage":11,"enemies":"Exordium Thugs","floor":12,"turns":3},{"damage":4,"enemies":"2 Fungi Beasts","floor":13,"turns":3},{"damage":72,"enemies":"Hexaghost","floor":16,"turns":12}],"seed_played":"-52877902789365704","potions_obtained":[{"floor":12,"key":"Ancient Potion"}],"is_trial":false,"path_per_floor":["M","?","M","?","$","R","M","$","T","?","M","M","M","$","R","B"],"character_chosen":"IRONCLAD","items_purchased":["Madness","Shrug It Off"],"campfire_rested":0,"item_purchase_floors":[5,14],"current_hp_per_floor":[76,76,80,73,73,73,77,77,77,77,74,69,71,71,71,0,0],"gold":32,"neow_bonus":"REMOVE_CARD","is_daily":false,"chose_seed":false,"campfire_upgraded":2,"win_rate":0.0,"timestamp":1610121076,"path_taken":["M","?","M","?","$","R","M","$","T","?","M","M","M","$","R","BOSS"],"items_purchased_type":["Card","Card"],"build_version":"2020-12-22","purchased_purges":0,"victory":false,"max_hp_per_floor":[80,80,80,80,80,80,80,80,80,80,80,80,80,80,80,80,80],"card_choices":[{"not_picked":["Armaments","Pommel Strike","Iron Wave"],"picked":"SKIP","floor":1},{"not_picked":["Thunderclap","Combust","Battle Trance"],"picked":"SKIP","floor":3},{"not_picked":["Cleave","Iron Wave","Sword Boomerang"],"picked":"SKIP","floor":7},{"not_picked":["Iron Wave","Combust"],"picked":"Dropkick","floor":11},{"not_picked":["Body Slam","Clash","Pummel"],"picked":"SKIP","floor":12},{"not_picked":["Uppercut","Wild Strike","Offering"],"picked":"SKIP","floor":13}],"player_experience":161577,"relics_obtained":[],"event_choices":[{"damage_healed":0,"gold_gain":0,"player_choice":"Ignored","damage_taken":0,"max_hp_gain":0,"max_hp_loss":0,"event_name":"Golden Idol","floor":2,"gold_loss":0},{"cards_removed":["Strike_R"],"damage_healed":0,"gold_gain":0,"player_choice":"Card Removal","damage_taken":7,"max_hp_gain":0,"max_hp_loss":0,"event_name":"Golden Wing","floor":4,"gold_loss":0},{"cards_removed":["Strike_R"],"damage_healed":0,"gold_gain":0,"player_choice":"Card Removal","damage_taken":0,"max_hp_gain":0,"max_hp_loss":0,"event_name":"The Cleric","floor":10,"gold_loss":50}],"is_beta":false,"boss_relics":[],"items_purged_floors":[],"is_endless":false,"potions_floor_spawned":[12],"killed_by":"Hexaghost","ascension_level":0}}