{"host":"r2xhbz7xmd090pnn","time":1610097488,"event":{"mods":["AchievementEnabler","BaseMod","Card Forge","Minty Spire (QoL Compilation)","Replay The Spire","StSLib","SuperFastMode"],"gold_per_floor":[364,4,4,4,14,43,63,43,122,155,7,33,88,99,99,201,201,218,315,331,331,344,370,397,397,397,105,125,153,252,252,252,349,349,360,360,360,635,653,679,690,719,719,736,746,348,348,362,362,362],"floor_reached":51,"playtime":846,"items_purged":["Heavy Blade+1"],"score":1516,"play_id":"d8fa7c8f-5f0e-43db-b89b-48e3d744c78e","local_time":"20210108011808","is_ascension_mode":true,"campfire_choices":[{"data":"Strike_R+3","floor":15,"key":"SMITH"},{"data":"Strike_R+10","floor":32,"key":"SMITH"},{"data":"Limit Break","floor":49,"key":"PURGE"}],"circlet_count":0,"master_deck":["Strike_R+12","Strike_R+12","Strike_R+12","Strike_R+12","Strike_R+11"],"relics":["Burning Blood","Hammer of Thor","Seething Fire","Anvil of the Gods","HandDrill","Bag of Preparation","Ring of Peace","ReplayTheSpireMod:Ring of Exchange","Replay:PocketPolymizer","Bottled Lightning","WingedGreaves","ClockworkSouvenir","Ancient Tea Set","Simple Rune","Mark of Pain","Peace Pipe","ReplayTheSpireMod:Ninjato","Lantern","Pen Nib","ReplayTheSpireMod:TigerMarble","Lee\u0027s Waffle","FossilizedHelix","Blue Doll","Replay:Rubber Ducky","Bag of Marbles","Self Forming Clay"],"acts_visited":["Exordium","TheCity","TheBeyond"],"potions_floor_usage":[10,16,16,16,33,33],"damage_taken":[{"damage":0,"enemies":"Cultist","floor":1,"turns":2},{"damage":0,"enemies":"2 Louse","floor":5,"turns":2},{"damage":13,"enemies":"Gremlin Nob","floor":6,"turns":4},{"damage":0,"enemies":"Jaw Worm","floor":7,"turns":2},{"damage":0,"enemies":"Lagavulin","floor":10,"turns":2},{"damage":0,"enemies":"Gremlin Nob","floor":12,"turns":3},{"damage":9,"enemies":"3 Sentries","floor":13,"turns":3},{"damage":0,"enemies":"2 Fungi Beasts","floor":14,"turns":1},{"damage":21,"enemies":"Fading Forest","floor":16,"turns":11},{"damage":4,"enemies":"Shell Parasite","floor":18,"turns":2},{"damage":0,"enemies":"Spheric Guardian","floor":20,"turns":1},{"damage":3,"enemies":"Cultist and Chosen","floor":22,"turns":2},{"damage":0,"enemies":"Slavers","floor":23,"turns":2},{"damage":8,"enemies":"Gremlin Leader","floor":24,"turns":2},{"damage":0,"enemies":"Snake Plant","floor":28,"turns":1},{"damage":0,"enemies":"Slavers","floor":29,"turns":1},{"damage":20,"enemies":"Pondfish","floor":33,"turns":5},{"damage":0,"enemies":"3 Shapes","floor":35,"turns":1},{"damage":0,"enemies":"Orb Walker","floor":39,"turns":1},{"damage":0,"enemies":"Giant Head","floor":40,"turns":1},{"damage":0,"enemies":"4 Shapes","floor":41,"turns":1},{"damage":0,"enemies":"Nemesis","floor":42,"turns":1},{"damage":0,"enemies":"Maw","floor":44,"turns":1},{"damage":0,"enemies":"Spire Growth","floor":45,"turns":1},{"damage":0,"enemies":"3 Darklings","floor":48,"turns":1},{"damage":0,"enemies":"Awakened One","floor":50,"turns":2}],"seed_played":"-7780986131210824073","potions_obtained":[{"floor":5,"key":"SpeedPotion"},{"floor":7,"key":"Adrenaline Potion"},{"floor":8,"key":"Toxic Potion"},{"floor":10,"key":"Fire Potion"},{"floor":12,"key":"PowerPotion"},{"floor":16,"key":"Block Potion"},{"floor":23,"key":"Strength Potion"},{"floor":24,"key":"PowerPotion"},{"floor":40,"key":"Swift Potion"},{"floor":41,"key":"SteroidPotion"}],"is_trial":false,"path_per_floor":["M","$","?","$","M","E","M","?","T","E","$","E","?","M","R","B",null,"M","?","M","?","M","E","E","?","T","$","M","E","?","$","R","B",null,"M","?","$","?","M","E","M","E","T","M","M","$","?","M","R","B",null],"character_chosen":"IRONCLAD","items_purchased":["Flex","HandDrill","Bag of Preparation","ClockworkSouvenir","Pen Nib","Inflame","Bag of Marbles","Self Forming Clay"],"campfire_rested":0,"item_purchase_floors":[2,2,2,11,27,27,46,46],"current_hp_per_floor":[72,72,72,72,72,65,71,71,71,72,72,72,69,72,72,67,72,72,72,72,72,72,72,70,70,70,70,72,72,72,72,72,58,79,79,79,79,79,79,79,79,79,79,79,79,79,75,75,75,75],"gold":362,"neow_bonus":"TWO_FIFTY_GOLD","is_daily":false,"chose_seed":false,"campfire_upgraded":2,"win_rate":0.0,"timestamp":1610097488,"path_taken":["M","?","?","$","?","E","M","?","T","E","?","E","?","M","R","BOSS","M","?","M","?","M","E","E","?","T","$","?","E","?","$","R","BOSS","M","?","$","?","M","E","M","E","T","M","?","$","?","M","R","BOSS"],"items_purchased_type":["Card","Relic","Relic","Relic","Relic","Card","Relic","Relic"],"build_version":"2020-12-22","purchased_purges":1,"victory":true,"max_hp_per_floor":[72,72,72,72,72,72,72,72,72,72,72,72,72,72,72,72,72,72,72,72,72,72,72,72,72,72,72,72,72,72,72,72,72,79,79,79,79,79,79,79,79,79,79,79,79,79,75,75,75,75],"card_choices":[{"not_picked":["True Grit","Twin Strike"],"picked":"Heavy Blade","floor":1},{"not_picked":["Replay:Many Hands","Armaments"],"picked":"Cleave","floor":5},{"not_picked":["Burning Pact","Rage"],"picked":"Perfected Strike","floor":6},{"not_picked":["Twin Strike","Cleave"],"picked":"Pummel","floor":7},{"not_picked":["Headbutt","Defy Death"],"picked":"Pommel Strike","floor":10},{"not_picked":["Heavy Blade","Body Slam","ReplayReversal"],"picked":"SKIP","floor":12},{"not_picked":["Clash","Twin Strike"],"picked":"Thunderclap","floor":13},{"not_picked":["True Grit","Headbutt"],"picked":"Run Through","floor":14},{"not_picked":["Brutality","Corruption"],"picked":"Double Tap","floor":16},{"not_picked":["Hemokinesis","Perfected Strike+1"],"picked":"Thunderclap","floor":18},{"not_picked":["Run Through","True Grit+1"],"picked":"Cleave","floor":19},{"not_picked":["Entrench","Armaments"],"picked":"Bludgeon","floor":19},{"not_picked":["ReplayTheSpireMod:Strike From Hell+1","Pommel Strike+1","Heavy Blade"],"picked":"SKIP","floor":20},{"not_picked":["Anger","Hemokinesis","Searing Blow"],"picked":"SKIP","floor":22},{"not_picked":["Entrench+1","Heavy Blade"],"picked":"Feed","floor":23},{"not_picked":["ReplayTheSpireMod:Muscle Training+1","Fiend Fire"],"picked":"Cleave","floor":24},{"not_picked":["ReplayTheSpireMod:Limb From Limb","Flame Barrier","Clash"],"picked":"SKIP","floor":28},{"not_picked":["Searing Blow","Pommel Strike+1"],"picked":"Anger+1","floor":29},{"not_picked":["Impervious","Replay:Many Hands"],"picked":"Fiend Fire","floor":33},{"not_picked":["Run Through","Headbutt+1","Feel No Pain+1"],"picked":"SKIP","floor":35},{"not_picked":["Twin Strike","Battle Trance+1","Flex+1"],"picked":"SKIP","floor":39},{"not_picked":["Ghostly Armor+1","Pummel+1","Anger"],"picked":"SKIP","floor":40},{"not_picked":["Clothesline+1","Whirlwind","Rage+1"],"picked":"SKIP","floor":41},{"not_picked":["Seeing Red+1","Thunderclap","Perfected Strike+1"],"picked":"SKIP","floor":42},{"not_picked":["Disarm","Armaments","Thunderclap+1"],"picked":"SKIP","floor":44},{"not_picked":["ReplayTheSpireMod:Stacked+1","Combust+1"],"picked":"Limit Break","floor":45},{"not_picked":["Dropkick+1","ReplayTheSpireMod:Strike From Hell+1","Twin Strike"],"picked":"SKIP","floor":48},{"not_picked":["Dropkick+1","ReplayTheSpireMod:Strike From Hell+1","Twin Strike"],"picked":"SKIP","floor":48},{"not_picked":["Dropkick+1","ReplayTheSpireMod:Strike From Hell+1","Twin Strike"],"picked":"SKIP","floor":48}],"player_experience":1331,"relics_obtained":[{"floor":3,"key":"Ring of Peace"},{"floor":3,"key":"ReplayTheSpireMod:Ring of Exchange"},{"floor":6,"key":"Replay:PocketPolymizer"},{"floor":9,"key":"Bottled Lightning"},{"floor":10,"key":"WingedGreaves"},{"floor":12,"key":"Ancient Tea Set"},{"floor":13,"key":"Simple Rune"},{"floor":23,"key":"Peace Pipe"},{"floor":24,"key":"ReplayTheSpireMod:Ninjato"},{"floor":26,"key":"Lantern"},{"floor":29,"key":"ReplayTheSpireMod:TigerMarble"},{"floor":40,"key":"FossilizedHelix"},{"floor":42,"key":"Blue Doll"},{"floor":43,"key":"Replay:Rubber Ducky"}],"event_choices":[{"damage_healed":0,"gold_gain":0,"player_choice":"Bought 1 Potion","damage_taken":0,"max_hp_gain":0,"max_hp_loss":0,"event_name":"The Woman in Blue","floor":8,"gold_loss":0},{"damage_healed":0,"gold_gain":0,"player_choice":"Searched \u00271\u0027 times","damage_taken":0,"max_hp_gain":0,"max_hp_loss":0,"event_name":"Dead Adventurer","floor":13,"gold_loss":0},{"damage_healed":0,"gold_gain":0,"player_choice":"Read","damage_taken":0,"max_hp_gain":0,"max_hp_loss":0,"event_name":"The Library","floor":21,"gold_loss":0,"cards_obtained":["Spot Weakness"]},{"damage_healed":0,"gold_gain":0,"player_choice":"Got Potions","damage_taken":0,"max_hp_gain":0,"max_hp_loss":0,"event_name":"Lab","floor":25,"gold_loss":0},{"damage_healed":0,"gold_gain":99,"player_choice":"Stole From Cult","damage_taken":0,"max_hp_gain":0,"max_hp_loss":0,"event_name":"Nest","floor":30,"gold_loss":0},{"cards_removed":["Pummel"],"damage_healed":0,"gold_gain":0,"player_choice":"Removed Attack","damage_taken":0,"max_hp_gain":0,"max_hp_loss":0,"event_name":"Falling","floor":36,"gold_loss":0},{"damage_healed":0,"gold_gain":275,"player_choice":"Desecrate","damage_taken":0,"max_hp_gain":0,"max_hp_loss":0,"event_name":"Golden Shrine","floor":38,"gold_loss":0,"cards_obtained":["Regret"]},{"damage_healed":0,"gold_gain":0,"player_choice":"Max HP","damage_taken":0,"max_hp_gain":0,"max_hp_loss":4,"event_name":"Winding Halls","floor":47,"gold_loss":0}],"is_beta":false,"boss_relics":[{"not_picked":["DollysMirror","Electric Blood"],"picked":"Mark of Pain"},{"not_picked":["Velvet Choker","ReplayTheSpireMod:CursedCoin"],"picked":"Lee\u0027s Waffle"}],"items_purged_floors":[27],"is_endless":false,"potions_floor_spawned":[5,7,10,12,14,16,23,24,28,29,40,41,45],"ascension_level":1}}