{"host":"5x08nt64u3vxxcfi","time":1610090172,"event":{"mods":["BaseMod","Minty Spire (QoL Compilation)","StSLib","SuperFastMode"],"gold_per_floor":[118,118,137,212,235,235,25,40,113,63,82,82,113,127,127,250,250,264,87,111,71,20,51,51,66,66,97,97,120,120,74,74,74,74],"floor_reached":33,"playtime":506,"items_purged":[],"score":385,"play_id":"d72315b8-781d-48c9-894e-fb3dfaa9de00","local_time":"20210108161612","is_ascension_mode":true,"campfire_choices":[{"data":"Beam Cell","floor":12.0,"key":"SMITH"},{"data":"Streamline","floor":15.0,"key":"SMITH"},{"floor":24,"key":"REST"},{"data":"Hyperbeam","floor":28,"key":"SMITH"},{"data":"Go for the Eyes","floor":30,"key":"SMITH"},{"floor":32,"key":"REST"}],"circlet_count":0,"master_deck":["Strike_B","Strike_B","Strike_B","Strike_B","Defend_B","Defend_B","Defend_B","Defend_B","Zap","Dualcast","Steam","Hologram","Stack","Scrape","Reboot","FTL","Beam Cell+1","Self Repair","Streamline+1","Double Energy","Hyperbeam+1","Scrape","Hyperbeam+1","Sweeping Beam","Gash","Recycle+1","Recycle","Go for the Eyes+1","Conserve Battery+1","Sweeping Beam"],"relics":["Cracked Core","Bag of Marbles","Golden Idol","MawBank","Mummified Hand","Juzu Bracelet","Philosopher\u0027s Stone","Potion Belt","Toy Ornithopter","Lantern","Strawberry"],"acts_visited":["Exordium","TheCity"],"potions_floor_usage":[23,23,33,33],"damage_taken":[{"damage":3.0,"enemies":"Small Slimes","floor":1.0,"turns":2.0},{"damage":3.0,"enemies":"Jaw Worm","floor":3.0,"turns":3.0},{"damage":0.0,"enemies":"Cultist","floor":5.0,"turns":3.0},{"damage":5.0,"enemies":"Lots of Slimes","floor":8.0,"turns":5.0},{"damage":6.0,"enemies":"Exordium Wildlife","floor":11.0,"turns":3.0},{"damage":6.0,"enemies":"Gremlin Nob","floor":13.0,"turns":3.0},{"damage":5.0,"enemies":"Blue Slaver","floor":14.0,"turns":3.0},{"damage":23.0,"enemies":"Slime Boss","floor":16.0,"turns":7.0},{"damage":11.0,"enemies":"Chosen","floor":18.0,"turns":4.0},{"damage":61,"enemies":"Gremlin Leader","floor":23,"turns":7},{"damage":18,"enemies":"Shell Parasite","floor":25,"turns":4},{"damage":0,"enemies":"Slavers","floor":27,"turns":1},{"damage":13,"enemies":"Snake Plant","floor":29,"turns":2},{"damage":94,"enemies":"Champ","floor":33,"turns":7}],"seed_played":"-4692012511688673903","potions_obtained":[{"floor":3.0,"key":"EssenceOfSteel"},{"floor":5.0,"key":"Fire Potion"},{"floor":13.0,"key":"EntropicBrew"},{"floor":18.0,"key":"LiquidMemories"},{"floor":27,"key":"Dexterity Potion"}],"is_trial":false,"path_per_floor":["M","?","M","?","M","?","$","M","T","$","M","R","E","M","R","B",null,"M","$","T","?","$","E","R","M","T","E","R","M","R","$","R","B"],"character_chosen":"DEFECT","items_purchased":["Scrape","Reboot","Beam Cell","Hyperbeam","Sweeping Beam","Gash","Sweeping Beam"],"campfire_rested":2,"item_purchase_floors":[7,7,10,19,19,22,31],"current_hp_per_floor":[72,54,51,40,40,40,40,35,35,35,29,29,30,32,32,16,60,56,56,56,56,56,17,39,28,28,35,35,29,29,29,53,0,0],"gold":74,"neow_bonus":"RANDOM_COMMON_RELIC","is_daily":false,"chose_seed":false,"campfire_upgraded":4,"win_rate":0.0,"timestamp":1610090172,"path_taken":["M","?","M","?","?","?","$","?","T","$","M","R","E","M","R","BOSS","M","$","?","?","$","E","R","M","T","E","R","M","R","$","R","BOSS"],"items_purchased_type":["Card","Card","Card","Card","Card","Card","Card"],"build_version":"2020-12-22","purchased_purges":0,"victory":false,"max_hp_per_floor":[75,75,75,75,75,75,75,75,75,75,75,75,75,75,75,75,75,75,75,75,75,75,75,75,75,75,82,82,82,82,82,82,82,82],"card_choices":[{"not_picked":["Sweeping Beam","Barrage"],"picked":"Steam","floor":1.0},{"not_picked":["Compile Driver","BootSequence"],"picked":"Hologram","floor":3.0},{"not_picked":["Cold Snap","Double Energy"],"picked":"Stack","floor":5.0},{"not_picked":["Steam","Force Field"],"picked":"FTL","floor":8.0},{"not_picked":["FTL","Undo"],"picked":"Self Repair","floor":11.0},{"not_picked":["Redo","Ball Lightning"],"picked":"Streamline","floor":13.0},{"not_picked":["Doom and Gloom","Compile Driver"],"picked":"Double Energy","floor":14.0},{"not_picked":["Rainbow","Meteor Strike"],"picked":"Hyperbeam","floor":16.0},{"not_picked":["Leap","Streamline+1"],"picked":"Scrape","floor":18.0},{"not_picked":["Undo","Turbo"],"picked":"Recycle+1","floor":23},{"not_picked":["Turbo","Barrage"],"picked":"Recycle","floor":25},{"not_picked":["Recycle+1","Beam Cell"],"picked":"Go for the Eyes","floor":27},{"not_picked":["Fusion","Melter"],"picked":"Conserve Battery+1","floor":29}],"player_experience":63659,"relics_obtained":[{"floor":6.0,"key":"MawBank"},{"floor":9.0,"key":"Mummified Hand"},{"floor":13.0,"key":"Juzu Bracelet"},{"floor":20.0,"key":"Potion Belt"},{"floor":23,"key":"Toy Ornithopter"},{"floor":26,"key":"Lantern"},{"floor":27,"key":"Strawberry"}],"event_choices":[{"damage_healed":0.0,"max_hp_gain":0.0,"max_hp_loss":0.0,"gold_gain":0.0,"event_name":"Golden Idol","player_choice":"Take Damage","floor":2.0,"gold_loss":0.0,"damage_taken":18.0,"relics_obtained":["Golden Idol"]},{"damage_healed":0.0,"max_hp_gain":0.0,"max_hp_loss":0.0,"gold_gain":75.0,"event_name":"World of Goop","player_choice":"Gather Gold","floor":4.0,"gold_loss":0.0,"damage_taken":11.0},{"damage_healed":0.0,"max_hp_gain":0.0,"max_hp_loss":0.0,"gold_gain":0.0,"event_name":"Wheel of Change","player_choice":"Relic","floor":6.0,"gold_loss":0.0,"damage_taken":0.0},{"damage_healed":0.0,"max_hp_gain":0.0,"max_hp_loss":0.0,"gold_gain":0.0,"event_name":"Designer","player_choice":"Upgrade","floor":21.0,"gold_loss":40.0,"damage_taken":0.0,"cards_upgraded":["Hyperbeam"]}],"is_beta":false,"boss_relics":[{"not_picked":["Inserter","SlaversCollar"],"picked":"Philosopher\u0027s Stone"}],"items_purged_floors":[],"is_endless":false,"potions_floor_spawned":[3,5,13,18,27],"killed_by":"Champ","ascension_level":5}}