{"host":"ul0c1243uydmw2e7","time":1610118693,"event":{"mods":["BaseMod","Better Match","Better Silent Start","Better Vampires","BetterRewards","Block Reminder","Emptier Cage","Energized Spire","Minty Spire (QoL Compilation)","Replay The Spire","Shop Mod","StSLib","The Dragon Tamer","Virulent Crown"],"gold_per_floor":[112,130,130,141,141,176,326,355,435,93,128,128,159,12,12,165,165,219,305,351,431,431,431,499,499,548,683,683,758,809,662,662,831,831,882,168,230,230,304,411,58,58,107,107,0,79,79,155,155,235,315,315,315,130,130,130],"floor_reached":55,"playtime":2359,"items_purged":["Strike_R","Doubt","Strike_R","Strike_R","Strike_R","Bash"],"score":2232,"play_id":"ed01a2b2-85c4-42c8-8726-77e5f123cf46","local_time":"20210108101133","is_ascension_mode":true,"campfire_choices":[{"floor":12.0,"key":"REST"},{"data":"Sword Boomerang","floor":15.0,"key":"SMITH"},{"data":"Double Tap","floor":23.0,"key":"SMITH"},{"data":"Disarm","floor":25.0,"key":"SMITH"},{"floor":32.0,"key":"RECALL"},{"floor":42,"key":"REST"},{"data":"Twin Strike","floor":44,"key":"SMITH"},{"data":"Inflame","floor":47,"key":"SMITH"},{"data":"Cleave","floor":49,"key":"SMITH"},{"data":"Ghostly Armor","floor":53,"key":"SMITH"}],"circlet_count":0,"master_deck":["AscendersBane","Strike_R","Defend_R","Defend_R+1","Defend_R","Defend_R+1","Shockwave+1","Disarm+1","Anger","Twin Strike+1","Inflame+1","Double Tap+1","Sword Boomerang+1","Demon Form","Massacre+1","J.A.X.","True Grit+1","Shrug It Off","Ghostly Armor+1","Shrug It Off","Cleave+1"],"relics":["Burning Blood","Another Sword","Letter Opener","Iron Hammer","Bag of Preparation","Bag of Marbles","Gambling Chip","Charon\u0027s Ashes","ReplayTheSpireMod:TigerMarble","The Courier","ClockworkSouvenir","Bird Faced Urn","energizedSpire:MagnifyingGlass","Bottled Tornado","Pen Nib","Gremlin Horn","Simple Rune","Pantograph","Akabeko","Red Mask","Eternal Feather","MerchantsRug","King of Hearts"],"acts_visited":["Exordium","TheCity","TheBeyond","TheEnding"],"potions_floor_usage":[40,50,55],"damage_taken":[{"damage":0.0,"enemies":"Cultist","floor":1.0,"turns":1.0},{"damage":0.0,"enemies":"Small Slimes","floor":2.0,"turns":1.0},{"damage":0.0,"enemies":"Jaw Worm","floor":4.0,"turns":1.0},{"damage":16.0,"enemies":"3 Sentries","floor":6.0,"turns":6.0},{"damage":4.0,"enemies":"Lagavulin","floor":8.0,"turns":3.0},{"damage":0.0,"enemies":"Gremlin Nob","floor":11.0,"turns":1.0},{"damage":2.0,"enemies":"3 Sentries","floor":13.0,"turns":3.0},{"damage":0.0,"enemies":"Slime Boss","floor":16.0,"turns":2.0},{"damage":11.0,"enemies":"Spheric Guardian","floor":18.0,"turns":4.0},{"damage":10.0,"enemies":"Shell Parasite","floor":19.0,"turns":3.0},{"damage":0.0,"enemies":"Snake Plant","floor":20.0,"turns":2.0},{"damage":0.0,"enemies":"Cultist and Chosen","floor":21.0,"turns":2.0},{"damage":18.0,"enemies":"Book of Stabbing","floor":24.0,"turns":4.0},{"damage":0.0,"enemies":"Gremlin Leader","floor":27.0,"turns":3.0},{"damage":3.0,"enemies":"3 Cultists","floor":29.0,"turns":2.0},{"damage":0.0,"enemies":"Snake Plant","floor":30.0,"turns":1.0},{"damage":32.0,"enemies":"Automaton","floor":33.0,"turns":5.0},{"damage":9.0,"enemies":"3 Shapes","floor":35.0,"turns":5.0},{"damage":13.0,"enemies":"Orb Walker","floor":37.0,"turns":5.0},{"damage":7,"enemies":"3 Darklings","floor":39,"turns":3},{"damage":11,"enemies":"Reptomancer","floor":40,"turns":4},{"damage":3,"enemies":"R_Hoarder","floor":46,"turns":6},{"damage":23,"enemies":"Maw","floor":48,"turns":3},{"damage":55,"enemies":"Donu and Deca","floor":50,"turns":7},{"damage":41,"enemies":"Awakened One","floor":51,"turns":10},{"damage":87,"enemies":"Shield and Spear","floor":55,"turns":5}],"seed_played":"-185217445969383483","potions_obtained":[{"floor":2.0,"key":"EssenceOfSteel"},{"floor":4.0,"key":"EssenceOfSteel"},{"floor":18.0,"key":"DuplicationPotion"},{"floor":24.0,"key":"Fire Potion"},{"floor":30.0,"key":"Flashbang"}],"is_trial":false,"path_per_floor":["M","M","?","M","?","E","?","E","T","$","E","R","E","$","R","B",null,"M","M","M","M","?","R","E","R","T","E","?","M","M","?","R","B",null,"M","$","M","?","M","E","$","R","T","R","?","E","R","M","R","B","B",null,"R","$","E"],"character_chosen":"IRONCLAD","items_purchased":["Shockwave+1","Disarm","Anger","Twin Strike","Letter Opener","Iron Hammer","BargainBundle","Inflame","Bag of Preparation","Bag of Marbles","Apotheosis","Omamori","ClockworkSouvenir","Sword Boomerang","Ghostly Armor","Bottled Tornado","Pen Nib","Gremlin Horn","Pantograph","MerchantsRug","CultistPotion","Regen Potion","King of Hearts"],"campfire_rested":2,"item_purchase_floors":[0,0,0,0,0,0,0,0,0,0,0,10,10,14,36,36,36,36,41,54,54,54,54],"current_hp_per_floor":[74,75,75,75,68,58,58,60,60,60,66,75,75,75,75,75,75,70,66,72,75,75,75,63,63,63,71,75,75,75,75,75,53,70,71,71,64,60,61,60,60,75,75,75,75,75,75,61,73,28,22,62,74,74,0,0],"gold":130,"neow_bonus":"","is_daily":false,"chose_seed":false,"campfire_upgraded":7,"win_rate":0.0,"timestamp":1610118693,"path_taken":["M","M","?","M","?","E","?","E","T","$","E","R","E","?","R","BOSS","M","M","M","M","?","R","E","R","T","E","?","?","M","?","R","BOSS","M","$","?","?","?","E","?","R","T","R","?","E","R","M","R","BOSS","BOSS","R","$","E"],"items_purchased_type":["Card","Card","Card","Card","Relic","Relic","Relic","Card","Relic","Relic","Card","Relic","Relic","Card","Card","Relic","Relic","Relic","Relic","Relic","Potion","Potion","Relic"],"build_version":"2020-12-22","purchased_purges":6,"victory":false,"max_hp_per_floor":[75,75,75,75,75,75,75,75,75,75,75,75,75,75,75,75,75,75,75,75,75,75,75,75,75,75,75,75,75,75,75,75,75,75,75,75,75,75,75,75,75,75,75,75,75,75,75,75,75,75,75,75,75,75,75,75],"card_choices":[{"not_picked":["Clash","Heavy Blade","Shockwave"],"picked":"SKIP","floor":1.0},{"not_picked":["Burning Pact","Run Through","Havoc"],"picked":"SKIP","floor":2.0},{"not_picked":["Rampage","Iron Wave","Dual Wield"],"picked":"SKIP","floor":4.0},{"not_picked":["Corruption","Sword Boomerang","Havoc"],"picked":"SKIP","floor":6.0},{"not_picked":["Shockwave","Armaments","Run Through"],"picked":"SKIP","floor":8.0},{"not_picked":["Dual Wield","Anger","Intimidate"],"picked":"SKIP","floor":11.0},{"not_picked":["Carnage","Thunderclap"],"picked":"Double Tap","floor":13.0},{"not_picked":["Double Tap","Berserk"],"picked":"Demon Form","floor":16.0},{"not_picked":["Rupture","Power Through","Combust"],"picked":"SKIP","floor":18.0},{"not_picked":["True Grit","Blood for Blood"],"picked":"Massacre+1","floor":19.0},{"not_picked":["Havoc","Clothesline","Feel No Pain"],"picked":"SKIP","floor":20.0},{"not_picked":["Iron Wave","Barricade","Havoc"],"picked":"SKIP","floor":21.0},{"not_picked":["Armaments+1","Fiend Fire","Bloodletting"],"picked":"SKIP","floor":24.0},{"not_picked":["Thunderclap","Body Slam"],"picked":"True Grit+1","floor":27.0},{"not_picked":["Flex","Havoc+1","Clothesline"],"picked":"SKIP","floor":29.0},{"not_picked":["Cleave","Ghostly Armor"],"picked":"Shrug It Off","floor":30.0},{"not_picked":["Searing Blow","Dropkick","Run Through"],"picked":"SKIP","floor":35.0},{"not_picked":["Flex","Thunderclap+1"],"picked":"Shrug It Off","floor":37},{"not_picked":["Warcry","Pommel Strike","Body Slam+1"],"picked":"SKIP","floor":39},{"not_picked":["Intimidate+1","Uppercut","Sever Soul"],"picked":"SKIP","floor":40},{"not_picked":["Warcry","Immolate"],"picked":"Cleave","floor":42},{"not_picked":["Dual Wield","Havoc","Metallicize"],"picked":"SKIP","floor":46},{"not_picked":["Entrench","Rampage","Ghostly Armor"],"picked":"SKIP","floor":48}],"player_experience":326398,"relics_obtained":[{"floor":6.0,"key":"Charon\u0027s Ashes"},{"floor":8.0,"key":"ReplayTheSpireMod:TigerMarble"},{"floor":9.0,"key":"The Courier"},{"floor":11.0,"key":"Unceasing Top"},{"floor":13.0,"key":"Replay:Bandana"},{"floor":24.0,"key":"Bird Faced Urn"},{"floor":27.0,"key":"Replay:Baseball"},{"floor":40,"key":"Simple Rune"},{"floor":43,"key":"Akabeko"},{"floor":46,"key":"Eternal Feather"}],"event_choices":[{"damage_healed":0.0,"max_hp_gain":0.0,"max_hp_loss":0.0,"gold_gain":0.0,"event_name":"Shining Light","player_choice":"Ignored","floor":3.0,"gold_loss":0.0,"damage_taken":0.0},{"cards_removed":["Apotheosis"],"damage_healed":0.0,"max_hp_gain":0.0,"max_hp_loss":0.0,"gold_gain":0.0,"event_name":"Golden Wing","player_choice":"Card Removal","floor":5.0,"gold_loss":0.0,"damage_taken":7.0},{"damage_healed":0.0,"max_hp_gain":0.0,"max_hp_loss":0.0,"gold_gain":150.0,"event_name":"Liars Game","player_choice":"AGREE","floor":7.0,"gold_loss":0.0,"damage_taken":0.0,"cards_obtained":["Doubt"]},{"damage_healed":0.0,"max_hp_gain":0.0,"max_hp_loss":0.0,"gold_gain":0.0,"event_name":"Drug Dealer","player_choice":"Obtain J.A.X.","floor":22.0,"gold_loss":0.0,"damage_taken":0.0,"cards_obtained":["J.A.X."]},{"damage_healed":4.0,"max_hp_gain":0.0,"max_hp_loss":0.0,"gold_gain":0.0,"event_name":"Wheel of Change","player_choice":"Full Heal","floor":28.0,"gold_loss":0.0,"damage_taken":0.0},{"damage_healed":0.0,"max_hp_gain":0.0,"max_hp_loss":0.0,"gold_gain":0.0,"event_name":"WeMeetAgain","player_choice":"Paid Gold","floor":31.0,"gold_loss":147.0,"damage_taken":0.0,"relics_obtained":["Dream Catcher"]},{"damage_healed":0,"gold_gain":0,"player_choice":"Bought 0 Potions","damage_taken":0,"max_hp_gain":0,"max_hp_loss":0,"event_name":"The Woman in Blue","floor":38,"gold_loss":0},{"damage_healed":0,"gold_gain":0,"player_choice":"Paid","damage_taken":0,"relics_obtained":["Red Mask"],"max_hp_gain":0,"max_hp_loss":0,"event_name":"Tomb of Lord Red Mask","floor":45,"gold_loss":107}],"is_beta":false,"boss_relics":[{"not_picked":["Replay:Bronze Core","Astrolabe"],"picked":"Velvet Choker"},{"not_picked":["SacredBark","SlaversCollar"],"picked":"energizedSpire:MagnifyingGlass"}],"items_purged_floors":[0,10,14,36,41,54],"is_endless":false,"potions_floor_spawned":[2,4,6,11,13,16,18,24,27,30,35],"killed_by":"Shield and Spear","ascension_level":20}}