{"host":"c7y19xegjhmhlks5","time":1610083782,"event":{"mods":["AchievementEnabler","BaseMod","Better Note","Block Reminder","Colored Map","Downfall","Highlight Path","Infinite Spire","Minty Spire (QoL Compilation)","Replay The Spire","StSLib","everything is the same but u backflip on backflip"],"gold_per_floor":[99,110,110,21,21,21,100,110,127,52,65,65,84,97,116,221,221,221,239,239,239,256,256,281,308,318,336,336,349,274,374,387,482,482,482,502,517,517,533,533,560,576,576,586,586,586,586,616,541,541],"floor_reached":51,"playtime":6794,"items_purged":["Regret"],"score":741,"play_id":"7cc414c7-33b4-4ba3-b55d-6231cbf89050","local_time":"20210108002942","is_ascension_mode":false,"campfire_choices":[{"floor":1.0,"key":"RECALL"},{"floor":12.0,"key":"REST"},{"data":"Guardian:BaubleBeam","floor":23.0,"key":"SMITH"},{"floor":30.0,"key":"REST"},{"floor":40,"key":"REST"},{"floor":45,"key":"REST"},{"data":"infinitespire:Menacing","floor":49,"key":"SMITH"}],"circlet_count":0,"master_deck":["Guardian:Strike_Guardian+1","Guardian:Strike_Guardian","Guardian:Strike_Guardian","Guardian:Strike_Guardian","Guardian:Defend_Guardian","Guardian:Defend_Guardian","Guardian:Defend_Guardian","Guardian:CurlUp+1","Guardian:TwinSlam+1","Guardian:EvasiveProtocol","Guardian:BaubleBeam+1","Guardian:ArmoredProtocol","Guardian:Suspension","Guardian:DecasProtection","Guardian:ChargeCore","Guardian:AncientConstruct","Guardian:FloatingOrbs","Guardian:BaubleBeam","Guardian:RollAttack+1","Guardian:StasisField","Guardian:DecasProtection","Guardian:Preprogram","Guardian:HyperBeam_Guardian","Magnetism","Replay:SS_hec_2","Guardian:Reroute+1","Guardian:PrimingBeam","Guardian:Clone","Guardian:SphericShield","Guardian:Repulse+1","Guardian:SpikerProtocol","Guardian:DonusPower","Guardian:PrismaticBeam+1","Guardian:AncientConstruct","Guardian:TimeBomb+1","infinitespire:Menacing+1","Guardian:Gem_Blue","Guardian:Gem_Synthetic","Guardian:RevengeProtocol"],"relics":["Guardian:ModeShifter","Guardian:PickAxe","Calipers","Mummified Hand","downfall:HeartBlessingRed","Philosopher\u0027s Stone","Centennial Puzzle","ReplayTheSpireMod:ShopPack","downfall:HeartBlessingBlue","ChewingGum","MealTicket","Guardian:SackOfGems","Bag of Marbles","downfall:HeartBlessingGreen"],"acts_visited":["Exordium","TheCity","TheBeyond"],"potions_floor_usage":[37,37,42,50],"damage_taken":[{"damage":11.0,"enemies":"Jaw Worm","floor":2.0,"turns":3.0},{"damage":11.0,"enemies":"Jaw Worm","floor":3.0,"turns":6.0},{"damage":5.0,"enemies":"downfall:FleeingMerchant","floor":4.0,"turns":4.0},{"damage":0.0,"enemies":"2 Louse","floor":8.0,"turns":2.0},{"damage":4.0,"enemies":"Small Slimes","floor":9.0,"turns":4.0},{"damage":7.0,"enemies":"Large Slime","floor":11.0,"turns":8.0},{"damage":3.0,"enemies":"Lots of Slimes","floor":13.0,"turns":4.0},{"damage":6.0,"enemies":"Exordium Wildlife","floor":14.0,"turns":5.0},{"damage":5.0,"enemies":"Exordium Thugs","floor":15.0,"turns":2.0},{"damage":13.0,"enemies":"downfall:Watcher","floor":16.0,"turns":6.0},{"damage":8.0,"enemies":"Spheric Guardian","floor":19.0,"turns":4.0},{"damage":10.0,"enemies":"3 Byrds","floor":22.0,"turns":4.0},{"damage":42.0,"enemies":"Nightmare","floor":25.0,"turns":7.0},{"damage":7.0,"enemies":"3 Cultists","floor":26.0,"turns":3.0},{"damage":17.0,"enemies":"Snake Plant","floor":27.0,"turns":3.0},{"damage":7.0,"enemies":"Cultist and Chosen","floor":29.0,"turns":5.0},{"damage":2.0,"enemies":"downfall:LadyInBlue","floor":31.0,"turns":8.0},{"damage":4.0,"enemies":"Shelled Parasite and Fungi","floor":32.0,"turns":5.0},{"damage":0.0,"enemies":"downfall:Defect","floor":33.0,"turns":6.0},{"damage":14,"enemies":"3 Shapes","floor":36,"turns":4},{"damage":12,"enemies":"3 Darklings","floor":37,"turns":5},{"damage":13,"enemies":"Spire Growth","floor":39,"turns":6},{"damage":12,"enemies":"Sphere and 2 Shapes","floor":42,"turns":4},{"damage":10,"enemies":"3 Darklings","floor":44,"turns":4},{"damage":2,"enemies":"Nightmare","floor":48,"turns":9},{"damage":38,"enemies":"downfall:Silent","floor":50,"turns":10}],"seed_played":"-9063741554483054049","potions_obtained":[{"floor":8.0,"key":"SpeedPotion"},{"floor":13.0,"key":"SteroidPotion"},{"floor":14.0,"key":"LiquidMemories"},{"floor":16.0,"key":"Regen Potion"},{"floor":21.0,"key":"hexamod:EctoCoolerPotion"},{"floor":26.0,"key":"Ancient Potion"},{"floor":31.0,"key":"Fire Potion"},{"floor":31.0,"key":"Dexterity Potion"},{"floor":31.0,"key":"Guardian:StasisDiscoveryPotion"},{"floor":32.0,"key":"Adrenaline Potion"},{"floor":33.0,"key":"Swift Potion"},{"floor":35,"key":"LifebloodPotion"},{"floor":35,"key":"Swift Potion"},{"floor":37,"key":"sneckomod:MuddlingPotion"},{"floor":39,"key":"SpeedPotion"},{"floor":48,"key":"Guardian:AcceleratePotion"}],"is_trial":false,"path_per_floor":["R","M","?","$","?","?","T","M","M","R","M","R","M","M","M","B",null,"R","M","?","?","M","R","T","NM","M","M","AVR","M","R","?","M","B",null,"R_BF","M","M","?","M","R","T","M","?","M","R","?","AVR","NM","R","B",null],"character_chosen":"GUARDIAN","items_purchased":["Guardian:BaubleBeam"],"campfire_rested":4,"item_purchase_floors":[4],"current_hp_per_floor":[88,77,54,49,37,37,37,37,33,33,26,52,49,43,38,25,88,88,80,80,80,70,70,70,40,33,16,16,17,56,54,50,50,98,98,84,72,72,59,88,88,76,76,66,95,95,95,93,93,55],"gold":541,"neow_bonus":"TEN_PERCENT_HP_BONUS","is_daily":false,"chose_seed":false,"campfire_upgraded":2,"win_rate":0.0,"timestamp":1610083782,"path_taken":["R","M","?","$","?","?","T","M","M","R","M","R","M","M","M","BOSS","R","M","?","?","M","R","T","NM","M","?","AVR","M","R","?","M","BOSS","R_BF","M","M","?","M","R","T","?","?","?","R","?","AVR","NM","R","BOSS"],"items_purchased_type":["Card"],"build_version":"2020-12-22","purchased_purges":1,"victory":true,"max_hp_per_floor":[88,88,88,88,88,88,88,88,88,88,88,88,88,88,88,88,88,88,88,88,88,88,88,88,88,88,88,88,88,98,98,98,98,98,98,98,98,98,98,98,98,98,98,98,98,98,98,98,98,98],"card_choices":[{"not_picked":["Guardian:Gem_Cyan","Guardian:RollAttack"],"picked":"Guardian:Gem_Red","floor":2.0},{"not_picked":["Guardian:Suspension","Guardian:Reroute"],"picked":"Guardian:EvasiveProtocol","floor":4.0},{"not_picked":["Guardian:EvasiveProtocol","Guardian:VentSteam"],"picked":"Guardian:ArmoredProtocol","floor":8.0},{"not_picked":["Guardian:PolyBeam","Guardian:Gem_Green"],"picked":"Guardian:Suspension","floor":9.0},{"not_picked":["Guardian:Gem_Fragmented","Guardian:Planning"],"picked":"Guardian:DecasProtection","floor":11.0},{"not_picked":["Guardian:PrimingBeam","Guardian:PiercingHide"],"picked":"Guardian:ChargeCore","floor":13.0},{"not_picked":["Guardian:TimeCapacitor","Guardian:BronzeOrb"],"picked":"Guardian:AncientConstruct","floor":14.0},{"not_picked":["Guardian:ShieldCharger","Guardian:PiercingHide"],"picked":"Guardian:FloatingOrbs","floor":15.0},{"not_picked":["Guardian:StasisStrike","Guardian:ConstructionForm"],"picked":"Guardian:BaubleBeam","floor":16.0},{"not_picked":["Guardian:Gem_Crimson","Guardian:PrimingBeam+1"],"picked":"Guardian:RollAttack+1","floor":19.0},{"not_picked":["Guardian:Planning","Guardian:TemporalShield"],"picked":"Guardian:DecasProtection","floor":22.0},{"not_picked":["Guardian:Recover","Guardian:Gem_Lightblue"],"picked":"Guardian:Preprogram","floor":25.0},{"not_picked":["Guardian:BronzeOrb","Guardian:DonusPower+1"],"picked":"Guardian:HyperBeam_Guardian","floor":26.0},{"not_picked":["Guardian:Suspension","Guardian:Planning","Guardian:RollAttack"],"picked":"SKIP","floor":27.0},{"not_picked":["Thinking Ahead","Master of Strategy"],"picked":"Magnetism","floor":28.0},{"not_picked":["Flash of Steel","expansioncontent:LastStand"],"picked":"Replay:SS_hec_2","floor":28.0},{"not_picked":["Guardian:Incinerate","Guardian:ChargeCore"],"picked":"Guardian:Reroute+1","floor":29.0},{"not_picked":["Guardian:Preprogram","Guardian:Gem_Cyan"],"picked":"Guardian:PrimingBeam","floor":31.0},{"not_picked":["Guardian:CrystalBeam+1","Guardian:Gem_Crimson"],"picked":"Guardian:Clone","floor":32.0},{"not_picked":["Guardian:ExploitGems","Guardian:HyperBeam_Guardian"],"picked":"Guardian:SphericShield","floor":33.0},{"not_picked":["Guardian:WalkerClaw+1","Guardian:ShieldCharger"],"picked":"Guardian:Repulse+1","floor":36},{"not_picked":["Guardian:Gem_Red","Guardian:Gem_Green"],"picked":"Guardian:SpikerProtocol","floor":37},{"not_picked":["Guardian:Gem_Purple","Guardian:CrystalBeam"],"picked":"Guardian:DonusPower","floor":39},{"not_picked":["Guardian:RefractedBeam","Guardian:Planning+1"],"picked":"Guardian:PrismaticBeam+1","floor":42},{"not_picked":["Guardian:Gem_Cyan","Guardian:TemporalStrike"],"picked":"Guardian:TimeBomb+1","floor":44},{"not_picked":["Guardian:Gem_Cyan","Guardian:SentryBeam+1"],"picked":"Guardian:RevengeProtocol","floor":48}],"player_experience":570171,"relics_obtained":[{"floor":7.0,"key":"Mummified Hand"},{"floor":25.0,"key":"Centennial Puzzle"},{"floor":31.0,"key":"Potion Belt"},{"floor":41,"key":"MealTicket"},{"floor":48,"key":"Bag of Marbles"}],"event_choices":[{"damage_healed":0.0,"max_hp_gain":0.0,"max_hp_loss":0.0,"gold_gain":0.0,"event_name":"Scrap Ooze","player_choice":"Success","floor":5.0,"gold_loss":0.0,"damage_taken":12.0,"relics_obtained":["Calipers"]},{"damage_healed":0.0,"max_hp_gain":0.0,"max_hp_loss":0.0,"gold_gain":0.0,"event_name":"Lab","player_choice":"Got Potions","floor":21.0,"gold_loss":0.0,"damage_taken":0.0},{"cards_removed":["Guardian:Defend_Guardian"],"damage_healed":0,"gold_gain":0,"player_choice":"Removed Skill","damage_taken":0,"max_hp_gain":0,"max_hp_loss":0,"event_name":"Falling","floor":46,"gold_loss":0}],"is_beta":false,"boss_relics":[{"not_picked":["Replay:Ancient Bell","Abe\u0027s Treasure"],"picked":"Philosopher\u0027s Stone"},{"not_picked":["Replay:Drink Me","Snecko Eye"],"picked":"ChewingGum"}],"items_purged_floors":[28],"is_endless":false,"potions_floor_spawned":[8,13,14,16,22,26,32,33,37,39,48],"ascension_level":0}}