{"host":"qdfumeom6htv8yxl","time":1610128661,"event":{"mods":["AchievementEnabler","BaseMod","Bestiary","Block Reminder","Minty Spire (QoL Compilation)","Quick Restart","Relic Stats"],"gold_per_floor":[110,110,110,129,39,39,68,88,141,141,155,155,41,51,51,128,128,143,162,162,62,62,62,94,94,94,128,155,185,185,198,198,271,271,271,296,114,126,146,146,146,174,174,192,192,238,254,254,254,254,254],"floor_reached":50,"playtime":2604,"items_purged":["Strike_G","Defend_G","Writhe"],"score":1181,"play_id":"ee90ecf8-f30a-47a7-89e4-a1c31b4fbf89","local_time":"20210108115741","is_ascension_mode":true,"campfire_choices":[{"data":"Cloak And Dagger","floor":6.0,"key":"SMITH"},{"floor":12.0,"key":"REST"},{"data":"Terror","floor":15.0,"key":"SMITH"},{"floor":23.0,"key":"REST"},{"data":"Footwork","floor":25.0,"key":"SMITH"},{"data":"Burst","floor":32.0,"key":"SMITH"},{"data":"Finisher","floor":40.0,"key":"SMITH"},{"floor":45.0,"key":"REST"},{"floor":49.0,"key":"REST"}],"circlet_count":0,"master_deck":["AscendersBane","Strike_G","Strike_G","Strike_G","Defend_G","Defend_G","Defend_G","Defend_G","Survivor","Neutralize","Dagger Throw","Cloak And Dagger+1","Slice","Footwork+1","Terror+1","Cloak And Dagger+1","Backflip","Crippling Poison","Burst+1","Phantasmal Killer","Infinite Blades","All Out Attack","Backstab","Prepared+1","Acrobatics+1","Venomology+1","Underhanded Strike","Phantasmal Killer+1","Finisher+1","Footwork","Backflip+1","Reflex+1","Concentrate+1","Dramatic Entrance","Eviscerate","PiercingWail+1","Dagger Throw","Prepared+1"],"relics":["WristBlade","Bag of Marbles","Snake Skull","HoveringKite","StrikeDummy","Smiling Mask","Question Card","Toxic Egg 2","Red Mask","Vajra","Turnip","Runic Pyramid","CaptainsWheel","Ornamental Fan","Oddly Smooth Stone","Tingsha"],"acts_visited":["Exordium","TheCity","TheBeyond"],"potions_floor_usage":[50,50],"damage_taken":[{"damage":4.0,"enemies":"Jaw Worm","floor":1.0,"turns":5.0},{"damage":2.0,"enemies":"2 Louse","floor":4.0,"turns":3.0},{"damage":29.0,"enemies":"Gremlin Nob","floor":7.0,"turns":4.0},{"damage":0.0,"enemies":"Small Slimes","floor":8.0,"turns":1.0},{"damage":7.0,"enemies":"Red Slaver","floor":11.0,"turns":2.0},{"damage":0.0,"enemies":"3 Louse","floor":14.0,"turns":2.0},{"damage":6.0,"enemies":"The Guardian","floor":16.0,"turns":10.0},{"damage":14.0,"enemies":"2 Thieves","floor":18.0,"turns":4.0},{"damage":10.0,"enemies":"Shell Parasite","floor":19.0,"turns":5.0},{"damage":16.0,"enemies":"Slavers","floor":24.0,"turns":5.0},{"damage":0.0,"enemies":"Gremlin Leader","floor":27.0,"turns":5.0},{"damage":0.0,"enemies":"Masked Bandits","floor":28.0,"turns":2.0},{"damage":0.0,"enemies":"Slavers","floor":29.0,"turns":4.0},{"damage":3.0,"enemies":"Snecko","floor":31.0,"turns":4.0},{"damage":29.0,"enemies":"Automaton","floor":33.0,"turns":8.0},{"damage":0.0,"enemies":"3 Shapes","floor":35.0,"turns":1.0},{"damage":0.0,"enemies":"Mind Bloom Boss Battle","floor":36.0,"turns":3.0},{"damage":0.0,"enemies":"Orb Walker","floor":38.0,"turns":2.0},{"damage":0.0,"enemies":"3 Darklings","floor":39.0,"turns":3.0},{"damage":38.0,"enemies":"Giant Head","floor":42.0,"turns":5.0},{"damage":0.0,"enemies":"Jaw Worm Horde","floor":44.0,"turns":2.0},{"damage":7.0,"enemies":"2 Orb Walkers","floor":46.0,"turns":3.0},{"damage":0.0,"enemies":"Maw","floor":47.0,"turns":4.0},{"damage":0.0,"enemies":"Writhing Mass","floor":48.0,"turns":1.0},{"damage":57,"enemies":"Time Eater","floor":50,"turns":10}],"seed_played":"-4217141998357884313","potions_obtained":[{"floor":4.0,"key":"BlessingOfTheForge"},{"floor":11.0,"key":"Ancient Potion"},{"floor":18.0,"key":"AttackPotion"},{"floor":24.0,"key":"BlessingOfTheForge"},{"floor":33.0,"key":"CunningPotion"},{"floor":38.0,"key":"DistilledChaos"},{"floor":39.0,"key":"Fruit Juice"},{"floor":42.0,"key":"CunningPotion"}],"is_trial":false,"path_per_floor":["M","?","?","M","$","R","E","M","T","?","M","R","$","M","R","B",null,"M","M","T","$","?","R","E","R","T","E","?","E","?","M","R","B",null,"M","?","$","M","M","R","?","E","T","M","R","?","M","M","R","B"],"character_chosen":"THE_SILENT","items_purchased":["Slice","Footwork","Crippling Poison","Footwork","Backflip+1"],"campfire_rested":4,"item_purchase_floors":[5,5,13,37,37],"current_hp_per_floor":[55,48,48,46,46,46,17,17,17,17,10,29,29,29,29,23,55,41,31,31,31,31,50,34,34,34,34,34,34,34,31,31,2,50,50,50,50,50,50,50,50,17,17,17,38,31,31,31,52,0,0],"gold":254,"neow_bonus":"BOSS_RELIC","is_daily":false,"chose_seed":false,"campfire_upgraded":5,"win_rate":0.0,"timestamp":1610128661,"path_taken":["M","?","?","M","?","R","E","M","T","?","?","R","$","M","R","BOSS","M","M","?","$","?","R","E","R","T","E","?","E","?","M","R","BOSS","M","?","$","M","M","R","?","E","T","M","R","?","M","?","R","BOSS"],"items_purchased_type":["Card","Card","Card","Card","Card"],"build_version":"2020-12-22","purchased_purges":3,"victory":false,"max_hp_per_floor":[66,66,66,66,66,66,66,66,66,66,66,66,66,66,66,66,66,66,66,66,66,66,66,66,66,66,66,66,66,66,66,66,66,66,66,66,66,66,66,66,66,71,71,71,71,71,71,71,71,71,71],"relic_stats":{"counters":[25,98],"Ornamental Fan":[36],"HoveringKite":[40],"Tingsha":[45],"Snake Skull":[16],"Turnip":[7],"Smiling Mask":75,"Question Card":13,"obtain_stats":[{"HoveringKite":17,"Vajra":29,"Oddly Smooth Stone":43,"Tingsha":46,"Snake Skull":9,"Smiling Mask":24,"Question Card":26,"CaptainsWheel":36,"WristBlade":0,"Ornamental Fan":42,"Turnip":30,"Bag of Marbles":7,"Red Mask":28,"Toxic Egg 2":27,"StrikeDummy":20,"Ring of the Snake":0,"Runic Pyramid":34},{"HoveringKite":7,"Vajra":13,"Oddly Smooth Stone":20,"Tingsha":22,"Snake Skull":4,"Smiling Mask":10,"Question Card":10,"CaptainsWheel":17,"WristBlade":0,"Ornamental Fan":20,"Turnip":13,"Bag of Marbles":3,"Red Mask":12,"Toxic Egg 2":11,"StrikeDummy":9,"Ring of the Snake":0,"Runic Pyramid":15},{"HoveringKite":27,"Vajra":52,"Oddly Smooth Stone":78,"Tingsha":83,"Snake Skull":13,"Smiling Mask":41,"Question Card":41,"CaptainsWheel":68,"WristBlade":0,"Ornamental Fan":78,"Turnip":52,"Bag of Marbles":12,"Red Mask":48,"Toxic Egg 2":46,"StrikeDummy":36,"Ring of the Snake":0,"Runic Pyramid":64}]},"card_choices":[{"not_picked":["PiercingWail","Predator"],"picked":"Dagger Throw","floor":1.0},{"not_picked":["Dodge and Roll","Dagger Throw"],"picked":"Cloak And Dagger","floor":4.0},{"not_picked":["Masterful Stab","Noxious Fumes"],"picked":"Terror","floor":7.0},{"not_picked":["Dagger Throw","Bouncing Flask"],"picked":"Cloak And Dagger","floor":8.0},{"not_picked":["Dodge and Roll","Malaise"],"picked":"Backflip","floor":11.0},{"not_picked":["Quick Slash","Deadly Poison"],"picked":"Burst","floor":14.0},{"not_picked":["Glass Knife","Burst"],"picked":"Phantasmal Killer","floor":16.0},{"not_picked":["Deflect","Quick Slash"],"picked":"Infinite Blades","floor":18.0},{"not_picked":["Infinite Blades","Deadly Poison"],"picked":"All Out Attack","floor":19.0},{"not_picked":["Die Die Die","Unload"],"picked":"Backstab","floor":24.0},{"not_picked":["Predator","Sucker Punch","Terror+1"],"picked":"Prepared+1","floor":27.0},{"not_picked":["Heel Hook","Outmaneuver+1","Finisher"],"picked":"Acrobatics+1","floor":28.0},{"not_picked":["Deadly Poison+1","Poisoned Stab","Concentrate+1"],"picked":"Venomology+1","floor":29.0},{"not_picked":["Heel Hook","Sucker Punch","Distraction+1"],"picked":"Underhanded Strike","floor":31.0},{"not_picked":["Storm of Steel+1","Grand Finale","A Thousand Cuts"],"picked":"Phantasmal Killer+1","floor":33.0},{"not_picked":["PiercingWail+1","Terror+1","Deflect+1"],"picked":"Finisher","floor":36.0},{"not_picked":["Infinite Blades","Slice+1","Noxious Fumes"],"picked":"Reflex+1","floor":38.0},{"not_picked":["Cloak And Dagger+1","Bane+1","Well Laid Plans"],"picked":"Concentrate+1","floor":39.0},{"not_picked":["Enlightenment+1","Discovery+1","Deep Breath+1"],"picked":"Dramatic Entrance","floor":41.0},{"not_picked":["Backflip+1","Unload","Quick Slash"],"picked":"Eviscerate","floor":42.0},{"not_picked":["Acrobatics+1","Flying Knee","Expertise+1"],"picked":"PiercingWail+1","floor":44.0},{"not_picked":["Slice","Poisoned Stab","Quick Slash+1"],"picked":"Dagger Throw","floor":46.0},{"not_picked":["Well Laid Plans","Flying Knee","Acrobatics+1"],"picked":"Prepared+1","floor":47.0}],"player_experience":1743232,"relics_obtained":[{"floor":7.0,"key":"Bag of Marbles"},{"floor":9.0,"key":"Snake Skull"},{"floor":20.0,"key":"StrikeDummy"},{"floor":24.0,"key":"Smiling Mask"},{"floor":26.0,"key":"Question Card"},{"floor":27.0,"key":"Toxic Egg 2"},{"floor":28.0,"key":"Red Mask"},{"floor":29.0,"key":"Vajra"},{"floor":36.0,"key":"CaptainsWheel"},{"floor":42.0,"key":"Ornamental Fan"},{"floor":43.0,"key":"Oddly Smooth Stone"},{"floor":46.0,"key":"Tingsha"}],"event_choices":[{"cards_removed":["Strike_G"],"damage_healed":0.0,"max_hp_gain":0.0,"max_hp_loss":0.0,"gold_gain":0.0,"event_name":"Golden Wing","player_choice":"Card Removal","floor":2.0,"gold_loss":0.0,"damage_taken":7.0},{"damage_healed":0.0,"max_hp_gain":0.0,"max_hp_loss":0.0,"gold_gain":0.0,"event_name":"Shining Light","player_choice":"Ignored","floor":3.0,"gold_loss":0.0,"damage_taken":0.0},{"damage_healed":0.0,"max_hp_gain":0.0,"max_hp_loss":0.0,"gold_gain":0.0,"event_name":"Upgrade Shrine","player_choice":"Upgraded","floor":10.0,"gold_loss":0.0,"damage_taken":0.0,"cards_upgraded":["Cloak And Dagger"]},{"damage_healed":0.0,"max_hp_gain":0.0,"max_hp_loss":0.0,"gold_gain":0.0,"event_name":"Masked Bandits","player_choice":"Fought Bandits","floor":28.0,"gold_loss":0.0,"damage_taken":0.0},{"damage_healed":0.0,"max_hp_gain":0.0,"max_hp_loss":0.0,"gold_gain":0.0,"event_name":"The Mausoleum","player_choice":"Opened","floor":30.0,"gold_loss":0.0,"damage_taken":0.0,"relics_obtained":["Turnip"],"cards_obtained":["Writhe"]},{"damage_healed":0.0,"max_hp_gain":0.0,"max_hp_loss":0.0,"gold_gain":0.0,"event_name":"MindBloom","player_choice":"Fight","floor":36.0,"gold_loss":0.0,"damage_taken":0.0},{"damage_healed":0.0,"max_hp_gain":0.0,"max_hp_loss":0.0,"gold_gain":0.0,"event_name":"SensoryStone","player_choice":"Memory 1","floor":41.0,"gold_loss":0.0,"damage_taken":0.0},{"damage_healed":0.0,"max_hp_gain":0.0,"max_hp_loss":0.0,"gold_gain":0.0,"event_name":"Mysterious Sphere","player_choice":"Fight","floor":46.0,"gold_loss":0.0,"damage_taken":0.0}],"is_beta":false,"boss_relics":[{"not_picked":["Coffee Dripper","SlaversCollar"],"picked":"HoveringKite"},{"not_picked":["Snecko Eye","Empty Cage"],"picked":"Runic Pyramid"}],"items_purged_floors":[13,21,37],"is_endless":false,"potions_floor_spawned":[4,11,18,24,33,35,38,39,42,48],"killed_by":"Time Eater","ascension_level":20}}