{"host":"4qt77pm52ljaz00q","time":1610112498,"event":{"mods":["2.2 Compatiblity","Aspiration","Bard","BaseMod","Beaked The Cultist","BetterRewards","Challenge The Spire","ChefMod","Colored Map","Conspire","Friendly Minions","Glutton Mod","Halation","Hermit","Hubris","Infinite Spire","Jedi Mod","Mad Scientist","Marisa????????","Minty Spire (QoL Compilation)","Permanent Neow","Relic Sorter","Replay The Spire","Robot Space Explorer","Shade Mod","Shop Mod","Spires And Sneckos","StSLib","The Animator","The Bug Knight","The Construct","The Cursed","The Disciple","The Dragon Tamer","The Jungle","The Marked","The Mystic","The Necromancer","The Poker Player","The Runesmith","The Servant 0.9.4","Unknown Chances","Wandering Minibosses","vexMod"],"gold_per_floor":[129,129,146,158,158,158,192,192,192,221,221,221,221],"floor_reached":12,"playtime":1082,"items_purged":[],"score":111,"play_id":"61800fba-bb8c-421d-8db6-07bbdce1bba8","local_time":"20210108082818","is_ascension_mode":false,"campfire_choices":[{"data":"animator:Vesta","floor":6,"key":"SMITH"},{"data":"animator:Megumin","floor":8,"key":"SMITH"}],"circlet_count":0,"master_deck":["animator:Strike_Konosuba","animator:Defend_Konosuba","animator:Strike","animator:Strike","animator:Strike","animator:Defend","animator:Defend","animator:Defend","animator:Kazuma","animator:Aqua","animator:Darkness","animator:YunYun","animator:Strike","animator:NarberalGamma","animator:Vesta+1","animator:Megumin+2","infinitespire:Gouge"],"relics":["animator:LivingPicture","animator:TheMissingPiece","Replay:Bottled Flurry","vexMod:FocusSash","infinitespire:Beetle Shell"],"acts_visited":["Exordium"],"potions_floor_usage":[],"damage_taken":[{"damage":2,"enemies":"conspire:RoseBush","floor":1,"turns":4},{"damage":0,"enemies":"Cultist","floor":3,"turns":4},{"damage":10,"enemies":"Jaw Worm","floor":4,"turns":5},{"damage":16,"enemies":"3 Sentries","floor":7,"turns":5},{"damage":0,"enemies":"Replay:BlueRogue","floor":10,"turns":8},{"damage":22,"enemies":"HollowMod:MossKnight","floor":12,"turns":7}],"seed_played":"-8522282874916577694","potions_obtained":[{"floor":4,"key":"SteroidPotion"}],"is_trial":false,"path_per_floor":["M","?","M","M","?","R","E","R","T","E","?","E"],"character_chosen":"THE_ANIMATOR","items_purchased":[],"campfire_rested":0,"item_purchase_floors":[],"current_hp_per_floor":[70,70,72,62,62,62,49,49,49,51,34,14,14],"gold":221,"neow_bonus":"TEN_PERCENT_HP_BONUS","is_daily":false,"chose_seed":false,"campfire_upgraded":2,"win_rate":0.0,"timestamp":1610112498,"path_taken":["M","?","?","?","?","R","E","R","T","E","?","E"],"items_purchased_type":[],"build_version":"2020-12-22","purchased_purges":0,"victory":false,"max_hp_per_floor":[72,72,72,72,72,72,73,73,73,73,73,73,73],"card_choices":[{"not_picked":["animator:Jibril","animator:Viivi"],"picked":"animator:Darkness","floor":1},{"not_picked":["animator:PandorasActor","animator:Kaijin"],"picked":"animator:NarberalGamma","floor":3},{"not_picked":["animator:Benimaru","animator:AcuraAkari"],"picked":"animator:Vesta","floor":4},{"not_picked":["animator:Darkness","animator:Vanir"],"picked":"animator:Megumin","floor":7},{"not_picked":["animator:Spearman","animator:GuildGirl","animator:YuiTsuruno"],"picked":"SKIP","floor":10},{"not_picked":["ReplayTheSpireMod:Echoes of Time","infinitespire:NeuralNetwork"],"picked":"infinitespire:Gouge","floor":11}],"player_experience":214624,"relics_obtained":[{"floor":7,"key":"Replay:Bottled Flurry"},{"floor":9,"key":"vexMod:FocusSash"},{"floor":10,"key":"infinitespire:Beetle Shell"}],"event_choices":[{"damage_healed":0,"gold_gain":0,"player_choice":"2 cards matched","damage_taken":0,"max_hp_gain":0,"max_hp_loss":0,"event_name":"Match and Keep!","floor":2,"gold_loss":0,"cards_obtained":["animator:YunYun","animator:Strike"]},{"damage_healed":0,"gold_gain":0,"player_choice":"Ignored","damage_taken":0,"max_hp_gain":0,"max_hp_loss":0,"event_name":"Liars Game","floor":5,"gold_loss":0}],"is_beta":false,"boss_relics":[],"items_purged_floors":[],"is_endless":false,"potions_floor_spawned":[4],"killed_by":"HollowMod:MossKnight","ascension_level":0}}