{"host":"p5axfb00mxhraew6","time":1610090010,"event":{"mods":["Abigail Mod","Act Like it!","BaseMod","CapriCore","Friendly Minions","GifTheSpireLib","Jedi Mod","KomeijiMod","Lobotomy","MarisaÅiñ∂âJÅ@ñÇóùçπÅj","Minty Spire (QoL Compilation)","Prisma Mod","ReimuÅiîé??öÎÅj","RemiliaÅiÂQïƒ‰ª?Åj","SOSÅiézîb?îVéqÅj","StSLib","Td1madao Mod","The Alterego","The Immortal","The Problem Sleuth","Yakumo Yukari mod"],"gold_per_floor":[110,125,125,125,29,29,59,59,59,59,34,62,62,79,79,180,180,196,216,231,231,1,1,28,28,28,60,76,76,76,94,94,197,197,213,263,281,133,133,165,184,216,240,27,39,39,55,55,55,55,55,55,55,55,80,80],"floor_reached":57,"playtime":3312,"items_purged":["CrumblingArmor"],"score":1733,"play_id":"caa0f2ce-b3ca-4dcb-b7b0-e20da75b67da","local_time":"20210108161330","is_ascension_mode":true,"campfire_choices":[{"floor":25,"key":"RECALL"}],"circlet_count":0,"master_deck":["SpecialBullet","SpecialBullet","SpecialBullet","SpecialBullet","SpecialBullet","SpecialBullet","SpecialBullet","SecurityCode","InformationCode","ExtractionCode","Adoration","Penitence+1","OldLady","ScreamingWedge","Diffraction+1","MHz","Amita","Dark Shackles","OSAHOGD","GrinderMk4","Lantern","Gaze","Harvest","VoidDream","TodaysExpression","Lantern","Twilight","ShyLook","TheSmile","Harmony+1","Logging","SomewhereSpear+1","CherryBlossoms","ScreamingWedge+1","InTheNameOfLoveAndHate+1","Bloodbath","RedEyes+1","Twilight+1","Wellcheers","BigBird","ShedSkin+1","WristCuter","CentralCode","Heaven","SpiderBud","BeautyBeast","CENSORED_ego","CherryBlossom+1","Twilight","WristCuter+1","Ecstasy","Wingbeat+1","TrainingCode","Gaze","Gaze","Lantern+1","Regret_ego","RapturousDream+1","ScreamingWedge"],"relics":["CogitoBucket","RabbitCall","Unceasing Top","Dream Catcher","Darkstone Periapt","ThirstyCross","Prayer Wheel","Thread and Needle","Coffee Dripper","HoshigumaDish","jedi:arcanewood","Blue Candle","Incense Burner","Fusion Hammer","jedi:gremlinknob","ClockworkSouvenir","theSleuth:Tectrixcalibur","Du-Vu Doll","jedi:firstaidkit","Blood Vial","Whetstone","ScarletDevilRocket"],"acts_visited":["Exordium","TheCity","TheBeyond","TheEnding"],"potions_floor_usage":[33],"damage_taken":[{"damage":19.0,"enemies":"Jaw Worm","floor":1.0,"turns":3.0},{"damage":1.0,"enemies":"Small Slimes","floor":2.0,"turns":3.0},{"damage":11.0,"enemies":"Gremlin Nob","floor":7.0,"turns":4.0},{"damage":15.0,"enemies":"Lagavulin","floor":12.0,"turns":7.0},{"damage":0.0,"enemies":"2 Louse","floor":14.0,"turns":3.0},{"damage":33.0,"enemies":"The Guardian","floor":16.0,"turns":10.0},{"damage":9,"enemies":"Chosen","floor":18,"turns":4},{"damage":8,"enemies":"Shell Parasite","floor":19,"turns":2},{"damage":21,"enemies":"Shelled Parasite and Fungi","floor":20,"turns":6},{"damage":17,"enemies":"Slavers","floor":24,"turns":5},{"damage":11,"enemies":"Book of Stabbing","floor":27,"turns":4},{"damage":8,"enemies":"3 Cultists","floor":28,"turns":3},{"damage":14,"enemies":"Chosen and Byrds","floor":31,"turns":5},{"damage":80,"enemies":"Automaton","floor":33,"turns":12},{"damage":10,"enemies":"3 Shapes","floor":35,"turns":4},{"damage":7,"enemies":"2 Orb Walkers","floor":36,"turns":3},{"damage":6,"enemies":"3 Darklings","floor":37,"turns":3},{"damage":0,"enemies":"Giant Head","floor":40,"turns":7},{"damage":14,"enemies":"Spire Growth","floor":41,"turns":5},{"damage":38,"enemies":"Nemesis","floor":42,"turns":9},{"damage":14,"enemies":"Writhing Mass","floor":45,"turns":1},{"damage":4,"enemies":"Jaw Worm Horde","floor":47,"turns":5},{"damage":9,"enemies":"Time Eater","floor":50,"turns":9},{"damage":14,"enemies":"Shield and Spear","floor":55,"turns":3},{"damage":35,"enemies":"The Heart","floor":56,"turns":11}],"seed_played":"6550942480287617009","potions_obtained":[{"floor":7.0,"key":"Block Potion"},{"floor":14.0,"key":"CalmPotion"},{"floor":19,"key":"GamblersBrew"},{"floor":20,"key":"FearPotion"},{"floor":27,"key":"SkillPotion"},{"floor":31,"key":"Energy Potion"},{"floor":37,"key":"MagicPotion:ReiMu"}],"is_trial":false,"path_per_floor":["M","M","?","T","$","R","E","R","T","?","$","E","T","M","R","B",null,"M","M","M","?","$","R","E","R","T","E","M","?","R","M","R","B",null,"M","?","M","$","?","E","M","E","T","$","M","R","M","$","R","B",null,null,"R","$","E","B",null],"character_chosen":"Angela","items_purchased":["Dark Shackles","Lantern","jedi:arcanewood","ClockworkSouvenir","Lantern","Whetstone","Regret_ego"],"campfire_rested":0,"item_purchase_floors":[5,11,22,38,44,44,44],"current_hp_per_floor":[52,59,45,45,45,45,42,42,42,42,42,35,35,47,47,30,66,73,81,76,76,76,76,88,94,94,98,98,98,98,102,102,63,97,106,106,106,106,106,106,106,81,87,93,102,106,106,106,106,106,106,106,106,106,106,106],"gold":80,"neow_bonus":"ONE_RANDOM_RARE_CARD","is_daily":false,"chose_seed":false,"campfire_upgraded":0,"win_rate":0.0,"timestamp":1610090010,"path_taken":["M","M","?","?","?","R","E","R","T","?","?","E","?","M","R","BOSS","M","M","?","?","$","R","E","R","T","E","M","?","R","?","R","BOSS","M","?","M","$","?","E","M","E","T","$","M","R","M","$","R","BOSS","R","$","E","BOSS"],"items_purchased_type":["Card","Card","Relic","Relic","Card","Relic","Card"],"build_version":"2020-12-22","purchased_purges":1,"victory":true,"max_hp_per_floor":[70,70,70,70,70,70,70,70,70,70,70,70,70,74,74,78,78,82,86,90,90,90,90,94,94,94,98,98,98,98,102,102,106,106,106,106,106,106,106,106,106,106,106,106,106,106,106,106,106,106,106,106,106,106,106,106],"card_choices":[{"not_picked":["CUTE"],"picked":"Penitence","floor":1.0},{"not_picked":["Yin","LittlePrince"],"picked":"OldLady","floor":1.0},{"not_picked":["Tough"],"picked":"ScreamingWedge","floor":1.0},{"not_picked":["BlueScar"],"picked":"Diffraction","floor":2.0},{"not_picked":["PunishingBird","ShyLook"],"picked":"MHz","floor":2.0},{"not_picked":["FourthMatchFlame"],"picked":"Amita","floor":2.0},{"not_picked":["Freischutz","ShyLook"],"picked":"OSAHOGD","floor":7.0},{"not_picked":["Loneliness"],"picked":"GrinderMk4","floor":7.0},{"not_picked":["CherryBlossom"],"picked":"Gaze","floor":12.0},{"not_picked":["Soda"],"picked":"Harvest","floor":12.0},{"not_picked":["Woodsman","Murderer"],"picked":"VoidDream","floor":14.0},{"not_picked":["GreenStem"],"picked":"TodaysExpression","floor":14.0},{"not_picked":["Tough"],"picked":"Lantern","floor":14.0},{"not_picked":["Christmas","Beak"],"picked":"SKIP","floor":14.0},{"not_picked":["ParadiseLost"],"picked":"Twilight","floor":16.0},{"not_picked":["RedShoes","Wellcheers"],"picked":"ShyLook","floor":16.0},{"not_picked":["ParadiseLost"],"picked":"TheSmile","floor":16.0},{"not_picked":["Soda"],"picked":"Harmony+1","floor":18},{"not_picked":["QueenBee","GalaxyChild"],"picked":"CrumblingArmor","floor":18},{"not_picked":["SomewhereSpear"],"picked":"Logging","floor":18},{"not_picked":["RedEyes+1"],"picked":"SomewhereSpear+1","floor":18},{"not_picked":["SingingMachine","HappyTeddy"],"picked":"CherryBlossoms","floor":19},{"not_picked":["Harmony+1"],"picked":"ScreamingWedge+1","floor":19},{"not_picked":["Beak","CUTE"],"picked":"SKIP","floor":19},{"not_picked":["Hornet"],"picked":"InTheNameOfLoveAndHate+1","floor":20},{"not_picked":["CENSORED","MeatLantern"],"picked":"Bloodbath","floor":20},{"not_picked":["GreenStem"],"picked":"RedEyes+1","floor":20},{"not_picked":["Christmas","FourthMatchFlame+1"],"picked":"SKIP","floor":20},{"not_picked":["Heaven+1"],"picked":"Twilight","floor":24},{"not_picked":["MeatLantern","Porccubus"],"picked":"Wellcheers","floor":24},{"not_picked":["SolemnVow","Loneliness"],"picked":"SKIP","floor":24},{"not_picked":["Mercenary","HeroicMonk"],"picked":"BigBird","floor":27},{"not_picked":["Soda","CUTE"],"picked":"SKIP","floor":27},{"not_picked":["TheSmile","CrimsonScar"],"picked":"SKIP","floor":27},{"not_picked":["Wingbeat+1"],"picked":"ShedSkin+1","floor":28},{"not_picked":["Horn"],"picked":"WristCuter","floor":28},{"not_picked":["FourthMatchFlame"],"picked":"Heaven","floor":31},{"not_picked":["SingingMachine","WallGazer"],"picked":"SpiderBud","floor":31},{"not_picked":["RapturousDream","WristCuter"],"picked":"SKIP","floor":31},{"not_picked":["Pleasure","Beak"],"picked":"SKIP","floor":31},{"not_picked":["Alriune","BigBadWolf"],"picked":"BeautyBeast","floor":33},{"not_picked":["Justitia"],"picked":"CENSORED_ego","floor":33},{"not_picked":["SomewhereSpear+1"],"picked":"CherryBlossom+1","floor":35},{"not_picked":["CUTE"],"picked":"Twilight","floor":35},{"not_picked":["Hornet","Harmony"],"picked":"SKIP","floor":35},{"not_picked":["Tough"],"picked":"WristCuter+1","floor":36},{"not_picked":["Noise"],"picked":"Ecstasy","floor":37},{"not_picked":["Tough+1","Noise"],"picked":"SKIP","floor":37},{"not_picked":["Spore"],"picked":"Wingbeat+1","floor":40},{"not_picked":["SomewhereSpear+1","RedEyes"],"picked":"SKIP","floor":40},{"not_picked":["SomewhereSpear"],"picked":"Gaze","floor":41},{"not_picked":["Discord+1","Pleasure+1"],"picked":"SKIP","floor":41},{"not_picked":["SomewhereSpear"],"picked":"Gaze","floor":42},{"not_picked":["Logging+1"],"picked":"RapturousDream+1","floor":45},{"not_picked":["Christmas+1","RapturousDream"],"picked":"SKIP","floor":45},{"not_picked":["WristCuter","Noise+1"],"picked":"SKIP","floor":47},{"not_picked":["Wingbeat","CUTE"],"picked":"SKIP","floor":47},{"not_picked":["Wingbeat"],"picked":"ScreamingWedge","floor":55}],"player_experience":1233029,"relics_obtained":[{"floor":4.0,"key":"Unceasing Top"},{"floor":7.0,"key":"Dream Catcher"},{"floor":9.0,"key":"Darkstone Periapt"},{"floor":12.0,"key":"Prayer Wheel"},{"floor":13.0,"key":"Thread and Needle"},{"floor":21,"key":"HoshigumaDish"},{"floor":24,"key":"Blue Candle"},{"floor":27,"key":"Incense Burner"},{"floor":36,"key":"jedi:gremlinknob"},{"floor":40,"key":"Du-Vu Doll"},{"floor":42,"key":"jedi:firstaidkit"},{"floor":43,"key":"Blood Vial"},{"floor":55,"key":"ScarletDevilRocket"}],"event_choices":[{"damage_healed":0.0,"max_hp_gain":0.0,"max_hp_loss":0.0,"gold_gain":0.0,"event_name":"Shining Light","player_choice":"Entered Light","floor":3.0,"gold_loss":0.0,"damage_taken":14.0,"cards_upgraded":["Diffraction","Penitence"]},{"damage_healed":0,"gold_gain":0,"player_choice":"Fight","damage_taken":0,"max_hp_gain":0,"max_hp_loss":0,"event_name":"Mysterious Sphere","floor":36,"gold_loss":0}],"is_beta":false,"boss_relics":[{"not_picked":["Runic Dome","Sozu"],"picked":"Coffee Dripper"},{"not_picked":["jedi:hotpepper","Philosopher\u0027s Stone"],"picked":"Fusion Hammer"}],"items_purged_floors":[22],"is_endless":false,"potions_floor_spawned":[7,14,19,20,27,28,31,37,45,47],"ascension_level":7}}