{"host":"u0qetpmu4y58k1tf","time":1610113696,"event":{"mods":["AchievementEnabler","BaseMod","Colored Map","Colored Powertips","Hermit","Marisa£¨Ùöéë¡¡Øª×âÞÞ£©","Minty Spire (QoL Compilation)","Replay The Spire","StSLib","SuperFastMode","The Bug Knight","The Cursed","The Hierophant","The Runesmith"],"gold_per_floor":[110,285,285,285,63,63,63,106,180,200,269,269,293,308,308,433,433,454,477,477,477,516,516,554,554,554,585,585,649,672,672,672],"floor_reached":31,"playtime":3352,"items_purged":["Strike_G"],"score":309,"play_id":"dfd84dc0-5a2e-4994-8ac9-cdf02a042a66","local_time":"20210108224816","is_ascension_mode":true,"campfire_choices":[{"data":"Burst","floor":6,"key":"SMITH"},{"data":"Draining Mist","floor":12,"key":"SMITH"},{"data":"Poison Darts","floor":23,"key":"SMITH"},{"floor":25,"key":"RECALL"},{"data":"Tactician","floor":28,"key":"SMITH"}],"circlet_count":0,"master_deck":["Strike_G","Strike_G","Defend_G","Defend_G","Defend_G","Defend_G","Defend_G","Survivor","Neutralize","Burst+1","Deadly Poison","PiercingWail","Draining Mist+1","Expertise","Catalyst+1","Leg Sweep","Poison Darts+1","PiercingWail+1","PiercingWail","Acrobatics","Dodge and Roll+1","Tactician+1","Backflip","Deadly Poison+1"],"relics":["Ring of the Snake","Golden Idol","ClockworkSouvenir","Lantern","Sundial","HornCleat","Black Star","Red Mask","Omamori","Meat on the Bone","ReplayTheSpireMod:Lightbulb","ReplayTheSpireMod:Shallot","InkBottle"],"acts_visited":["Exordium","TheCity"],"potions_floor_usage":[11,14,22,22,27],"damage_taken":[{"damage":2,"enemies":"Small Slimes","floor":1,"turns":6},{"damage":16,"enemies":"Lagavulin","floor":8,"turns":7},{"damage":0,"enemies":"2 Louse","floor":10,"turns":3},{"damage":5,"enemies":"Lagavulin Event","floor":11,"turns":9},{"damage":0,"enemies":"Jaw Worm","floor":13,"turns":2},{"damage":0,"enemies":"Looter","floor":14,"turns":3},{"damage":6,"enemies":"The Guardian","floor":16,"turns":11},{"damage":0,"enemies":"Chosen","floor":18,"turns":3},{"damage":0,"enemies":"Snecko","floor":19,"turns":3},{"damage":22,"enemies":"Masked Bandits","floor":22,"turns":8},{"damage":20,"enemies":"Book of Stabbing","floor":24,"turns":6},{"damage":2,"enemies":"Gremlin Leader","floor":27,"turns":6},{"damage":16,"enemies":"Shelled Parasite and Fungi","floor":30,"turns":11},{"damage":18,"enemies":"3 Cultists","floor":31,"turns":7}],"seed_played":"-4551834887337499957","potions_obtained":[{"floor":8,"key":"Dexterity Potion"},{"floor":11,"key":"Weak Potion"},{"floor":13,"key":"Flashbang"},{"floor":18,"key":"Adrenaline Potion"},{"floor":24,"key":"Languid Potion"}],"is_trial":false,"path_per_floor":["M","?","?","?","$","R","?","E","T","M","?","R","M","M","R_BF","B",null,"M","M","?","?","?","R","E","R","T","E","R","?","M","M"],"character_chosen":"THE_SILENT","items_purchased":["ClockworkSouvenir"],"campfire_rested":0,"item_purchase_floors":[5],"current_hp_per_floor":[68,68,61,44,44,44,44,28,28,28,23,23,23,23,44,38,70,70,70,70,70,48,48,28,28,28,38,38,21,17,0,0],"gold":672,"neow_bonus":"ONE_RANDOM_RARE_CARD","is_daily":false,"chose_seed":false,"campfire_upgraded":4,"win_rate":0.0,"timestamp":1610113696,"path_taken":["M","?","?","?","$","R","?","E","T","?","?","R","M","M","R_BF","BOSS","M","M","?","?","?","R","E","R","T","E","R","?","?","M"],"items_purchased_type":["Relic"],"build_version":"2020-12-22","purchased_purges":1,"victory":false,"max_hp_per_floor":[70,70,70,70,70,70,70,70,70,70,70,70,70,70,70,70,70,70,70,70,70,70,70,70,70,70,70,70,70,70,70,70],"card_choices":[{"not_picked":["Poisoned Stab","Deflect"],"picked":"Deadly Poison","floor":1},{"not_picked":["Outmaneuver","A Thousand Cuts"],"picked":"PiercingWail","floor":8},{"not_picked":["Dagger Spray","Backflip"],"picked":"Draining Mist","floor":10},{"not_picked":["Bane","Dagger Throw"],"picked":"Expertise","floor":11},{"not_picked":["Infinite Blades","Hidden Blade"],"picked":"Catalyst","floor":13},{"not_picked":["Flechettes","ReplayTheSpireMod:The Works"],"picked":"Leg Sweep","floor":14},{"not_picked":["Unload","ReplayTheSpireMod:Necrosis"],"picked":"Poison Darts","floor":16},{"not_picked":["Flying Knee+1","ReplayTheSpireMod:Exploit Weakness"],"picked":"PiercingWail+1","floor":18},{"not_picked":["Flying Knee","Slice"],"picked":"PiercingWail","floor":19},{"not_picked":["Catalyst","Underhanded Strike"],"picked":"Acrobatics","floor":22},{"not_picked":["Poisoned Stab+1","Flying Knee+1"],"picked":"Dodge and Roll+1","floor":24},{"not_picked":["Acrobatics","Blade Dance+1"],"picked":"Tactician","floor":27},{"not_picked":["Outmaneuver","Deflect"],"picked":"Backflip","floor":29},{"not_picked":["Backflip","Replay:Poison Smokescreen"],"picked":"Deadly Poison+1","floor":30}],"player_experience":28939,"relics_obtained":[{"floor":8,"key":"Lantern"},{"floor":9,"key":"Sundial"},{"floor":11,"key":"HornCleat"},{"floor":22,"key":"Red Mask"},{"floor":24,"key":"Omamori"},{"floor":24,"key":"Meat on the Bone"},{"floor":27,"key":"ReplayTheSpireMod:Lightbulb"},{"floor":27,"key":"ReplayTheSpireMod:Shallot"},{"floor":29,"key":"InkBottle"}],"event_choices":[{"damage_healed":0,"gold_gain":175,"player_choice":"AGREE","damage_taken":0,"max_hp_gain":0,"max_hp_loss":0,"event_name":"Liars Game","floor":2,"gold_loss":0,"cards_obtained":["Doubt"]},{"cards_removed":["Doubt"],"damage_healed":0,"gold_gain":0,"player_choice":"Card Removal","damage_taken":7,"max_hp_gain":0,"max_hp_loss":0,"event_name":"Golden Wing","floor":3,"gold_loss":0},{"damage_healed":0,"gold_gain":0,"player_choice":"Take Damage","damage_taken":17,"relics_obtained":["Golden Idol"],"max_hp_gain":0,"max_hp_loss":0,"event_name":"Golden Idol","floor":4,"gold_loss":0},{"cards_removed":["Strike_G"],"damage_healed":0,"gold_gain":0,"player_choice":"Forget","damage_taken":0,"max_hp_gain":0,"max_hp_loss":0,"event_name":"Living Wall","floor":7,"gold_loss":0},{"damage_healed":0,"gold_gain":30,"player_choice":"Searched \u00272\u0027 times","damage_taken":0,"max_hp_gain":0,"max_hp_loss":0,"event_name":"Dead Adventurer","floor":11,"gold_loss":0},{"damage_healed":0,"gold_gain":0,"player_choice":"Ignored","damage_taken":0,"max_hp_gain":0,"max_hp_loss":0,"event_name":"Ghosts","floor":20,"gold_loss":0},{"cards_removed":["Strike_G"],"damage_healed":0,"gold_gain":0,"player_choice":"Elegance","damage_taken":0,"max_hp_gain":0,"max_hp_loss":0,"event_name":"Back to Basics","floor":21,"gold_loss":0},{"damage_healed":0,"gold_gain":0,"player_choice":"Fought Bandits","damage_taken":0,"max_hp_gain":0,"max_hp_loss":0,"event_name":"Masked Bandits","floor":22,"gold_loss":0}],"is_beta":false,"boss_relics":[{"not_picked":["Sozu","Runic Pyramid"],"picked":"Black Star"}],"items_purged_floors":[5],"is_endless":false,"potions_floor_spawned":[8,11,13,18,24],"killed_by":"3 Cultists","ascension_level":1}}