{"host":"rz01j32460kf2mtw","time":1610083619,"event":{"mods":["BaseMod","Downfall","Minty Spire (QoL Compilation)","Quick Restart","StSLib"],"gold_per_floor":[349,359,371,76,86,105,130,161,173,203,203,232,248,248,260,356,356,356,368,368,47,60,88,88,103,103,32,46,77,93,123,135,239,239,239,239,239,239,259,288,288,308,308,322,322,337,337,364,380,380],"floor_reached":51,"playtime":4131,"items_purged":["Writhe","champ:Strike","champ:Strike"],"score":841,"play_id":"ed680977-8b86-4e60-a69f-111d22ec0b9c","local_time":"20210107222659","is_ascension_mode":false,"campfire_choices":[{"data":"champ:Taunt","floor":1.0,"key":"SMITH"},{"data":"champ:EnragedBash","floor":11,"key":"SMITH"},{"data":"champ:DancingMaster","floor":18,"key":"SMITH"},{"data":"champ:StrikeOfGenius","floor":35,"key":"SMITH"},{"data":"champ:GladiatorForm","floor":43,"key":"SMITH"},{"data":"champ:IronFortress","floor":45,"key":"SMITH"}],"circlet_count":0,"master_deck":["champ:Strike","champ:Strike","champ:Defend","champ:Defend","champ:Defend","champ:Execute","champ:Taunt+1","champ:ShieldWall","champ:DeathBlow+1","champ:RecklessLeap","champ:FocusedBerserking","champ:CrownThrow","champ:RageSigil","champ:RecklessLeap","champ:EnragedBash+1","champ:ArenaPreparation","champ:Encircle","champ:FaceSlap+1","champ:DancingMaster+1","champ:StanceDance","champ:Circumvent+1","champ:IronFortress+1","champ:ArenaPreparation","champ:BerserkersShout+1","champ:SetATrap+1","champ:ArenaPreparation+1","champ:GladiatorForm+1","champ:FalseCounter+1","champ:DefensiveStyle","champ:FancyFootwork+1","champ:BringItOn+1","champ:StrikeOfGenius+1","champ:IgnorePain+1"],"relics":["champ:ChampionCrown","Bronze Scales","Orichalcum","Sundial","Pear","SlaversCollar","Bag of Marbles","Lizard Tail","Lee\u0027s Waffle","Toxic Egg 2","HornCleat","Coffee Dripper","Whetstone","Toy Ornithopter","Frozen Egg 2","Juzu Bracelet"],"acts_visited":["Exordium","TheCity","TheBeyond"],"potions_floor_usage":[6,8,8,16,16,23,23,27,27,28,29,31,33,33,40,48,50,50],"damage_taken":[{"damage":18.0,"enemies":"Jaw Worm","floor":2.0,"turns":4.0},{"damage":13.0,"enemies":"Small Slimes","floor":3.0,"turns":5.0},{"damage":20.0,"enemies":"downfall:FleeingMerchant","floor":4.0,"turns":4.0},{"damage":17.0,"enemies":"Cultist","floor":5.0,"turns":3.0},{"damage":18,"enemies":"Lots of Slimes","floor":6,"turns":3},{"damage":21,"enemies":"Gremlin Nob","floor":8,"turns":3},{"damage":13,"enemies":"3 Louse","floor":9,"turns":4},{"damage":38,"enemies":"3 Sentries","floor":10,"turns":6},{"damage":29,"enemies":"Gremlin Nob","floor":12,"turns":4},{"damage":30,"enemies":"Blue Slaver","floor":13,"turns":3},{"damage":27,"enemies":"Lots of Slimes","floor":15,"turns":2},{"damage":76,"enemies":"downfall:Defect","floor":16,"turns":6},{"damage":24,"enemies":"Shell Parasite","floor":19,"turns":4},{"damage":36,"enemies":"downfall:FleeingMerchant","floor":21,"turns":4},{"damage":24,"enemies":"Spheric Guardian","floor":22,"turns":3},{"damage":86,"enemies":"Gremlin Leader","floor":23,"turns":4},{"damage":77,"enemies":"Shelled Parasite and Fungi","floor":25,"turns":5},{"damage":65,"enemies":"downfall:FleeingMerchant","floor":27,"turns":3},{"damage":41,"enemies":"Snecko","floor":28,"turns":5},{"damage":31,"enemies":"Slavers","floor":29,"turns":2},{"damage":64,"enemies":"Centurion and Healer","floor":30,"turns":3},{"damage":69,"enemies":"Book of Stabbing","floor":31,"turns":4},{"damage":35,"enemies":"Cultist and Chosen","floor":32,"turns":4},{"damage":92,"enemies":"downfall:Watcher","floor":33,"turns":7},{"damage":57,"enemies":"3 Darklings","floor":39,"turns":4},{"damage":71,"enemies":"Nemesis","floor":40,"turns":7},{"damage":37,"enemies":"3 Shapes","floor":42,"turns":7},{"damage":41,"enemies":"Writhing Mass","floor":44,"turns":4},{"damage":70,"enemies":"Spire Growth","floor":46,"turns":3},{"damage":52,"enemies":"Reptomancer","floor":48,"turns":5},{"damage":40,"enemies":"Sphere and 2 Shapes","floor":49,"turns":4},{"damage":112,"enemies":"ArchetypeAct3BlockNewAge","floor":50,"turns":5}],"seed_played":"9009928298826356125","potions_obtained":[{"floor":2.0,"key":"CultistPotion"},{"floor":5,"key":"FairyPotion"},{"floor":6,"key":"DistilledChaos"},{"floor":12,"key":"champ:CounterPotion"},{"floor":15,"key":"LiquidMemories"},{"floor":16,"key":"Weak Potion"},{"floor":19,"key":"GamblersBrew"},{"floor":23,"key":"Swift Potion"},{"floor":30,"key":"EntropicBrew"},{"floor":32,"key":"SkillPotion"},{"floor":42,"key":"champ:TechniquePotion"},{"floor":44,"key":"DuplicationPotion"},{"floor":49,"key":"Ancient Potion"}],"is_trial":false,"path_per_floor":["R","M","M","$","M","M","T","E","M","E","R","E","M","?","M","B",null,"R","M","?","$","M","E","T","M","?","$","M","E","M","E","M","B",null,"R","?","?","?","M","E","T","M","R","M","R","M","?","E","M","B",null],"character_chosen":"THE_CHAMP","items_purchased":["champ:FocusedBerserking","Regen Potion","champ:CrownThrow","champ:IronFortress","champ:ArenaPreparation","champ:OpenerPotion","Lee\u0027s Waffle","LiquidMemories","Block Potion"],"campfire_rested":0,"item_purchase_floors":[4,4,4,21,21,21,27,27,27],"current_hp_per_floor":[90,82,77,77,70,79,79,73,60,43,43,47,42,42,38,37,100,100,89,100,100,100,76,76,35,35,107,85,76,53,36,32,29,107,107,107,107,92,79,68,68,55,55,53,53,48,48,53,34,31],"gold":380,"neow_bonus":"TWO_FIFTY_GOLD","is_daily":false,"chose_seed":false,"campfire_upgraded":6,"win_rate":0.0,"timestamp":1610083619,"path_taken":["R","M","M","$","M","M","T","E","M","E","R","E","M","?","M","BOSS","R","M","?","?","M","E","T","?","?","$","M","E","M","E","M","BOSS","R","?","?","?","M","E","T","M","R","M","R","?","?","E","M","BOSS"],"items_purchased_type":["Card","Potion","Card","Card","Card","Potion","Relic","Potion","Potion"],"build_version":"2020-12-22","purchased_purges":3,"victory":true,"max_hp_per_floor":[90,90,90,90,90,90,90,90,90,90,90,100,100,100,100,100,100,100,100,100,100,100,100,100,100,100,107,107,107,107,107,107,107,107,107,107,107,107,107,107,107,107,107,107,107,107,107,107,107,107],"card_choices":[{"not_picked":["champ:Haymaker","champ:TornadoPunch"],"picked":"champ:ShieldWall","floor":2.0},{"not_picked":["champ:SetATrap","champ:PerfectedStrike"],"picked":"champ:DeathBlow","floor":3.0},{"not_picked":["champ:FlashCut","champ:ShieldWall"],"picked":"champ:RecklessLeap","floor":4.0},{"not_picked":["champ:FlashCut","champ:Backstep"],"picked":"champ:RageSigil","floor":5},{"not_picked":["champ:FancyFootwork","champ:BerserkersShout"],"picked":"champ:RecklessLeap","floor":6},{"not_picked":["champ:Shatter","champ:DefensiveStyle"],"picked":"champ:ShieldWall","floor":8},{"not_picked":["champ:Shatter","champ:BladeFlurry","champ:Lariat"],"picked":"SKIP","floor":9},{"not_picked":["champ:Shatter","champ:DefensiveStyle"],"picked":"champ:EnragedBash","floor":10},{"not_picked":["champ:FalseCounter","champ:GutPunch"],"picked":"champ:ArenaPreparation","floor":12},{"not_picked":["champ:PreemptiveStrike","champ:Haymaker"],"picked":"champ:Encircle","floor":13},{"not_picked":["champ:FlashCut","champ:PerfectedStrike"],"picked":"champ:FaceSlap","floor":15},{"not_picked":["champ:IgnorePain","champ:SteelEdge"],"picked":"champ:DancingMaster","floor":16},{"not_picked":["champ:BerserkerStyle","champ:CrownThrow"],"picked":"champ:StanceDance","floor":19},{"not_picked":["champ:Endure","champ:FanOfKnives"],"picked":"champ:Circumvent+1","floor":21},{"not_picked":["champ:Circumvent","champ:PreemptiveStrike"],"picked":"champ:BerserkersShout+1","floor":22},{"not_picked":["champ:ShieldWall","champ:RapidStrikes"],"picked":"champ:SetATrap+1","floor":23},{"not_picked":["champ:PreciseThrust","champ:BladeFlurry"],"picked":"champ:ArenaPreparation+1","floor":25},{"not_picked":["champ:CheapShot","champ:ShieldSigil"],"picked":"champ:GladiatorForm","floor":27},{"not_picked":["champ:Backstep","champ:SwordSigil","champ:AdrenalArmor"],"picked":"SKIP","floor":28},{"not_picked":["champ:BladeFlurry","champ:PreciseThrust"],"picked":"champ:FalseCounter+1","floor":29},{"not_picked":["champ:CrownThrow+1","champ:Haymaker"],"picked":"champ:DefensiveStyle","floor":30},{"not_picked":["champ:AdrenalArmor+1","champ:UltimateStance+1"],"picked":"champ:FancyFootwork+1","floor":31},{"not_picked":["champ:Circumvent+1","champ:ShieldWall"],"picked":"champ:BringItOn+1","floor":32},{"not_picked":["champ:SteelEdge","champ:ShieldSlam"],"picked":"champ:StrikeOfGenius","floor":33},{"not_picked":["champ:ViciousMockery+1","champ:FocusedBerserking+1","champ:FlashCut+1"],"picked":"SKIP","floor":39},{"not_picked":["champ:EnGarde+1","champ:BladeFlurry+1"],"picked":"champ:IgnorePain+1","floor":40},{"not_picked":["champ:StanceDance+1","champ:ShieldWall+1","champ:AdrenalArmor+1"],"picked":"SKIP","floor":42},{"not_picked":["champ:Shatter+1","champ:Circumvent+1","champ:ViciousMockery+1"],"picked":"SKIP","floor":44},{"not_picked":["champ:FaceSlap","champ:Lariat+1","champ:BerserkersShout+1"],"picked":"SKIP","floor":46},{"not_picked":["champ:FalseCounter+1","champ:FlashCut+1","champ:BladeFlurry"],"picked":"SKIP","floor":48},{"not_picked":["champ:AdrenalArmor+1","champ:EnGarde+1","champ:DefensiveShout+1"],"picked":"SKIP","floor":49}],"player_experience":877865,"relics_obtained":[{"floor":7,"key":"Bronze Scales"},{"floor":8,"key":"Orichalcum"},{"floor":10,"key":"Sundial"},{"floor":12,"key":"Pear"},{"floor":23,"key":"Bag of Marbles"},{"floor":24,"key":"Lizard Tail"},{"floor":29,"key":"Toxic Egg 2"},{"floor":31,"key":"HornCleat"},{"floor":36,"key":"Whetstone"},{"floor":40,"key":"Toy Ornithopter"},{"floor":41,"key":"Frozen Egg 2"},{"floor":48,"key":"Juzu Bracelet"}],"event_choices":[{"cards_removed":["champ:ShieldWall"],"damage_healed":11,"gold_gain":0,"player_choice":"Offered Uncommon","damage_taken":0,"max_hp_gain":0,"max_hp_loss":0,"event_name":"Bonfire Elementals","floor":20,"gold_loss":0},{"cards_removed":["champ:Defend"],"damage_healed":0,"gold_gain":0,"player_choice":"Removed Skill","damage_taken":0,"max_hp_gain":0,"max_hp_loss":0,"event_name":"Falling","floor":47,"gold_loss":0}],"is_beta":false,"boss_relics":[{"not_picked":["Cursed Key","Philosopher\u0027s Stone"],"picked":"SlaversCollar"},{"not_picked":["Velvet Choker","Runic Dome"],"picked":"Coffee Dripper"}],"items_purged_floors":[4,21,27],"is_endless":false,"potions_floor_spawned":[2,5,6,12,15,16,19,22,23,30,32,42,44,49],"ascension_level":0}}