{"host":"newqdrzxfhh2im9e","time":1610089311,"event":{"mods":["AchievementEnabler","BaseMod","BetterRewards","Block Reminder","Colored Map","Jorbs\u0027s Wanderer Trilogy","Minty Spire (QoL Compilation)","Rare Cards Sparkle","Shop Mod","StSLib"],"gold_per_floor":[119,130,205,205,225,225,400,415,463,496,509,509,509,21,21,121,121,133,114,43,55,55,55,82,82,82,82,33,33,48,73,73,73,73],"floor_reached":33,"playtime":1176,"items_purged":[],"score":308,"play_id":"91c86723-5161-487e-8ba2-617172d3922b","local_time":"20210107230151","is_ascension_mode":false,"campfire_choices":[{"data":"BattleHymn","floor":6,"key":"SMITH"},{"floor":12,"key":"REST"},{"data":"Ragnarok","floor":15,"key":"SMITH"},{"floor":23,"key":"REST"},{"floor":27,"key":"REST"},{"floor":32,"key":"REST"}],"circlet_count":0,"master_deck":["Strike_P","Strike_P","Strike_P","Strike_P","Defend_P","Defend_P","Defend_P","Defend_P","Eruption","Vigilance","WreathOfFlame","BattleHymn+1","Doubt","Ragnarok+1","Adaptation","LikeWater","DevaForm","Dark Shackles","Devotion+1","WaveOfTheHand+1","MentalFortress+1","DeceiveReality","SignatureMove+1","ReachHeaven","Blasphemy","Omniscience"],"relics":["PureWater","Dream Catcher","Pen Nib","Tiny Chest","Pantograph","Frozen Egg 2","VioletLotus","Matryoshka","Centennial Puzzle","Incense Burner","Molten Egg 2","Prayer Wheel","Eternal Feather"],"acts_visited":["Exordium","TheCity"],"potions_floor_usage":[5,5,5,16,19,19,31,33],"damage_taken":[{"damage":2,"enemies":"2 Louse","floor":1,"turns":3},{"damage":0,"enemies":"Cultist","floor":2,"turns":2},{"damage":0,"enemies":"Jaw Worm","floor":5,"turns":1},{"damage":24,"enemies":"Exordium Wildlife","floor":8,"turns":5},{"damage":0,"enemies":"Lagavulin","floor":10,"turns":4},{"damage":0,"enemies":"Blue Slaver","floor":11,"turns":2},{"damage":50,"enemies":"Slime Boss","floor":16,"turns":9},{"damage":8,"enemies":"Chosen","floor":18,"turns":6},{"damage":13,"enemies":"2 Thieves","floor":19,"turns":4},{"damage":36,"enemies":"Snake Plant","floor":21,"turns":6},{"damage":50,"enemies":"Book of Stabbing","floor":24,"turns":8},{"damage":15,"enemies":"Snecko","floor":30,"turns":3},{"damage":14,"enemies":"Slavers","floor":31,"turns":2},{"damage":81,"enemies":"Automaton","floor":33,"turns":8}],"seed_played":"6132514967576020500","potions_obtained":[{"floor":2,"key":"FearPotion"},{"floor":4,"key":"AttackPotion"},{"floor":4,"key":"Fruit Juice"},{"floor":11,"key":"Energy Potion"},{"floor":16,"key":"EssenceOfSteel"},{"floor":18,"key":"Weak Potion"},{"floor":31,"key":"BottledMiracle"}],"is_trial":false,"path_per_floor":["M","M","?","?","M","R","?","M","T","E","M","R","T","$","R","B",null,"M","M","$","M","?","R","E","?","T","R","$","T","M","E","R","B"],"character_chosen":"WATCHER","items_purchased":["DevaForm","Frozen Egg 2","Dark Shackles","MentalFortress+1","Explosive Potion"],"campfire_rested":4,"item_purchase_floors":[14,14,14,20,28],"current_hp_per_floor":[70,70,59,59,64,64,64,40,40,40,40,63,63,63,63,27,77,69,56,56,20,45,68,18,18,18,41,41,41,26,12,50,0,0],"gold":73,"neow_bonus":"RANDOM_COMMON_RELIC","is_daily":false,"chose_seed":false,"campfire_upgraded":2,"win_rate":0.0,"timestamp":1610089311,"path_taken":["M","M","?","?","?","R","?","M","T","E","M","R","?","$","R","BOSS","M","M","$","M","?","R","E","?","T","R","$","?","M","E","R","BOSS"],"items_purchased_type":["Card","Relic","Card","Card","Potion"],"build_version":"2020-12-22","purchased_purges":0,"victory":false,"max_hp_per_floor":[72,72,72,72,77,77,77,77,77,77,77,77,77,77,77,77,77,77,77,77,77,77,77,77,77,77,77,77,77,77,77,77,77,77],"card_choices":[{"not_picked":["SashWhip","EmptyFist"],"picked":"WreathOfFlame","floor":1},{"not_picked":["Halt","FollowUp"],"picked":"BattleHymn","floor":2},{"not_picked":["Protect","FlurryOfBlows","EmptyBody"],"picked":"SKIP","floor":5},{"not_picked":["EmptyBody","Fasting2"],"picked":"Ragnarok","floor":8},{"not_picked":["Prostrate","Weave"],"picked":"Adaptation","floor":10},{"not_picked":["SashWhip","EmptyFist","FlyingSleeves"],"picked":"SKIP","floor":11},{"not_picked":["Nirvana","Consecrate"],"picked":"LikeWater","floor":12},{"not_picked":["ConjureBlade","DevaForm+1"],"picked":"Devotion+1","floor":16},{"not_picked":["Evaluate+1","CutThroughFate","EmptyMind"],"picked":"SKIP","floor":18},{"not_picked":["ReachHeaven","CrushJoints"],"picked":"WaveOfTheHand+1","floor":19},{"not_picked":["WheelKick","EmptyFist+1"],"picked":"DeceiveReality","floor":21},{"not_picked":["FlyingSleeves","Meditate"],"picked":"SignatureMove+1","floor":23},{"not_picked":["Perseverance","Sanctity"],"picked":"ReachHeaven","floor":24},{"not_picked":["EmptyFist+1","Protect"],"picked":"Blasphemy","floor":30},{"not_picked":["PathToVictory","Halt","FollowUp+1"],"picked":"SKIP","floor":30},{"not_picked":["EmptyBody","Crescendo+1"],"picked":"Omniscience","floor":31}],"player_experience":707061,"relics_obtained":[{"floor":9,"key":"Pen Nib"},{"floor":10,"key":"Tiny Chest"},{"floor":13,"key":"Pantograph"},{"floor":24,"key":"Matryoshka"},{"floor":26,"key":"Centennial Puzzle"},{"floor":26,"key":"Incense Burner"},{"floor":29,"key":"Molten Egg 2"},{"floor":29,"key":"Prayer Wheel"},{"floor":31,"key":"Eternal Feather"}],"event_choices":[{"damage_healed":0,"gold_gain":75,"player_choice":"Gather Gold","damage_taken":11,"max_hp_gain":0,"max_hp_loss":0,"event_name":"World of Goop","floor":3,"gold_loss":0},{"damage_healed":0,"gold_gain":0,"player_choice":"Got Potions","damage_taken":0,"max_hp_gain":0,"max_hp_loss":0,"event_name":"Lab","floor":4,"gold_loss":0},{"damage_healed":0,"gold_gain":175,"player_choice":"AGREE","damage_taken":0,"max_hp_gain":0,"max_hp_loss":0,"event_name":"Liars Game","floor":7,"gold_loss":0,"cards_obtained":["Doubt"]},{"damage_healed":25,"gold_gain":0,"player_choice":"Heal","damage_taken":0,"max_hp_gain":0,"max_hp_loss":0,"event_name":"The Library","floor":22,"gold_loss":0},{"damage_healed":0,"gold_gain":0,"player_choice":"Ignored","damage_taken":0,"max_hp_gain":0,"max_hp_loss":0,"event_name":"Cursed Tome","floor":25,"gold_loss":0}],"is_beta":false,"boss_relics":[{"not_picked":["Sozu","Busted Crown"],"picked":"VioletLotus"}],"items_purged_floors":[],"is_endless":false,"potions_floor_spawned":[2,11,16,18,31],"killed_by":"Automaton","ascension_level":0}}