{"host":"dpbezu80jg8zk7un","time":1610092671,"event":{"mods":["BaseMod","Colored Map","Colored Powertips","Custom Start","DeckTracker","Minty Spire (QoL Compilation)","Quick Restart","StSLib","SuperFastMode"],"gold_per_floor":[115,127,127,141,160,160,160,194,218,218,143,170,190,202,202,279,279,291,291,291,24,50,85,10,44,71,102,102,121,121,154,154,228,228,244,36,49,67,67,93,93,14,14,39,49,80,90,117,117,117,117,117,117,3,35,35],"floor_reached":57,"playtime":1896,"items_purged":["Defend_P","Strike_P","FlurryOfBlows+1"],"score":3352,"play_id":"993ae01b-05b5-4d93-975e-987df9ba2ce5","local_time":"20210108165751","is_ascension_mode":true,"campfire_choices":[{"data":"Eruption","floor":6.0,"key":"SMITH"},{"data":"FlurryOfBlows","floor":10.0,"key":"SMITH"},{"data":"Ragnarok","floor":15.0,"key":"SMITH"},{"data":"Vault","floor":28.0,"key":"SMITH"},{"data":"MentalFortress","floor":30.0,"key":"SMITH"},{"data":"Tantrum","floor":32.0,"key":"SMITH"},{"floor":41,"key":"RECALL"},{"data":"InnerPeace","floor":49,"key":"SMITH"},{"data":"LikeWater","floor":53,"key":"SMITH"}],"circlet_count":0,"master_deck":["AscendersBane","Eruption+1","Vigilance","LikeWater+1","FearNoEvil","MentalFortress+1","InnerPeace+1","Ragnarok+1","Vault+1","Tantrum+1","DeusExMachina","Vault","Adaptation"],"relics":["PureWater","Ancient Tea Set","Potion Belt","Centennial Puzzle","Runic Dome","Medical Kit","Red Mask","Shuriken","Bag of Marbles","Ice Cream","Happy Flower","Snecko Eye","Dream Catcher","Juzu Bracelet","Turnip","Pen Nib","Strawberry","Vajra"],"acts_visited":["Exordium","TheCity","TheBeyond","TheEnding"],"potions_floor_usage":[56,56],"damage_taken":[{"damage":0.0,"enemies":"Jaw Worm","floor":1.0,"turns":3.0},{"damage":0.0,"enemies":"2 Louse","floor":2.0,"turns":2.0},{"damage":2.0,"enemies":"Small Slimes","floor":4.0,"turns":3.0},{"damage":2.0,"enemies":"Exordium Wildlife","floor":5.0,"turns":7.0},{"damage":0.0,"enemies":"Lagavulin","floor":8.0,"turns":5.0},{"damage":20.0,"enemies":"Gremlin Nob","floor":12.0,"turns":4.0},{"damage":8.0,"enemies":"Lots of Slimes","floor":13.0,"turns":2.0},{"damage":1.0,"enemies":"Blue Slaver","floor":14.0,"turns":2.0},{"damage":0.0,"enemies":"Slime Boss","floor":16.0,"turns":3.0},{"damage":11.0,"enemies":"Shell Parasite","floor":18.0,"turns":4.0},{"damage":0.0,"enemies":"Masked Bandits","floor":22.0,"turns":3.0},{"damage":0.0,"enemies":"Gremlin Leader","floor":23.0,"turns":4.0},{"damage":0.0,"enemies":"Slavers","floor":25.0,"turns":1.0},{"damage":0.0,"enemies":"Book of Stabbing","floor":27.0,"turns":1.0},{"damage":0.0,"enemies":"3 Byrds","floor":29.0,"turns":1.0},{"damage":0.0,"enemies":"Gremlin Leader","floor":31.0,"turns":3.0},{"damage":5.0,"enemies":"Automaton","floor":33.0,"turns":4.0},{"damage":0.0,"enemies":"3 Shapes","floor":35.0,"turns":1.0},{"damage":0,"enemies":"3 Darklings","floor":37,"turns":3},{"damage":0,"enemies":"Maw","floor":38,"turns":4},{"damage":0,"enemies":"Reptomancer","floor":40,"turns":2},{"damage":0,"enemies":"Mind Bloom Boss Battle","floor":44,"turns":1},{"damage":0,"enemies":"Sphere and 2 Shapes","floor":45,"turns":2},{"damage":0,"enemies":"Giant Head","floor":46,"turns":3},{"damage":0,"enemies":"4 Shapes","floor":47,"turns":2},{"damage":0,"enemies":"Nemesis","floor":48,"turns":2},{"damage":1,"enemies":"Donu and Deca","floor":50,"turns":3},{"damage":3,"enemies":"Awakened One","floor":51,"turns":5},{"damage":0,"enemies":"Shield and Spear","floor":55,"turns":2},{"damage":8,"enemies":"The Heart","floor":56,"turns":6}],"seed_played":"5852551699754617206","potions_obtained":[{"floor":1.0,"key":"Ancient Potion"},{"floor":13.0,"key":"Fruit Juice"},{"floor":16.0,"key":"ColorlessPotion"},{"floor":18.0,"key":"AttackPotion"},{"floor":22.0,"key":"LiquidMemories"},{"floor":29.0,"key":"SkillPotion"},{"floor":31.0,"key":"EssenceOfSteel"},{"floor":37,"key":"FearPotion"},{"floor":40,"key":"DistilledChaos"},{"floor":46,"key":"GamblersBrew"}],"is_trial":false,"path_per_floor":["M","M","?","M","M","R","?","E","T","R","$","E","M","M","R","B",null,"M","?","?","$","?","E","?","E","T","E","R","M","R","E","R","B",null,"M","$","M","M","?","E","R","?","T","?","M","E","M","E","R","B","B",null,"R","$","E","B",null],"character_chosen":"WATCHER","items_purchased":["Medical Kit","Adaptation","EntropicBrew"],"campfire_rested":0,"item_purchase_floors":[21,36,54],"current_hp_per_floor":[43,43,36,34,32,32,32,32,32,32,32,12,4,8,8,8,57,46,46,46,46,46,46,46,46,46,46,46,46,46,46,46,41,65,65,65,65,65,65,65,65,65,65,65,65,65,65,72,72,71,68,77,77,77,77,69],"gold":35,"neow_bonus":"TRANSFORM_TWO_CARDS","is_daily":false,"chose_seed":false,"campfire_upgraded":8,"win_rate":0.0,"timestamp":1610092671,"path_taken":["M","M","?","M","M","R","?","E","T","R","$","E","M","M","R","BOSS","M","?","?","$","?","E","?","E","T","E","R","M","R","E","R","BOSS","M","$","M","M","?","E","R","?","T","?","M","E","M","E","R","BOSS","BOSS","R","$","E","BOSS"],"items_purchased_type":["Relic","Card","Potion"],"build_version":"2020-12-22","purchased_purges":3,"victory":true,"max_hp_per_floor":[68,68,68,68,68,68,68,68,68,68,68,68,68,73,73,73,73,73,73,73,73,73,73,73,73,73,73,73,73,73,73,73,73,73,73,73,73,73,73,73,73,73,73,73,73,73,73,80,80,80,80,80,80,80,80,80],"card_choices":[{"not_picked":["Pray","Evaluate"],"picked":"FearNoEvil","floor":1.0},{"not_picked":["FlyingSleeves","SignatureMove","ClearTheMind"],"picked":"SKIP","floor":2.0},{"not_picked":["SashWhip","ClearTheMind"],"picked":"FlurryOfBlows","floor":4.0},{"not_picked":["CrushJoints","ClearTheMind"],"picked":"MentalFortress","floor":5.0},{"not_picked":["Worship","Pray"],"picked":"InnerPeace","floor":8.0},{"not_picked":["Study","EmptyBody"],"picked":"Ragnarok","floor":12.0},{"not_picked":["Halt","EmptyBody","Conclude"],"picked":"SKIP","floor":13.0},{"not_picked":["CarveReality","BattleHymn","TalkToTheHand"],"picked":"SKIP","floor":14.0},{"not_picked":["MasterReality","Blasphemy"],"picked":"Vault","floor":16.0},{"not_picked":["ClearTheMind","Indignation","Crescendo"],"picked":"SKIP","floor":18.0},{"not_picked":["SandsOfTime","Weave","CarveReality"],"picked":"SKIP","floor":23.0},{"not_picked":["DeceiveReality+1","Halt","ForeignInfluence"],"picked":"SKIP","floor":25.0},{"not_picked":["Vault","Weave+1"],"picked":"DeusExMachina","floor":27.0},{"not_picked":["Crescendo","Perseverance","ThirdEye"],"picked":"SKIP","floor":29.0},{"not_picked":["WheelKick","BowlingBash","Meditate"],"picked":"SKIP","floor":31.0},{"not_picked":["Establishment","MasterReality"],"picked":"Vault","floor":33.0},{"not_picked":["Evaluate","EmptyFist","PathToVictory"],"picked":"SKIP","floor":35.0},{"not_picked":["WaveOfTheHand","CrushJoints","Pray"],"picked":"SKIP","floor":37},{"not_picked":["FlyingSleeves","JustLucky+1","Prostrate+1"],"picked":"SKIP","floor":38},{"not_picked":["Nirvana","PathToVictory","Collect"],"picked":"SKIP","floor":40},{"not_picked":["ClearTheMind+1","PathToVictory","EmptyMind"],"picked":"SKIP","floor":45},{"not_picked":["JustLucky+1","LikeWater","Wireheading"],"picked":"SKIP","floor":46},{"not_picked":["ThirdEye+1","Crescendo","CarveReality"],"picked":"SKIP","floor":47},{"not_picked":["Blasphemy","FollowUp","BattleHymn"],"picked":"SKIP","floor":48},{"not_picked":["EmptyBody","BowlingBash","ForeignInfluence"],"picked":"SKIP","floor":55}],"player_experience":2850647,"relics_obtained":[{"floor":8.0,"key":"Ancient Tea Set"},{"floor":9.0,"key":"Potion Belt"},{"floor":12.0,"key":"Centennial Puzzle"},{"floor":22.0,"key":"Red Mask"},{"floor":23.0,"key":"Shuriken"},{"floor":26.0,"key":"Bag of Marbles"},{"floor":27.0,"key":"Ice Cream"},{"floor":31.0,"key":"Happy Flower"},{"floor":40,"key":"Dream Catcher"},{"floor":44,"key":"Turnip"},{"floor":46,"key":"Pen Nib"},{"floor":48,"key":"Strawberry"},{"floor":55,"key":"Vajra"}],"event_choices":[{"cards_removed":["Defend_P"],"damage_healed":0.0,"max_hp_gain":0.0,"max_hp_loss":0.0,"gold_gain":0.0,"event_name":"Golden Wing","player_choice":"Card Removal","floor":3.0,"gold_loss":0.0,"damage_taken":7.0},{"cards_removed":["Strike_P"],"damage_healed":0.0,"max_hp_gain":0.0,"max_hp_loss":0.0,"gold_gain":0.0,"event_name":"Living Wall","player_choice":"Forget","floor":7.0,"gold_loss":0.0,"damage_taken":0.0},{"damage_healed":0.0,"max_hp_gain":0.0,"max_hp_loss":0.0,"gold_gain":0.0,"cards_transformed":["Strike_P","Defend_P"],"event_name":"Drug Dealer","player_choice":"Became Test Subject","floor":19.0,"gold_loss":0.0,"damage_taken":0.0,"cards_obtained":["Tantrum","Consecrate"]},{"damage_healed":0.0,"max_hp_gain":0.0,"max_hp_loss":0.0,"gold_gain":0.0,"event_name":"The Mausoleum","player_choice":"Ignored","floor":20.0,"gold_loss":0.0,"damage_taken":0.0},{"damage_healed":0.0,"max_hp_gain":0.0,"max_hp_loss":0.0,"gold_gain":0.0,"event_name":"Masked Bandits","player_choice":"Fought Bandits","floor":22.0,"gold_loss":0.0,"damage_taken":0.0},{"cards_removed":["WaveOfTheHand"],"damage_healed":0.0,"max_hp_gain":0.0,"max_hp_loss":0.0,"gold_gain":0.0,"event_name":"Beggar","player_choice":"Gave Gold","floor":24.0,"gold_loss":75.0,"damage_taken":0.0},{"cards_removed":["Consecrate"],"damage_healed":0,"gold_gain":0,"player_choice":"Removed Attack","damage_taken":0,"max_hp_gain":0,"max_hp_loss":0,"event_name":"Falling","floor":39,"gold_loss":0},{"damage_healed":0,"gold_gain":0,"player_choice":"Paid Gold","damage_taken":0,"relics_obtained":["Juzu Bracelet"],"max_hp_gain":0,"max_hp_loss":0,"event_name":"WeMeetAgain","floor":42,"gold_loss":79},{"damage_healed":0,"gold_gain":0,"player_choice":"Fight","damage_taken":0,"max_hp_gain":0,"max_hp_loss":0,"event_name":"MindBloom","floor":44,"gold_loss":0}],"is_beta":false,"boss_relics":[{"not_picked":["Busted Crown","Ectoplasm"],"picked":"Runic Dome"},{"not_picked":["Fusion Hammer","Sozu"],"picked":"Snecko Eye"}],"items_purged_floors":[11,21,36],"is_endless":false,"potions_floor_spawned":[1,13,16,18,22,29,31,37,40,44,46,47],"ascension_level":20}}