{"host":"tr12w2fixbnujl15","time":1610149457,"event":{"mods":["2.2 Compatiblity","BaseMod","Better Skull","BetterRewards","Clockwork Mod","Colored Powertips","Evolution","Hermit","Hubris","Infinite Spire","Koishi","Mad Scientist","Minty Spire (QoL Compilation)","Quick Restart","Replay The Spire","Shop Mod","StSLib","SuperFastMode","The Animator","The Bug Knight","The Construct","The Cursed","The Hierophant","The Necromancer","The Sage","The Senshi","The Servant 0.9.4","The Spell Scribe","TheFirefly","WarShipGirlsR/????R mod"],"gold_per_floor":[113,130,130,130,60,87,87,115,115,128,128,141,141,151,151,247,247,261,275,289,289,307,325,358,375,456,456,16,50,61,76,76,181,181,198,420,420,436,436,468,487,498,498,65,77,77,77,110,110,110],"floor_reached":51,"playtime":1656,"items_purged":["Hallucinations"],"score":791,"play_id":"d49439dc-1859-4b07-a350-0e89a3264faa","local_time":"20210108184417","is_ascension_mode":false,"campfire_choices":[{"floor":11,"key":"REST"},{"floor":13,"key":"REST"},{"data":"Heatsinks","floor":15,"key":"SMITH"},{"floor":27,"key":"REST"},{"floor":32,"key":"REST"},{"floor":47,"key":"REST"},{"floor":49,"key":"REST"}],"circlet_count":0,"master_deck":["Cold Snap+1","Cold Snap+1","Cold Snap","Strike_B+1","Defend_B","Defend_B","Defend_B","Zap+1","Dualcast+1","Coolheaded","ReplaySolidLightProjector","Heatsinks+1","Genetic Algorithm+1","Defragment+1","Chaos","Ball Lightning","Conserve Battery","Lockon","Ball Lightning","Coolheaded+1","BasicCrystalCard","Rip and Tear","hubris:InfiniteBlow+12","infinitespire:DeathsTouch","Static Discharge","Ball Lightning","Undo","Barrage","hubris:DuctTapeCard","Storm","Static Discharge","Compile Driver","Compile Driver","ReplayTheSpireMod:Omega Cannon","BasicCrystalCard+1","Leap","hubris:Fate","Leap","Tempest+1","Streamline","Creative AI","Compile Driver","FIFO Queue"],"relics":["Cracked Core","EVO:Axolotl","hubris:BallOfYels","construct:RocketBooster","Darkstone Periapt","hubris:Towel","Toy Ornithopter","Lantern","Bottled Tornado","construct:ClawGrip","hubris:BlackHole","Mirror","Red Mask","hubris:DuctTape","Replay:Frozen Program","MerchantsRug","Whetstone","Snecko Eye","Ring of Shattering","Ring of Misfortune","Thread and Needle","ReplayTheSpireMod:Shallot","Pet Ghost","Regal Pillow"],"acts_visited":["Exordium","TheCity","TheBeyond"],"potions_floor_usage":[8,18,18,18,19,24,33,33,33,42],"damage_taken":[{"damage":1,"enemies":"Small Slimes","floor":1,"turns":3},{"damage":6,"enemies":"2 Louse","floor":2,"turns":2},{"damage":9,"enemies":"3 Sentries","floor":6,"turns":11},{"damage":20,"enemies":"Replay:BlueRogue","floor":8,"turns":6},{"damage":0,"enemies":"Cultist","floor":10,"turns":3},{"damage":9,"enemies":"Gremlin Gang","floor":12,"turns":4},{"damage":14,"enemies":"Exordium Wildlife","floor":14,"turns":4},{"damage":34,"enemies":"Fading Forest","floor":16,"turns":11},{"damage":7,"enemies":"Shell Parasite","floor":18,"turns":5},{"damage":4,"enemies":"Chosen","floor":19,"turns":5},{"damage":18,"enemies":"Snecko","floor":20,"turns":5},{"damage":0,"enemies":"Snake Plant","floor":22,"turns":3},{"damage":0,"enemies":"Cultist and Chosen","floor":23,"turns":2},{"damage":0,"enemies":"Masked Bandits","floor":24,"turns":1},{"damage":0,"enemies":"Snecko","floor":25,"turns":3},{"damage":0,"enemies":"Book of Stabbing","floor":29,"turns":2},{"damage":0,"enemies":"3 Cultists","floor":30,"turns":2},{"damage":10,"enemies":"Centurion and Healer","floor":31,"turns":2},{"damage":0,"enemies":"Champ","floor":33,"turns":2},{"damage":0,"enemies":"Orb Walker","floor":35,"turns":1},{"damage":4,"enemies":"3 Shapes","floor":38,"turns":2},{"damage":0,"enemies":"Nightmare","floor":40,"turns":1},{"damage":0,"enemies":"Maw","floor":41,"turns":3},{"damage":31,"enemies":"Transient","floor":42,"turns":5},{"damage":5,"enemies":"Sphere and 2 Shapes","floor":45,"turns":2},{"damage":0,"enemies":"Reptomancer","floor":48,"turns":1},{"damage":0,"enemies":"Replay:Hell Engine","floor":50,"turns":3}],"seed_played":"8757061683598509494","potions_obtained":[{"floor":2,"key":"Fire Potion"},{"floor":10,"key":"Swift Potion"},{"floor":16,"key":"EntropicBrew"},{"floor":19,"key":"Strength Potion"},{"floor":20,"key":"SpeedPotion"},{"floor":23,"key":"Fire Potion"},{"floor":29,"key":"ColorlessPotion"},{"floor":33,"key":"FearPotion"},{"floor":35,"key":"FearPotion"},{"floor":45,"key":"LiquidMemories"}],"is_trial":false,"path_per_floor":["M","M","?","?","$","E","?","E","T","M","R","M","R","M","R","B",null,"M","M","M","AVR","M","M","?","M","T","R","$","E","M","M","R","B",null,"M","?","?","M","?","NM","M","M","T","$","M","?","R","E","R","B",null],"character_chosen":"DEFECT","items_purchased":["hubris:BallOfYels","Darkstone Periapt","Defragment","Defragment","Storm","Replay:Frozen Program","MerchantsRug","Toxic Potion","Creative AI","Pet Ghost","PowerPotion"],"campfire_rested":6,"item_purchase_floors":[0,0,0,5,28,28,28,28,44,44,44],"current_hp_per_floor":[74,68,68,68,68,59,59,44,44,44,66,57,75,61,61,47,75,68,69,51,51,51,51,56,56,56,75,75,75,75,65,75,75,75,75,75,81,77,57,57,57,31,31,31,26,26,50,50,81,81],"gold":110,"neow_bonus":"","is_daily":false,"chose_seed":false,"campfire_upgraded":1,"win_rate":0.0,"timestamp":1610149457,"path_taken":["M","M","?","?","$","E","?","E","T","M","R","?","R","?","R","BOSS","M","?","M","AVR","M","M","?","M","T","R","$","E","M","M","R","BOSS","M","?","?","M","?","NM","M","M","T","$","M","?","R","E","R","BOSS"],"items_purchased_type":["Relic","Relic","Card","Card","Card","Relic","Relic","Potion","Card","Relic","Potion"],"build_version":"2020-12-22","purchased_purges":1,"victory":true,"max_hp_per_floor":[75,75,75,75,75,75,75,75,75,75,75,75,75,75,75,75,75,75,75,75,75,75,75,75,75,75,75,75,75,75,75,75,75,75,75,75,81,81,81,81,81,81,81,81,81,81,81,81,81,81],"card_choices":[{"not_picked":["Go for the Eyes","Auto Shields"],"picked":"ReplaySolidLightProjector","floor":1},{"not_picked":["Gash","Tempest"],"picked":"Heatsinks","floor":2},{"not_picked":["Meteor Strike","Turbo"],"picked":"Chaos","floor":6},{"not_picked":["Sunder","Rebound"],"picked":"Ball Lightning","floor":8},{"not_picked":["Redo","Consume"],"picked":"Conserve Battery","floor":10},{"not_picked":["Hyperbeam","Stack"],"picked":"Lockon","floor":12},{"not_picked":["ReplayGash","Hologram"],"picked":"Ball Lightning","floor":14},{"not_picked":["ReplayRNGCard","hubris:DoWhile"],"picked":"Echo Form","floor":16},{"not_picked":["Barrage","Gash"],"picked":"Coolheaded+1","floor":18},{"not_picked":["Blizzard","Rebound"],"picked":"BasicCrystalCard","floor":19},{"not_picked":["Coolheaded+1","Compile Driver"],"picked":"Rip and Tear","floor":20},{"not_picked":["Glacier+1","Stack"],"picked":"Static Discharge","floor":22},{"not_picked":["Panic Button","Auto Shields"],"picked":"Ball Lightning","floor":23},{"not_picked":["Panic Button","Scrape"],"picked":"Undo","floor":24},{"not_picked":["Stack","BasicCrystalCard"],"picked":"Barrage","floor":25},{"not_picked":["Echo Form","Turbo"],"picked":"Static Discharge","floor":29},{"not_picked":["Steam","Hyperbeam"],"picked":"Compile Driver","floor":30},{"not_picked":["Cold Snap","Go for the Eyes"],"picked":"Compile Driver","floor":31},{"not_picked":["hubris:SpecializedCircuitry","hubris:DoWhile"],"picked":"ReplayTheSpireMod:Omega Cannon","floor":33},{"not_picked":["ReplayTheSpireMod:Repulse","Coolheaded"],"picked":"BasicCrystalCard+1","floor":35},{"not_picked":["ReplaySort+1","Turbo+1"],"picked":"Leap","floor":38},{"not_picked":["infinitespire:Starlight","infinitespire:TheBestDefense"],"picked":"hubris:Fate","floor":39},{"not_picked":["ReplayTheSpireMod:GoodbyeWorld+1","Gash"],"picked":"Leap","floor":40},{"not_picked":["Coolheaded+1","Fusion+1"],"picked":"Tempest+1","floor":41},{"not_picked":["ReplaySort+1","Beam Cell+1"],"picked":"Streamline","floor":42},{"not_picked":["Stack","Steam"],"picked":"Compile Driver","floor":45},{"not_picked":["Reprogram","ReplayTheSpireMod:Repulse+1"],"picked":"FIFO Queue","floor":48}],"player_experience":40054,"relics_obtained":[{"floor":6,"key":"Toy Ornithopter"},{"floor":8,"key":"Lantern"},{"floor":9,"key":"Bottled Tornado"},{"floor":24,"key":"Red Mask"},{"floor":26,"key":"hubris:DuctTape"},{"floor":29,"key":"Whetstone"},{"floor":37,"key":"Ring of Shattering"},{"floor":37,"key":"Ring of Misfortune"},{"floor":40,"key":"Thread and Needle"},{"floor":43,"key":"ReplayTheSpireMod:Shallot"},{"floor":48,"key":"Regal Pillow"}],"event_choices":[{"cards_removed":["Defend_B"],"damage_healed":0,"gold_gain":0,"player_choice":"Purged","damage_taken":0,"max_hp_gain":0,"max_hp_loss":0,"event_name":"Purifier","floor":7,"gold_loss":0},{"damage_healed":0,"gold_gain":0,"player_choice":"Fought Bandits","damage_taken":0,"max_hp_gain":0,"max_hp_loss":0,"event_name":"Masked Bandits","floor":24,"gold_loss":0},{"damage_healed":0,"gold_gain":222,"player_choice":"Wore Mask","damage_taken":0,"max_hp_gain":0,"max_hp_loss":0,"event_name":"Tomb of Lord Red Mask","floor":36,"gold_loss":0},{"damage_healed":0,"gold_gain":0,"player_choice":"Ignored","damage_taken":0,"max_hp_gain":0,"max_hp_loss":0,"event_name":"The Moai Head","floor":46,"gold_loss":0}],"is_beta":false,"boss_relics":[{"not_picked":["hubris:RunicObelisk","Fusion Hammer"],"picked":"construct:ClawGrip"},{"not_picked":["ReplayTheSpireMod:DimensionalGlitch","Velvet Choker"],"picked":"Snecko Eye"}],"items_purged_floors":[44],"is_endless":false,"potions_floor_spawned":[2,10,16,19,20,23,29,33,35,45,48],"ascension_level":0}}