{"host":"7z9izfsmsy4azoxx","time":1610117150,"event":{"mods":["AchievementEnabler","BaseMod","Colored Map","Custom Start","Hermit","Minty Spire (QoL Compilation)","StSLib","SuperFastMode"],"gold_per_floor":[112,122,122,142,546545941,546545967,546545987,546546000,546546000,546546000,546546000,546546000,546546000,546546016,546546016,546546094,546546094,546546094,546545043,546544410,546544410,546544410,546544410,546544410,546544410,546544410,546544410,546544335,546543868,546543868,546543868,546543868,546543868,546543868,546543868,546543868,546543868,546543868,546543868,546543868,546543509,546543509,546543509,546543509,546543509,546543509,546543130,546543130,546543130,546543130,546543130,546543130,546543130,546542549,546542549,546542549],"floor_reached":57,"playtime":1123,"items_purged":["Strike_R","Defend_R","Strike_R+1","Strike_R+1","Rampage+1","Thunderclap+1"],"score":3173,"play_id":"cca41883-66c9-4c9a-bacb-2b96030ae11d","local_time":"20210108234550","is_ascension_mode":true,"campfire_choices":[{"data":"Flex","floor":10.0,"key":"SMITH"},{"data":"Inflame","floor":12.0,"key":"SMITH"},{"data":"Whirlwind","floor":15.0,"key":"SMITH"},{"data":"Offering","floor":23.0,"key":"SMITH"},{"data":"Pummel","floor":25.0,"key":"SMITH"},{"data":"Sword Boomerang","floor":27.0,"key":"SMITH"},{"data":"Shockwave","floor":32.0,"key":"SMITH"},{"floor":49.0,"key":"RECALL"},{"data":"Heavy Blade","floor":53.0,"key":"SMITH"}],"circlet_count":0,"master_deck":["AscendersBane","Bash+1","Whirlwind+1","Shrug It Off","Inflame+1","Reaper","Flex+1","Sword Boomerang+1","Offering+1","Pummel+1","Shockwave+1","Spot Weakness+1","Wild Strike+1","Heavy Blade+1","Double Tap+1","Finesse+1","Metallicize+1"],"relics":["Burning Blood","Anchor","Whetstone","Pen Nib","Ectoplasm","Lee\u0027s Waffle","WingedGreaves","Matryoshka","Lantern","CeramicFish","Orrery","Red Mask","Calipers","PreservedInsect","Bag of Preparation","Membership Card","Dream Catcher","Bag of Marbles","Akabeko","Astrolabe","Peace Pipe","Bird Faced Urn","Frozen Egg 2","Kunai","Toxic Egg 2","Bronze Scales","Boot","Art of War","Ancient Tea Set","Potion Belt","Darkstone Periapt","Frozen Eye","Red Skull","Ornamental Fan","Sling","Toy Ornithopter"],"acts_visited":["Exordium","TheCity","TheBeyond","TheEnding"],"potions_floor_usage":[56,56,56,56,56,56],"damage_taken":[{"damage":24.0,"enemies":"Jaw Worm","floor":1.0,"turns":5.0},{"damage":11.0,"enemies":"2 Louse","floor":2.0,"turns":2.0},{"damage":23.0,"enemies":"Small Slimes","floor":4.0,"turns":5.0},{"damage":36.0,"enemies":"Lagavulin","floor":6.0,"turns":6.0},{"damage":8.0,"enemies":"Blue Slaver","floor":7.0,"turns":5.0},{"damage":1.0,"enemies":"Looter","floor":8.0,"turns":2.0},{"damage":22.0,"enemies":"Large Slime","floor":14.0,"turns":6.0},{"damage":38.0,"enemies":"Hexaghost","floor":16.0,"turns":8.0},{"damage":8.0,"enemies":"3 Byrds","floor":18.0,"turns":2.0},{"damage":6.0,"enemies":"Masked Bandits","floor":21.0,"turns":1.0},{"damage":6.0,"enemies":"Chosen","floor":22.0,"turns":2.0},{"damage":14.0,"enemies":"Book of Stabbing","floor":24.0,"turns":3.0},{"damage":0.0,"enemies":"Gremlin Leader","floor":30.0,"turns":1.0},{"damage":45.0,"enemies":"Automaton","floor":33.0,"turns":5.0},{"damage":6.0,"enemies":"3 Darklings","floor":35.0,"turns":2.0},{"damage":10.0,"enemies":"2 Orb Walkers","floor":36.0,"turns":3.0},{"damage":0.0,"enemies":"Mind Bloom Boss Battle","floor":37.0,"turns":2.0},{"damage":42.0,"enemies":"3 Shapes","floor":38.0,"turns":2.0},{"damage":6.0,"enemies":"3 Darklings","floor":39.0,"turns":1.0},{"damage":53.0,"enemies":"Nemesis","floor":40.0,"turns":3.0},{"damage":0.0,"enemies":"Giant Head","floor":42.0,"turns":2.0},{"damage":6.0,"enemies":"Nemesis","floor":44.0,"turns":1.0},{"damage":6.0,"enemies":"Transient","floor":46.0,"turns":6.0},{"damage":31.0,"enemies":"Donu and Deca","floor":50.0,"turns":4.0},{"damage":66.0,"enemies":"Awakened One","floor":51.0,"turns":6.0},{"damage":6.0,"enemies":"Shield and Spear","floor":55.0,"turns":1.0},{"damage":153,"enemies":"The Heart","floor":56,"turns":8}],"seed_played":"8809202941321233823","potions_obtained":[{"floor":1.0,"key":"Weak Potion"},{"floor":21.0,"key":"Strength Potion"}],"is_trial":false,"path_per_floor":["M","M","?","M","$","E","M","M","T","R","?","R","?","M","R","B",null,"M","$","$","?","M","R","E","R","T","R","?","$","E","?","R","B",null,"M","?","?","M","M","E","$","E","T","E","?","M","$","?","R","B","B",null,"R","$","E","B",null],"character_chosen":"IRONCLAD","items_purchased":["Anchor","Whetstone","Shrug It Off","Inflame","Reaper","LiquidMemories","Lee\u0027s Waffle","WingedGreaves","Matryoshka","Barricade","Lantern","CeramicFish","Orrery","Membership Card","Dream Catcher","Bag of Marbles","Block Potion","Rage","Kunai","Toxic Egg 2","Potion Belt","Darkstone Periapt","Frozen Eye","Double Tap+1","Red Skull","Ornamental Fan","Sling","Finesse+1","BloodPotion","EntropicBrew","HeartOfIron"],"campfire_rested":0,"item_purchase_floors":[5,5,5,5,5,5,19,19,19,19,20,20,20,29,29,29,29,29,41,41,47,47,47,47,54,54,54,54,54,54,54],"current_hp_per_floor":[50,45,45,28,28,57,59,64,64,64,41,41,34,18,18,62,72,70,82,82,82,82,82,82,82,82,82,82,82,82,82,82,43,72,82,78,82,48,82,55,55,63,63,65,65,82,82,82,82,57,28,69,69,69,71,18],"gold":546542549,"neow_bonus":"TRANSFORM_CARD","is_daily":false,"chose_seed":false,"campfire_upgraded":8,"win_rate":0.0,"timestamp":1610117150,"path_taken":["M","M","?","M","$","E","M","M","T","R","?","R","?","M","R","BOSS","M","$","$","?","M","R","E","R","T","R","?","$","E","?","R","BOSS","M","?","?","M","M","E","$","E","T","E","?","?","$","?","R","BOSS","BOSS","R","$","E","BOSS"],"items_purchased_type":["Relic","Relic","Card","Card","Card","Potion","Relic","Relic","Relic","Card","Relic","Relic","Relic","Relic","Relic","Relic","Potion","Card","Relic","Relic","Relic","Relic","Relic","Card","Relic","Relic","Relic","Card","Potion","Potion","Potion"],"build_version":"2020-12-22","purchased_purges":6,"victory":true,"max_hp_per_floor":[75,75,75,75,75,75,75,75,75,75,75,75,75,75,75,75,75,75,82,82,82,82,82,82,82,82,82,82,82,82,82,82,82,82,82,82,82,82,82,82,82,82,82,82,82,82,82,82,82,82,82,82,82,82,82,82],"card_choices":[{"not_picked":["Dual Wield","Rupture"],"picked":"Rampage","floor":1.0},{"not_picked":["Iron Wave","Clothesline","Dark Embrace"],"picked":"SKIP","floor":2.0},{"not_picked":["Rupture","Perfected Strike","Entrench"],"picked":"SKIP","floor":4.0},{"not_picked":["True Grit","Body Slam"],"picked":"Flex","floor":6.0},{"not_picked":["Pommel Strike","Havoc"],"picked":"Sword Boomerang","floor":7.0},{"not_picked":["Searing Blow","Blood for Blood","Anger"],"picked":"SKIP","floor":8.0},{"not_picked":["Anger","Sword Boomerang","Intimidate"],"picked":"SKIP","floor":14.0},{"not_picked":["Double Tap","Brutality"],"picked":"Offering","floor":16.0},{"not_picked":["Flex","Clash","Pummel"],"picked":"SKIP","floor":18.0},{"not_picked":["Perfected Strike","Pommel Strike+1"],"picked":"Pummel","floor":20.0},{"not_picked":["Fire Breathing","Barricade","Sword Boomerang+1"],"picked":"SKIP","floor":22.0},{"not_picked":["Pummel+1","True Grit","Metallicize"],"picked":"SKIP","floor":24.0},{"not_picked":["Inflame","Ghostly Armor","Rupture"],"picked":"SKIP","floor":30.0},{"not_picked":["Thunderclap","Pommel Strike+1","Warcry"],"picked":"SKIP","floor":35.0},{"not_picked":["True Grit+1","Inflame","Reckless Charge"],"picked":"SKIP","floor":38.0},{"not_picked":["Twin Strike+1","Havoc","Sword Boomerang+1"],"picked":"SKIP","floor":39.0},{"not_picked":["Intimidate","Clothesline","Ghostly Armor"],"picked":"SKIP","floor":40.0},{"not_picked":["Sentinel+1","Perfected Strike+1","Ghostly Armor+1"],"picked":"SKIP","floor":42.0},{"not_picked":["Anger","Sentinel+1","Entrench+1"],"picked":"SKIP","floor":44.0},{"not_picked":["Disarm+1","Clash+1"],"picked":"Heavy Blade","floor":46.0},{"not_picked":["Body Slam","Infernal Blade+1"],"picked":"Metallicize+1","floor":55.0}],"player_experience":519675,"relics_obtained":[{"floor":6.0,"key":"Pen Nib"},{"floor":21.0,"key":"Red Mask"},{"floor":24.0,"key":"Calipers"},{"floor":26.0,"key":"PreservedInsect"},{"floor":26.0,"key":"Bag of Preparation"},{"floor":30.0,"key":"Akabeko"},{"floor":36.0,"key":"Peace Pipe"},{"floor":37.0,"key":"Bird Faced Urn"},{"floor":40.0,"key":"Frozen Egg 2"},{"floor":42.0,"key":"Bronze Scales"},{"floor":43.0,"key":"Boot"},{"floor":43.0,"key":"Art of War"},{"floor":44.0,"key":"Ancient Tea Set"},{"floor":55.0,"key":"Toy Ornithopter"}],"event_choices":[{"damage_healed":0.0,"max_hp_gain":0.0,"max_hp_loss":0.0,"gold_gain":0.0,"cards_transformed":["Strike_R"],"event_name":"Living Wall","player_choice":"Change","floor":3.0,"gold_loss":0.0,"damage_taken":0.0,"cards_obtained":["Entrench"]},{"damage_healed":0.0,"max_hp_gain":0.0,"max_hp_loss":0.0,"gold_gain":0.0,"event_name":"Shining Light","player_choice":"Entered Light","floor":11.0,"gold_loss":0.0,"damage_taken":23.0,"cards_upgraded":["Rampage","Bash"]},{"cards_removed":["Defend_R"],"damage_healed":0.0,"max_hp_gain":0.0,"max_hp_loss":0.0,"gold_gain":0.0,"event_name":"Golden Wing","player_choice":"Card Removal","floor":13.0,"gold_loss":0.0,"damage_taken":7.0},{"damage_healed":0.0,"max_hp_gain":0.0,"max_hp_loss":0.0,"gold_gain":0.0,"event_name":"Masked Bandits","player_choice":"Fought Bandits","floor":21.0,"gold_loss":0.0,"damage_taken":0.0},{"cards_removed":["Barricade"],"damage_healed":0.0,"max_hp_gain":0.0,"max_hp_loss":0.0,"gold_gain":0.0,"event_name":"Beggar","player_choice":"Gave Gold","floor":28.0,"gold_loss":75.0,"damage_taken":0.0},{"damage_healed":0.0,"max_hp_gain":0.0,"max_hp_loss":0.0,"gold_gain":0.0,"event_name":"The Library","player_choice":"Read","floor":31.0,"gold_loss":0.0,"damage_taken":0.0,"cards_obtained":["Shockwave"]},{"damage_healed":0.0,"max_hp_gain":0.0,"max_hp_loss":0.0,"gold_gain":0.0,"event_name":"Mysterious Sphere","player_choice":"Fight","floor":36.0,"gold_loss":0.0,"damage_taken":0.0},{"damage_healed":0.0,"max_hp_gain":0.0,"max_hp_loss":0.0,"gold_gain":0.0,"event_name":"MindBloom","player_choice":"Fight","floor":37.0,"gold_loss":0.0,"damage_taken":0.0},{"cards_removed":["Rage"],"damage_healed":0.0,"max_hp_gain":0.0,"max_hp_loss":0.0,"gold_gain":0.0,"event_name":"Falling","player_choice":"Removed Skill","floor":45.0,"gold_loss":0.0,"damage_taken":0.0},{"damage_healed":0.0,"max_hp_gain":0.0,"max_hp_loss":0.0,"gold_gain":0.0,"event_name":"Golden Shrine","player_choice":"Ignored","floor":48.0,"gold_loss":0.0,"damage_taken":0.0}],"is_beta":false,"boss_relics":[{"not_picked":["Tiny House","Empty Cage"],"picked":"Ectoplasm"},{"not_picked":["Snecko Eye","Runic Pyramid"],"picked":"Astrolabe"}],"items_purged_floors":[5,19,20,29,41,54],"is_endless":false,"potions_floor_spawned":[1,8,14,21,33,36,38,39,42,46],"ascension_level":20}}