{"host":"txhhdwa0hqfs4jhb","time":1610124582,"event":{"mods":["AchievementEnabler","BaseMod","Better Third Choice","Filter the Spire","Minty Spire (QoL Compilation)","Relic Stats","StSLib","Thieving Mod"],"gold_per_floor":[109,109,11,0,10,10,20,20,20,48,48,48,48,78,78,153,153,172,97,116,116,215,215,215],"floor_reached":23,"playtime":727,"items_purged":[],"score":315,"play_id":"b038698d-1dc3-473d-9818-59ee6a544518","local_time":"20210108164942","is_ascension_mode":true,"campfire_choices":[{"data":"Blind","floor":6.0,"key":"SMITH"},{"data":"Defragment","floor":11,"key":"SMITH"},{"data":"Biased Cognition","floor":15,"key":"SMITH"}],"circlet_count":0,"master_deck":["AscendersBane","Strike_B+1","Defend_B","Defend_B","Defend_B+1","Defend_B","Zap","Dualcast","Ball Lightning","Blind+1","Skim","Defragment+1","Darkness","Defragment+1","Skim","Biased Cognition+1","Multi-Cast","Leap","Turbo+1"],"relics":["Inserter","Symbiotic Virus","HornCleat","Lee\u0027s Waffle","Gremlin Horn","Odd Mushroom","Bottled Flame","Empty Cage"],"acts_visited":["Exordium","TheCity"],"potions_floor_usage":[10,10,23],"damage_taken":[{"damage":1.0,"enemies":"2 Louse","floor":1.0,"turns":3.0},{"damage":0.0,"enemies":"Jaw Worm","floor":5.0,"turns":3.0},{"damage":0.0,"enemies":"Small Slimes","floor":7.0,"turns":3.0},{"damage":0,"enemies":"The Mushroom Lair","floor":10,"turns":3},{"damage":2,"enemies":"Gremlin Nob","floor":14,"turns":3},{"damage":24,"enemies":"Slime Boss","floor":16,"turns":7},{"damage":0,"enemies":"Chosen","floor":18,"turns":4},{"damage":34,"enemies":"2 Thieves","floor":20,"turns":4},{"damage":30,"enemies":"Slavers","floor":23,"turns":2}],"seed_played":"-3725668363978656450","potions_obtained":[{"floor":1.0,"key":"LiquidMemories"},{"floor":7.0,"key":"BlessingOfTheForge"},{"floor":20,"key":"SkillPotion"}],"is_trial":false,"path_per_floor":["M","?","$","?","M","R","M","$","T","?","R","?","?","E","R","B",null,"M","?","M","?","?","E"],"character_chosen":"DEFECT","items_purchased":["Blind"],"campfire_rested":0,"item_purchase_floors":[3],"current_hp_per_floor":[63,49,78,84,84,84,84,84,84,84,84,84,77,75,75,51,76,76,76,42,26,26,0,0],"gold":215,"neow_bonus":"BOSS_RELIC","is_daily":false,"chose_seed":false,"campfire_upgraded":3,"win_rate":0.0,"timestamp":1610124582,"path_taken":["M","?","$","?","?","R","M","$","T","?","R","?","?","E","R","BOSS","M","?","M","?","?","E"],"items_purchased_type":["Card"],"build_version":"2020-12-22","purchased_purges":0,"victory":false,"max_hp_per_floor":[71,71,78,84,84,84,84,84,84,84,84,84,84,84,84,84,84,84,84,84,89,89,89,89],"relic_stats":{"Lee\u0027s Waffle":29,"Inserter":[16],"Gremlin Horn":[5,5],"counters":[9,32],"obtain_stats":[{"Lee\u0027s Waffle":3,"Bottled Flame":14,"Inserter":0,"HornCleat":3,"Gremlin Horn":9,"Odd Mushroom":10,"Cracked Core":0,"Symbiotic Virus":3,"Empty Cage":17},{"Lee\u0027s Waffle":1,"Bottled Flame":5,"Inserter":0,"HornCleat":1,"Gremlin Horn":3,"Odd Mushroom":4,"Cracked Core":0,"Symbiotic Virus":1,"Empty Cage":6},{"Lee\u0027s Waffle":3,"Bottled Flame":15,"Inserter":0,"HornCleat":3,"Gremlin Horn":9,"Odd Mushroom":12,"Cracked Core":0,"Symbiotic Virus":3,"Empty Cage":22}]},"card_choices":[{"not_picked":["Aggregate","Stack"],"picked":"Ball Lightning","floor":1.0},{"not_picked":["Stack","Compile Driver"],"picked":"Skim","floor":5.0},{"not_picked":["Conserve Battery","Turbo"],"picked":"Defragment","floor":7.0},{"not_picked":["Rebound","Recycle"],"picked":"Skim","floor":10},{"not_picked":["Sweeping Beam","Steam"],"picked":"Biased Cognition","floor":14},{"not_picked":["Hyperbeam","Buffer"],"picked":"Multi-Cast","floor":16},{"not_picked":["Reprogram","Compile Driver"],"picked":"Leap","floor":18},{"not_picked":["Streamline","Compile Driver"],"picked":"Turbo+1","floor":20}],"player_experience":222551,"relics_obtained":[{"floor":9,"key":"Gremlin Horn"},{"floor":10,"key":"Odd Mushroom"},{"floor":14,"key":"Bottled Flame"}],"event_choices":[{"damage_healed":63.0,"max_hp_gain":0.0,"max_hp_loss":71.0,"gold_gain":0.0,"event_name":"betterThird:BetterShining","player_choice":"Upgrade","floor":2.0,"gold_loss":0.0,"damage_taken":14.0,"cards_upgraded":["Defend_B","Strike_B"]},{"damage_healed":0.0,"max_hp_gain":0.0,"max_hp_loss":0.0,"gold_gain":0.0,"event_name":"betterThird:BetterSerpent","player_choice":"RENOUNCE","floor":4.0,"gold_loss":11.0,"damage_taken":11.0,"cards_obtained":["Enlightenment"]},{"damage_healed":0,"gold_gain":0,"player_choice":"Fought Mushrooms","damage_taken":0,"max_hp_gain":0,"max_hp_loss":0,"event_name":"Mushrooms","floor":10,"gold_loss":0},{"damage_healed":0,"gold_gain":0,"player_choice":"Grow","damage_taken":0,"max_hp_gain":0,"max_hp_loss":0,"event_name":"Living Wall","floor":12,"gold_loss":0,"cards_upgraded":["Defragment"]},{"cards_removed":["Enlightenment"],"damage_healed":0,"gold_gain":0,"player_choice":"Card Removal","damage_taken":7,"max_hp_gain":0,"max_hp_loss":0,"event_name":"Golden Wing","floor":13,"gold_loss":0},{"cards_removed":["Strike_B"],"damage_healed":0,"gold_gain":0,"player_choice":"Gave Gold","damage_taken":0,"max_hp_gain":0,"max_hp_loss":0,"event_name":"Beggar","floor":19,"gold_loss":75},{"damage_healed":0,"gold_gain":0,"player_choice":"Shed Blood","damage_taken":21,"max_hp_gain":5,"max_hp_loss":0,"event_name":"Forgotten Altar","floor":21,"gold_loss":0},{"damage_healed":0,"gold_gain":99,"player_choice":"Steal","damage_taken":0,"max_hp_gain":0,"max_hp_loss":0,"event_name":"betterThird:BetterNest","floor":22,"gold_loss":0}],"is_beta":false,"boss_relics":[{"not_picked":["Runic Pyramid","Fusion Hammer"],"picked":"Empty Cage"}],"items_purged_floors":[],"is_endless":false,"potions_floor_spawned":[1,7,20],"killed_by":"Slavers","ascension_level":14}}