{"host":"sav7uxregyirlf69","time":1610093691,"event":{"mods":["AchievementEnabler","BaseMod","Colored Map","DeckTracker","Keyboard Shortcuts","Minty Spire (QoL Compilation)","READ ME - Guardian Mod","StSLib","SuperFastMode"],"gold_per_floor":[112,187,112,112,112,112,123,123,150,160,172,198,198,198,198,276,276,305,329,329,329,329],"floor_reached":21,"playtime":384,"items_purged":["Strike_G"],"score":354,"play_id":"e2af7881-f9dc-4e29-9995-5e2d4a54b3c4","local_time":"20210108171451","is_ascension_mode":true,"campfire_choices":[{"data":"Apotheosis","floor":6,"key":"SMITH"},{"floor":8,"key":"REST"},{"floor":13,"key":"REST"},{"floor":15,"key":"REST"}],"circlet_count":0,"master_deck":["AscendersBane","Strike_G","Strike_G","Strike_G","Strike_G","Defend_G","Defend_G","Defend_G","Defend_G","Survivor","Neutralize+1","Apotheosis+1","Backflip","Blur","Glass Knife","Reflex+1","Dagger Throw","CurseOfTheBell","Terror","Well Laid Plans"],"relics":["Ring of the Snake","Boot","Gremlin Horn","Calling Bell","CeramicFish","Darkstone Periapt","Unceasing Top"],"acts_visited":["Exordium","TheCity"],"potions_floor_usage":[12,16,16,19,21,21],"damage_taken":[{"damage":0,"enemies":"Jaw Worm","floor":1,"turns":5},{"damage":0,"enemies":"2 Louse","floor":7,"turns":3},{"damage":0,"enemies":"Small Slimes","floor":10,"turns":6},{"damage":0,"enemies":"2 Fungi Beasts","floor":11,"turns":4},{"damage":32,"enemies":"Gremlin Nob","floor":12,"turns":4},{"damage":28,"enemies":"Slime Boss","floor":16,"turns":12},{"damage":11,"enemies":"Shell Parasite","floor":18,"turns":8},{"damage":16,"enemies":"Chosen","floor":19,"turns":4},{"damage":25,"enemies":"Snake Plant","floor":21,"turns":4}],"seed_played":"-7028482256024336695","potions_obtained":[{"floor":1,"key":"Fire Potion"},{"floor":7,"key":"Energy Potion"},{"floor":12,"key":"EssenceOfSteel"},{"floor":18,"key":"AttackPotion"},{"floor":20,"key":"CunningPotion"},{"floor":20,"key":"Dexterity Potion"}],"is_trial":false,"path_per_floor":["M","?","$","?","?","R","M","R","T","M","M","E","R","?","R","B",null,"M","M","?","M"],"character_chosen":"THE_SILENT","items_purchased":[],"campfire_rested":3,"item_purchase_floors":[],"current_hp_per_floor":[44,33,33,33,26,26,26,45,45,45,45,13,32,12,31,3,50,39,23,23,0,0],"gold":329,"neow_bonus":"RANDOM_COLORLESS_2","is_daily":false,"chose_seed":false,"campfire_upgraded":1,"win_rate":0.0,"timestamp":1610093691,"path_taken":["M","?","$","?","?","R","M","R","T","M","M","E","R","?","R","BOSS","M","M","?","?"],"items_purchased_type":[],"build_version":"2020-12-22","purchased_purges":1,"victory":false,"max_hp_per_floor":[66,66,66,66,66,66,66,66,66,66,66,66,66,66,66,66,66,66,66,66,66,66],"card_choices":[{"not_picked":["Metamorphosis","Secret Weapon"],"picked":"Apotheosis","floor":0},{"not_picked":["Blur","Acrobatics"],"picked":"Backflip","floor":1},{"not_picked":["Setup","Underhanded Strike"],"picked":"Blur","floor":7},{"not_picked":["Expertise","Sucker Punch"],"picked":"Glass Knife","floor":10},{"not_picked":["Expertise","Calculated Gamble"],"picked":"Reflex","floor":11},{"not_picked":["Crippling Poison","Underhanded Strike"],"picked":"Dagger Throw","floor":12},{"not_picked":["Bane","Blade Dance"],"picked":"Terror","floor":18},{"not_picked":["PiercingWail","Quick Slash"],"picked":"Well Laid Plans","floor":19}],"player_experience":1199501,"relics_obtained":[{"floor":9,"key":"Boot"},{"floor":12,"key":"Gremlin Horn"},{"floor":17,"key":"CeramicFish"},{"floor":17,"key":"Darkstone Periapt"},{"floor":17,"key":"Unceasing Top"}],"event_choices":[{"damage_healed":0,"gold_gain":75,"player_choice":"Gather Gold","damage_taken":11,"max_hp_gain":0,"max_hp_loss":0,"event_name":"World of Goop","floor":2,"gold_loss":0},{"damage_healed":0,"gold_gain":0,"player_choice":"Ignored","damage_taken":0,"max_hp_gain":0,"max_hp_loss":0,"event_name":"Liars Game","floor":4,"gold_loss":0},{"cards_removed":["Defend_G"],"damage_healed":0,"gold_gain":0,"player_choice":"Card Removal","damage_taken":7,"max_hp_gain":0,"max_hp_loss":0,"event_name":"Golden Wing","floor":5,"gold_loss":0},{"damage_healed":0,"gold_gain":0,"player_choice":"Entered Light","damage_taken":20,"max_hp_gain":0,"max_hp_loss":0,"event_name":"Shining Light","floor":14,"gold_loss":0,"cards_upgraded":["Neutralize","Reflex"]},{"damage_healed":0,"gold_gain":0,"player_choice":"Got Potions","damage_taken":0,"max_hp_gain":0,"max_hp_loss":0,"event_name":"Lab","floor":20,"gold_loss":0}],"is_beta":false,"boss_relics":[{"not_picked":["Ring of the Serpent","Coffee Dripper"],"picked":"Calling Bell"}],"items_purged_floors":[3],"is_endless":false,"potions_floor_spawned":[1,7,12,18],"killed_by":"Snake Plant","ascension_level":20}}