{"host":"e4hse1vg61zltgzv","time":1610074367,"event":{"mods":["AchievementEnabler","BaseMod","Block Reminder","Colored Map","DeckTracker","GifTheSpireLib","Minty Spire (QoL Compilation)","Rare Cards Sparkle","StSLib","SuperFastMode","everything is the same but u backflip on backflip"],"gold_per_floor":[119,133,209,228,242,242,268,343,343,378,378,378,391,403,403,474,474,488,488,498,498,517,552,552,552,552,568,585,616,443,473,473,548,598,615,615,629,629,458,458,484,509,509,509,540,540,553,553,553],"floor_reached":48,"playtime":1956,"items_purged":[],"score":1741,"play_id":"d769af36-0ad5-4f5b-8ae0-565d2accd933","local_time":"20210108115247","is_ascension_mode":true,"campfire_choices":[{"floor":11,"key":"RECALL"},{"floor":15,"key":"REST"},{"floor":24,"key":"DIG"},{"floor":32,"key":"DIG"},{"floor":40,"key":"DIG"}],"circlet_count":0,"master_deck":["Prostrate+1","Pray+1","Brilliance+1","DeusExMachina+1"],"relics":["Toxic Egg 2","Unceasing Top","InkBottle","Mango","Calipers","Strawberry","TungstenRod","Empty Cage","Shovel","Pocketwatch","Gremlin Horn","War Paint","Omamori","White Beast Statue","Bronze Scales","Tiny House","TheAbacus","Letter Opener","MealTicket","Thread and Needle","Eternal Feather","Incense Burner","Smiling Mask"],"acts_visited":["Exordium","TheCity","TheBeyond"],"potions_floor_usage":[17],"damage_taken":[{"damage":0,"enemies":"Jaw Worm","floor":1,"turns":1},{"damage":0,"enemies":"2 Louse","floor":2,"turns":2},{"damage":0,"enemies":"Small Slimes","floor":4,"turns":1},{"damage":0,"enemies":"Looter","floor":5,"turns":1},{"damage":0,"enemies":"Gremlin Nob","floor":7,"turns":1},{"damage":0,"enemies":"3 Sentries","floor":10,"turns":2},{"damage":0,"enemies":"Lots of Slimes","floor":13,"turns":3},{"damage":0,"enemies":"Exordium Thugs","floor":14,"turns":1},{"damage":0,"enemies":"Slime Boss","floor":16,"turns":1},{"damage":0,"enemies":"Shell Parasite","floor":18,"turns":1},{"damage":0,"enemies":"Spheric Guardian","floor":20,"turns":1},{"damage":0,"enemies":"Snake Plant","floor":22,"turns":1},{"damage":0,"enemies":"Gremlin Leader","floor":23,"turns":1},{"damage":0,"enemies":"Snecko","floor":27,"turns":1},{"damage":0,"enemies":"Sentry and Sphere","floor":28,"turns":1},{"damage":0,"enemies":"Book of Stabbing","floor":29,"turns":1},{"damage":0,"enemies":"Gremlin Leader","floor":31,"turns":1},{"damage":0,"enemies":"Automaton","floor":33,"turns":1},{"damage":0,"enemies":"3 Shapes","floor":35,"turns":1},{"damage":0,"enemies":"3 Darklings","floor":37,"turns":1},{"damage":0,"enemies":"Giant Head","floor":41,"turns":1},{"damage":0,"enemies":"Mind Bloom Boss Battle","floor":42,"turns":1},{"damage":0,"enemies":"Nemesis","floor":45,"turns":1},{"damage":0,"enemies":"Maw","floor":47,"turns":1},{"damage":0,"enemies":"Spire Growth","floor":48,"turns":1}],"seed_played":"4119089715181633464","potions_obtained":[{"floor":0,"key":"Swift Potion"},{"floor":0,"key":"Dexterity Potion"},{"floor":16,"key":"Fruit Juice"},{"floor":18,"key":"PowerPotion"},{"floor":34,"key":"Ambrosia"}],"is_trial":false,"path_per_floor":["M","M","?","M","M","?","E","?","T","E","R","T","M","M","R","B",null,"M","?","M","T","M","E","R","?","T","M","M","E","$","E","R","B",null,"M","?","M","?","$","R","E","?","T","$","E","T","M","M"],"character_chosen":"WATCHER","items_purchased":["Omamori","TheAbacus"],"campfire_rested":1,"item_purchase_floors":[30,39],"current_hp_per_floor":[61,61,61,61,61,35,49,38,38,45,45,45,45,45,71,71,90,90,90,90,90,90,90,90,90,90,90,90,90,90,90,90,90,98,98,89,89,99,99,99,99,99,99,99,99,99,99,99,99],"gold":553,"neow_bonus":"THREE_SMALL_POTIONS","is_daily":false,"chose_seed":false,"campfire_upgraded":0,"win_rate":0.0,"timestamp":1610074367,"path_taken":["M","M","?","M","M","?","E","?","T","E","R","?","M","M","R","BOSS","M","?","?","?","M","E","R","?","T","?","M","E","$","E","R","BOSS","M","?","M","?","$","R","E","?","T","$","E","?","?","M"],"items_purchased_type":["Relic","Relic"],"build_version":"2020-12-22","purchased_purges":0,"victory":false,"max_hp_per_floor":[68,68,68,68,68,68,82,82,82,89,89,89,89,89,89,89,94,94,94,94,94,94,94,94,94,94,94,94,94,94,94,94,94,99,99,99,99,99,99,99,99,99,99,99,99,99,99,99,99],"card_choices":[{"not_picked":["Evaluate+1","FlurryOfBlows","CrushJoints"],"picked":"SKIP","floor":1},{"not_picked":["Conclude","ClearTheMind+1","FollowUp"],"picked":"SKIP","floor":2},{"not_picked":["SashWhip","FollowUp","BowlingBash"],"picked":"SKIP","floor":4},{"not_picked":["LikeWater","TalkToTheHand","WheelKick"],"picked":"SKIP","floor":5},{"not_picked":["BowlingBash","JustLucky","PathToVictory+1"],"picked":"SKIP","floor":7},{"not_picked":["DevaForm","ReachHeaven","Swivel+1"],"picked":"SKIP","floor":10},{"not_picked":["DevaForm","ReachHeaven","Swivel+1"],"picked":"SKIP","floor":10},{"not_picked":["TalkToTheHand","Tantrum","EmptyFist"],"picked":"SKIP","floor":13},{"not_picked":["ReachHeaven","FlyingSleeves","SashWhip"],"picked":"SKIP","floor":14},{"not_picked":["Meditate+1","CutThroughFate","FlyingSleeves"],"picked":"SKIP","floor":18},{"not_picked":["Halt+1","FlurryOfBlows","EmptyFist"],"picked":"SKIP","floor":20},{"not_picked":["FlurryOfBlows","SashWhip"],"picked":"DeusExMachina+1","floor":22},{"not_picked":["CarveReality","Vengeance+1","Swivel+1"],"picked":"SKIP","floor":23},{"not_picked":["Halt+1","Pray+1","Evaluate+1"],"picked":"SKIP","floor":27},{"not_picked":["JustLucky","BowlingBash","ClearTheMind+1"],"picked":"SKIP","floor":28},{"not_picked":["SashWhip","Devotion","ForeignInfluence+1"],"picked":"SKIP","floor":29},{"not_picked":["SashWhip","CarveReality","Prostrate+1"],"picked":"SKIP","floor":31},{"not_picked":["JustLucky","WaveOfTheHand+1","Evaluate+1"],"picked":"SKIP","floor":35},{"not_picked":["EmptyFist+1","Halt+1","FlurryOfBlows"],"picked":"SKIP","floor":37},{"not_picked":["EmptyFist","ClearTheMind+1","PathToVictory+1"],"picked":"SKIP","floor":41},{"not_picked":["Halt+1","Protect+1","Scrawl+1"],"picked":"SKIP","floor":45},{"not_picked":["SandsOfTime","EmptyFist","Perseverance+1"],"picked":"SKIP","floor":47}],"player_experience":780754,"relics_obtained":[{"floor":7,"key":"Mango"},{"floor":9,"key":"Calipers"},{"floor":10,"key":"Strawberry"},{"floor":12,"key":"TungstenRod"},{"floor":23,"key":"Shovel"},{"floor":24,"key":"Pocketwatch"},{"floor":26,"key":"Gremlin Horn"},{"floor":29,"key":"War Paint"},{"floor":31,"key":"White Beast Statue"},{"floor":32,"key":"Bronze Scales"},{"floor":40,"key":"Letter Opener"},{"floor":41,"key":"MealTicket"},{"floor":42,"key":"Thread and Needle"},{"floor":43,"key":"Eternal Feather"},{"floor":45,"key":"Incense Burner"},{"floor":46,"key":"Smiling Mask"}],"event_choices":[{"damage_healed":0,"gold_gain":76,"player_choice":"Gained Gold","damage_taken":0,"max_hp_gain":0,"max_hp_loss":0,"event_name":"Golden Wing","floor":3,"gold_loss":0},{"damage_healed":0,"gold_gain":0,"player_choice":"Success","damage_taken":26,"relics_obtained":["InkBottle"],"max_hp_gain":0,"max_hp_loss":0,"event_name":"Scrap Ooze","floor":6,"gold_loss":0},{"damage_healed":0,"gold_gain":75,"player_choice":"Gather Gold","damage_taken":11,"max_hp_gain":0,"max_hp_loss":0,"event_name":"World of Goop","floor":8,"gold_loss":0},{"damage_healed":0,"gold_gain":0,"player_choice":"Got Potions","damage_taken":0,"max_hp_gain":0,"max_hp_loss":0,"event_name":"Lab","floor":19,"gold_loss":0},{"damage_healed":0,"gold_gain":0,"player_choice":"Ignored","damage_taken":0,"max_hp_gain":0,"max_hp_loss":0,"event_name":"Beggar","floor":25,"gold_loss":0},{"damage_healed":0,"gold_gain":0,"player_choice":"Memory 3","damage_taken":10,"max_hp_gain":0,"max_hp_loss":0,"event_name":"SensoryStone","floor":36,"gold_loss":0},{"damage_healed":20,"gold_gain":0,"player_choice":"Writhe","damage_taken":0,"max_hp_gain":0,"max_hp_loss":0,"event_name":"Winding Halls","floor":38,"gold_loss":0,"cards_obtained":["Writhe"]},{"damage_healed":0,"gold_gain":0,"player_choice":"Fight","damage_taken":0,"max_hp_gain":0,"max_hp_loss":0,"event_name":"MindBloom","floor":42,"gold_loss":0}],"is_beta":false,"boss_relics":[{"not_picked":["Ectoplasm","VioletLotus"],"picked":"Empty Cage"},{"not_picked":["SlaversCollar","Pandora\u0027s Box"],"picked":"Tiny House"}],"items_purged_floors":[],"is_endless":false,"potions_floor_spawned":[1,10,14,16,18,22,27,28,33,35,37,41,42,45,47],"killed_by":"Spire Growth","ascension_level":20}}