{"host":"xpk7f5wncxr280f7","time":1610137793,"event":{"mods":["AchievementEnabler","Astrologer","BaseMod","Colored Map","Colored Powertips","Highlight Path","Hubris","Ironclad Rager","Luminous","Minty Spire (QoL Compilation)","Permanent Neow","Quick Restart","Rare Cards Sparkle","Relic Stats","Remove Card Discount Mod","Reorder Act Four","StSLib","The Senshi","TheArtist"],"gold_per_floor":[99,99,99,99,99,99,99,99,99,99,99,14,0,0,0,0,0,0,0,0,0,0,0,0,0,0,0,0,0,0,0,0,0,0,0,0,0,0,0,0,0,0,0,0,0,0],"floor_reached":45,"playtime":2713,"items_purged":["Pain"],"score":596,"play_id":"2402a10c-6ee6-4c03-aa03-53d436f2ddf2","local_time":"20210108122953","is_ascension_mode":true,"campfire_choices":[{"data":"Consume","floor":11,"key":"SMITH"},{"floor":15,"key":"REST"},{"data":"Loop","floor":23,"key":"SMITH"},{"floor":25,"key":"REST"},{"data":"Caltrops","floor":29,"key":"SMITH"},{"data":"Loop","floor":32,"key":"SMITH"},{"data":"Consume","floor":41,"key":"SMITH"},{"data":"Well Laid Plans","floor":44,"key":"SMITH"}],"circlet_count":0,"master_deck":["Strike_B","Strike_B","Strike_B","Defend_B","Defend_B","Defend_B","Defend_B","Zap","Dualcast","Coolheaded","Consume+1","Loop+1","Coolheaded","Chill","Amplify","Barrage","Caltrops+1","Coolheaded","Backflip","Acrobatics","Loop+1","Core Surge","Consume+1","PanicButton","Capacitor","Well Laid Plans+1"],"relics":["Ectoplasm","hubris:DisguiseKit","WarpedTongs","Incense Burner","Inserter","hubris:Towel","TungstenRod","StoneCalendar","Sozu","Question Card"],"acts_visited":["Exordium","TheCity","TheBeyond"],"potions_floor_usage":[10,18,21,27,35],"damage_taken":[{"damage":1,"enemies":"Cultist","floor":1,"turns":4},{"damage":4,"enemies":"Jaw Worm","floor":2,"turns":5},{"damage":1,"enemies":"Small Slimes","floor":4,"turns":3},{"damage":18,"enemies":"3 Louse","floor":5,"turns":4},{"damage":21,"enemies":"Lagavulin","floor":6,"turns":8},{"damage":5,"enemies":"2 Fungi Beasts","floor":8,"turns":3},{"damage":0,"enemies":"Exordium Wildlife","floor":10,"turns":1},{"damage":0,"enemies":"Looter","floor":13,"turns":4},{"damage":0,"enemies":"Large Slime","floor":14,"turns":6},{"damage":13,"enemies":"The Guardian","floor":16,"turns":12},{"damage":12,"enemies":"Spheric Guardian","floor":18,"turns":6},{"damage":12,"enemies":"3 Byrds","floor":19,"turns":7},{"damage":13,"enemies":"Centurion and Healer","floor":21,"turns":9},{"damage":1,"enemies":"3 Cultists","floor":24,"turns":7},{"damage":4,"enemies":"Gremlin Leader","floor":27,"turns":11},{"damage":1,"enemies":"Sentry and Sphere","floor":28,"turns":6},{"damage":1,"enemies":"Cultist and Chosen","floor":31,"turns":7},{"damage":0,"enemies":"Automaton","floor":33,"turns":10},{"damage":31,"enemies":"3 Darklings","floor":35,"turns":7},{"damage":8,"enemies":"Orb Walker","floor":38,"turns":7},{"damage":0,"enemies":"Giant Head","floor":40,"turns":12},{"damage":8,"enemies":"3 Darklings","floor":42,"turns":7},{"damage":50,"enemies":"Reptomancer","floor":45,"turns":2}],"seed_played":"-5935664815447725790","potions_obtained":[{"floor":2,"key":"SmokeBomb"},{"floor":4,"key":"Weak Potion"},{"floor":14,"key":"LiquidMemories"},{"floor":18,"key":"Fire Potion"},{"floor":24,"key":"SteroidPotion"},{"floor":31,"key":"EssenceOfSteel"}],"is_trial":false,"path_per_floor":["M","M","$","M","M","E","?","M","T","M","R","$","M","M","R","B",null,"M","M","?","M","?","R","M","R","T","E","M","R","?","M","R","B",null,"M","?","?","M","?","E","R","M","T","R","E"],"character_chosen":"DEFECT","items_purchased":["Loop","Coolheaded"],"campfire_rested":2,"item_purchase_floors":[12,12],"current_hp_per_floor":[74,70,70,69,51,30,30,25,25,25,25,25,25,25,47,34,75,63,51,51,38,24,24,23,47,47,43,42,42,42,41,41,41,80,49,49,49,41,41,41,41,33,33,33,0,0],"gold":0,"neow_bonus":"BOSS_RELIC","is_daily":false,"chose_seed":false,"campfire_upgraded":6,"win_rate":0.0,"timestamp":1610137793,"path_taken":["M","?","$","M","M","E","?","M","T","M","R","$","M","?","R","BOSS","M","M","?","M","?","R","M","R","T","E","M","R","?","?","R","BOSS","M","?","?","M","?","E","R","M","T","R","E"],"items_purchased_type":["Card","Card"],"build_version":"2020-12-22","purchased_purges":1,"victory":false,"max_hp_per_floor":[75,75,75,75,75,75,75,75,75,75,75,75,75,75,75,75,75,75,75,75,75,80,80,80,80,80,80,80,80,80,80,80,80,80,80,80,80,80,80,80,80,80,80,80,80,80],"relic_stats":{"Sozu":3,"Inserter":[49],"counters":[23,146],"StoneCalendar":[264],"Ectoplasm":514,"Question Card":4,"obtain_stats":[{"Sozu":34,"hubris:DisguiseKit":6,"Inserter":17,"StoneCalendar":27,"Ectoplasm":0,"Incense Burner":9,"hubris:Towel":20,"Cracked Core":0,"Question Card":40,"TungstenRod":26,"WarpedTongs":7},{"Sozu":18,"hubris:DisguiseKit":5,"Inserter":10,"StoneCalendar":15,"Ectoplasm":0,"Incense Burner":6,"hubris:Towel":12,"Cracked Core":0,"Question Card":21,"TungstenRod":14,"WarpedTongs":5},{"Sozu":111,"hubris:DisguiseKit":24,"Inserter":50,"StoneCalendar":89,"Ectoplasm":0,"Incense Burner":27,"hubris:Towel":62,"Cracked Core":0,"Question Card":137,"TungstenRod":78,"WarpedTongs":24}],"TungstenRod":15,"WarpedTongs":[122]},"card_choices":[{"not_picked":["Leap","Barrage","Aggregate"],"picked":"SKIP","floor":1},{"not_picked":["Leap","Streamline","Turbo"],"picked":"SKIP","floor":2},{"not_picked":["Leap","Rip and Tear","Turbo"],"picked":"SKIP","floor":4},{"not_picked":["Heatsinks","Rebound","Fusion"],"picked":"SKIP","floor":5},{"not_picked":["Barrage","Reinforced Body"],"picked":"Coolheaded","floor":6},{"not_picked":["Reinforced Body","Stack","Bane"],"picked":"Consume","floor":8},{"not_picked":["Doom and Gloom","Compile Driver","Gash","Blade Dance"],"picked":"SKIP","floor":13},{"not_picked":["Streamline","Go for the Eyes","Catalyst"],"picked":"Chill","floor":14},{"not_picked":["hubris:Prefetch","Meteor Strike","Envenom"],"picked":"Amplify","floor":16},{"not_picked":["Beam Cell","Rebound","Backstab"],"picked":"Barrage","floor":18},{"not_picked":["Hologram","Machine Learning","Coolheaded"],"picked":"Caltrops","floor":19},{"not_picked":["Redo","Meteor Strike","PiercingWail"],"picked":"Coolheaded","floor":21},{"not_picked":["Conserve Battery+1","Lockon","Steam","Dodge and Roll"],"picked":"SKIP","floor":24},{"not_picked":["Sweeping Beam","Rebound","Melter"],"picked":"Backflip","floor":27},{"not_picked":["Gash","Conserve Battery","Reinforced Body"],"picked":"Acrobatics","floor":28},{"not_picked":["hubris:Ukulele","Reprogram","Reflex"],"picked":"Loop","floor":31},{"not_picked":["Electrodynamics","Meteor Strike","Malaise"],"picked":"Core Surge","floor":33},{"not_picked":["Compile Driver","Meteor Strike","Crippling Poison"],"picked":"Consume","floor":35},{"not_picked":["Sadistic Nature","Panacea"],"picked":"PanicButton","floor":37},{"not_picked":["Ball Lightning+1","Stack","Bane"],"picked":"Capacitor","floor":38},{"not_picked":["Meteor Strike","All For One","Turbo","Storm of Steel"],"picked":"SKIP","floor":40},{"not_picked":["Sweeping Beam+1","Hologram+1","Force Field+1","Scrape"],"picked":"Well Laid Plans","floor":42}],"player_experience":243959,"relics_obtained":[{"floor":6,"key":"hubris:DisguiseKit"},{"floor":9,"key":"Incense Burner"},{"floor":26,"key":"TungstenRod"},{"floor":27,"key":"StoneCalendar"},{"floor":40,"key":"Question Card"}],"event_choices":[{"damage_healed":0,"gold_gain":0,"player_choice":"Rummage","damage_taken":0,"relics_obtained":["WarpedTongs"],"max_hp_gain":0,"max_hp_loss":0,"event_name":"Accursed Blacksmith","floor":7,"gold_loss":0,"cards_obtained":["Pain"]},{"damage_healed":0,"gold_gain":0,"player_choice":"Shed Blood","damage_taken":19,"max_hp_gain":5,"max_hp_loss":0,"event_name":"Forgotten Altar","floor":22,"gold_loss":0},{"damage_healed":0,"gold_gain":0,"player_choice":"Ignored","damage_taken":0,"max_hp_gain":0,"max_hp_loss":0,"event_name":"Cursed Tome","floor":30,"gold_loss":0},{"cards_removed":["Strike_B"],"damage_healed":0,"gold_gain":0,"player_choice":"Removed Attack","damage_taken":0,"max_hp_gain":0,"max_hp_loss":0,"event_name":"Falling","floor":36,"gold_loss":0},{"damage_healed":0,"gold_gain":0,"player_choice":"Memory 1","damage_taken":0,"max_hp_gain":0,"max_hp_loss":0,"event_name":"SensoryStone","floor":37,"gold_loss":0}],"is_beta":false,"boss_relics":[{"not_picked":["Tiny House","Cursed Key"],"picked":"Inserter"},{"not_picked":["hubris:RunicObelisk","Empty Cage"],"picked":"Sozu"}],"items_purged_floors":[12],"is_endless":false,"potions_floor_spawned":[2,4,10,14,18,24,31,35,40,42],"killed_by":"Reptomancer","ascension_level":2}}