{"host":"dlyy4wv9zatha4f7","time":1610127304,"event":{"mods":["BaseMod","Better Third Choice","Colored Map","GifTheSpireLib","Minty Spire (QoL Compilation)","Spicy Shops","StSLib","SuperFastMode","Unceasing Turn Reminder","vexMod"],"gold_per_floor":[212,212,16,32,45,79,79,114,190,190,207,207,227,258,258,361,361,373,472,472,472,140,166,178,231,255,282,292,4,4,14,14,117,117,117],"floor_reached":34,"playtime":1382,"items_purged":["Strike_G"],"score":725,"play_id":"af6227aa-f1b3-4542-8a88-1248de607bb2","local_time":"20210108193504","is_ascension_mode":true,"campfire_choices":[{"data":"Die Die Die","floor":7.0,"key":"SMITH"},{"data":"Poisoned Stab","floor":10.0,"key":"SMITH"},{"floor":12.0,"key":"REST"},{"data":"Bane","floor":15.0,"key":"SMITH"},{"data":"PiercingWail","floor":32.0,"key":"SMITH"}],"circlet_count":0,"master_deck":["Strike_G","Strike_G","Strike_G+1","Strike_G","Defend_G","Defend_G","Defend_G","Defend_G","Defend_G","Survivor","Neutralize+1","Poisoned Stab+1","Bane+1","Flying Knee","PiercingWail+1","Die Die Die+1","Backstab+1","Dodge and Roll","Distraction","Corpse Explosion+1","Prepared","Bouncing Flask+1","Crippling Poison+1","Prepared+1","Prepared+1","Prepared+1","Dodge and Roll+1","Backflip+1","Doppelganger+1"],"relics":["Ring of the Snake","vexMod:MemoryStick","TungstenRod","vexMod:BarristanHead","Letter Opener","Gremlin Horn","Coffee Dripper","Nilry\u0027s Codex","MutagenicStrength","Toxic Egg 2","Akabeko","Art of War","Whetstone","FossilizedHelix","TwistedFunnel","Orrery"],"acts_visited":["Exordium","TheCity"],"potions_floor_usage":[],"damage_taken":[{"damage":7.0,"enemies":"Jaw Worm","floor":1.0,"turns":6.0},{"damage":0.0,"enemies":"2 Louse","floor":4.0,"turns":2.0},{"damage":0.0,"enemies":"Small Slimes","floor":5.0,"turns":2.0},{"damage":28.0,"enemies":"Gremlin Nob","floor":6.0,"turns":5.0},{"damage":8.0,"enemies":"3 Sentries","floor":8.0,"turns":7.0},{"damage":0.0,"enemies":"Looter","floor":11.0,"turns":3.0},{"damage":0.0,"enemies":"Exordium Wildlife","floor":13.0,"turns":2.0},{"damage":1.0,"enemies":"Gremlin Nob","floor":14.0,"turns":3.0},{"damage":13.0,"enemies":"The Guardian","floor":16.0,"turns":15.0},{"damage":6.0,"enemies":"2 Thieves","floor":18.0,"turns":3.0},{"damage":32.0,"enemies":"Book of Stabbing","floor":23.0,"turns":5.0},{"damage":0.0,"enemies":"Shell Parasite","floor":24.0,"turns":4.0},{"damage":0.0,"enemies":"Slavers","floor":27.0,"turns":1.0},{"damage":0.0,"enemies":"Snecko","floor":28.0,"turns":3.0},{"damage":7.0,"enemies":"Snake Plant","floor":31.0,"turns":2.0},{"damage":0.0,"enemies":"Champ","floor":33.0,"turns":10.0}],"seed_played":"4327954094979028391","potions_obtained":[{"floor":4.0,"key":"Dexterity Potion"},{"floor":5.0,"key":"EssenceOfSteel"},{"floor":13.0,"key":"Dexterity Potion"},{"floor":18.0,"key":"Fire Potion"},{"floor":27.0,"key":"ColorlessPotion"},{"floor":28.0,"key":"GhostInAJar"}],"is_trial":false,"path_per_floor":["M","?","$","M","M","E","R","E","T","R","M","R","M","E","R","B",null,"M","?","?","?","$","E","M","T","T","E","M","$","?","M","R","B",null],"character_chosen":"THE_SILENT","items_purchased":["vexMod:MemoryStick","Bane","Toxic Egg 2","TwistedFunnel","Orrery"],"campfire_rested":1,"item_purchase_floors":[3,3,22,29,29],"current_hp_per_floor":[56,56,56,56,56,28,28,20,20,20,20,41,41,40,40,27,59,53,53,41,41,41,9,9,9,9,9,9,9,9,2,2,2,2,2],"gold":117,"neow_bonus":"HUNDRED_GOLD","is_daily":false,"chose_seed":false,"campfire_upgraded":4,"win_rate":0.0,"timestamp":1610127304,"path_taken":["M","?","$","M","M","E","R","E","T","R","M","R","M","E","R","BOSS","M","?","?","?","$","E","?","?","T","E","M","?","?","?","R","BOSS"],"items_purchased_type":["Relic","Card","Relic","Relic","Relic"],"build_version":"2020-12-22","purchased_purges":1,"victory":false,"max_hp_per_floor":[70,70,70,70,70,70,70,70,70,70,70,70,70,70,70,70,70,70,70,70,70,70,70,70,70,70,70,70,70,70,70,70,70,70,70],"card_choices":[{"not_picked":["Dodge and Roll","Sucker Punch"],"picked":"Poisoned Stab","floor":1.0},{"not_picked":["Heel Hook","Sucker Punch"],"picked":"Flying Knee","floor":4.0},{"not_picked":["Dagger Spray","Sucker Punch"],"picked":"PiercingWail","floor":5.0},{"not_picked":["Expertise","Dodge and Roll"],"picked":"Die Die Die","floor":6.0},{"not_picked":["Concentrate","Calculated Gamble"],"picked":"Backstab","floor":8.0},{"not_picked":["Underhanded Strike","Blade Dance"],"picked":"Dodge and Roll","floor":11.0},{"not_picked":["Quick Slash","Poisoned Stab","Setup"],"picked":"SKIP","floor":13.0},{"not_picked":["Terror","Envenom"],"picked":"Distraction","floor":14.0},{"not_picked":["Venomology","Wraith Form v2"],"picked":"Corpse Explosion","floor":16.0},{"not_picked":["Cloak And Dagger","Dagger Throw"],"picked":"Prepared","floor":18.0},{"not_picked":["Finisher","Poisoned Stab"],"picked":"Bouncing Flask+1","floor":23.0},{"not_picked":["All Out Attack","Poisoned Stab+1"],"picked":"Crippling Poison+1","floor":24.0},{"not_picked":["Night Terror+1","Skewer","Acrobatics+1"],"picked":"SKIP","floor":27.0},{"not_picked":["All Out Attack","Well Laid Plans"],"picked":"Prepared+1","floor":28.0},{"not_picked":["Bouncing Flask+1","Flying Knee"],"picked":"Prepared+1","floor":29.0},{"not_picked":["Outmaneuver+1","Skewer"],"picked":"Prepared+1","floor":29.0},{"not_picked":["Quick Slash","Sucker Punch"],"picked":"Dodge and Roll+1","floor":29.0},{"not_picked":["Reflex+1","Footwork"],"picked":"Backflip+1","floor":31.0},{"not_picked":["Die Die Die","Wraith Form v2"],"picked":"Doppelganger+1","floor":33.0}],"player_experience":2233139,"relics_obtained":[{"floor":6.0,"key":"TungstenRod"},{"floor":8.0,"key":"vexMod:BarristanHead"},{"floor":9.0,"key":"Letter Opener"},{"floor":14.0,"key":"Gremlin Horn"},{"floor":20.0,"key":"Nilry\u0027s Codex"},{"floor":23.0,"key":"Akabeko"},{"floor":25.0,"key":"Art of War"},{"floor":26.0,"key":"Whetstone"},{"floor":27.0,"key":"FossilizedHelix"}],"event_choices":[{"damage_healed":0.0,"max_hp_gain":0.0,"max_hp_loss":0.0,"gold_gain":0.0,"event_name":"Living Wall","player_choice":"Grow","floor":2.0,"gold_loss":0.0,"damage_taken":0.0,"cards_upgraded":["Neutralize"]},{"damage_healed":0.0,"max_hp_gain":0.0,"max_hp_loss":0.0,"gold_gain":99.0,"event_name":"betterThird:BetterNest","player_choice":"Steal","floor":19.0,"gold_loss":0.0,"damage_taken":0.0},{"damage_healed":0.0,"max_hp_gain":0.0,"max_hp_loss":0.0,"gold_gain":0.0,"event_name":"Cursed Tome","player_choice":"Obtained Book","floor":20.0,"gold_loss":0.0,"damage_taken":16.0},{"damage_healed":0.0,"max_hp_gain":0.0,"max_hp_loss":0.0,"gold_gain":0.0,"event_name":"Drug Dealer","player_choice":"Inject Mutagens","floor":21.0,"gold_loss":0.0,"damage_taken":0.0,"relics_obtained":["MutagenicStrength"]},{"damage_healed":0.0,"max_hp_gain":0.0,"max_hp_loss":0.0,"gold_gain":0.0,"event_name":"Upgrade Shrine","player_choice":"Upgraded","floor":30.0,"gold_loss":0.0,"damage_taken":0.0,"cards_upgraded":["Corpse Explosion"]}],"is_beta":false,"boss_relics":[{"not_picked":["Empty Cage","vexMod:MegatonBomb"],"picked":"Coffee Dripper"}],"items_purged_floors":[22],"is_endless":false,"potions_floor_spawned":[4,5,13,18,27,28],"ascension_level":9}}