{"host":"0i8dz4ityulxi1rd","time":1610112355,"event":{"mods":["BaseMod","Colored Map","Colored Powertips","Custom Start","Highlight Path","Hubris","Keyboard Shortcuts","Minty Spire (QoL Compilation)","StSLib","SuperFastMode"],"gold_per_floor":[114,114,114,133,146,179,179,209,279,305,305,340,265,275,275,348,348,368,378,303,317,328,359,359,359,386,402,472,472,499,499,570,570,584,602,625,361,379,379,149,149,176,203,42,70,70,80,80,80,80,80,80,30,63,63],"floor_reached":57,"playtime":1835,"items_purged":["Defend_R","Strike_R","Clothesline","Strike_R"],"score":3002,"play_id":"679a2b8a-9ba1-4a3c-86c8-3e4c7922a32d","local_time":"20210108222555","is_ascension_mode":true,"campfire_choices":[{"data":"Shockwave","floor":7,"key":"SMITH"},{"data":"Whirlwind","floor":11,"key":"SMITH"},{"data":"Bash","floor":15,"key":"SMITH"},{"data":"True Grit","floor":24,"key":"SMITH"},{"data":"Dark Embrace","floor":32,"key":"SMITH"},{"floor":40,"key":"REST"},{"data":"Dropkick","floor":42,"key":"SMITH"},{"floor":49,"key":"RECALL"},{"data":"Finesse","floor":53,"key":"SMITH"}],"circlet_count":0,"master_deck":["AscendersBane","Defend_R+1","Strike_R","Defend_R","Defend_R","Defend_R","Bash+1","Wild Strike","Offering","Whirlwind+1","True Grit+1","Shockwave+1","Second Wind","Dropkick+1","Dark Embrace+1","Dropkick+1","Fiend Fire","Thunderclap","Rage+1","Shrug It Off","Finesse+1","Power Through"],"relics":["Burning Blood","NeowsBlessing","hubris:Icosahedron","hubris:Teleporter","FossilizedHelix","hubris:Reverence","Centennial Puzzle","Akabeko","Runic Pyramid","Bag of Marbles","Lantern","Bottled Tornado","hubris:BottledRain","Runic Cube","War Paint","Smiling Mask","Pen Nib","Vajra","Orichalcum","hubris:TenFootPole"],"acts_visited":["Exordium","TheCity","TheBeyond","TheEnding"],"potions_floor_usage":[8,10,16,21,48,55,56],"damage_taken":[{"damage":0,"enemies":"Small Slimes","floor":1,"turns":1},{"damage":0,"enemies":"Jaw Worm","floor":4,"turns":1},{"damage":0,"enemies":"2 Louse","floor":5,"turns":1},{"damage":42,"enemies":"Lagavulin","floor":6,"turns":6},{"damage":16,"enemies":"3 Sentries","floor":8,"turns":2},{"damage":0,"enemies":"Gremlin Nob","floor":10,"turns":2},{"damage":10,"enemies":"Lagavulin","floor":12,"turns":4},{"damage":0,"enemies":"Exordium Wildlife","floor":14,"turns":2},{"damage":17,"enemies":"The Guardian","floor":16,"turns":12},{"damage":0,"enemies":"Chosen","floor":18,"turns":3},{"damage":0,"enemies":"3 Byrds","floor":19,"turns":2},{"damage":22,"enemies":"Sentry and Sphere","floor":21,"turns":4},{"damage":0,"enemies":"Chosen and Byrds","floor":22,"turns":2},{"damage":35,"enemies":"Gremlin Leader","floor":23,"turns":3},{"damage":12,"enemies":"Snake Plant","floor":27,"turns":3},{"damage":7,"enemies":"Slavers","floor":31,"turns":4},{"damage":30,"enemies":"Automaton","floor":33,"turns":5},{"damage":0,"enemies":"3 Darklings","floor":35,"turns":1},{"damage":66,"enemies":"3 Shapes","floor":36,"turns":2},{"damage":13,"enemies":"Writhing Mass","floor":39,"turns":2},{"damage":0,"enemies":"Nemesis","floor":44,"turns":3},{"damage":0,"enemies":"Giant Head","floor":46,"turns":3},{"damage":18,"enemies":"4 Shapes","floor":48,"turns":3},{"damage":0,"enemies":"hubris:GrandSnecko","floor":50,"turns":3},{"damage":23,"enemies":"Time Eater","floor":51,"turns":4},{"damage":26,"enemies":"Shield and Spear","floor":55,"turns":3},{"damage":36,"enemies":"The Heart","floor":56,"turns":6}],"seed_played":"-1134338828353257397","potions_obtained":[{"floor":6,"key":"Explosive Potion"},{"floor":8,"key":"Fire Potion"},{"floor":14,"key":"HeartOfIron"},{"floor":19,"key":"Fire Potion"},{"floor":27,"key":"Block Potion"},{"floor":31,"key":"SmokeBomb"},{"floor":39,"key":"Block Potion"},{"floor":55,"key":"BlessingOfTheForge"}],"is_trial":false,"path_per_floor":["M","?","?","M","M","E","R","E","T","E","R","E","?","M","R","B",null,"M","M","$","M","M","E","R","?","T","M","T","?","E","R","B",null,"M","M","T","$","M","R","$","R","T","E","$","E","?","M","R","B","B",null,"R","$","E","B",null],"character_chosen":"IRONCLAD","items_purchased":["War Paint","Finesse","Vajra"],"campfire_rested":1,"item_purchase_floors":[38,41,45],"current_hp_per_floor":[74,74,74,75,75,39,39,29,29,35,35,31,31,37,37,26,63,69,75,75,59,65,36,36,15,15,9,9,90,89,89,65,84,90,30,30,30,23,50,50,50,50,56,56,62,62,50,50,56,39,77,77,77,57,27],"gold":63,"neow_bonus":"THREE_ENEMY_KILL","is_daily":false,"chose_seed":false,"campfire_upgraded":7,"win_rate":0.0,"timestamp":1610112355,"path_taken":["M","?","?","?","M","E","R","E","T","E","R","E","?","M","R","BOSS","M","M","$","M","M","E","R","?","T","M","?","?","E","R","BOSS","M","M","?","$","?","R","$","R","T","E","$","E","?","M","R","BOSS","BOSS","R","$","E","BOSS"],"items_purchased_type":["Relic","Card","Relic"],"build_version":"2020-12-22","purchased_purges":4,"victory":true,"max_hp_per_floor":[75,75,75,75,75,75,75,75,75,75,75,75,75,75,75,75,75,75,75,75,75,75,75,75,80,80,80,80,90,90,90,90,90,90,90,90,90,90,90,90,90,90,90,90,90,90,90,90,90,90,90,90,90,90,90],"card_choices":[{"not_picked":["Clash","Clothesline"],"picked":"Wild Strike","floor":1},{"not_picked":["Armaments","Entrench"],"picked":"Whirlwind","floor":4},{"not_picked":["Cleave","Iron Wave"],"picked":"True Grit","floor":5},{"not_picked":["Sentinel","Metallicize"],"picked":"Shockwave","floor":6},{"not_picked":["Wild Strike","Body Slam","Feel No Pain"],"picked":"SKIP","floor":8},{"not_picked":["Entrench","hubris:SharpeningStone"],"picked":"Clothesline","floor":10},{"not_picked":["Clash","Carnage"],"picked":"Second Wind","floor":12},{"not_picked":["Infernal Blade","Pummel"],"picked":"Dropkick","floor":14},{"not_picked":["Impervious","Offering"],"picked":"hubris:StunningStrike","floor":16},{"not_picked":["Body Slam","Shrug It Off"],"picked":"Dark Embrace","floor":18},{"not_picked":["Clothesline","Sword Boomerang+1"],"picked":"Dropkick+1","floor":19},{"not_picked":["Searing Blow","Evolve","Ghostly Armor"],"picked":"SKIP","floor":21},{"not_picked":["Armaments","Body Slam","Warcry"],"picked":"SKIP","floor":22},{"not_picked":["Clothesline","Armaments","Anger"],"picked":"SKIP","floor":23},{"not_picked":["Dual Wield","Pommel Strike+1"],"picked":"Fiend Fire","floor":27},{"not_picked":["Flame Barrier","Metallicize"],"picked":"Thunderclap","floor":31},{"not_picked":["Bludgeon","hubris:StunningStrike"],"picked":"Offering","floor":33},{"not_picked":["Shrug It Off","hubris:CleavingFinish"],"picked":"Rage","floor":35},{"not_picked":["Metallicize+1","Armaments"],"picked":"Shrug It Off","floor":36},{"not_picked":["Sword Boomerang","Fire Breathing","Wild Strike+1"],"picked":"SKIP","floor":39},{"not_picked":["Havoc","hubris:ReadiedAction+1","Warcry"],"picked":"SKIP","floor":44},{"not_picked":["Entrench","Ghostly Armor","Reaper"],"picked":"SKIP","floor":46},{"not_picked":["Body Slam","Clothesline","Headbutt"],"picked":"SKIP","floor":48},{"not_picked":["Flex+1","Headbutt+1"],"picked":"Power Through","floor":55}],"player_experience":1310255,"relics_obtained":[{"floor":6,"key":"hubris:Teleporter"},{"floor":8,"key":"FossilizedHelix"},{"floor":9,"key":"hubris:Reverence"},{"floor":10,"key":"Centennial Puzzle"},{"floor":12,"key":"Akabeko"},{"floor":23,"key":"Bag of Marbles"},{"floor":26,"key":"Lantern"},{"floor":28,"key":"Bottled Tornado"},{"floor":31,"key":"hubris:BottledRain"},{"floor":43,"key":"Smiling Mask"},{"floor":44,"key":"Pen Nib"},{"floor":46,"key":"Orichalcum"},{"floor":55,"key":"hubris:TenFootPole"}],"event_choices":[{"damage_healed":0,"gold_gain":0,"cards_transformed":["Strike_R"],"player_choice":"Change","damage_taken":0,"max_hp_gain":0,"max_hp_loss":0,"event_name":"Living Wall","floor":2,"gold_loss":0,"cards_obtained":["Offering"]},{"cards_removed":["Strike_R"],"damage_healed":0,"gold_gain":0,"player_choice":"Card Removal","damage_taken":0,"max_hp_gain":0,"max_hp_loss":0,"event_name":"The Cleric","floor":13,"gold_loss":75},{"damage_healed":0,"gold_gain":0,"player_choice":"Shed Blood","damage_taken":26,"max_hp_gain":5,"max_hp_loss":0,"event_name":"Forgotten Altar","floor":25,"gold_loss":0},{"cards_removed":["hubris:StunningStrike"],"damage_healed":71,"gold_gain":0,"player_choice":"Offered Rare","damage_taken":0,"max_hp_gain":10,"max_hp_loss":0,"event_name":"Bonfire Elementals","floor":30,"gold_loss":0},{"cards_removed":["Offering"],"damage_healed":0,"gold_gain":0,"player_choice":"Removed Skill","damage_taken":0,"max_hp_gain":0,"max_hp_loss":0,"event_name":"Falling","floor":47,"gold_loss":0}],"is_beta":false,"boss_relics":[{"not_picked":["Fusion Hammer","Busted Crown"],"picked":"Runic Pyramid"},{"not_picked":["hubris:VirtuousBlindfold","Cursed Key"],"picked":"Runic Cube"}],"items_purged_floors":[20,38,41,54],"is_endless":false,"potions_floor_spawned":[6,8,14,19,27,31,33,35,39,46,55],"ascension_level":20}}