{"host":"gl7gfqdgzaxu5sie","time":1610113963,"event":{"mods":["AchievementEnabler","BaseMod","Colored Map","DeckTracker","Minty Spire (QoL Compilation)"],"gold_per_floor":[114,134,153,172,172,184,184,199,199,199,211,222,222,255,255,360,360,376,376,387,277,287,287,313,313,313,333,333,349,349,363,363,464,464,479,479,301,301,319,319,329,329,353,378,378,378],"floor_reached":45,"playtime":1921,"items_purged":["Strike_R","Strike_R"],"score":704,"play_id":"a7e947fd-f3f5-492f-97ee-23f8531243c0","local_time":"20210108225243","is_ascension_mode":true,"campfire_choices":[{"data":"Bash","floor":7,"key":"SMITH"},{"floor":10,"key":"REST"},{"data":"Whirlwind","floor":13,"key":"SMITH"},{"data":"Battle Trance","floor":15,"key":"SMITH"},{"floor":23,"key":"REST"},{"floor":25,"key":"REST"},{"floor":28,"key":"REST"},{"data":"Heavy Blade","floor":30,"key":"SMITH"},{"floor":32,"key":"REST"},{"data":"Apotheosis","floor":40,"key":"SMITH"},{"floor":42,"key":"REST"}],"circlet_count":0,"master_deck":["AscendersBane","Defend_R","Defend_R","Defend_R","Defend_R","Bash+1","Whirlwind+1","Spot Weakness","Power Through","Twin Strike","Heavy Blade+1","Battle Trance+1","Impervious","Demon Form","Second Wind","Inflame","Reaper","Limit Break+1","Impervious+1","Metallicize+1","Entrench+1","Enlightenment","Apotheosis+1","Reaper","Fire Breathing+1"],"relics":["Burning Blood","Blood Vial","StoneCalendar","Omamori","Mark of Pain","GremlinMask","Lizard Tail","FossilizedHelix","Astrolabe","Art of War","Bottled Flame"],"acts_visited":["Exordium","TheCity","TheBeyond"],"potions_floor_usage":[8,16,16,24,29,33,33,44,45,45],"damage_taken":[{"damage":20,"enemies":"Jaw Worm","floor":1,"turns":6},{"damage":6,"enemies":"Cultist","floor":2,"turns":4},{"damage":0,"enemies":"Small Slimes","floor":3,"turns":2},{"damage":44,"enemies":"Gremlin Gang","floor":4,"turns":4},{"damage":18,"enemies":"Red Slaver","floor":6,"turns":3},{"damage":15,"enemies":"Exordium Wildlife","floor":8,"turns":4},{"damage":12,"enemies":"Exordium Thugs","floor":11,"turns":4},{"damage":1,"enemies":"Lots of Slimes","floor":12,"turns":2},{"damage":24,"enemies":"Gremlin Nob","floor":14,"turns":4},{"damage":15,"enemies":"Hexaghost","floor":16,"turns":7},{"damage":16,"enemies":"Shell Parasite","floor":18,"turns":5},{"damage":21,"enemies":"Spheric Guardian","floor":20,"turns":5},{"damage":21,"enemies":"Centurion and Healer","floor":22,"turns":7},{"damage":49,"enemies":"Book of Stabbing","floor":24,"turns":5},{"damage":38,"enemies":"Snake Plant","floor":27,"turns":5},{"damage":0,"enemies":"Chosen and Byrds","floor":29,"turns":6},{"damage":32,"enemies":"Shelled Parasite and Fungi","floor":31,"turns":7},{"damage":93,"enemies":"Automaton","floor":33,"turns":7},{"damage":49,"enemies":"3 Shapes","floor":35,"turns":5},{"damage":24,"enemies":"3 Darklings","floor":39,"turns":7},{"damage":82,"enemies":"Jaw Worm Horde","floor":41,"turns":7},{"damage":98,"enemies":"Reptomancer","floor":44,"turns":7},{"damage":20,"enemies":"Transient","floor":45,"turns":2}],"seed_played":"-3381619328447817498","potions_obtained":[{"floor":1,"key":"Swift Potion"},{"floor":2,"key":"SteroidPotion"},{"floor":8,"key":"SpeedPotion"},{"floor":12,"key":"Strength Potion"},{"floor":16,"key":"Energy Potion"},{"floor":20,"key":"PowerPotion"},{"floor":27,"key":"DistilledChaos"},{"floor":39,"key":"EntropicBrew"},{"floor":41,"key":"Energy Potion"}],"is_trial":false,"path_per_floor":["M","M","M","M","?","M","R","M","T","R","M","M","R","E","R","B",null,"M","?","M","$","M","R","E","R","T","M","R","M","R","M","R","B",null,"M","?","$","?","M","R","M","R","T","E","M"],"character_chosen":"IRONCLAD","items_purchased":["Inflame","LiquidBronze"],"campfire_rested":6,"item_purchase_floors":[21,37],"current_hp_per_floor":[60,62,70,34,34,24,24,17,17,41,37,44,44,28,28,21,65,57,57,44,44,31,55,14,38,38,8,32,40,40,16,40,46,72,50,45,45,45,80,80,31,55,55,14,0,0],"gold":378,"neow_bonus":"RANDOM_COMMON_RELIC","is_daily":false,"chose_seed":false,"campfire_upgraded":5,"win_rate":0.0,"timestamp":1610113963,"path_taken":["M","M","M","M","?","M","R","M","T","R","?","M","R","E","R","BOSS","M","?","M","$","?","R","E","R","T","M","R","M","R","M","R","BOSS","M","?","$","?","?","R","M","R","T","E","M"],"items_purchased_type":["Card","Potion"],"build_version":"2020-12-22","purchased_purges":2,"victory":false,"max_hp_per_floor":[80,80,80,80,80,80,80,80,80,80,80,80,80,80,80,80,80,80,80,80,80,80,80,80,80,80,80,80,80,80,80,80,80,80,80,80,80,80,80,80,80,80,80,80,80,80],"card_choices":[{"not_picked":["Ghostly Armor","Warcry"],"picked":"Whirlwind","floor":1},{"not_picked":["Wild Strike","Ghostly Armor"],"picked":"Spot Weakness","floor":2},{"not_picked":["Feel No Pain","Clash"],"picked":"Power Through","floor":3},{"not_picked":["Whirlwind","Rampage"],"picked":"Twin Strike","floor":4},{"not_picked":["Headbutt","Thunderclap"],"picked":"Heavy Blade","floor":6},{"not_picked":["Warcry","Headbutt"],"picked":"Battle Trance","floor":8},{"not_picked":["Blood for Blood","Twin Strike","Ghostly Armor"],"picked":"SKIP","floor":11},{"not_picked":["Iron Wave","Pommel Strike","Clothesline"],"picked":"SKIP","floor":12},{"not_picked":["Ghostly Armor","Cleave"],"picked":"Impervious","floor":14},{"not_picked":["Offering","Feed"],"picked":"Demon Form","floor":16},{"not_picked":["Reckless Charge","Rage+1"],"picked":"Second Wind","floor":18},{"not_picked":["Clash","Wild Strike","Pommel Strike"],"picked":"SKIP","floor":20},{"not_picked":["True Grit","Cleave+1","Inflame"],"picked":"SKIP","floor":22},{"not_picked":["Bloodletting","Reckless Charge","Rupture"],"picked":"SKIP","floor":24},{"not_picked":["Havoc","Searing Blow","Pommel Strike"],"picked":"SKIP","floor":27},{"not_picked":["Dual Wield+1","Pommel Strike","Inflame+1"],"picked":"SKIP","floor":29},{"not_picked":["Clash","Clothesline","Rampage"],"picked":"SKIP","floor":31},{"not_picked":["Corruption","Offering"],"picked":"Reaper","floor":33},{"not_picked":["Iron Wave","Shrug It Off+1"],"picked":"Entrench+1","floor":35},{"not_picked":["The Bomb","Good Instincts"],"picked":"Enlightenment","floor":36},{"not_picked":["Jack Of All Trades","Trip"],"picked":"Apotheosis","floor":36},{"not_picked":["Havoc+1","Perfected Strike"],"picked":"Fire Breathing+1","floor":39},{"not_picked":["Sever Soul","Rampage+1","Whirlwind+1"],"picked":"SKIP","floor":41},{"not_picked":["Cleave+1","Heavy Blade+1","Uppercut"],"picked":"SKIP","floor":44},{"not_picked":["Cleave+1","Heavy Blade+1","Uppercut"],"picked":"SKIP","floor":44}],"player_experience":583842,"relics_obtained":[{"floor":9,"key":"StoneCalendar"},{"floor":14,"key":"Omamori"},{"floor":24,"key":"Lizard Tail"},{"floor":26,"key":"FossilizedHelix"},{"floor":43,"key":"Art of War"},{"floor":44,"key":"Bottled Flame"}],"event_choices":[{"damage_healed":0,"gold_gain":0,"player_choice":"0 cards matched","damage_taken":0,"max_hp_gain":0,"max_hp_loss":0,"event_name":"Match and Keep!","floor":5,"gold_loss":0,"cards_obtained":[]},{"damage_healed":0,"gold_gain":0,"player_choice":"Trade","damage_taken":0,"relics_obtained":["GremlinMask"],"max_hp_gain":0,"max_hp_loss":0,"event_name":"FaceTrader","floor":19,"gold_loss":0},{"damage_healed":0,"gold_gain":0,"player_choice":"Memory 2","damage_taken":5,"max_hp_gain":0,"max_hp_loss":0,"event_name":"SensoryStone","floor":36,"gold_loss":0},{"damage_healed":0,"gold_gain":0,"player_choice":"Copied","damage_taken":0,"max_hp_gain":0,"max_hp_loss":0,"event_name":"Duplicator","floor":38,"gold_loss":0,"cards_obtained":["Reaper"]}],"is_beta":false,"boss_relics":[{"not_picked":["Coffee Dripper","SlaversCollar"],"picked":"Mark of Pain"},{"not_picked":["Fusion Hammer","Runic Pyramid"],"picked":"Astrolabe"}],"items_purged_floors":[21,37],"is_endless":false,"potions_floor_spawned":[1,2,8,12,16,20,27,39,41],"killed_by":"Transient","ascension_level":10}}