{"host":"lreod2rejfd0az5i","time":1610095236,"event":{"mods":["AchievementEnabler","Aspiration","BaseMod","Colored Powertips","Conspire","Downfall","Highlight Path","Hubris","Infinite Spire","Mad Scientist","Minty Spire (QoL Compilation)","Rare Cards Sparkle","Relic Stats","Replay The Spire","StSLib","The Bug Knight","The Jungle"],"gold_per_floor":[114,133,58,58,72,72,88,88,158,177,194,213,213,243,243,320,320,332,247,227,244,264,264,23,23,23,35,61,73,98,10,10,10,10],"floor_reached":33,"playtime":978,"items_purged":["Strike_G","Decay"],"score":498,"play_id":"2d8f93b9-d583-486e-9acd-3bce6aacfef6","local_time":"20210108014036","is_ascension_mode":true,"campfire_choices":[{"data":"Cloak And Dagger","floor":6.0,"key":"SMITH"},{"data":"Accuracy","floor":8.0,"key":"SMITH"},{"data":"Cloak And Dagger","floor":13.0,"key":"SMITH"},{"data":"Choke","floor":15.0,"key":"SMITH"},{"data":"A Thousand Cuts","floor":23,"key":"SMITH"},{"data":"Blade Dance","floor":27,"key":"SMITH"},{"floor":32,"key":"REST"}],"circlet_count":0,"master_deck":["AscendersBane","Strike_G","Strike_G","Strike_G","Strike_G","Defend_G","Defend_G","Defend_G","Defend_G","Defend_G","Survivor","Neutralize","Leg Sweep","Cloak And Dagger+1","Accuracy+1","Cloak And Dagger+1","Choke+1","A Thousand Cuts+1","Blade Dance+1","Infinite Blades","Backflip"],"relics":["Ring of the Snake","NeowsBlessing","ReplayTheSpireMod:Shallot","Bronze Scales","Philosopher\u0027s Stone","HornCleat","Vajra","MawBank"],"acts_visited":["Exordium","TheCity"],"potions_floor_usage":[33],"damage_taken":[{"damage":0.0,"enemies":"2 Louse","floor":1.0,"turns":1.0},{"damage":0.0,"enemies":"Cultist","floor":2.0,"turns":1.0},{"damage":0.0,"enemies":"Small Slimes","floor":5.0,"turns":1.0},{"damage":3.0,"enemies":"Blue Slaver","floor":7.0,"turns":6.0},{"damage":0.0,"enemies":"Red Slaver","floor":10.0,"turns":4.0},{"damage":1.0,"enemies":"Lots of Slimes","floor":11.0,"turns":5.0},{"damage":0.0,"enemies":"Looter","floor":12.0,"turns":4.0},{"damage":6.0,"enemies":"Replay:BlueRogue","floor":14.0,"turns":5.0},{"damage":36.0,"enemies":"Fading Forest","floor":16.0,"turns":13.0},{"damage":1,"enemies":"conspire:FuzzyDice","floor":18,"turns":7},{"damage":3,"enemies":"Chosen","floor":21,"turns":5},{"damage":0,"enemies":"Centurion and Healer","floor":22,"turns":6},{"damage":0,"enemies":"Cultist and Chosen","floor":28,"turns":3},{"damage":22,"enemies":"conspire:HollyBat","floor":30,"turns":6},{"damage":50,"enemies":"Automaton","floor":33,"turns":6}],"seed_played":"3140414515522238911","potions_obtained":[{"floor":1.0,"key":"CunningPotion"},{"floor":4.0,"key":"CultistPotion"},{"floor":11.0,"key":"PowerPotion"},{"floor":18,"key":"Elixir"},{"floor":20,"key":"Doom Potion"},{"floor":28,"key":"sneckomod:MuddlingPotion"}],"is_trial":false,"path_per_floor":["M","M","$","?","M","R","M","R","T","M","M","M","R","E","R","B",null,"M","?","?","M","M","R","$","$","T","R","M","?","M","$","R","B"],"character_chosen":"THE_SILENT","items_purchased":["Accuracy","Vajra"],"campfire_rested":1,"item_purchase_floors":[3,24],"current_hp_per_floor":[59,59,59,59,59,59,56,56,56,56,55,55,55,49,49,21,55,54,54,54,51,51,51,51,51,51,51,51,51,29,29,48,0,0],"gold":10,"neow_bonus":"THREE_ENEMY_KILL","is_daily":false,"chose_seed":false,"campfire_upgraded":6,"win_rate":0.0,"timestamp":1610095236,"path_taken":["M","M","$","?","?","R","M","R","T","M","?","M","R","E","R","BOSS","M","?","?","?","M","R","?","$","T","R","M","?","M","$","R","BOSS"],"items_purchased_type":["Card","Relic"],"build_version":"2020-12-22","purchased_purges":2,"victory":false,"max_hp_per_floor":[66,66,66,66,66,66,66,66,66,66,66,66,66,66,66,66,66,66,66,66,66,66,66,66,66,66,66,66,66,66,66,66,66,66],"relic_stats":{"counters":[15,73],"Bronze Scales":[74],"MawBank":60,"obtain_stats":[{"HornCleat":19,"NeowsBlessing":0,"ReplayTheSpireMod:Shallot":9,"Bronze Scales":14,"Vajra":24,"Philosopher\u0027s Stone":17,"MawBank":26,"Ring of the Snake":0},{"HornCleat":10,"NeowsBlessing":0,"ReplayTheSpireMod:Shallot":4,"Bronze Scales":8,"Vajra":12,"Philosopher\u0027s Stone":9,"MawBank":12,"Ring of the Snake":0},{"HornCleat":47,"NeowsBlessing":0,"ReplayTheSpireMod:Shallot":9,"Bronze Scales":27,"Vajra":58,"Philosopher\u0027s Stone":40,"MawBank":58,"Ring of the Snake":0}],"Ring of the Snake":[30]},"card_choices":[{"not_picked":["Poisoned Stab","Bane"],"picked":"Leg Sweep","floor":1.0},{"not_picked":["Deadly Poison","hubris:Sniper"],"picked":"Cloak And Dagger","floor":2.0},{"not_picked":["Slice","Deadly Poison","Draining Mist"],"picked":"SKIP","floor":5.0},{"not_picked":["Doppelganger","Hidden Blade","Flying Knee"],"picked":"SKIP","floor":7.0},{"not_picked":["hubris:SlightOfHand","Prepared","Concentrate"],"picked":"SKIP","floor":10.0},{"not_picked":["Flying Knee","Deadly Poison"],"picked":"Cloak And Dagger","floor":11.0},{"not_picked":["Sucker Punch","Dodge and Roll"],"picked":"Choke","floor":12.0},{"not_picked":["Flying Knee","hubris:SlightOfHand","Bouncing Flask"],"picked":"SKIP","floor":14.0},{"not_picked":["Bullet Time","infinitespire:Neurotoxin"],"picked":"A Thousand Cuts","floor":16.0},{"not_picked":["Quick Slash+1","Outmaneuver","Prepared"],"picked":"SKIP","floor":18},{"not_picked":["conspire:PoisonWeapons","Leg Sweep"],"picked":"Blade Dance","floor":21},{"not_picked":["Atom Bomb","Outmaneuver+1","Quick Slash"],"picked":"SKIP","floor":22},{"not_picked":["Dodge and Roll","Cloak And Dagger"],"picked":"Infinite Blades","floor":28},{"not_picked":["Dodge and Roll","Dagger Throw"],"picked":"Backflip","floor":30}],"player_experience":880349,"relics_obtained":[{"floor":9.0,"key":"ReplayTheSpireMod:Shallot"},{"floor":14.0,"key":"Bronze Scales"},{"floor":26,"key":"MawBank"}],"event_choices":[{"damage_healed":0.0,"max_hp_gain":0.0,"max_hp_loss":0.0,"gold_gain":0.0,"event_name":"Lab","player_choice":"Got Potions","floor":4.0,"gold_loss":0.0,"damage_taken":0.0},{"damage_healed":0,"gold_gain":0,"player_choice":"Obtained Relic","damage_taken":0,"relics_obtained":["HornCleat"],"max_hp_gain":0,"max_hp_loss":0,"event_name":"Addict","floor":19,"gold_loss":85},{"damage_healed":0,"gold_gain":0,"player_choice":"Bought 1 Potion","damage_taken":0,"max_hp_gain":0,"max_hp_loss":0,"event_name":"The Woman in Blue","floor":20,"gold_loss":0},{"damage_healed":0,"gold_gain":0,"player_choice":"Smashed Altar","damage_taken":0,"max_hp_gain":0,"max_hp_loss":0,"event_name":"Forgotten Altar","floor":29,"gold_loss":0,"cards_obtained":["Decay"]}],"is_beta":false,"boss_relics":[{"not_picked":["Cursed Key","Replay:Bronze Core"],"picked":"Philosopher\u0027s Stone"}],"items_purged_floors":[24,31],"is_endless":false,"potions_floor_spawned":[1,5,11,14,18,28,30],"killed_by":"Automaton","ascension_level":20}}