{"host":"d9m9v0h6vo0edadb","time":1610106857,"event":{"mods":["BaseMod","Hermit","Keyboard Shortcuts","Minty Spire (QoL Compilation)","StSLib","SuperFastMode","The Cursed"],"gold_per_floor":[110,68,81,92,110,110,135,151,151,163,190,207,207,233,233,305,305,319,319,182,192,107,107,135,151,233,251,276,276,290,301,301,301,301],"floor_reached":33,"playtime":524,"items_purged":["Strike_G+1"],"score":682,"play_id":"fa4e6e58-6233-4fa6-ae6c-0e0035f5b5d3","local_time":"20210108205417","is_ascension_mode":true,"campfire_choices":[{"data":"Bouncing Flask","floor":6.0,"key":"SMITH"},{"floor":13.0,"key":"REST"},{"data":"Glass Knife","floor":15.0,"key":"SMITH"},{"floor":23.0,"key":"REST"},{"data":"Catalyst","floor":29.0,"key":"SMITH"},{"floor":32.0,"key":"REST"}],"circlet_count":0,"master_deck":["AscendersBane","Strike_G+1","Strike_G+1","Strike_G+1","Strike_G+1","Defend_G+1","Defend_G+1","Defend_G+1","Defend_G+1","Defend_G+1","Survivor","Neutralize","Well Laid Plans","Bouncing Flask+1","Masterful Stab","Dagger Spray","Footwork","Corpse Explosion","Backstab","Escape Plan","Glass Knife+1","Malaise","Catalyst+1","PiercingWail","Poisoned Stab","Crippling Poison+1"],"relics":["Ring of the Snake","NeowsBlessing","Mercury Hourglass","Smiling Mask","Pen Nib","Question Card","Busted Crown","Bag of Marbles","Darkstone Periapt","Pear","Red Mask"],"acts_visited":["Exordium","TheCity"],"potions_floor_usage":[33],"damage_taken":[{"damage":0.0,"enemies":"Cultist","floor":1.0,"turns":1.0},{"damage":0.0,"enemies":"Small Slimes","floor":3.0,"turns":1.0},{"damage":0.0,"enemies":"2 Louse","floor":4.0,"turns":1.0},{"damage":26.0,"enemies":"Large Slime","floor":5.0,"turns":7.0},{"damage":36.0,"enemies":"3 Sentries","floor":7.0,"turns":11.0},{"damage":3.0,"enemies":"Blue Slaver","floor":8.0,"turns":3.0},{"damage":10.0,"enemies":"Gremlin Gang","floor":10.0,"turns":2.0},{"damage":6.0,"enemies":"Gremlin Nob","floor":11.0,"turns":3.0},{"damage":0.0,"enemies":"2 Fungi Beasts","floor":12.0,"turns":1.0},{"damage":0.0,"enemies":"3 Sentries","floor":14.0,"turns":2.0},{"damage":24.0,"enemies":"Slime Boss","floor":16.0,"turns":7.0},{"damage":12.0,"enemies":"Spheric Guardian","floor":18.0,"turns":5.0},{"damage":14.0,"enemies":"2 Thieves","floor":21.0,"turns":2.0},{"damage":0.0,"enemies":"Slavers","floor":24.0,"turns":1.0},{"damage":4.0,"enemies":"Centurion and Healer","floor":25.0,"turns":3.0},{"damage":4.0,"enemies":"Snecko","floor":27.0,"turns":3.0},{"damage":4.0,"enemies":"Masked Bandits","floor":28.0,"turns":2.0},{"damage":0.0,"enemies":"Cultist and Chosen","floor":30.0,"turns":3.0},{"damage":12.0,"enemies":"Shelled Parasite and Fungi","floor":31.0,"turns":3.0},{"damage":67,"enemies":"Collector","floor":33,"turns":7}],"seed_played":"7886211475223347450","potions_obtained":[{"floor":1.0,"key":"Regen Potion"},{"floor":3.0,"key":"SpeedPotion"},{"floor":7.0,"key":"ColorlessPotion"},{"floor":8.0,"key":"FairyPotion"},{"floor":11.0,"key":"Ancient Potion"},{"floor":12.0,"key":"AttackPotion"},{"floor":18.0,"key":"Poison Potion"},{"floor":21.0,"key":"CunningPotion"},{"floor":28.0,"key":"CunningPotion"},{"floor":31.0,"key":"Energy Potion"}],"is_trial":false,"path_per_floor":["M","$","M","M","M","R","E","M","T","M","E","M","R","E","R","B",null,"M","?","$","M","?","R","E","M","T","M","?","R","M","M","R","B"],"character_chosen":"THE_SILENT","items_purchased":["Bouncing Flask","Catalyst"],"campfire_rested":3,"item_purchase_floors":[2,20],"current_hp_per_floor":[59,59,59,59,33,33,12,9,9,19,13,13,32,32,32,8,52,40,40,40,26,26,45,45,41,51,47,43,43,43,31,53,0,0],"gold":301,"neow_bonus":"THREE_ENEMY_KILL","is_daily":false,"chose_seed":false,"campfire_upgraded":3,"win_rate":0.0,"timestamp":1610106857,"path_taken":["M","$","?","M","M","R","E","M","T","M","E","M","R","E","R","BOSS","M","?","$","M","?","R","E","M","T","M","?","R","M","M","R","BOSS"],"items_purchased_type":["Card","Card"],"build_version":"2020-12-22","purchased_purges":1,"victory":false,"max_hp_per_floor":[66,66,66,66,66,66,66,66,66,66,66,66,66,66,66,66,66,66,66,66,66,66,66,66,66,76,76,76,76,76,76,76,76,76],"card_choices":[{"not_picked":["Cloak And Dagger","Deflect"],"picked":"Well Laid Plans","floor":1.0},{"not_picked":["Crippling Poison","Expertise"],"picked":"Masterful Stab","floor":3.0},{"not_picked":["Blur","Flying Knee"],"picked":"Dagger Spray","floor":4.0},{"not_picked":["Underhanded Strike","Bane"],"picked":"Footwork","floor":5.0},{"not_picked":["Accuracy","Backflip"],"picked":"Corpse Explosion","floor":7.0},{"not_picked":["Prepared","Distraction","Dagger Throw"],"picked":"SKIP","floor":8.0},{"not_picked":["Outmaneuver","Envenom","Flying Knee"],"picked":"SKIP","floor":10.0},{"not_picked":["Flechettes","Flying Knee"],"picked":"Backstab","floor":11.0},{"not_picked":["Blur","Masterful Stab"],"picked":"Escape Plan","floor":12.0},{"not_picked":["Tactician","Prepared"],"picked":"Glass Knife","floor":14.0},{"not_picked":["Wraith Form v2","Storm of Steel","Corpse Explosion"],"picked":"Malaise","floor":16.0},{"not_picked":["Setup","Masterful Stab"],"picked":"SKIP","floor":18.0},{"not_picked":["Expertise","Prepared"],"picked":"SKIP","floor":21.0},{"not_picked":["Quick Slash"],"picked":"PiercingWail","floor":24.0},{"not_picked":["Dagger Spray"],"picked":"Poisoned Stab","floor":25.0},{"not_picked":["Distraction"],"picked":"Crippling Poison+1","floor":27.0},{"not_picked":["Prepared","Deadly Poison"],"picked":"SKIP","floor":30.0},{"not_picked":["Setup","Dodge and Roll"],"picked":"SKIP","floor":31.0}],"player_experience":956010,"relics_obtained":[{"floor":7.0,"key":"Mercury Hourglass"},{"floor":9.0,"key":"Smiling Mask"},{"floor":11.0,"key":"Pen Nib"},{"floor":14.0,"key":"Question Card"},{"floor":24.0,"key":"Darkstone Periapt"},{"floor":26.0,"key":"Pear"},{"floor":28.0,"key":"Red Mask"}],"event_choices":[{"damage_healed":0.0,"max_hp_gain":0.0,"max_hp_loss":0.0,"gold_gain":0.0,"event_name":"Back to Basics","player_choice":"Simplicity","floor":19.0,"gold_loss":0.0,"damage_taken":0.0,"cards_upgraded":["Strike_G","Strike_G","Strike_G","Strike_G","Strike_G","Defend_G","Defend_G","Defend_G","Defend_G","Defend_G"]},{"damage_healed":0.0,"max_hp_gain":0.0,"max_hp_loss":0.0,"gold_gain":0.0,"event_name":"Addict","player_choice":"Obtained Relic","floor":22.0,"gold_loss":85.0,"damage_taken":0.0,"relics_obtained":["Bag of Marbles"]},{"damage_healed":0.0,"max_hp_gain":0.0,"max_hp_loss":0.0,"gold_gain":0.0,"event_name":"Masked Bandits","player_choice":"Fought Bandits","floor":28.0,"gold_loss":0.0,"damage_taken":0.0}],"is_beta":false,"boss_relics":[{"not_picked":["SlaversCollar","Ectoplasm"],"picked":"Busted Crown"}],"items_purged_floors":[20],"is_endless":false,"potions_floor_spawned":[1,3,7,8,11,12,18,21,28,31],"killed_by":"Collector","ascension_level":20}}