{"host":"p4v0hquynnreu717","time":1610128997,"event":{"mods":["BaseMod","Better Vampires","DeckTracker","Googly Eyes","Minty Spire (QoL Compilation)","Quick Restart","StSLib","SuperFastMode"],"gold_per_floor":[114,1,76,76,86,115,65,85,111,111,111,124,124,142,142,142,142],"floor_reached":16,"playtime":240,"items_purged":["Strike_G"],"score":219,"play_id":"c993fd11-2dc9-4275-b14c-6804b7c125d1","local_time":"20210109020317","is_ascension_mode":true,"campfire_choices":[{"data":"Catalyst","floor":10,"key":"SMITH"},{"data":"Deadly Poison","floor":13,"key":"SMITH"},{"data":"Neutralize","floor":15,"key":"SMITH"}],"circlet_count":0,"master_deck":["AscendersBane","Strike_G","Strike_G","Strike_G","Strike_G","Defend_G","Defend_G","Defend_G","Defend_G","Defend_G","Survivor","Neutralize+1","Finisher","Accuracy","Catalyst+1","Cloak And Dagger","Deadly Poison+1","Acrobatics","Backflip","Predator"],"relics":["Ring of the Snake","NeowsBlessing","Strawberry"],"acts_visited":["Exordium"],"potions_floor_usage":[16],"damage_taken":[{"damage":0,"enemies":"Small Slimes","floor":1,"turns":1},{"damage":0,"enemies":"Jaw Worm","floor":5,"turns":1},{"damage":0,"enemies":"Lagavulin","floor":6,"turns":1},{"damage":1,"enemies":"Cultist","floor":8,"turns":4},{"damage":1,"enemies":"Red Slaver","floor":12,"turns":4},{"damage":7,"enemies":"Large Slime","floor":14,"turns":6},{"damage":23,"enemies":"Slime Boss","floor":16,"turns":6}],"seed_played":"-8834467155958391810","potions_obtained":[{"floor":4,"key":"Fire Potion"},{"floor":4,"key":"Weak Potion"}],"is_trial":false,"path_per_floor":["M","$","?","?","M","E","$","M","T","R","?","M","R","M","R","B"],"character_chosen":"THE_SILENT","items_purchased":["Accuracy","Deadly Poison"],"campfire_rested":0,"item_purchase_floors":[2,7],"current_hp_per_floor":[59,59,48,48,48,55,55,54,54,54,54,53,53,46,46,23,23],"gold":142,"neow_bonus":"THREE_ENEMY_KILL","is_daily":false,"chose_seed":false,"campfire_upgraded":3,"win_rate":0.0,"timestamp":1610128997,"path_taken":["M","$","?","?","?","E","?","M","T","R","?","M","R","M","R","BOSS"],"items_purchased_type":["Card","Card"],"build_version":"2020-12-22","purchased_purges":1,"victory":false,"max_hp_per_floor":[66,66,66,66,66,73,73,73,73,73,73,73,73,73,73,73,73],"card_choices":[{"not_picked":["Prepared","Dodge and Roll"],"picked":"Finisher","floor":1},{"not_picked":["Underhanded Strike","Acrobatics"],"picked":"Catalyst","floor":5},{"not_picked":["Expertise","Eviscerate"],"picked":"Cloak And Dagger","floor":6},{"not_picked":["Outmaneuver","Choke"],"picked":"Acrobatics","floor":8},{"not_picked":["Masterful Stab","Dagger Throw"],"picked":"Backflip","floor":12},{"not_picked":["Setup","Dodge and Roll"],"picked":"Predator","floor":14}],"player_experience":776880,"relics_obtained":[{"floor":6,"key":"Strawberry"}],"event_choices":[{"damage_healed":0,"gold_gain":75,"player_choice":"Gather Gold","damage_taken":11,"max_hp_gain":0,"max_hp_loss":0,"event_name":"World of Goop","floor":3,"gold_loss":0},{"damage_healed":0,"gold_gain":0,"player_choice":"Got Potions","damage_taken":0,"max_hp_gain":0,"max_hp_loss":0,"event_name":"Lab","floor":4,"gold_loss":0},{"damage_healed":0,"gold_gain":0,"player_choice":"Ignored","damage_taken":0,"max_hp_gain":0,"max_hp_loss":0,"event_name":"Liars Game","floor":11,"gold_loss":0}],"is_beta":false,"boss_relics":[],"items_purged_floors":[2],"is_endless":false,"potions_floor_spawned":[8,12],"killed_by":"Slime Boss","ascension_level":15}}