{"host":"z9mq1tf06lkrncmk","time":1610132470,"event":{"mods":["Aspiration","BaseMod","Conspire","GifTheSpireLib","Hermit","Hubris","Minty Spire (QoL Compilation)","RatMod","Remilia??????","Replay The Spire","Robot Space Explorer","Shade Mod","StSLib","Td1madao Mod","The Cursed","The Disciple","The Dragon Tamer","The Hierophant","The Jungle","The Marked","The Necromancer","The Senshi","The Servant 0.9.4"],"gold_per_floor":[110,110,110,134,160,160,160,160,160,179,179,179,506,535,535,535,535],"floor_reached":16,"playtime":313,"items_purged":[],"score":115,"play_id":"bbdb9102-92c8-46cc-84ca-b9c16eae51c3","local_time":"20210108140110","is_ascension_mode":true,"campfire_choices":[{"data":"Accuracy","floor":6.0,"key":"SMITH"},{"data":"Infinite Blades","floor":8.0,"key":"SMITH"},{"data":"Survivor","floor":12.0,"key":"SMITH"},{"floor":15.0,"key":"REST"}],"circlet_count":0,"master_deck":["Strike_G","Strike_G","Strike_G","Strike_G","Strike_G","Defend_G","Defend_G","Defend_G","Defend_G","Defend_G","Survivor+1","Neutralize+1","Blade Dance","Infinite Blades+1","Accuracy+1","Flying Knee","A Thousand Cuts"],"relics":["HoveringKite","CeramicFish","Pantograph","Art of War","Old Coin"],"acts_visited":[],"potions_floor_usage":[],"damage_taken":[{"damage":2.0,"enemies":"Jaw Worm","floor":1.0,"turns":6.0},{"damage":6.0,"enemies":"2 Louse","floor":4.0,"turns":2.0},{"damage":4.0,"enemies":"Small Slimes","floor":5.0,"turns":3.0},{"damage":1.0,"enemies":"2 Fungi Beasts","floor":10.0,"turns":4.0},{"damage":15.0,"enemies":"3 Sentries","floor":13.0,"turns":6.0},{"damage":6.0,"enemies":"3 Louse","floor":14.0,"turns":2.0},{"damage":0,"enemies":"The Guardian","floor":16,"turns":1}],"seed_played":"1465580089923730023","potions_obtained":[{"floor":10.0,"key":"DuplicationPotion"},{"floor":14.0,"key":"GamblersBrew"}],"is_trial":false,"path_per_floor":["M","?","?","M","M","R","?","R","T","M","?","R","E","M","R","B"],"character_chosen":"THE_SILENT","items_purchased":[],"campfire_rested":1,"item_purchase_floors":[],"current_hp_per_floor":[68,65,65,59,55,55,55,55,55,54,54,54,39,33,54,70,70],"gold":535,"neow_bonus":"BOSS_RELIC","is_daily":false,"chose_seed":false,"campfire_upgraded":3,"win_rate":0.0,"timestamp":1610132470,"path_taken":["M","?","?","M","M","R","?","R","T","M","?","R","E","M","R","BOSS"],"items_purchased_type":[],"build_version":"2020-12-22","purchased_purges":0,"victory":false,"max_hp_per_floor":[70,70,70,70,70,70,70,70,70,70,70,70,70,70,70,70,70],"card_choices":[{"not_picked":["PiercingWail","Dodge and Roll"],"picked":"Blade Dance","floor":1.0},{"not_picked":["Deadly Poison","Blur"],"picked":"Infinite Blades","floor":4.0},{"not_picked":["Reflex","Infinite Blades"],"picked":"Accuracy","floor":5.0},{"not_picked":["Calculated Gamble","Noxious Fumes"],"picked":"Flying Knee","floor":10.0},{"not_picked":["Concentrate","Prepared","Distraction"],"picked":"SKIP","floor":13.0},{"not_picked":["Acrobatics","Finisher"],"picked":"A Thousand Cuts","floor":14.0}],"player_experience":398091,"relics_obtained":[{"floor":9.0,"key":"Pantograph"},{"floor":13.0,"key":"Old Coin"}],"event_choices":[{"damage_healed":0.0,"max_hp_gain":0.0,"max_hp_loss":0.0,"gold_gain":0.0,"event_name":"Scrap Ooze","player_choice":"Success","floor":2.0,"gold_loss":0.0,"damage_taken":3.0,"relics_obtained":["CeramicFish"]},{"damage_healed":0.0,"max_hp_gain":0.0,"max_hp_loss":0.0,"gold_gain":0.0,"event_name":"Living Wall","player_choice":"Grow","floor":3.0,"gold_loss":0.0,"damage_taken":0.0,"cards_upgraded":["Neutralize"]},{"damage_healed":0.0,"max_hp_gain":0.0,"max_hp_loss":0.0,"gold_gain":0.0,"event_name":"Shining Light","player_choice":"Ignored","floor":7.0,"gold_loss":0.0,"damage_taken":0.0},{"damage_healed":0.0,"max_hp_gain":0.0,"max_hp_loss":0.0,"gold_gain":0.0,"event_name":"Dead Adventurer","player_choice":"Searched \u00271\u0027 times","floor":11.0,"gold_loss":0.0,"damage_taken":0.0,"relics_obtained":["Art of War"]}],"is_beta":false,"boss_relics":[],"items_purged_floors":[],"is_endless":false,"potions_floor_spawned":[10,14],"killed_by":"The Guardian","ascension_level":3}}