{"host":"zcz0awyw9el3eccp","time":1610146455,"event":{"mods":["AchievementEnabler","BaseMod","Colored Powertips","Minty Spire (QoL Compilation)","Quick Restart","StSLib"],"gold_per_floor":[115,115,127,140,140,140,140,140,140,163,163,47,67,81,81,81,81],"floor_reached":16,"playtime":517,"items_purged":[],"score":167,"play_id":"f1aa511a-e24e-4cf3-9daf-e7008d898984","local_time":"20210108235415","daily_mods":["Draft"],"is_ascension_mode":false,"campfire_choices":[{"data":"Loop","floor":6,"key":"SMITH"},{"data":"Coolheaded","floor":8,"key":"SMITH"},{"data":"Coolheaded","floor":11,"key":"SMITH"},{"data":"Loop","floor":15,"key":"SMITH"}],"circlet_count":0,"master_deck":["Cold Snap","Rebound","Leap","Cold Snap","Loop+1","Cold Snap","Coolheaded","Leap","Chill","Rebound","Ball Lightning","Rebound","Leap","Chill","Ball Lightning","Coolheaded+1","FTL","Coolheaded+1","Cold Snap","Loop+1","FTL","Chill","Buffer"],"relics":["Cracked Core","Golden Idol","Bag of Preparation"],"acts_visited":["Exordium"],"potions_floor_usage":[],"damage_taken":[{"damage":0,"enemies":"Small Slimes","floor":1,"turns":2},{"damage":0,"enemies":"2 Louse","floor":3,"turns":2},{"damage":0,"enemies":"Cultist","floor":4,"turns":2},{"damage":0,"enemies":"2 Fungi Beasts","floor":10,"turns":2},{"damage":0,"enemies":"3 Louse","floor":13,"turns":3},{"damage":2,"enemies":"Exordium Wildlife","floor":14,"turns":3}],"seed_played":"-4451965479512886990","potions_obtained":[{"floor":1,"key":"SpeedPotion"},{"floor":4,"key":"DistilledChaos"},{"floor":10,"key":"PotionOfCapacity"}],"is_trial":true,"path_per_floor":["M","?","M","M","?","R","?","R","T","M","R","$","M","M","R","B"],"character_chosen":"DEFECT","items_purchased":["Loop","FTL"],"campfire_rested":0,"item_purchase_floors":[12,12],"current_hp_per_floor":[75,75,75,75,57,57,57,57,57,57,57,57,57,55,55,34,34],"gold":81,"neow_bonus":"","is_daily":false,"chose_seed":false,"campfire_upgraded":4,"win_rate":0.0,"timestamp":1610146455,"path_taken":["M","?","M","M","?","R","?","R","T","M","R","$","M","?","R","BOSS"],"items_purchased_type":["Card","Card"],"build_version":"2020-12-22","purchased_purges":0,"victory":false,"max_hp_per_floor":[75,75,75,75,75,75,75,75,75,75,75,75,75,75,75,75,75],"card_choices":[{"not_picked":["Heatsinks","Tempest"],"picked":"Cold Snap","floor":0},{"not_picked":["Consume","Streamline"],"picked":"Rebound","floor":0},{"not_picked":["Beam Cell","BootSequence"],"picked":"Leap","floor":0},{"not_picked":["Sweeping Beam","Ball Lightning"],"picked":"Cold Snap","floor":0},{"not_picked":["Streamline","Turbo"],"picked":"Loop","floor":0},{"not_picked":["Streamline","Barrage"],"picked":"Cold Snap","floor":0},{"not_picked":["Beam Cell","Streamline"],"picked":"Coolheaded","floor":0},{"not_picked":["Fusion","Turbo"],"picked":"Leap","floor":0},{"not_picked":["Sunder","Turbo"],"picked":"Chill","floor":0},{"not_picked":["Barrage","Beam Cell"],"picked":"Rebound","floor":0},{"not_picked":["Heatsinks","Hologram"],"picked":"Ball Lightning","floor":0},{"not_picked":["Storm","Sweeping Beam"],"picked":"Rebound","floor":0},{"not_picked":["Cold Snap","Static Discharge"],"picked":"Leap","floor":0},{"not_picked":["Hologram","Turbo"],"picked":"Chill","floor":0},{"not_picked":["Hologram","Barrage"],"picked":"Ball Lightning","floor":0},{"not_picked":["Doom and Gloom","Rebound"],"picked":"Coolheaded","floor":1},{"not_picked":["Aggregate","Doom and Gloom"],"picked":"FTL","floor":3},{"not_picked":["Chaos","Steam"],"picked":"Coolheaded","floor":4},{"not_picked":["Force Field","Redo"],"picked":"Cold Snap","floor":10},{"not_picked":["Streamline","Static Discharge"],"picked":"Chill","floor":13},{"not_picked":["Hologram","Ball Lightning"],"picked":"Buffer","floor":14}],"player_experience":103795,"relics_obtained":[{"floor":9,"key":"Bag of Preparation"}],"event_choices":[{"damage_healed":0,"gold_gain":0,"player_choice":"Leave","damage_taken":0,"max_hp_gain":0,"max_hp_loss":0,"event_name":"The Cleric","floor":2,"gold_loss":0},{"damage_healed":0,"gold_gain":0,"player_choice":"Take Damage","damage_taken":18,"relics_obtained":["Golden Idol"],"max_hp_gain":0,"max_hp_loss":0,"event_name":"Golden Idol","floor":5,"gold_loss":0},{"damage_healed":0,"gold_gain":0,"player_choice":"Ignored","damage_taken":0,"max_hp_gain":0,"max_hp_loss":0,"event_name":"NoteForYourself","floor":7,"gold_loss":0}],"is_beta":false,"boss_relics":[],"items_purged_floors":[],"is_endless":false,"potions_floor_spawned":[1,4,10,13],"killed_by":"Slime Boss","ascension_level":0}}