{"host":"anox4050deqdcqoh","time":1610121324,"event":{"mods":["BaseMod","Colored Map","Highlight Path","Minty Spire (QoL Compilation)","Quick Restart","Rare Cards Sparkle","everything is the same but u backflip on backflip"],"gold_per_floor":[112,112,132,147,160,160,193,193,217,233,258,258,223,242,242,242,242],"floor_reached":16,"playtime":843,"items_purged":[],"score":112,"play_id":"f7e59f02-0427-4bc2-9178-8e9332734e8a","local_time":"20210108105524","is_ascension_mode":true,"campfire_choices":[{"data":"Metallicize","floor":6,"key":"SMITH"},{"data":"Entrench","floor":8,"key":"SMITH"},{"data":"True Grit","floor":15,"key":"SMITH"}],"circlet_count":0,"master_deck":["Strike_R","Strike_R","Strike_R","Strike_R","Strike_R","Defend_R","Defend_R","Defend_R","Defend_R","Bash","Pommel Strike+1","Entrench+1","Flame Barrier","Metallicize+1","True Grit+1","Intimidate"],"relics":["Burning Blood","Anchor","Odd Mushroom"],"acts_visited":["Exordium"],"potions_floor_usage":[10,11,16],"damage_taken":[{"damage":6,"enemies":"Cultist","floor":1,"turns":3},{"damage":8,"enemies":"Jaw Worm","floor":3,"turns":5},{"damage":0,"enemies":"Small Slimes","floor":4,"turns":3},{"damage":20,"enemies":"3 Louse","floor":5,"turns":4},{"damage":34,"enemies":"Gremlin Nob","floor":7,"turns":5},{"damage":0,"enemies":"Large Slime","floor":10,"turns":8},{"damage":19,"enemies":"The Mushroom Lair","floor":11,"turns":5},{"damage":8,"enemies":"Lots of Slimes","floor":14,"turns":6},{"damage":99,"enemies":"Slime Boss","floor":16,"turns":17}],"seed_played":"954301008981425974","potions_obtained":[{"floor":1,"key":"DistilledChaos"},{"floor":4,"key":"Swift Potion"},{"floor":5,"key":"FairyPotion"},{"floor":10,"key":"AttackPotion"}],"is_trial":false,"path_per_floor":["M","?","M","M","M","R","E","R","T","M","?","?","?","M","R","B"],"character_chosen":"IRONCLAD","items_purchased":[],"campfire_rested":0,"item_purchase_floors":[],"current_hp_per_floor":[88,88,86,88,74,74,46,46,46,52,39,44,67,65,65,0,0],"gold":242,"neow_bonus":"TEN_PERCENT_HP_BONUS","is_daily":false,"chose_seed":false,"campfire_upgraded":3,"win_rate":0.0,"timestamp":1610121324,"path_taken":["M","?","?","M","M","R","E","R","T","M","?","?","?","M","R","BOSS"],"items_purchased_type":[],"build_version":"2020-12-22","purchased_purges":0,"victory":false,"max_hp_per_floor":[88,88,88,88,88,88,88,88,88,88,88,93,93,93,93,93,93],"card_choices":[{"not_picked":["Searing Blow","Intimidate"],"picked":"Pommel Strike","floor":1},{"not_picked":["Heavy Blade","Dual Wield"],"picked":"Entrench","floor":3},{"not_picked":["Cleave","Heavy Blade"],"picked":"Flame Barrier","floor":4},{"not_picked":["Twin Strike","Havoc"],"picked":"Metallicize","floor":5},{"not_picked":["Rupture","Thunderclap","Carnage"],"picked":"SKIP","floor":7},{"not_picked":["Pommel Strike","Headbutt","Heavy Blade"],"picked":"SKIP","floor":10},{"not_picked":["Dropkick","Clothesline"],"picked":"True Grit","floor":11},{"not_picked":["Sword Boomerang","Rupture"],"picked":"Intimidate","floor":14}],"player_experience":311008,"relics_obtained":[{"floor":7,"key":"Anchor"},{"floor":11,"key":"Odd Mushroom"}],"event_choices":[{"damage_healed":0,"gold_gain":0,"player_choice":"Upgraded","damage_taken":0,"max_hp_gain":0,"max_hp_loss":0,"event_name":"Upgrade Shrine","floor":2,"gold_loss":0,"cards_upgraded":["Pommel Strike"]},{"damage_healed":0,"gold_gain":0,"player_choice":"Fought Mushrooms","damage_taken":0,"max_hp_gain":0,"max_hp_loss":0,"event_name":"Mushrooms","floor":11,"gold_loss":0},{"damage_healed":0,"gold_gain":0,"player_choice":"Donut","damage_taken":0,"max_hp_gain":5,"max_hp_loss":0,"event_name":"Big Fish","floor":12,"gold_loss":0},{"damage_healed":23,"gold_gain":0,"player_choice":"Healed","damage_taken":0,"max_hp_gain":0,"max_hp_loss":0,"event_name":"The Cleric","floor":13,"gold_loss":35}],"is_beta":false,"boss_relics":[],"items_purged_floors":[],"is_endless":false,"potions_floor_spawned":[1,4,5,10],"killed_by":"Slime Boss","ascension_level":2}}