{"host":"Fun","time":1610142850,"event":{"mods":["BaseMod","Colored Map","Minty Spire (QoL Compilation)","Relic Stats","StSLib"],"gold_per_floor":[109,128,128,128,143,177,177,207,230,230,230],"floor_reached":10,"playtime":388,"items_purged":[],"score":141,"play_id":"8f7f8a05-a44a-4fb6-a578-6afe2241f304","local_time":"20210108165410","is_ascension_mode":true,"campfire_choices":[{"floor":7,"key":"REST"}],"circlet_count":0,"master_deck":["AscendersBane","Strike_B","Strike_B","Strike_B","Strike_B","Defend_B","Defend_B","Defend_B","Defend_B","Zap","Dualcast","Barrage+1","Genetic Algorithm","Gash","BootSequence","Streamline","Hello World"],"relics":["Cracked Core","WarpedTongs","Lantern","Boot","Tiny Chest","Vajra"],"acts_visited":["Exordium"],"potions_floor_usage":[8,8],"damage_taken":[{"damage":5,"enemies":"Small Slimes","floor":1,"turns":2},{"damage":6,"enemies":"Jaw Worm","floor":2,"turns":3},{"damage":1,"enemies":"2 Louse","floor":5,"turns":3},{"damage":19,"enemies":"3 Sentries","floor":6,"turns":10},{"damage":20,"enemies":"Gremlin Nob","floor":8,"turns":4},{"damage":10,"enemies":"Lagavulin","floor":10,"turns":3}],"seed_played":"5601994599725200278","potions_obtained":[{"floor":1,"key":"Swift Potion"},{"floor":5,"key":"Weak Potion"}],"is_trial":false,"path_per_floor":["M","M","?","?","M","E","R","E","T","E"],"character_chosen":"DEFECT","items_purchased":[],"campfire_rested":1,"item_purchase_floors":[],"current_hp_per_floor":[59,53,53,27,26,7,28,8,8,0,0],"gold":230,"neow_bonus":"THREE_CARDS","is_daily":false,"chose_seed":false,"campfire_upgraded":0,"win_rate":0.0,"timestamp":1610142850,"path_taken":["M","M","?","?","M","E","R","E","T","E"],"items_purchased_type":[],"build_version":"2020-12-18","purchased_purges":0,"victory":false,"max_hp_per_floor":[71,71,71,71,71,71,71,71,71,71,71],"relic_stats":{"counters":[6,25],"Tiny Chest":0,"Boot":[3],"obtain_stats":[{"Lantern":4,"Vajra":9,"Tiny Chest":8,"Cracked Core":0,"Boot":6,"WarpedTongs":0},{"Lantern":2,"Vajra":5,"Tiny Chest":5,"Cracked Core":0,"Boot":4,"WarpedTongs":0},{"Lantern":5,"Vajra":22,"Tiny Chest":22,"Cracked Core":0,"Boot":18,"WarpedTongs":0}],"WarpedTongs":[25]},"card_choices":[{"not_picked":["Heatsinks","Turbo"],"picked":"Barrage","floor":0},{"not_picked":["Conserve Battery","Beam Cell"],"picked":"Genetic Algorithm","floor":1},{"not_picked":["Turbo","Fusion"],"picked":"Gash","floor":2},{"not_picked":["Force Field","Leap"],"picked":"BootSequence","floor":5},{"not_picked":["Static Discharge","Compile Driver"],"picked":"Streamline","floor":6},{"not_picked":["Loop","Fusion"],"picked":"Hello World","floor":8}],"player_experience":154886,"relics_obtained":[{"floor":6,"key":"Boot"},{"floor":8,"key":"Tiny Chest"},{"floor":9,"key":"Vajra"}],"event_choices":[{"damage_healed":0,"gold_gain":0,"player_choice":"Grow","damage_taken":0,"max_hp_gain":0,"max_hp_loss":0,"event_name":"Living Wall","floor":3,"gold_loss":0,"cards_upgraded":["Barrage"]},{"damage_healed":0,"gold_gain":0,"player_choice":"Success","damage_taken":26,"relics_obtained":["Lantern"],"max_hp_gain":0,"max_hp_loss":0,"event_name":"Scrap Ooze","floor":4,"gold_loss":0}],"is_beta":true,"boss_relics":[],"items_purged_floors":[],"is_endless":false,"potions_floor_spawned":[1,5],"killed_by":"Lagavulin","ascension_level":17}}