{"host":"9l1knhxfturzliqa","time":1610094263,"event":{"mods":["BaseMod","Colored Map","Colored Powertips","DeckTracker","Highlight Path","Keyboard Shortcuts","Minty Spire (QoL Compilation)","Random Character Button"],"gold_per_floor":[112,112,112,189,209,209,240,258,281,320,320,356,356,379,379,379,379],"floor_reached":16,"playtime":648,"items_purged":[],"score":229,"play_id":"a4fe880c-2193-40ce-a103-fe28adca9c6a","local_time":"20210108172423","is_ascension_mode":true,"campfire_choices":[{"data":"Neutralize","floor":6.0,"key":"SMITH"},{"data":"Burst","floor":11.0,"key":"SMITH"},{"data":"Endless Agony","floor":13.0,"key":"SMITH"},{"data":"Infinite Blades","floor":15.0,"key":"SMITH"}],"circlet_count":0,"master_deck":["AscendersBane","Strike_G+1","Strike_G+1","Strike_G","Strike_G","Strike_G","Defend_G","Defend_G","Defend_G","Defend_G","Defend_G+1","Survivor+1","Neutralize+1","Backflip","Injury","Poisoned Stab","Dagger Throw","Endless Agony+1","Burst+1","Caltrops","Infinite Blades+1"],"relics":["Ring of the Snake","NeowsBlessing","Golden Idol","Shuriken","Ice Cream","Happy Flower","Smiling Mask","War Paint"],"acts_visited":["Exordium"],"potions_floor_usage":[],"damage_taken":[{"damage":0.0,"enemies":"2 Louse","floor":1.0,"turns":1.0},{"damage":0.0,"enemies":"Small Slimes","floor":5.0,"turns":1.0},{"damage":0.0,"enemies":"3 Sentries","floor":7.0,"turns":1.0},{"damage":4.0,"enemies":"Jaw Worm","floor":8.0,"turns":3.0},{"damage":18.0,"enemies":"Lagavulin","floor":10.0,"turns":6.0},{"damage":10.0,"enemies":"3 Sentries","floor":12.0,"turns":6.0},{"damage":11.0,"enemies":"Large Slime","floor":14.0,"turns":4.0},{"damage":25,"enemies":"The Guardian","floor":16,"turns":2}],"seed_played":"7114375078823554028","potions_obtained":[{"floor":7.0,"key":"SpeedPotion"},{"floor":10.0,"key":"Fire Potion"},{"floor":12.0,"key":"Dexterity Potion"},{"floor":14.0,"key":"Ancient Potion"}],"is_trial":false,"path_per_floor":["M","?","?","T","M","R","E","M","T","E","R","E","R","M","R","B"],"character_chosen":"THE_SILENT","items_purchased":[],"campfire_rested":0,"item_purchase_floors":[],"current_hp_per_floor":[63,49,49,49,49,49,49,45,45,27,27,17,17,6,6,0,0],"gold":379,"neow_bonus":"THREE_ENEMY_KILL","is_daily":false,"chose_seed":false,"campfire_upgraded":4,"win_rate":0.0,"timestamp":1610094263,"path_taken":["M","?","?","?","M","R","E","M","T","E","R","E","R","M","R","BOSS"],"items_purchased_type":[],"build_version":"2020-12-22","purchased_purges":0,"victory":false,"max_hp_per_floor":[70,70,70,70,70,70,70,70,70,70,70,70,70,70,70,70,70],"card_choices":[{"not_picked":["Setup","Sucker Punch"],"picked":"Backflip","floor":1.0},{"not_picked":["Accuracy","Deadly Poison"],"picked":"Poisoned Stab","floor":5.0},{"not_picked":["Acrobatics","Sucker Punch"],"picked":"Dagger Throw","floor":7.0},{"not_picked":["Deflect","Deadly Poison"],"picked":"Endless Agony","floor":8.0},{"not_picked":["Terror","Backstab"],"picked":"Burst","floor":10.0},{"not_picked":["Slice","Distraction"],"picked":"Caltrops","floor":12.0},{"not_picked":["Slice","Terror"],"picked":"Infinite Blades","floor":14.0}],"player_experience":381423,"relics_obtained":[{"floor":4.0,"key":"Shuriken"},{"floor":7.0,"key":"Ice Cream"},{"floor":9.0,"key":"Happy Flower"},{"floor":10.0,"key":"Smiling Mask"},{"floor":12.0,"key":"War Paint"}],"event_choices":[{"damage_healed":0.0,"max_hp_gain":0.0,"max_hp_loss":0.0,"gold_gain":0.0,"event_name":"Shining Light","player_choice":"Entered Light","floor":2.0,"gold_loss":0.0,"damage_taken":14.0,"cards_upgraded":["Strike_G","Strike_G"]},{"damage_healed":0.0,"max_hp_gain":0.0,"max_hp_loss":0.0,"gold_gain":0.0,"event_name":"Golden Idol","player_choice":"Take Wound","floor":3.0,"gold_loss":0.0,"damage_taken":0.0,"relics_obtained":["Golden Idol"],"cards_obtained":["Injury"]}],"is_beta":false,"boss_relics":[],"items_purged_floors":[],"is_endless":false,"potions_floor_spawned":[7,10,12,14],"killed_by":"The Guardian","ascension_level":12}}