{"host":"dtm4abeon6jfxj1d","time":1610129238,"event":{"mods":["BaseMod","Downfall","Minty Spire (QoL Compilation)","Rare Cards Sparkle","StSLib"],"gold_per_floor":[118,193,50,50,67,67,17,50,50,50,65,75,0,27,27,104,104,124,124,124,140,104,138,138,154,154,154,154,172,172,189,189,268,268,268,268],"floor_reached":35,"playtime":1694,"items_purged":["Strike_P"],"score":672,"play_id":"8571a6b2-89bc-4c3e-8db6-2274af5ae7c6","local_time":"20210108130718","is_ascension_mode":true,"campfire_choices":[{"data":"Vigilance","floor":6.0,"key":"SMITH"},{"floor":10.0,"key":"REST"},{"data":"Judgement","floor":15.0,"key":"SMITH"},{"floor":24.0,"key":"REST"},{"data":"Fasting2","floor":28.0,"key":"SMITH"},{"floor":32.0,"key":"REST"}],"circlet_count":0,"master_deck":["AscendersBane","Defend_P","Defend_P","Defend_P","Eruption+1","Vigilance+1","SandsOfTime+1","WreathOfFlame+1","MentalFortress+1","EmptyFist","Collect","Judgement+1","DevaForm","MentalFortress","Fasting2+1","EmptyBody","Ragnarok"],"relics":["Astrolabe","Lantern","StoneCalendar","Orichalcum","Shuriken","VioletLotus","Damaru","Tiny Chest","Nunchaku","Spirit Poop","Cursed Key"],"acts_visited":["Exordium","TheCity","TheBeyond"],"potions_floor_usage":[],"damage_taken":[{"damage":0.0,"enemies":"2 Louse","floor":1.0,"turns":2.0},{"damage":4.0,"enemies":"Jaw Worm","floor":5.0,"turns":3.0},{"damage":24.0,"enemies":"3 Sentries","floor":8.0,"turns":8.0},{"damage":0.0,"enemies":"Small Slimes","floor":11.0,"turns":4.0},{"damage":0.0,"enemies":"2 Fungi Beasts","floor":12.0,"turns":3.0},{"damage":0.0,"enemies":"Lagavulin","floor":14.0,"turns":4.0},{"damage":18.0,"enemies":"Hexaghost","floor":16.0,"turns":8.0},{"damage":13.0,"enemies":"3 Byrds","floor":18.0,"turns":5.0},{"damage":4.0,"enemies":"Shell Parasite","floor":21.0,"turns":4.0},{"damage":29.0,"enemies":"Gremlin Leader","floor":23.0,"turns":7.0},{"damage":3.0,"enemies":"Shelled Parasite and Fungi","floor":25.0,"turns":5.0},{"damage":1.0,"enemies":"Snecko","floor":29.0,"turns":7.0},{"damage":9.0,"enemies":"3 Cultists","floor":31.0,"turns":7.0},{"damage":39.0,"enemies":"Champ","floor":33.0,"turns":16.0},{"damage":65,"enemies":"3 Darklings","floor":35,"turns":5}],"seed_played":"2478426347108126731","potions_obtained":[{"floor":8.0,"key":"SkillPotion"},{"floor":12.0,"key":"SteroidPotion"},{"floor":16.0,"key":"AttackPotion"},{"floor":23.0,"key":"EssenceOfSteel"},{"floor":25.0,"key":"Strength Potion"},{"floor":29.0,"key":"BlessingOfTheForge"}],"is_trial":false,"path_per_floor":["M","?","$","?","M","R","?","E","T","R","M","M","$","E","R","B",null,"M","?","?","M","$","E","R","M","T","?","R","M","?","M","R","B",null,"M"],"character_chosen":"WATCHER","items_purchased":["Lantern","Fasting2"],"campfire_rested":3,"item_purchase_floors":[3,22],"current_hp_per_floor":[65,54,54,54,50,50,50,26,26,47,47,47,47,47,47,29,61,48,48,48,44,44,15,36,33,33,33,33,32,32,23,44,5,55,0,0],"gold":268,"neow_bonus":"BOSS_RELIC","is_daily":false,"chose_seed":false,"campfire_upgraded":3,"win_rate":0.0,"timestamp":1610129238,"path_taken":["M","?","$","?","M","R","?","E","T","R","M","M","$","E","R","BOSS","M","?","?","M","?","E","R","?","T","?","R","M","?","M","R","BOSS","M"],"items_purchased_type":["Relic","Card"],"build_version":"2020-12-22","purchased_purges":1,"victory":false,"max_hp_per_floor":[72,72,72,72,72,72,72,72,72,72,72,72,72,72,72,72,72,72,72,72,72,72,72,72,72,72,72,72,72,72,72,72,72,72,72,72],"card_choices":[{"not_picked":["CutThroughFate","Collect","SashWhip"],"picked":"SKIP","floor":1.0},{"not_picked":["ClearTheMind","CrushJoints","Prostrate"],"picked":"SKIP","floor":5.0},{"not_picked":["Halt","FearNoEvil"],"picked":"EmptyFist","floor":8.0},{"not_picked":["Prostrate","ReachHeaven"],"picked":"Collect","floor":11.0},{"not_picked":["CrushJoints","BowlingBash","FearNoEvil"],"picked":"SKIP","floor":12.0},{"not_picked":["Evaluate","FlurryOfBlows"],"picked":"Judgement","floor":14.0},{"not_picked":["MasterReality","Scrawl"],"picked":"DevaForm","floor":16.0},{"not_picked":["WheelKick","CrushJoints+1"],"picked":"MentalFortress","floor":18.0},{"not_picked":["Protect","CutThroughFate","FollowUp"],"picked":"SKIP","floor":21.0},{"not_picked":["Vengeance","Fasting2","FlyingSleeves"],"picked":"SKIP","floor":23.0},{"not_picked":["Protect","WindmillStrike"],"picked":"EmptyBody","floor":25.0},{"not_picked":["ReachHeaven","EmptyBody","Consecrate"],"picked":"SKIP","floor":29.0},{"not_picked":["EmptyFist","Protect","WaveOfTheHand"],"picked":"SKIP","floor":31.0},{"not_picked":["ConjureBlade","Wish"],"picked":"Ragnarok","floor":33.0}],"player_experience":189928,"relics_obtained":[{"floor":8.0,"key":"StoneCalendar"},{"floor":9.0,"key":"Orichalcum"},{"floor":14.0,"key":"Shuriken"},{"floor":23.0,"key":"Damaru"},{"floor":26.0,"key":"Tiny Chest"}],"event_choices":[{"damage_healed":0.0,"max_hp_gain":0.0,"max_hp_loss":0.0,"gold_gain":75.0,"event_name":"World of Goop","player_choice":"Gather Gold","floor":2.0,"gold_loss":0.0,"damage_taken":11.0},{"damage_healed":0.0,"max_hp_gain":0.0,"max_hp_loss":0.0,"gold_gain":0.0,"event_name":"Living Wall","player_choice":"Grow","floor":4.0,"gold_loss":0.0,"damage_taken":0.0,"cards_upgraded":["Eruption"]},{"cards_removed":["Strike_P"],"damage_healed":0.0,"max_hp_gain":0.0,"max_hp_loss":0.0,"gold_gain":0.0,"event_name":"The Cleric","player_choice":"Card Removal","floor":7.0,"gold_loss":50.0,"damage_taken":0.0},{"damage_healed":0.0,"max_hp_gain":0.0,"max_hp_loss":0.0,"gold_gain":0.0,"event_name":"Vampires","player_choice":"Ignored","floor":19.0,"gold_loss":0.0,"damage_taken":0.0},{"damage_healed":0.0,"max_hp_gain":0.0,"max_hp_loss":0.0,"gold_gain":0.0,"event_name":"Ghosts","player_choice":"Ignored","floor":20.0,"gold_loss":0.0,"damage_taken":0.0},{"damage_healed":0.0,"max_hp_gain":0.0,"max_hp_loss":0.0,"gold_gain":0.0,"event_name":"Addict","player_choice":"Stole Relic","floor":27.0,"gold_loss":0.0,"damage_taken":0.0,"relics_obtained":["Nunchaku"],"cards_obtained":["Shame"]},{"cards_removed":["Shame"],"damage_healed":0.0,"max_hp_gain":0.0,"max_hp_loss":0.0,"gold_gain":0.0,"event_name":"Bonfire Elementals","player_choice":"Offered Curse","floor":30.0,"gold_loss":0.0,"damage_taken":0.0,"relics_obtained":["Spirit Poop"]}],"is_beta":false,"boss_relics":[{"not_picked":["Runic Dome","Coffee Dripper"],"picked":"VioletLotus"},{"not_picked":["Pandora\u0027s Box","Runic Pyramid"],"picked":"Cursed Key"}],"items_purged_floors":[13],"is_endless":false,"potions_floor_spawned":[8,12,16,23,25,29,31],"killed_by":"3 Darklings","ascension_level":13}}