{"host":"7bq03hoxj93t1m8n","time":1610080961,"event":{"mods":["2.2 Compatiblity","Ascension Unlocker","BaseMod","Colored Map","DeckTracker","Highlight Path","KOR Keyword Fix","Keyboard Shortcuts","Minty Spire (QoL Compilation)","Permanent Neow","Quick Restart","Random Character Button","StSLib","SuperFastMode","everything is the same but u backflip on backflip"],"gold_per_floor":[118,218,238,253,32,32,44,44,70,70,17,37,68,84,84,185,185,198,211,36,54,74,74,74,25,25,25,25,25,53,122,122,220,220,232,282,26,46,91,120,120,155,180,180,209,259,259,309,309,309,309],"floor_reached":50,"playtime":1900,"items_purged":["Strike_R","Strike_R"],"score":595,"play_id":"2d8da425-111b-4096-8fca-c266fe100dee","local_time":"20210108134241","is_ascension_mode":false,"campfire_choices":[{"data":"Shockwave","floor":6.0,"key":"SMITH"},{"data":"Sword Boomerang","floor":8.0,"key":"SMITH"},{"data":"Pommel Strike","floor":10.0,"key":"SMITH"},{"data":"Flex","floor":15.0,"key":"SMITH"},{"data":"Barricade","floor":23.0,"key":"SMITH"},{"data":"HandOfGreed","floor":27,"key":"SMITH"},{"data":"Bloodletting","floor":29,"key":"SMITH"},{"data":"Pommel Strike","floor":32,"key":"SMITH"},{"floor":41,"key":"REST"},{"data":"Entrench","floor":44,"key":"SMITH"},{"data":"Perfected Strike","floor":47,"key":"SMITH"},{"floor":49,"key":"REST"}],"circlet_count":0,"master_deck":["Strike_R","Strike_R","Strike_R","Defend_R","Defend_R","Defend_R","Defend_R","Bash","Shockwave+1","Pommel Strike+1","Pommel Strike+1","Sword Boomerang+1","Flex+1","Bloodletting+1","Ghostly Armor","Barricade+1","Armaments+1","Perfected Strike+1","HandOfGreed+1","Warcry+1","Twin Strike","Whirlwind+1","Entrench+1","Sword Boomerang+1","Mind Blast+1","Rage+1","Parasite","Flame Barrier+1","Flex+1"],"relics":["Burning Blood","Vajra","Oddly Smooth Stone","Boot","Philosopher\u0027s Stone","Nilry\u0027s Codex","Molten Egg 2","SsserpentHead","Lantern","Runic Cube","HandDrill","Bottled Lightning","Juzu Bracelet","Pen Nib"],"acts_visited":["Exordium","TheCity","TheBeyond"],"potions_floor_usage":[25,33,33,39,40,50,50],"damage_taken":[{"damage":1.0,"enemies":"Cultist","floor":1.0,"turns":4.0},{"damage":16.0,"enemies":"2 Louse","floor":3.0,"turns":3.0},{"damage":3.0,"enemies":"Small Slimes","floor":4.0,"turns":3.0},{"damage":4.0,"enemies":"Looter","floor":7.0,"turns":3.0},{"damage":0.0,"enemies":"Lots of Slimes","floor":12.0,"turns":1.0},{"damage":11.0,"enemies":"Lagavulin","floor":13.0,"turns":5.0},{"damage":0.0,"enemies":"Exordium Thugs","floor":14.0,"turns":3.0},{"damage":69.0,"enemies":"The Guardian","floor":16.0,"turns":15.0},{"damage":20.0,"enemies":"3 Byrds","floor":18.0,"turns":6.0},{"damage":11.0,"enemies":"2 Thieves","floor":19.0,"turns":4.0},{"damage":9.0,"enemies":"Snake Plant","floor":21.0,"turns":2.0},{"damage":19.0,"enemies":"Snecko","floor":22.0,"turns":5.0},{"damage":15,"enemies":"Gremlin Leader","floor":30,"turns":6},{"damage":6,"enemies":"Shelled Parasite and Fungi","floor":31,"turns":3},{"damage":12,"enemies":"Champ","floor":33,"turns":7},{"damage":21,"enemies":"3 Darklings","floor":35,"turns":3},{"damage":13,"enemies":"Orb Walker","floor":38,"turns":2},{"damage":12,"enemies":"Writhing Mass","floor":39,"turns":5},{"damage":47,"enemies":"Reptomancer","floor":40,"turns":4},{"damage":9,"enemies":"Sphere and 2 Shapes","floor":42,"turns":4},{"damage":18,"enemies":"Nemesis","floor":45,"turns":5},{"damage":65,"enemies":"Awakened One","floor":50,"turns":7}],"seed_played":"-7800786279869919663","potions_obtained":[{"floor":1.0,"key":"Energy Potion"},{"floor":4.0,"key":"AttackPotion"},{"floor":13.0,"key":"BloodPotion"},{"floor":14.0,"key":"Ancient Potion"},{"floor":30,"key":"Block Potion"},{"floor":31,"key":"CultistPotion"},{"floor":33,"key":"BloodPotion"},{"floor":38,"key":"AttackPotion"},{"floor":39,"key":"Strength Potion"}],"is_trial":false,"path_per_floor":["M","?","M","M","$","R","M","R","T","R","$","M","E","M","R","B",null,"M","M","$","M","M","R","?","$","T","R","?","R","E","M","R","B",null,"M","?","$","M","M","E","R","M","T","R","E","?","R","?","R","B"],"character_chosen":"IRONCLAD","items_purchased":["Vajra","Flex","HandOfGreed","FearPotion","HandDrill"],"campfire_rested":2,"item_purchase_floors":[5,11,20,25,37],"current_hp_per_floor":[80,80,70,73,73,73,75,75,75,75,75,80,75,80,80,17,80,66,61,61,58,45,45,29,45,45,45,45,45,36,36,36,30,80,65,60,60,53,63,22,46,43,43,43,31,31,31,31,53,0,0],"gold":309,"neow_bonus":"","is_daily":false,"chose_seed":false,"campfire_upgraded":10,"win_rate":0.0,"timestamp":1610080961,"path_taken":["M","?","M","M","$","R","M","R","T","R","$","M","E","M","R","BOSS","M","M","?","M","?","R","?","$","T","R","?","R","E","?","R","BOSS","M","?","$","M","M","E","R","M","T","R","E","?","R","?","R","BOSS"],"items_purchased_type":["Relic","Card","Card","Potion","Relic"],"build_version":"2020-12-22","purchased_purges":2,"victory":false,"max_hp_per_floor":[80,80,80,80,80,80,80,80,80,80,80,80,80,80,80,80,80,80,80,80,80,80,80,80,80,80,80,80,80,80,80,80,80,80,80,80,80,80,80,80,80,80,80,80,80,80,80,76,76,76,76],"card_choices":[{"not_picked":["Rage","Rampage"],"picked":"Shockwave","floor":1.0},{"not_picked":["True Grit","Rage"],"picked":"Pommel Strike","floor":3.0},{"not_picked":["Thunderclap","Sever Soul"],"picked":"Pommel Strike","floor":4.0},{"not_picked":["Rage","Fire Breathing"],"picked":"Sword Boomerang","floor":7.0},{"not_picked":["Burning Pact","Warcry"],"picked":"Bloodletting","floor":12.0},{"not_picked":["Headbutt","Clothesline"],"picked":"Ghostly Armor","floor":13.0},{"not_picked":["Body Slam","Clash","Second Wind"],"picked":"SKIP","floor":14.0},{"not_picked":["Double Tap","Brutality"],"picked":"Barricade","floor":16.0},{"not_picked":["Pommel Strike","Clothesline+1"],"picked":"Armaments+1","floor":18.0},{"not_picked":["Twin Strike","Armaments"],"picked":"Perfected Strike","floor":19.0},{"not_picked":["Twin Strike","Pommel Strike"],"picked":"Warcry+1","floor":21.0},{"not_picked":["Hemokinesis","Feel No Pain"],"picked":"Twin Strike","floor":22.0},{"not_picked":["Shrug It Off","True Grit"],"picked":"Whirlwind+1","floor":30},{"not_picked":["Combust","Armaments"],"picked":"Entrench","floor":31},{"not_picked":["Pommel Strike+1","Twin Strike+1"],"picked":"Sword Boomerang+1","floor":35},{"not_picked":["The Bomb","Dramatic Entrance+1"],"picked":"Mind Blast+1","floor":36},{"not_picked":["Flex","Pommel Strike+1"],"picked":"Rage+1","floor":38},{"not_picked":["Second Wind","Whirlwind+1"],"picked":"Flame Barrier","floor":39},{"not_picked":["Reckless Charge+1","Cleave+1","Armaments+1"],"picked":"SKIP","floor":40},{"not_picked":["True Grit","Anger+1"],"picked":"Flex+1","floor":42},{"not_picked":["Reaper+1","Twin Strike+1","Fire Breathing"],"picked":"SKIP","floor":45}],"player_experience":0,"relics_obtained":[{"floor":9.0,"key":"Oddly Smooth Stone"},{"floor":13.0,"key":"Boot"},{"floor":24,"key":"Nilry\u0027s Codex"},{"floor":26,"key":"Molten Egg 2"},{"floor":30,"key":"Lantern"},{"floor":40,"key":"Bottled Lightning"},{"floor":43,"key":"Juzu Bracelet"},{"floor":45,"key":"Pen Nib"}],"event_choices":[{"damage_healed":0.0,"max_hp_gain":0.0,"max_hp_loss":0.0,"gold_gain":100.0,"event_name":"Wheel of Change","player_choice":"Gold","floor":2.0,"gold_loss":0.0,"damage_taken":0.0},{"damage_healed":0,"gold_gain":0,"player_choice":"Obtained Book","damage_taken":16,"max_hp_gain":0,"max_hp_loss":0,"event_name":"Cursed Tome","floor":24,"gold_loss":0},{"damage_healed":0,"gold_gain":0,"player_choice":"Trade","damage_taken":0,"relics_obtained":["SsserpentHead"],"max_hp_gain":0,"max_hp_loss":0,"event_name":"FaceTrader","floor":28,"gold_loss":0},{"damage_healed":0,"gold_gain":0,"player_choice":"Memory 2","damage_taken":5,"max_hp_gain":0,"max_hp_loss":0,"event_name":"SensoryStone","floor":36,"gold_loss":0},{"damage_healed":0,"gold_gain":0,"player_choice":"Upgraded","damage_taken":0,"max_hp_gain":0,"max_hp_loss":0,"event_name":"Upgrade Shrine","floor":46,"gold_loss":0,"cards_upgraded":["Flame Barrier"]},{"damage_healed":0,"gold_gain":0,"player_choice":"Max HP","damage_taken":0,"max_hp_gain":0,"max_hp_loss":4,"event_name":"Winding Halls","floor":48,"gold_loss":0}],"is_beta":false,"boss_relics":[{"not_picked":["SlaversCollar","Empty Cage"],"picked":"Philosopher\u0027s Stone"},{"not_picked":["Snecko Eye","Coffee Dripper"],"picked":"Runic Cube"}],"items_purged_floors":[5,37],"is_endless":false,"potions_floor_spawned":[1,4,13,14,30,31,33,38,39],"killed_by":"Awakened One","ascension_level":0}}