{"host":"5m2js577gj4e7pak","time":1610112017,"event":{"mods":["AchievementEnabler","BaseMod","Better Match","BetterRewards","Colored Map","Colored Powertips","Googly Eyes","Highlight Path","Lobotomy","LobotomyExtend","Minty Spire (QoL Compilation)","Quick Restart","Relic Filter","StSLib"],"gold_per_floor":[113,113,113,130,130,130,158,158,158,158,333,333,333,366,366,366,366],"floor_reached":16,"playtime":496,"items_purged":[],"score":109,"play_id":"168a0962-6650-4a8c-9cd4-58a90b78856f","local_time":"20210108142017","is_ascension_mode":true,"campfire_choices":[{"floor":15,"key":"REST"}],"circlet_count":0,"master_deck":["SpecialBullet","SpecialBullet","SpecialBullet","SpecialBullet","SpecialBullet","SpecialBullet","SpecialBullet","ExtractionCode","SecurityCode","InformationCode","RapturousDream","OSAHOGD","RapturousDream+1","Dazed","RapturousDream","Pinks","SwordSharpenedByTears+1","Doubt","Lamp+1","DespairKnight","Wingbeat"],"relics":["CogitoBucket","Bird Faced Urn","LetterFromLob","LaetitiaHeart","Mercury Hourglass","Ornamental Fan","HornCleat","Letter Opener","Whetstone"],"acts_visited":["Exordium"],"potions_floor_usage":[14,16],"damage_taken":[{"damage":11,"enemies":"Jaw Worm","floor":1,"turns":3},{"damage":0,"enemies":"Small Slimes","floor":4,"turns":3},{"damage":0,"enemies":"Small Slimes","floor":5,"turns":8},{"damage":23,"enemies":"Lagavulin","floor":7,"turns":8},{"damage":18,"enemies":"Gremlin Nob","floor":14,"turns":6},{"damage":44,"enemies":"The Guardian","floor":16,"turns":9}],"seed_played":"830298253454726011","potions_obtained":[{"floor":4,"key":"BlessingOfTheForge"},{"floor":14,"key":"Fire Potion"}],"is_trial":false,"path_per_floor":["M","?","?","M","?","R","E","R","T","R","?","T","?","E","R","B"],"character_chosen":"Angela","items_purchased":[],"campfire_rested":1,"item_purchase_floors":[],"current_hp_per_floor":[46,39,39,47,55,55,40,40,40,40,40,40,22,22,43,0,0],"gold":366,"neow_bonus":"ONE_RARE_RELIC","is_daily":false,"chose_seed":false,"campfire_upgraded":0,"win_rate":0.0,"timestamp":1610112017,"path_taken":["M","?","?","?","?","R","E","R","T","R","?","?","?","E","R","BOSS"],"items_purchased_type":[],"build_version":"2020-12-22","purchased_purges":0,"victory":false,"max_hp_per_floor":[70,70,70,70,70,70,70,70,70,70,70,70,70,70,70,70,70],"card_choices":[{"not_picked":["Spore"],"picked":"RapturousDream","floor":1},{"not_picked":["MeatLantern","PunishingBird"],"picked":"OSAHOGD","floor":1},{"not_picked":["GrinderMk4"],"picked":"RapturousDream","floor":1},{"not_picked":["Horn"],"picked":"BlackSwan_ego","floor":4},{"not_picked":["FourthMatchFlame"],"picked":"RapturousDream","floor":4},{"not_picked":["CUTE"],"picked":"Pinks","floor":7},{"not_picked":["Penitence"],"picked":"SwordSharpenedByTears","floor":7},{"not_picked":["Lantern"],"picked":"Lamp","floor":14},{"not_picked":["CENSORED","Bloodbath"],"picked":"DespairKnight","floor":14},{"not_picked":["Tough"],"picked":"Wingbeat","floor":14}],"player_experience":34266,"relics_obtained":[{"floor":1,"key":"LetterFromLob"},{"floor":7,"key":"Mercury Hourglass"},{"floor":9,"key":"Ornamental Fan"},{"floor":12,"key":"HornCleat"},{"floor":14,"key":"Whetstone"}],"event_choices":[{"cards_removed":["SpecialBullet"],"damage_healed":0,"gold_gain":0,"player_choice":"Card Removal","damage_taken":7,"max_hp_gain":0,"max_hp_loss":0,"event_name":"Golden Wing","floor":2,"gold_loss":0},{"damage_healed":0,"gold_gain":0,"player_choice":"Grow","damage_taken":0,"max_hp_gain":0,"max_hp_loss":0,"event_name":"Living Wall","floor":3,"gold_loss":0,"cards_upgraded":["RapturousDream"]},{"damage_healed":0,"gold_gain":175,"player_choice":"AGREE","damage_taken":0,"max_hp_gain":0,"max_hp_loss":0,"event_name":"Liars Game","floor":11,"gold_loss":0,"cards_obtained":["Doubt"]},{"damage_healed":0,"gold_gain":0,"player_choice":"Success","damage_taken":18,"relics_obtained":["Letter Opener"],"max_hp_gain":0,"max_hp_loss":0,"event_name":"Scrap Ooze","floor":13,"gold_loss":0}],"is_beta":false,"boss_relics":[],"items_purged_floors":[],"is_endless":false,"potions_floor_spawned":[4,14],"killed_by":"The Guardian","ascension_level":1}}