{"host":"qrt7o4dq2qslzw13","time":1610088655,"event":{"mods":["AchievementEnabler","BaseMod","Colored Map","Colored Powertips","Minty Spire (QoL Compilation)","Quick Restart","StSLib","SuperFastMode"],"gold_per_floor":[112,18,37,212,223,223,77,88,88,88,88,88,88,151,151,250,250,268,278,35,104,117,117,48,98,173,18,68,101,101,167,167,262,262,282,15,32,32,32],"floor_reached":38,"playtime":1514,"items_purged":["Bouncing Flask"],"score":611,"play_id":"96691698-c48a-449a-913a-1ff5e8641b57","local_time":"20210108015055","is_ascension_mode":true,"campfire_choices":[{"data":"Catalyst","floor":6.0,"key":"SMITH"},{"data":"Night Terror","floor":10.0,"key":"SMITH"},{"data":"Deadly Poison","floor":11.0,"key":"SMITH"},{"data":"Crippling Poison","floor":12.0,"key":"SMITH"},{"floor":15.0,"key":"REST"},{"floor":23.0,"key":"REST"},{"data":"Footwork","floor":30.0,"key":"SMITH"},{"floor":32.0,"key":"REST"}],"circlet_count":0,"master_deck":["AscendersBane","Survivor","Neutralize","Deadly Poison+1","Blind","Crippling Poison+1","Doubt","Catalyst+1","Night Terror+1","Deflect+1","Escape Plan","Doppelganger","Deadly Poison","Crippling Poison+1","Purity","Deadly Poison","Footwork+1","Dark Shackles","Reflex","Wraith Form v2","Concentrate","Wraith Form v2","Dagger Spray","Phantasmal Killer","Bane","Dagger Spray","Sucker Punch","Outmaneuver","Dagger Spray","Blade Dance","Cloak And Dagger","Footwork","Acrobatics","Prepared"],"relics":["Ring of the Snake","NeowsBlessing","WingedGreaves","SsserpentHead","Runic Pyramid","DollysMirror","Enchiridion","Ninja Scroll","Dead Branch","Pandora\u0027s Box","Regal Pillow"],"acts_visited":["Exordium","TheCity","TheBeyond"],"potions_floor_usage":[35,38],"damage_taken":[{"damage":0.0,"enemies":"Jaw Worm","floor":1.0,"turns":1.0},{"damage":0.0,"enemies":"2 Louse","floor":3.0,"turns":1.0},{"damage":0.0,"enemies":"Cultist","floor":5.0,"turns":1.0},{"damage":11.0,"enemies":"3 Louse","floor":8.0,"turns":3.0},{"damage":2.0,"enemies":"Gremlin Gang","floor":14.0,"turns":3.0},{"damage":24.0,"enemies":"Hexaghost","floor":16.0,"turns":6.0},{"damage":2.0,"enemies":"Chosen","floor":18.0,"turns":4.0},{"damage":10.0,"enemies":"Shell Parasite","floor":21.0,"turns":4.0},{"damage":15.0,"enemies":"Snake Plant","floor":22.0,"turns":3.0},{"damage":1.0,"enemies":"Gremlin Leader","floor":29.0,"turns":6.0},{"damage":14.0,"enemies":"Shelled Parasite and Fungi","floor":31.0,"turns":5.0},{"damage":37.0,"enemies":"Automaton","floor":33.0,"turns":9.0},{"damage":51,"enemies":"3 Darklings","floor":35,"turns":7},{"damage":5,"enemies":"Orb Walker","floor":37,"turns":4},{"damage":8,"enemies":"Spire Growth","floor":38,"turns":5}],"seed_played":"-1756950066666741248","potions_obtained":[{"floor":5.0,"key":"SpeedPotion"},{"floor":8.0,"key":"Fruit Juice"},{"floor":16.0,"key":"ColorlessPotion"},{"floor":22.0,"key":"SpeedPotion"},{"floor":28.0,"key":"Weak Potion"},{"floor":28.0,"key":"CultistPotion"},{"floor":31.0,"key":"Block Potion"}],"is_trial":false,"path_per_floor":["M","$","M","?","M","R","$","M","T","R","R","R","?","M","R","B",null,"M","?","$","M","M","R","$","?","T","$","?","E","R","M","R","B",null,"M","$","M","M"],"character_chosen":"THE_SILENT","items_purchased":["Blind","Night Terror","DollysMirror","Purity","Footwork","Dark Shackles","Reflex","Regal Pillow","Prepared"],"campfire_rested":3,"item_purchase_floors":[2,7,20,20,24,27,27,36,36],"current_hp_per_floor":[63,63,63,63,63,63,63,57,57,57,57,57,57,55,75,51,69,67,67,67,57,42,64,64,48,48,48,48,47,47,33,55,18,61,10,10,5,0,0],"gold":32,"neow_bonus":"THREE_ENEMY_KILL","is_daily":false,"chose_seed":false,"campfire_upgraded":5,"win_rate":0.0,"timestamp":1610088655,"path_taken":["M","$","M","?","M","R","$","M","T","R","R","R","?","?","R","BOSS","M","?","$","?","M","R","$","?","T","$","?","E","R","?","R","BOSS","M","$","M","M"],"items_purchased_type":["Card","Card","Relic","Card","Card","Card","Card","Relic","Card"],"build_version":"2020-12-22","purchased_purges":1,"victory":false,"max_hp_per_floor":[70,70,70,70,70,70,70,75,75,75,75,75,75,75,75,75,75,75,75,75,75,75,75,75,75,75,75,75,75,75,75,75,75,75,75,75,75,75,75],"card_choices":[{"not_picked":["Slice","Blade Dance"],"picked":"Deadly Poison","floor":1.0},{"not_picked":["Quick Slash","Blade Dance"],"picked":"Crippling Poison","floor":3.0},{"not_picked":["Calculated Gamble","Infinite Blades"],"picked":"Catalyst","floor":5.0},{"not_picked":["Underhanded Strike","Heel Hook"],"picked":"Deflect","floor":8.0},{"not_picked":["Setup","Terror"],"picked":"Escape Plan","floor":14.0},{"not_picked":["Storm of Steel","Die Die Die"],"picked":"Doppelganger","floor":16.0},{"not_picked":["Acrobatics","Eviscerate+1"],"picked":"Deadly Poison","floor":18.0},{"not_picked":["Bane","Deadly Poison","Poisoned Stab+1"],"picked":"SKIP","floor":21.0},{"not_picked":["Bane","Poisoned Stab+1"],"picked":"Deadly Poison","floor":21.0},{"not_picked":["Acrobatics","Quick Slash"],"picked":"Bouncing Flask","floor":22.0},{"not_picked":["Predator","Dodge and Roll+1"],"picked":"Wraith Form v2","floor":29.0},{"not_picked":["Underhanded Strike","Dodge and Roll"],"picked":"Concentrate","floor":31.0},{"not_picked":["Unload","Night Terror"],"picked":"Wraith Form v2","floor":33.0},{"not_picked":["Bane","Well Laid Plans","Acrobatics"],"picked":"SKIP","floor":35},{"not_picked":["Bane","Well Laid Plans"],"picked":"Acrobatics","floor":35},{"not_picked":["Infinite Blades","Masterful Stab+1","Underhanded Strike"],"picked":"SKIP","floor":37}],"player_experience":522937,"relics_obtained":[{"floor":9.0,"key":"WingedGreaves"},{"floor":25.0,"key":"Enchiridion"},{"floor":26.0,"key":"Ninja Scroll"},{"floor":29.0,"key":"Dead Branch"}],"event_choices":[{"damage_healed":0.0,"max_hp_gain":0.0,"max_hp_loss":0.0,"gold_gain":175.0,"event_name":"Liars Game","player_choice":"AGREE","floor":4.0,"gold_loss":0.0,"damage_taken":0.0,"cards_obtained":["Doubt"]},{"damage_healed":0.0,"max_hp_gain":0.0,"max_hp_loss":0.0,"gold_gain":0.0,"event_name":"FaceTrader","player_choice":"Trade","floor":13.0,"gold_loss":0.0,"damage_taken":0.0,"relics_obtained":["SsserpentHead"]},{"damage_healed":0.0,"max_hp_gain":0.0,"max_hp_loss":0.0,"gold_gain":0.0,"event_name":"Designer","player_choice":"Upgrade","floor":19.0,"gold_loss":40.0,"damage_taken":0.0,"cards_upgraded":["Deflect"]},{"damage_healed":0.0,"max_hp_gain":0.0,"max_hp_loss":0.0,"gold_gain":0.0,"event_name":"Cursed Tome","player_choice":"Obtained Book","floor":25.0,"gold_loss":0.0,"damage_taken":16.0},{"damage_healed":0.0,"max_hp_gain":0.0,"max_hp_loss":0.0,"gold_gain":0.0,"event_name":"Lab","player_choice":"Got Potions","floor":28.0,"gold_loss":0.0,"damage_taken":0.0}],"is_beta":false,"boss_relics":[{"not_picked":["Velvet Choker","WristBlade"],"picked":"Runic Pyramid"},{"not_picked":["Snecko Eye","Coffee Dripper"],"picked":"Pandora\u0027s Box"}],"items_purged_floors":[36],"is_endless":false,"potions_floor_spawned":[5,8,16,22,31,33],"killed_by":"Spire Growth","ascension_level":10}}