{"host":"cv77zuuuekizn3ic","time":1610085176,"event":{"mods":["AchievementEnabler","BaseMod","Marisa£®ÏF”Í°°ƒß¿Ì…≥£©","Minty Spire (QoL Compilation)","StSLib","Waifu the Spire","everything is the same but u backflip on backflip","slay the spire mod where everything is the same but ironclad has a cowboy hat"],"gold_per_floor":[115,115,115,115,115,115,150,166,166,180,197,197,41,72,84,96,96],"floor_reached":16,"playtime":334,"items_purged":["Strike_R"],"score":366,"play_id":"27d38c43-1689-4394-8d6f-56352a0d23c2","local_time":"20210108135256","is_ascension_mode":true,"campfire_choices":[{"data":"Headbutt","floor":6.0,"key":"SMITH"},{"data":"Inflame","floor":15.0,"key":"SMITH"}],"circlet_count":0,"master_deck":["AscendersBane","Strike_R","Strike_R","Strike_R","Defend_R+1","Defend_R","Defend_R","Defend_R+1","Bash","Headbutt+1","Pommel Strike+1","Twin Strike","Offering","Inflame+1","Sword Boomerang"],"relics":["Burning Blood","NeowsBlessing","Calipers","PreservedInsect","MawBank"],"acts_visited":["Exordium"],"potions_floor_usage":[16],"damage_taken":[{"damage":0.0,"enemies":"Jaw Worm","floor":1.0,"turns":1.0},{"damage":0.0,"enemies":"3 Sentries","floor":7.0,"turns":2.0},{"damage":0.0,"enemies":"Small Slimes","floor":8.0,"turns":1.0},{"damage":6.0,"enemies":"Cultist","floor":10.0,"turns":3.0},{"damage":20.0,"enemies":"Exordium Thugs","floor":11.0,"turns":4.0},{"damage":21.0,"enemies":"Lagavulin","floor":14.0,"turns":4.0}],"seed_played":"-1703999467711770167","potions_obtained":[{"floor":1.0,"key":"Ancient Potion"},{"floor":8.0,"key":"PowerPotion"}],"is_trial":false,"path_per_floor":["M","?","?","?","?","R","E","M","T","M","M","?","$","E","R","B"],"character_chosen":"IRONCLAD","items_purchased":["Inflame"],"campfire_rested":0,"item_purchase_floors":[13],"current_hp_per_floor":[74,51,46,39,44,44,50,56,56,56,42,42,42,27,27,0,0],"gold":96,"neow_bonus":"THREE_ENEMY_KILL","is_daily":false,"chose_seed":false,"campfire_upgraded":2,"win_rate":0.0,"timestamp":1610085176,"path_taken":["M","?","?","?","?","R","E","M","T","M","?","?","?","E","R","BOSS"],"items_purchased_type":["Card"],"build_version":"2020-12-22","purchased_purges":1,"victory":false,"max_hp_per_floor":[75,75,75,75,80,80,80,80,80,80,80,80,80,80,80,80,80],"card_choices":[{"not_picked":["Intimidate","Heavy Blade"],"picked":"Headbutt","floor":1.0},{"not_picked":["Anger","Wild Strike"],"picked":"Pommel Strike","floor":7.0},{"not_picked":["Flex","Thunderclap","Clash"],"picked":"SKIP","floor":8.0},{"not_picked":["Anger","Havoc"],"picked":"Twin Strike","floor":10.0},{"not_picked":["Clothesline","Perfected Strike"],"picked":"Offering","floor":11.0},{"not_picked":["Twin Strike","Pommel Strike"],"picked":"Sword Boomerang","floor":14.0}],"player_experience":776316,"relics_obtained":[{"floor":7.0,"key":"PreservedInsect"},{"floor":14.0,"key":"MawBank"}],"event_choices":[{"damage_healed":0.0,"max_hp_gain":0.0,"max_hp_loss":0.0,"gold_gain":0.0,"event_name":"Shining Light","player_choice":"Entered Light","floor":2.0,"gold_loss":0.0,"damage_taken":23.0,"cards_upgraded":["Defend_R","Defend_R"]},{"damage_healed":0.0,"max_hp_gain":0.0,"max_hp_loss":0.0,"gold_gain":0.0,"event_name":"Scrap Ooze","player_choice":"Success","floor":3.0,"gold_loss":0.0,"damage_taken":5.0,"relics_obtained":["Calipers"]},{"cards_removed":["Strike_R"],"damage_healed":0.0,"max_hp_gain":0.0,"max_hp_loss":0.0,"gold_gain":0.0,"event_name":"Golden Wing","player_choice":"Card Removal","floor":4.0,"gold_loss":0.0,"damage_taken":7.0},{"damage_healed":0.0,"max_hp_gain":5.0,"max_hp_loss":0.0,"gold_gain":0.0,"event_name":"Big Fish","player_choice":"Donut","floor":5.0,"gold_loss":0.0,"damage_taken":0.0},{"damage_healed":0.0,"max_hp_gain":0.0,"max_hp_loss":0.0,"gold_gain":0.0,"event_name":"Upgrade Shrine","player_choice":"Upgraded","floor":12.0,"gold_loss":0.0,"damage_taken":0.0,"cards_upgraded":["Pommel Strike"]}],"is_beta":false,"boss_relics":[],"items_purged_floors":[13],"is_endless":false,"potions_floor_spawned":[1,8],"killed_by":"The Guardian","ascension_level":20}}