{"host":"ig7tc0uedzltt2sr","time":1610065446,"event":{"mods":["BaseMod","Better Twitch Integration","Block Reminder","Colored Map","Colored Powertips","Communication Mod","Current Relic Mod","GifTheSpireLib","HexUI Lib","Minty Spire (QoL Compilation)","Quick Restart","Random Character Button","Rare Cards Sparkle","Relic Sorter","Relic Stats","Slay the Relics Exporter","StSLib","SuperFastMode","Synergy Search","Twitch Decklist","Twitch Utils","everything is the same but u backflip on backflip","slay the spire mod where everything is the same but ironclad has a cowboy hat"],"gold_per_floor":[119,84,13,13,24,24,38,38,65,83,83,83],"floor_reached":11,"playtime":96,"items_purged":[],"score":63,"play_id":"ed5e8563-3c65-4bc5-8fba-45ef544f2b61","local_time":"20210107162406","is_ascension_mode":false,"campfire_choices":[{"floor":6,"key":"RECALL"},{"data":"Sever Soul","floor":8,"key":"SMITH"}],"circlet_count":0,"master_deck":["Strike_R","Strike_R","Strike_R","Strike_R","Strike_R","Defend_R","Defend_R","Defend_R","Defend_R","Bash","Sever Soul+1","Metallicize","Evolve","Evolve","Seeing Red"],"relics":["Burning Blood"],"acts_visited":["Exordium"],"potions_floor_usage":[],"damage_taken":[{"damage":16,"enemies":"Jaw Worm","floor":1,"turns":11},{"damage":0,"enemies":"2 Louse","floor":5,"turns":6},{"damage":5,"enemies":"Small Slimes","floor":7,"turns":8},{"damage":64,"enemies":"Exordium Wildlife","floor":10,"turns":11},{"damage":32,"enemies":"Lagavulin","floor":11,"turns":6}],"seed_played":"-4148722625375381550","potions_obtained":[{"floor":5,"key":"Block Potion"},{"floor":10,"key":"Energy Potion"}],"is_trial":false,"path_per_floor":["M","?","$","?","M","R","M","R","T","M","E"],"character_chosen":"IRONCLAD","items_purchased":["Metallicize"],"campfire_rested":0,"item_purchase_floors":[3],"current_hp_per_floor":[78,88,88,88,88,88,88,88,88,30,0,0],"gold":83,"neow_bonus":"TEN_PERCENT_HP_BONUS","is_daily":false,"chose_seed":false,"campfire_upgraded":1,"win_rate":0.0,"timestamp":1610065446,"path_taken":["M","?","$","?","?","R","M","R","T","M","E"],"items_purchased_type":["Card"],"build_version":"2020-12-22","purchased_purges":0,"victory":false,"max_hp_per_floor":[88,88,88,88,88,88,88,88,88,88,88,88],"relic_stats":{"counters":[5,42],"obtain_stats":[{"Burning Blood":0},{"Burning Blood":0},{"Burning Blood":0}],"Burning Blood":17},"card_choices":[{"not_picked":["Heavy Blade","True Grit"],"picked":"Sever Soul","floor":1},{"not_picked":["Shrug It Off","Havoc"],"picked":"Evolve","floor":5},{"not_picked":["Searing Blow","Flex"],"picked":"Evolve","floor":7},{"not_picked":["Heavy Blade","Metallicize"],"picked":"Seeing Red","floor":10}],"player_experience":1463639,"relics_obtained":[],"event_choices":[{"damage_healed":22,"gold_gain":0,"player_choice":"Healed","damage_taken":0,"max_hp_gain":0,"max_hp_loss":0,"event_name":"The Cleric","floor":2,"gold_loss":35},{"damage_healed":0,"gold_gain":0,"player_choice":"Ignored","damage_taken":0,"max_hp_gain":0,"max_hp_loss":0,"event_name":"Golden Wing","floor":4,"gold_loss":0}],"is_beta":false,"boss_relics":[],"items_purged_floors":[],"is_endless":false,"potions_floor_spawned":[5,10],"killed_by":"Lagavulin","ascension_level":0}}