{"host":"7gewg82ormp6yt4e","time":1610112667,"event":{"mods":["BaseMod","Block Reminder","Colored Map","Colored Powertips","DeckTracker","Highlight Path","Minty Spire (QoL Compilation)","Relic Stats","StSLib","ojb\u0027s Info Mod"],"gold_per_floor":[113,124,124,124,142,142,172,172,172,192,192,205,31,31,31,102,102,122,122,122,122,142,142,170,189,189,204,219,55,55,72,72,150,150,163,163,1,1,21,51,51,64,146,165,165,176,191,226,226,226,226,226,226,15,15,15],"floor_reached":55,"playtime":4387,"items_purged":[],"score":1823,"play_id":"7645e81f-31e3-4e8f-aef8-1e67b1ba641f","local_time":"20210108223107","is_ascension_mode":true,"campfire_choices":[{"data":"Defragment","floor":6.0,"key":"SMITH"},{"floor":8.0,"key":"REST"},{"data":"Reinforced Body","floor":11.0,"key":"SMITH"},{"data":"Electrodynamics","floor":15.0,"key":"SMITH"},{"floor":23.0,"key":"REST"},{"floor":30.0,"key":"RECALL"},{"floor":32.0,"key":"REST"},{"floor":41.0,"key":"REST"},{"floor":49.0,"key":"REST"},{"floor":53.0,"key":"REST"}],"circlet_count":0,"master_deck":["AscendersBane","Strike_B+1","Strike_B+1","Strike_B+1","Defend_B+1","Defend_B+1","Defend_B+1","Zap","Dualcast","Coolheaded","Undo","Defragment+1","Reinforced Body+1","Undo","Ball Lightning","Conserve Battery","Electrodynamics+1","Reboot","Cold Snap","Doom and Gloom","Seek","Hologram","Fusion+1","Meteor Strike","Cold Snap","Compile Driver+1","Undo","Skim","Meteor Strike","Barrage","Echo Form","Madness","Madness","Barrage+1","Glacier","Madness","Secret Weapon","Deep Breath","Stack+1","Sweeping Beam+1","Beam Cell"],"relics":["Empty Cage","Thread and Needle","Regal Pillow","Prayer Wheel","Fusion Hammer","Gremlin Horn","Vajra","TheAbacus","Inserter","Happy Flower","Ornamental Fan","Anchor","OrangePellets"],"acts_visited":["Exordium","TheCity","TheBeyond","TheEnding"],"potions_floor_usage":[],"damage_taken":[{"damage":3.0,"enemies":"2 Louse","floor":1.0,"turns":4.0},{"damage":5.0,"enemies":"Small Slimes","floor":2.0,"turns":3.0},{"damage":0.0,"enemies":"Jaw Worm","floor":5.0,"turns":4.0},{"damage":21.0,"enemies":"3 Sentries","floor":7.0,"turns":11.0},{"damage":0.0,"enemies":"Exordium Thugs","floor":10.0,"turns":7.0},{"damage":13.0,"enemies":"Exordium Wildlife","floor":12.0,"turns":11.0},{"damage":12.0,"enemies":"The Guardian","floor":16.0,"turns":11.0},{"damage":1.0,"enemies":"3 Byrds","floor":18.0,"turns":3.0},{"damage":0.0,"enemies":"Shell Parasite","floor":22.0,"turns":6.0},{"damage":9.0,"enemies":"Gremlin Leader","floor":24.0,"turns":6.0},{"damage":0.0,"enemies":"Sentry and Sphere","floor":25.0,"turns":3.0},{"damage":0.0,"enemies":"Snake Plant","floor":27.0,"turns":5.0},{"damage":5.0,"enemies":"3 Cultists","floor":28.0,"turns":5.0},{"damage":0.0,"enemies":"Centurion and Healer","floor":31.0,"turns":6.0},{"damage":40.0,"enemies":"Automaton","floor":33.0,"turns":16.0},{"damage":0.0,"enemies":"3 Shapes","floor":35.0,"turns":3.0},{"damage":14.0,"enemies":"Orb Walker","floor":39.0,"turns":5.0},{"damage":13.0,"enemies":"Reptomancer","floor":40.0,"turns":5.0},{"damage":4.0,"enemies":"3 Darklings","floor":42.0,"turns":5.0},{"damage":2.0,"enemies":"Sphere and 2 Shapes","floor":44.0,"turns":5.0},{"damage":1.0,"enemies":"4 Shapes","floor":46.0,"turns":6.0},{"damage":14.0,"enemies":"Jaw Worm Horde","floor":47.0,"turns":5.0},{"damage":7.0,"enemies":"Giant Head","floor":48.0,"turns":10.0},{"damage":19.0,"enemies":"Time Eater","floor":50.0,"turns":14.0},{"damage":27.0,"enemies":"Awakened One","floor":51.0,"turns":13.0},{"damage":79,"enemies":"Shield and Spear","floor":55,"turns":5}],"seed_played":"-1417123871898175538","potions_obtained":[{"floor":7.0,"key":"LiquidBronze"},{"floor":12.0,"key":"FearPotion"},{"floor":16.0,"key":"Ancient Potion"},{"floor":18.0,"key":"Strength Potion"},{"floor":24.0,"key":"DistilledChaos"},{"floor":28.0,"key":"Regen Potion"},{"floor":31.0,"key":"DuplicationPotion"},{"floor":39.0,"key":"Fire Potion"},{"floor":44.0,"key":"Swift Potion"},{"floor":47.0,"key":"Dexterity Potion"}],"is_trial":false,"path_per_floor":["M","M","?","?","M","R","E","R","T","M","R","M","$","?","R","B",null,"M","?","?","?","M","R","E","M","T","M","M","$","R","M","R","B",null,"M","?","$","?","M","E","R","M","T","M","?","M","M","E","R","B","B",null,"R","$","E"],"character_chosen":"DEFECT","items_purchased":["Electrodynamics","TheAbacus","Happy Flower","OrangePellets","SpeedPotion"],"campfire_rested":6,"item_purchase_floors":[13,29,37,54,54],"current_hp_per_floor":[61,56,56,49,49,49,28,64,64,64,64,51,51,51,51,39,63,62,62,62,62,62,71,62,62,62,62,57,57,57,57,71,31,61,61,61,61,48,34,21,57,53,53,51,41,40,26,19,55,36,9,56,71,71,0,0],"gold":15,"neow_bonus":"BOSS_RELIC","is_daily":false,"chose_seed":false,"campfire_upgraded":3,"win_rate":0.0,"timestamp":1610112667,"path_taken":["M","M","?","?","M","R","E","R","T","M","R","M","$","?","R","BOSS","M","?","?","?","M","R","E","M","T","M","M","?","R","M","R","BOSS","M","?","$","?","M","E","R","M","T","M","?","M","M","E","R","BOSS","BOSS","R","$","E"],"items_purchased_type":["Card","Relic","Relic","Relic","Potion"],"build_version":"2020-12-22","purchased_purges":0,"victory":false,"max_hp_per_floor":[71,71,71,71,71,71,71,71,71,71,71,71,71,71,71,71,71,71,71,71,71,71,71,71,71,71,71,71,71,71,71,71,71,71,71,71,71,71,71,71,71,71,71,71,71,71,71,71,71,71,71,71,71,71,71,71],"relic_stats":{"OrangePellets":[0],"Regal Pillow":45,"TheAbacus":[174],"Inserter":[38],"Gremlin Horn":[26,26],"Happy Flower":[24],"counters":[26,177],"Ornamental Fan":[112],"Prayer Wheel":14,"obtain_stats":[{"Regal Pillow":7,"Inserter":34,"Gremlin Horn":24,"Happy Flower":37,"Vajra":26,"Thread and Needle":3,"Empty Cage":0,"OrangePellets":54,"Anchor":48,"TheAbacus":29,"Ornamental Fan":40,"Prayer Wheel":9,"Fusion Hammer":17,"Cracked Core":0},{"Regal Pillow":4,"Inserter":15,"Gremlin Horn":10,"Happy Flower":16,"Vajra":11,"Thread and Needle":2,"Empty Cage":0,"OrangePellets":25,"Anchor":23,"TheAbacus":13,"Ornamental Fan":18,"Prayer Wheel":4,"Fusion Hammer":7,"Cracked Core":0},{"Regal Pillow":22,"Inserter":101,"Gremlin Horn":66,"Happy Flower":104,"Vajra":69,"Thread and Needle":7,"Empty Cage":0,"OrangePellets":172,"Anchor":145,"TheAbacus":79,"Ornamental Fan":114,"Prayer Wheel":22,"Fusion Hammer":51,"Cracked Core":0}]},"card_choices":[{"not_picked":["Turbo","Stack"],"picked":"Coolheaded","floor":1.0},{"not_picked":["Beam Cell","Coolheaded"],"picked":"Undo","floor":2.0},{"not_picked":["Gash","Buffer"],"picked":"Defragment","floor":5.0},{"not_picked":["Steam Power","Sweeping Beam","Hologram"],"picked":"SKIP","floor":7.0},{"not_picked":["Aggregate","Go for the Eyes"],"picked":"Reinforced Body","floor":10.0},{"not_picked":["Barrage","Turbo"],"picked":"Undo","floor":10.0},{"not_picked":["Double Energy","Fusion"],"picked":"Ball Lightning","floor":12.0},{"not_picked":["Leap","Streamline"],"picked":"Conserve Battery","floor":12.0},{"not_picked":["Rainbow","Creative AI"],"picked":"Reboot","floor":16.0},{"not_picked":["Gash","Hologram"],"picked":"Cold Snap","floor":18.0},{"not_picked":["Turbo","Redo","Compile Driver"],"picked":"SKIP","floor":18.0},{"not_picked":["Compile Driver","Stack+1"],"picked":"Seek","floor":22.0},{"not_picked":["Beam Cell","Sweeping Beam","Leap"],"picked":"SKIP","floor":22.0},{"not_picked":["Sunder","Reprogram"],"picked":"Hologram","floor":24.0},{"not_picked":["Go for the Eyes","Compile Driver"],"picked":"Fusion+1","floor":25.0},{"not_picked":["Go for the Eyes","Aggregate","Redo"],"picked":"SKIP","floor":25.0},{"not_picked":["Storm","Compile Driver"],"picked":"Meteor Strike","floor":27.0},{"not_picked":["Melter+1","Gash"],"picked":"Cold Snap","floor":27.0},{"not_picked":["Reinforced Body","Streamline"],"picked":"Compile Driver+1","floor":28.0},{"not_picked":["Self Repair","Streamline"],"picked":"Undo","floor":28.0},{"not_picked":["Go for the Eyes","Compile Driver+1"],"picked":"Skim","floor":31.0},{"not_picked":["Ball Lightning","Cold Snap","Steam+1"],"picked":"SKIP","floor":31.0},{"not_picked":["Creative AI","Fission"],"picked":"Meteor Strike","floor":33.0},{"not_picked":["Cold Snap","Streamline"],"picked":"Barrage","floor":35.0},{"not_picked":["Streamline","White Noise+1"],"picked":"Echo Form","floor":35.0},{"not_picked":["Redo","Aggregate","Leap"],"picked":"SKIP","floor":39.0},{"not_picked":["Cold Snap","Sunder","Reprogram"],"picked":"SKIP","floor":39.0},{"not_picked":["Barrage","Leap","Stack"],"picked":"SKIP","floor":40.0},{"not_picked":["Redo","Ball Lightning"],"picked":"Barrage+1","floor":42.0},{"not_picked":["Redo","Ball Lightning+1"],"picked":"Glacier","floor":42.0},{"not_picked":["Machine Learning","Undo","Doom and Gloom"],"picked":"SKIP","floor":44.0},{"not_picked":["Gash","Chaos","Leap"],"picked":"SKIP","floor":44.0},{"not_picked":["Dramatic Entrance","HandOfGreed"],"picked":"Madness","floor":45.0},{"not_picked":["Dramatic Entrance","Bandage Up"],"picked":"Secret Weapon","floor":45.0},{"not_picked":["Bandage Up","Panacea"],"picked":"Deep Breath","floor":45.0},{"not_picked":["Steam Power+1","Ball Lightning"],"picked":"Stack+1","floor":46.0},{"not_picked":["Reinforced Body","Redo"],"picked":"Sweeping Beam+1","floor":46.0},{"not_picked":["Beam Cell","Sweeping Beam","Streamline"],"picked":"SKIP","floor":47.0},{"not_picked":["Auto Shields","Cold Snap+1","Sweeping Beam"],"picked":"SKIP","floor":47.0},{"not_picked":["Steam Power","Sweeping Beam"],"picked":"Beam Cell","floor":48.0}],"player_experience":2504410,"relics_obtained":[{"floor":7.0,"key":"Regal Pillow"},{"floor":9.0,"key":"Prayer Wheel"},{"floor":24.0,"key":"Gremlin Horn"},{"floor":26.0,"key":"Vajra"},{"floor":40.0,"key":"Ornamental Fan"},{"floor":48.0,"key":"Anchor"}],"event_choices":[{"damage_healed":0.0,"max_hp_gain":0.0,"max_hp_loss":0.0,"gold_gain":0.0,"event_name":"Big Fish","player_choice":"Box","floor":3.0,"gold_loss":0.0,"damage_taken":0.0,"relics_obtained":["Thread and Needle"],"cards_obtained":["Regret"]},{"cards_removed":["Regret"],"damage_healed":0.0,"max_hp_gain":0.0,"max_hp_loss":0.0,"gold_gain":0.0,"event_name":"Golden Wing","player_choice":"Card Removal","floor":4.0,"gold_loss":0.0,"damage_taken":7.0},{"damage_healed":0.0,"max_hp_gain":0.0,"max_hp_loss":0.0,"gold_gain":0.0,"event_name":"Liars Game","player_choice":"Ignored","floor":14.0,"gold_loss":0.0,"damage_taken":0.0},{"damage_healed":0.0,"max_hp_gain":0.0,"max_hp_loss":0.0,"gold_gain":0.0,"event_name":"The Library","player_choice":"Read","floor":19.0,"gold_loss":0.0,"damage_taken":0.0,"cards_obtained":["Doom and Gloom"]},{"damage_healed":0.0,"max_hp_gain":0.0,"max_hp_loss":0.0,"gold_gain":0.0,"event_name":"Vampires","player_choice":"Ignored","floor":20.0,"gold_loss":0.0,"damage_taken":0.0},{"damage_healed":0.0,"max_hp_gain":0.0,"max_hp_loss":0.0,"gold_gain":0.0,"event_name":"Back to Basics","player_choice":"Simplicity","floor":21.0,"gold_loss":0.0,"damage_taken":0.0,"cards_upgraded":["Strike_B","Strike_B","Strike_B","Defend_B","Defend_B","Defend_B"]},{"damage_healed":0.0,"max_hp_gain":0.0,"max_hp_loss":0.0,"gold_gain":0.0,"event_name":"Tomb of Lord Red Mask","player_choice":"Ignored","floor":36.0,"gold_loss":0.0,"damage_taken":0.0},{"damage_healed":0.0,"max_hp_gain":0.0,"max_hp_loss":0.0,"gold_gain":0.0,"event_name":"Winding Halls","player_choice":"Embrace Madness","floor":38.0,"gold_loss":0.0,"damage_taken":13.0,"cards_obtained":["Madness","Madness"]},{"damage_healed":0.0,"max_hp_gain":0.0,"max_hp_loss":0.0,"gold_gain":0.0,"event_name":"SensoryStone","player_choice":"Memory 3","floor":45.0,"gold_loss":0.0,"damage_taken":10.0}],"is_beta":false,"boss_relics":[{"not_picked":["Calling Bell","SlaversCollar"],"picked":"Fusion Hammer"},{"not_picked":["SacredBark","Philosopher\u0027s Stone"],"picked":"Inserter"}],"items_purged_floors":[],"is_endless":false,"potions_floor_spawned":[7,12,16,18,24,28,31,39,44,47],"killed_by":"Shield and Spear","ascension_level":20}}