{"host":"qhn6g0owdgjb77rz","time":1610088882,"event":{"mods":["BaseMod","BetterRewards","Colored Map","Minty Spire (QoL Compilation)","Relic Sorter","Replay The Spire","StSLib"],"gold_per_floor":[140,140,140,208,208,239,239,239,239,239,239,296,296,329,370,409,409,486,486,526,591,516,529,529,529,737,737,786,786,855,894,517,546,546,546,546],"floor_reached":35,"playtime":1732,"items_purged":["Zap"],"score":821,"play_id":"9f2e5d60-276c-4b24-a915-b88773bcc1e1","local_time":"20210108155442","is_ascension_mode":true,"campfire_choices":[{"data":"Go for the Eyes","floor":7,"key":"SMITH"},{"data":"Gash","floor":13,"key":"SMITH"},{"data":"Beam Cell","floor":17,"key":"SMITH"},{"data":"Gash","floor":25,"key":"SMITH"},{"data":"Gash","floor":27,"key":"SMITH"},{"data":"Glacier","floor":29,"key":"SMITH"},{"data":"Pot Of Greed","floor":34,"key":"SMITH"}],"circlet_count":0,"master_deck":["AscendersBane","Strike_B","Strike_B+1","Strike_B","Defend_B+1","Defend_B","Defend_B","Defend_B","Streamline+1","HandOfGreed+1","Go for the Eyes+1","Steam Power+1","Gash+1","ReplayTheSpireMod:System Scan","Beam Cell+1","Glacier+1","Rebound","Gash+1","Gash+1","Seek","Gash","Pot Of Greed+1","Pot Of Greed","Gash"],"relics":["Cracked Core","Meat on the Bone","Geode","Thread and Needle","Sundial","Guide Book","Replay:Kaleidoscope","StrikeDummy","Anchor","InkBottle","Bottled Flame","Mirror","Runic Dome","Prayer Wheel","Potion Belt","Grinning Jar","HandDrill","Replay:Rubber Ducky"],"acts_visited":["Exordium","TheCity"],"potions_floor_usage":[6,18,31,35],"damage_taken":[{"damage":0.0,"enemies":"Jaw Worm","floor":1.0,"turns":5.0},{"damage":0,"enemies":"2 Louse","floor":4,"turns":3},{"damage":0,"enemies":"Gremlin Nob","floor":6,"turns":3},{"damage":8,"enemies":"Lagavulin","floor":12,"turns":4},{"damage":9,"enemies":"Gremlin Nob","floor":14,"turns":3},{"damage":0,"enemies":"Small Slimes","floor":15,"turns":4},{"damage":0,"enemies":"Blue Slaver","floor":16,"turns":5},{"damage":0,"enemies":"The Guardian","floor":18,"turns":9},{"damage":5,"enemies":"Shell Parasite","floor":20,"turns":5},{"damage":5,"enemies":"3 Byrds","floor":21,"turns":5},{"damage":9,"enemies":"Sentry and Sphere","floor":23,"turns":4},{"damage":4,"enemies":"Shelled Parasite and Fungi","floor":30,"turns":5},{"damage":10,"enemies":"Snake Plant","floor":31,"turns":2},{"damage":3,"enemies":"Replay:Snechameleon","floor":33,"turns":4},{"damage":60,"enemies":"Champ","floor":35,"turns":6}],"seed_played":"-3660978215704967213","potions_obtained":[{"floor":4,"key":"Block Potion"},{"floor":16,"key":"Adrenaline Potion"},{"floor":21,"key":"Dexterity Potion"},{"floor":33,"key":"ColorlessPotion"}],"is_trial":false,"path_per_floor":["M","?","?","M","?","E","R","PTL","PTL","?","T","E","R","E","M","M","R","B",null,"M","M","?","M","?","R","?","R","T","R","M","M","$","E","R","B"],"character_chosen":"DEFECT","items_purchased":["Streamline","HandOfGreed","Meat on the Bone","Geode","Sundial","Guide Book","StrikeDummy","Explosive Potion","Grinning Jar","HandDrill"],"campfire_rested":0,"item_purchase_floors":[0,0,0,0,0,0,0,0,32,32],"current_hp_per_floor":[64,64,69,69,54,54,54,54,54,54,54,46,46,49,49,49,49,49,69,64,59,59,50,50,50,50,50,50,50,46,48,48,45,45,0,0],"gold":546,"neow_bonus":"","is_daily":false,"chose_seed":false,"campfire_upgraded":7,"win_rate":0.0,"timestamp":1610088882,"path_taken":["M","?","?","?","?","E","R","PTL","PTL","?","T","E","R","E","M","M","R","BOSS","M","M","?","M","?","R","?","R","T","R","?","M","$","E","R","BOSS"],"items_purchased_type":["Card","Card","Relic","Relic","Relic","Relic","Relic","Potion","Relic","Relic"],"build_version":"2020-12-22","purchased_purges":1,"victory":false,"max_hp_per_floor":[71,71,76,76,76,76,76,76,76,76,76,76,76,76,76,76,76,76,76,76,76,76,76,76,76,76,76,76,76,76,76,76,76,76,76,76],"card_choices":[{"not_picked":["Redo","Streamline"],"picked":"Go for the Eyes","floor":1.0},{"not_picked":["Loop","Cold Snap","Panic Button"],"picked":"SKIP","floor":4},{"not_picked":["Steam","Compile Driver"],"picked":"Gash","floor":6},{"not_picked":["Creative AI","Loop"],"picked":"ReplayTheSpireMod:System Scan","floor":12},{"not_picked":["Steam","Streamline"],"picked":"Beam Cell","floor":14},{"not_picked":["Loop","Compile Driver","Glacier"],"picked":"SKIP","floor":15},{"not_picked":["Loop","Compile Driver"],"picked":"Glacier","floor":15},{"not_picked":["ReplayTheSpireMod:System Scan","Cold Snap","Go for the Eyes"],"picked":"SKIP","floor":16},{"not_picked":["Fission","Amplify"],"picked":"ReplayTheSpireMod:Fabricate Wheel","floor":18},{"not_picked":["Sunder","Auto Shields"],"picked":"Rebound","floor":20},{"not_picked":["Tempest","Turbo+1","Stack"],"picked":"SKIP","floor":20},{"not_picked":["Conserve Battery","BasicCrystalCard","Sweeping Beam"],"picked":"SKIP","floor":21},{"not_picked":["Redo","Auto Shields","Stack"],"picked":"SKIP","floor":21},{"not_picked":["Go for the Eyes","FIFO Queue"],"picked":"Gash","floor":23},{"not_picked":["Turbo","Barrage","Panic Button"],"picked":"SKIP","floor":23},{"not_picked":["Turbo","Loop"],"picked":"Seek","floor":30},{"not_picked":["Rebound","Compile Driver","Barrage"],"picked":"SKIP","floor":30},{"not_picked":["Force Field","Turbo"],"picked":"Gash","floor":31},{"not_picked":["Static Discharge","Conserve Battery","Chaos"],"picked":"SKIP","floor":31},{"not_picked":["Hologram","Coolheaded"],"picked":"Gash","floor":33}],"player_experience":425033,"relics_obtained":[{"floor":6,"key":"Anchor"},{"floor":11,"key":"InkBottle"},{"floor":12,"key":"Bottled Flame"},{"floor":14,"key":"Mirror"},{"floor":28,"key":"Potion Belt"},{"floor":33,"key":"Replay:Rubber Ducky"}],"event_choices":[{"damage_healed":0.0,"max_hp_gain":5.0,"max_hp_loss":0.0,"gold_gain":0.0,"event_name":"Big Fish","player_choice":"Donut","floor":3.0,"gold_loss":0.0,"damage_taken":0.0},{"damage_healed":0,"gold_gain":0,"player_choice":"Entered Light","damage_taken":15,"max_hp_gain":0,"max_hp_loss":0,"event_name":"Shining Light","floor":5,"gold_loss":0,"cards_upgraded":["Strike_B","Defend_B"]},{"damage_healed":0,"gold_gain":0,"player_choice":"Ignored","damage_taken":0,"max_hp_gain":0,"max_hp_loss":0,"event_name":"Liars Game","floor":10,"gold_loss":0},{"cards_removed":["Dualcast"],"damage_healed":0,"gold_gain":0,"player_choice":"Gave Gold","damage_taken":0,"max_hp_gain":0,"max_hp_loss":0,"event_name":"Beggar","floor":22,"gold_loss":75},{"damage_healed":0,"gold_gain":0,"player_choice":"Read","damage_taken":0,"max_hp_gain":0,"max_hp_loss":0,"event_name":"The Library","floor":24,"gold_loss":0,"cards_obtained":["Gash"]}],"is_beta":false,"boss_relics":[{"not_picked":["Tiny House","Velvet Choker"],"picked":"Runic Dome"}],"items_purged_floors":[32],"is_endless":false,"potions_floor_spawned":[4,16,21,33],"killed_by":"Champ","ascension_level":14}}