{"host":"ygfasg9u7olr7skw","time":1610145757,"event":{"mods":["AchievementEnabler","BaseMod","Better Note","Better Vampires","Colored Powertips","Minty Spire (QoL Compilation)","Replay The Spire","Spicy Shops","StSLib","The IronCluck"],"gold_per_floor":[116,116,135,0,20,36,36,51,51,83,100,100,116,132,132,132,132],"floor_reached":16,"playtime":1010,"items_purged":["Writhe"],"score":106,"play_id":"510b63af-84b9-45b8-9333-8c5a0f6c8d30","local_time":"20210108174237","is_ascension_mode":false,"campfire_choices":[{"data":"Infernal Blade","floor":7,"key":"SMITH"},{"floor":12,"key":"REST"},{"floor":15,"key":"DIG"}],"circlet_count":0,"master_deck":["Strike_R","Strike_R","Strike_R","Strike_R","Strike_R","Defend_R","Defend_R","Defend_R","Defend_R","Bash","Infernal Blade+1","Intimidate","Perfected Strike","Heavy Blade"],"relics":["Burning Blood","GremlinMask","Bronze Scales","Ornamental Fan","Replay:Ringing Soul","Chameleon Ring"],"acts_visited":["Exordium"],"potions_floor_usage":[10,16],"damage_taken":[{"damage":0,"enemies":"2 Louse","floor":1,"turns":3},{"damage":3,"enemies":"Cultist","floor":3,"turns":5},{"damage":2,"enemies":"Small Slimes","floor":5,"turns":3},{"damage":14,"enemies":"Looter","floor":6,"turns":3},{"damage":30,"enemies":"Gremlin Gang","floor":8,"turns":5},{"damage":22,"enemies":"3 Sentries","floor":10,"turns":8},{"damage":9,"enemies":"Blue Slaver","floor":11,"turns":3},{"damage":7,"enemies":"2 Fungi Beasts","floor":13,"turns":4},{"damage":6,"enemies":"Looter","floor":14,"turns":2},{"damage":30,"enemies":"Fading Forest","floor":16,"turns":6}],"seed_played":"8268616484059538502","potions_obtained":[{"floor":5,"key":"Swift Potion"},{"floor":6,"key":"DistilledChaos"},{"floor":8,"key":"Venom Potion"},{"floor":14,"key":"SkillPotion"}],"is_trial":false,"path_per_floor":["M","?","M","$","M","M","R","M","T","E","M","R","M","M","R","B"],"character_chosen":"IRONCLAD","items_purchased":["Bronze Scales"],"campfire_rested":1,"item_purchase_floors":[4],"current_hp_per_floor":[88,88,88,88,88,80,80,56,56,43,43,71,70,70,70,50,50],"gold":132,"neow_bonus":"TEN_PERCENT_HP_BONUS","is_daily":false,"chose_seed":false,"campfire_upgraded":1,"win_rate":0.0,"timestamp":1610145757,"path_taken":["M","?","M","$","M","?","R","?","T","E","?","R","M","M","R","BOSS"],"items_purchased_type":["Relic"],"build_version":"2020-12-22","purchased_purges":1,"victory":false,"max_hp_per_floor":[88,88,88,88,88,88,88,88,88,91,94,94,94,94,94,94,94],"card_choices":[{"not_picked":["Headbutt","Run Through","Twin Strike"],"picked":"SKIP","floor":1},{"not_picked":["Disarm","Wild Strike"],"picked":"Infernal Blade","floor":3},{"not_picked":["Twin Strike","Wild Strike"],"picked":"Intimidate","floor":5},{"not_picked":["Flame Barrier","Run Through","ReplayTheSpireMod:Muscle Training"],"picked":"SKIP","floor":6},{"not_picked":["Body Slam","Armaments","Warcry"],"picked":"SKIP","floor":8},{"not_picked":["Evolve","Pommel Strike"],"picked":"Perfected Strike","floor":10},{"not_picked":["Evolve","Flex"],"picked":"Heavy Blade","floor":11},{"not_picked":["Body Slam","ReplayTheSpireMod:Strike From Hell","Blood for Blood"],"picked":"SKIP","floor":13},{"not_picked":["Second Wind","Wild Strike","Shockwave"],"picked":"SKIP","floor":14}],"player_experience":226686,"relics_obtained":[{"floor":9,"key":"Ornamental Fan"},{"floor":10,"key":"Replay:Ringing Soul"},{"floor":15,"key":"Chameleon Ring"}],"event_choices":[{"damage_healed":0,"gold_gain":0,"player_choice":"Trade","damage_taken":0,"relics_obtained":["GremlinMask"],"max_hp_gain":0,"max_hp_loss":0,"event_name":"FaceTrader","floor":2,"gold_loss":0}],"is_beta":false,"boss_relics":[],"items_purged_floors":[4],"is_endless":false,"potions_floor_spawned":[5,6,8,14],"killed_by":"Fading Forest","ascension_level":0}}