{"host":"vrsxkkch9ccrec7k","time":1610105187,"event":{"mods":["Act Like it!","BaseMod","Bestiary","Better Third Choice","Better Vampires","Downfall","Minty Spire (QoL Compilation)","Permanent Neow","Relic Stats","Spicy Shops","StSLib"],"gold_per_floor":[99,110,110,110,210,227,227,227,258,278,203,228,228,248,261,361,361,361,371,32,132,157,157,157,177,177,206,48,60,60,80,98,197,197,197,210,225,240,240,165,215,215,215,226,238,18,28,59,59,59],"floor_reached":51,"playtime":6718,"items_purged":["sneckomod:Strike","sneckomod:Strike","Decay","sneckomod:Unknown"],"score":822,"play_id":"28d1041d-5570-4eb7-b71e-7c1001b11bd1","local_time":"20210108062627","is_ascension_mode":false,"campfire_choices":[{"data":"sneckomod:SnekBite","floor":1,"key":"SMITH"},{"data":"sneckomod:UnknownUncommonPower","floor":11,"key":"SMITH"},{"data":"sneckomod:Nope","floor":13,"key":"SMITH"},{"data":"sneckomod:SerpentMind","floor":18,"key":"SMITH"},{"data":"sneckomod:MasterEye","floor":26,"key":"SMITH"},{"data":"sneckomod:UnlimitedRolls","floor":30,"key":"SMITH"},{"floor":35,"key":"RECALL"},{"floor":40,"key":"REST"},{"floor":49,"key":"REST"}],"circlet_count":0,"master_deck":["sneckomod:Defend+1","sneckomod:Defend","sneckomod:Defend","sneckomod:TailWhip","sneckomod:SnekBite+1","sneckomod:Unknown","sneckomod:IronFang","sneckomod:Nope+1","sneckomod:UnknownUncommonPower+1","sneckomod:UnknownClassSLIMEBOUND","sneckomod:TrashToTreasure","sneckomod:UnknownX","sneckomod:SerpentMind+1","CurseOfTheBell","sneckomod:WideSting","sneckomod:Unknown3Cost","sneckomod:MasterEye+1","sneckomod:UnknownWeak+1","sneckomod:SerpentMind","sneckomod:UnlimitedRolls+1","sneckomod:SoulDraw","sneckomod:UnknownClassGREEN+1","sneckomod:SoulDraw","sneckomod:MasterEye+1","sneckomod:Unknown3Cost","sneckomod:UnknownBlock+1","sneckomod:SoulDraw+1","sneckomod:UnknownClassGUARDIAN+1","Master of Strategy","sneckomod:Nope","sneckomod:Nope+1","expansioncontent:PrepareCrush","sneckomod:UnknownClassTHE_CHAMP_GRAY+1"],"relics":["sneckomod:SneckoSoul","downfall:ShatteredFragment","Blood Vial","downfall:HeartBlessingBlue","Odd Mushroom","Calling Bell","Regal Pillow","Singing Bowl","Incense Burner","HandDrill","Unceasing Top","White Beast Statue","Red Mask","Anchor","Lizard Tail","Lee\u0027s Waffle","Fusion Hammer","Torii","downfall:HeartBlessingRed","Happy Flower","Membership Card","Art of War","DollysMirror","Pen Nib","Shuriken"],"acts_visited":["Exordium","TheCity","TheBeyond"],"potions_floor_usage":[16,16,29,33,46,50],"damage_taken":[{"damage":1,"enemies":"Jaw Worm","floor":2,"turns":4},{"damage":0,"enemies":"2 Louse","floor":6,"turns":2},{"damage":23,"enemies":"3 Sentries","floor":9,"turns":5},{"damage":0,"enemies":"Small Slimes","floor":10,"turns":2},{"damage":7,"enemies":"The Mushroom Lair","floor":12,"turns":4},{"damage":0,"enemies":"Exordium Wildlife","floor":14,"turns":3},{"damage":0,"enemies":"Blue Slaver","floor":15,"turns":3},{"damage":10,"enemies":"downfall:Watcher","floor":16,"turns":7},{"damage":6,"enemies":"Chosen","floor":19,"turns":4},{"damage":0,"enemies":"downfall:FleeingMerchant","floor":20,"turns":4},{"damage":36,"enemies":"downfall:Ironclad","floor":21,"turns":6},{"damage":9,"enemies":"Masked Bandits","floor":22,"turns":3},{"damage":0,"enemies":"Spheric Guardian","floor":25,"turns":1},{"damage":5,"enemies":"Gremlin Leader","floor":27,"turns":4},{"damage":1,"enemies":"downfall:FleeingMerchant","floor":28,"turns":4},{"damage":9,"enemies":"Snake Plant","floor":29,"turns":4},{"damage":1,"enemies":"Centurion and Healer","floor":31,"turns":3},{"damage":0,"enemies":"Chosen and Byrds","floor":32,"turns":7},{"damage":40,"enemies":"downfall:Silent","floor":33,"turns":5},{"damage":27,"enemies":"3 Darklings","floor":36,"turns":5},{"damage":1,"enemies":"Orb Walker","floor":37,"turns":5},{"damage":49,"enemies":"Spire Growth","floor":38,"turns":6},{"damage":12,"enemies":"Jaw Worm Horde","floor":44,"turns":5},{"damage":1,"enemies":"3 Darklings","floor":45,"turns":4},{"damage":1,"enemies":"downfall:FleeingMerchant","floor":46,"turns":4},{"damage":12,"enemies":"Spire Growth","floor":47,"turns":4},{"damage":9,"enemies":"Giant Head","floor":48,"turns":4},{"damage":3,"enemies":"downfall:Defect","floor":50,"turns":4}],"seed_played":"833774346038306279","potions_obtained":[{"floor":9,"key":"CultistPotion"},{"floor":12,"key":"Weak Potion"},{"floor":16,"key":"champ:CounterPotion"},{"floor":21,"key":"champ:CounterPotion"},{"floor":22,"key":"EssenceOfSteel"},{"floor":28,"key":"hexamod:EctoCoolerPotion"},{"floor":29,"key":"BlessingOfTheForge"},{"floor":31,"key":"DuplicationPotion"},{"floor":32,"key":"PowerPotion"},{"floor":33,"key":"sneckomod:MuddlingPotion"},{"floor":36,"key":"Dexterity Potion"},{"floor":46,"key":"FearPotion"},{"floor":47,"key":"Guardian:BlockOnCardUsePotion"}],"is_trial":false,"path_per_floor":["R","M","?","?","?","M","T","?","E","M","R","?","R","M","M","B",null,"R","M","$","?","?","?","T","M","R","E","$","M","R","M","M","B",null,"R","M","M","M","?","R","T","?","?","M","M","$","M","E","R","B",null],"character_chosen":"THE_SNECKO","items_purchased":["HandDrill","sneckomod:MasterEye","Lee\u0027s Waffle","Membership Card","Master of Strategy","Art of War","sneckomod:Nope","DollysMirror","expansioncontent:PrepareCrush","Pen Nib"],"campfire_rested":2,"item_purchase_floors":[20,20,28,46,46,46,46,46,46,46],"current_hp_per_floor":[90,89,89,68,68,68,68,68,46,49,59,54,54,56,59,51,103,103,97,100,67,62,62,62,64,64,61,116,108,108,109,111,76,118,118,93,95,50,50,101,101,101,93,97,102,104,95,90,129,126],"gold":59,"neow_bonus":"RANDOM_COMMON_RELIC","is_daily":false,"chose_seed":false,"campfire_upgraded":6,"win_rate":0.0,"timestamp":1610105187,"path_taken":["R","M","?","?","?","M","T","?","E","M","R","?","R","M","M","BOSS","R","M","$","?","?","?","T","?","R","E","$","M","R","M","M","BOSS","R","M","M","M","?","R","T","?","?","M","M","$","M","E","R","BOSS"],"items_purchased_type":["Relic","Card","Relic","Relic","Card","Relic","Card","Relic","Card","Relic"],"build_version":"2020-12-22","purchased_purges":4,"victory":true,"max_hp_per_floor":[90,90,90,90,90,90,90,90,91,92,102,102,102,102,103,103,103,103,103,104,105,107,107,107,107,107,107,116,117,117,117,117,118,118,118,120,121,123,123,123,123,123,123,123,125,126,127,129,129,129],"relic_stats":{"Regal Pillow":16,"Lee\u0027s Waffle":52,"Singing Bowl":12,"Torii":7,"Happy Flower":[8],"counters":[28,116],"Pen Nib":[4],"Blood Vial":42,"Lizard Tail":0,"Shuriken":[4],"HandDrill":[50],"Art of War":[1],"obtain_stats":[{"Regal Pillow":17,"Singing Bowl":17,"Torii":39,"Incense Burner":17,"sneckomod:SneckoSoul":0,"Boot":0,"Blood Vial":9,"Lizard Tail":27,"downfall:HeartBlessingBlue":11,"DollysMirror":46,"Fusion Hammer":34,"HandDrill":20,"Red Mask":22,"Lee\u0027s Waffle":28,"downfall:ShatteredFragment":4,"downfall:HeartBlessingRed":40,"Happy Flower":41,"Pen Nib":46,"Odd Mushroom":12,"White Beast Statue":21,"Calling Bell":17,"Anchor":24,"Shuriken":48,"Art of War":46,"Membership Card":46,"Unceasing Top":21},{"Regal Pillow":8,"Singing Bowl":8,"Torii":22,"Incense Burner":8,"sneckomod:SneckoSoul":0,"Boot":0,"Blood Vial":3,"Lizard Tail":14,"downfall:HeartBlessingBlue":4,"DollysMirror":25,"Fusion Hammer":19,"HandDrill":10,"Red Mask":12,"Lee\u0027s Waffle":15,"downfall:ShatteredFragment":1,"downfall:HeartBlessingRed":22,"Happy Flower":22,"Pen Nib":25,"Odd Mushroom":5,"White Beast Statue":11,"Calling Bell":8,"Anchor":12,"Shuriken":27,"Art of War":25,"Membership Card":25,"Unceasing Top":11},{"Regal Pillow":30,"Singing Bowl":30,"Torii":91,"Incense Burner":30,"sneckomod:SneckoSoul":0,"Boot":0,"Blood Vial":11,"Lizard Tail":52,"downfall:HeartBlessingBlue":13,"DollysMirror":104,"Fusion Hammer":75,"HandDrill":38,"Red Mask":47,"Lee\u0027s Waffle":56,"downfall:ShatteredFragment":4,"downfall:HeartBlessingRed":91,"Happy Flower":91,"Pen Nib":104,"Odd Mushroom":17,"White Beast Statue":44,"Calling Bell":30,"Anchor":47,"Shuriken":112,"Art of War":104,"Membership Card":104,"Unceasing Top":44}],"Unceasing Top":[6]},"card_choices":[{"not_picked":["sneckomod:DiceBoulder","sneckomod:UnknownClassRED"],"picked":"sneckomod:IronFang","floor":2},{"not_picked":["sneckomod:UnknownBlock","sneckomod:UnknownCommonAttack"],"picked":"sneckomod:Nope","floor":6},{"not_picked":["sneckomod:UnknownCommonAttack","sneckomod:UnknownClassHEXA_GHOST_PURPLE"],"picked":"sneckomod:UnknownUncommonPower","floor":9},{"not_picked":["sneckomod:SoulRoll","sneckomod:UnknownUncommonSkill"],"picked":"sneckomod:UnknownClassSLIMEBOUND","floor":10},{"not_picked":["sneckomod:UnknownClassGUARDIAN","sneckomod:SlitherStrike"],"picked":"sneckomod:TrashToTreasure","floor":12},{"not_picked":["sneckomod:IronFang","sneckomod:UnknownCommonSkill","sneckomod:UnknownCommonAttack"],"picked":"SKIP","floor":14},{"not_picked":["sneckomod:UnknownClassBLUE","sneckomod:DiceCrush"],"picked":"sneckomod:UnknownX","floor":15},{"not_picked":["sneckomod:Unknown3Cost","sneckomod:Restock"],"picked":"sneckomod:SerpentMind","floor":16},{"not_picked":["sneckomod:DiceBoulder","sneckomod:SoulRoll+1"],"picked":"sneckomod:WideSting","floor":19},{"not_picked":["sneckomod:UnknownClassGREEN","sneckomod:DiceCrush"],"picked":"sneckomod:Unknown3Cost","floor":20},{"not_picked":["sneckomod:DiceBlock+1","sneckomod:DiceCrush+1"],"picked":"sneckomod:UnknownWeak+1","floor":21},{"not_picked":["sneckomod:UnknownClassTHE_CHAMP_GRAY","sneckomod:UnknownCommonAttack+1","sneckomod:UnknownClassSLIMEBOUND"],"picked":"Singing Bowl","floor":22},{"not_picked":["sneckomod:UnknownCommonSkill+1","sneckomod:SoulRoll"],"picked":"sneckomod:UnlimitedRolls","floor":25},{"not_picked":["sneckomod:UnknownVulnerable","sneckomod:IronFang+1"],"picked":"sneckomod:SoulDraw","floor":27},{"not_picked":["sneckomod:UnknownCommonSkill","sneckomod:UnknownCommonAttack","sneckomod:UnknownClassTHE_CHAMP_GRAY"],"picked":"Singing Bowl","floor":28},{"not_picked":["sneckomod:Unknown1Cost+1","sneckomod:DefensiveFlair"],"picked":"sneckomod:UnknownClassGREEN+1","floor":29},{"not_picked":["sneckomod:UnknownWeak","sneckomod:UnlimitedRolls"],"picked":"sneckomod:SoulDraw","floor":31},{"not_picked":["sneckomod:ImprovisedAttack","sneckomod:Nope"],"picked":"sneckomod:MasterEye+1","floor":32},{"not_picked":["sneckomod:SerpentMind","sneckomod:UnlimitedRolls"],"picked":"sneckomod:Unknown3Cost","floor":33},{"not_picked":["sneckomod:Unknown1Cost+1","sneckomod:UnknownWeak+1","sneckomod:QuickMove"],"picked":"Singing Bowl","floor":36},{"not_picked":["sneckomod:UnknownUncommonSkill+1","sneckomod:SnakeSap+1"],"picked":"sneckomod:UnknownBlock+1","floor":37},{"not_picked":["sneckomod:UnknownStrike","sneckomod:QuickBite+1","sneckomod:Unknown2Cost"],"picked":"Singing Bowl","floor":38},{"not_picked":["sneckomod:UnknownClassHEXA_GHOST_PURPLE","sneckomod:UnknownStrike"],"picked":"sneckomod:SoulDraw+1","floor":44},{"not_picked":["sneckomod:QuickMove","sneckomod:UnknownWeak","sneckomod:QuickBite+1"],"picked":"Singing Bowl","floor":45},{"not_picked":["sneckomod:SoulDraw+1","sneckomod:QuickBite+1"],"picked":"sneckomod:UnknownClassGUARDIAN+1","floor":46},{"not_picked":["sneckomod:WideSting+1","sneckomod:IronFang"],"picked":"sneckomod:UnknownClassTHE_CHAMP_GRAY+1","floor":47},{"not_picked":["sneckomod:Unknown2Cost","sneckomod:UnknownCommonSkill+1","sneckomod:UnlimitedRolls"],"picked":"Singing Bowl","floor":48}],"player_experience":1387331,"relics_obtained":[{"floor":9,"key":"Blood Vial"},{"floor":12,"key":"Odd Mushroom"},{"floor":17,"key":"Regal Pillow"},{"floor":17,"key":"Singing Bowl"},{"floor":17,"key":"Incense Burner"},{"floor":21,"key":"Unceasing Top"},{"floor":21,"key":"White Beast Statue"},{"floor":22,"key":"Red Mask"},{"floor":24,"key":"Anchor"},{"floor":27,"key":"Lizard Tail"},{"floor":39,"key":"Torii"},{"floor":41,"key":"Happy Flower"},{"floor":48,"key":"Shuriken"}],"event_choices":[{"damage_healed":0,"gold_gain":0,"player_choice":"Fought Mushrooms","damage_taken":0,"max_hp_gain":0,"max_hp_loss":0,"event_name":"Mushrooms","floor":12,"gold_loss":0},{"damage_healed":0,"gold_gain":0,"player_choice":"Fought Bandits","damage_taken":0,"max_hp_gain":0,"max_hp_loss":0,"event_name":"Masked Bandits","floor":22,"gold_loss":0}],"is_beta":false,"boss_relics":[{"not_picked":["Black Star","Empty Cage"],"picked":"Calling Bell"},{"not_picked":["Runic Pyramid","Astrolabe"],"picked":"Fusion Hammer"}],"items_purged_floors":[20,20,46,46],"is_endless":false,"potions_floor_spawned":[9,12,16,21,22,25,27,28,29,31,32,33,36,37,38,44,45,46,47,48],"ascension_level":0}}