{"host":"r5m27m0hu9mtdi9d","time":1610082551,"event":{"mods":["AchievementEnabler","BaseMod","Colored Map","Colored Powertips","Highlight Path","Minty Spire (QoL Compilation)"],"gold_per_floor":[113,113,68,87,9,9,43,60,60,87,97,128,144,162,162,261,261,278,278,289,0,100,111,130,130,184,184,210,220,246,259,259,355,355,372,72,0,50,68,68,98,110,160,160,60,72,102,117,117,117],"floor_reached":51,"playtime":5234,"items_purged":["Strike_B","Parasite"],"score":1115,"play_id":"c8bef0e7-f606-4c24-8367-de0aff3b9deb","local_time":"20210108000911","is_ascension_mode":true,"campfire_choices":[{"data":"Defragment","floor":6.0,"key":"SMITH"},{"data":"Capacitor","floor":15,"key":"SMITH"},{"data":"Zap","floor":25,"key":"SMITH"},{"data":"Dualcast","floor":27,"key":"SMITH"},{"floor":32,"key":"REST"},{"data":"Biased Cognition","floor":40,"key":"SMITH"},{"data":"Electrodynamics","floor":49,"key":"SMITH"}],"circlet_count":0,"master_deck":["Strike_B","Defend_B","Defend_B","Defend_B","Defend_B","Zap+1","Dualcast+1","Streamline","Sweeping Beam","Rebound","Defragment+1","Capacitor+1","Ball Lightning","Ball Lightning","Redo+1","BootSequence+1","Skim+1","Core Surge","Coolheaded+1","Glacier+1","Tempest+1","Auto Shields+1","White Noise+1","White Noise+1","Hologram+1","Electrodynamics+1","Biased Cognition+1","Parasite"],"relics":["Cracked Core","NeowsBlessing","Toxic Egg 2","Letter Opener","Mango","Pen Nib","Philosopher\u0027s Stone","TungstenRod","DataDisk","Oddly Smooth Stone","Singing Bowl","Cursed Key","Strange Spoon","Red Mask","Turnip","Pantograph","PreservedInsect","Mummified Hand"],"acts_visited":["Exordium","TheCity","TheBeyond"],"potions_floor_usage":[11,13,16,16,24,28,30,33,38,50,50],"damage_taken":[{"damage":0.0,"enemies":"Small Slimes","floor":1.0,"turns":1.0},{"damage":0.0,"enemies":"Cultist","floor":4.0,"turns":1.0},{"damage":0.0,"enemies":"3 Sentries","floor":7.0,"turns":1.0},{"damage":2.0,"enemies":"Jaw Worm","floor":8.0,"turns":3.0},{"damage":13.0,"enemies":"Gremlin Nob","floor":10.0,"turns":3.0},{"damage":5,"enemies":"Gremlin Gang","floor":11,"turns":3},{"damage":20,"enemies":"3 Sentries","floor":12,"turns":4},{"damage":14,"enemies":"Red Slaver","floor":13,"turns":2},{"damage":0,"enemies":"Blue Slaver","floor":14,"turns":2},{"damage":0,"enemies":"Slime Boss","floor":16,"turns":4},{"damage":7,"enemies":"Spheric Guardian","floor":18,"turns":3},{"damage":12,"enemies":"Shell Parasite","floor":20,"turns":3},{"damage":16,"enemies":"Sentry and Sphere","floor":23,"turns":5},{"damage":4,"enemies":"Shelled Parasite and Fungi","floor":24,"turns":4},{"damage":6,"enemies":"Gremlin Leader","floor":28,"turns":6},{"damage":8,"enemies":"Snake Plant","floor":29,"turns":3},{"damage":26,"enemies":"Book of Stabbing","floor":30,"turns":4},{"damage":0,"enemies":"Centurion and Healer","floor":31,"turns":5},{"damage":25,"enemies":"Automaton","floor":33,"turns":7},{"damage":0,"enemies":"Orb Walker","floor":35,"turns":2},{"damage":2,"enemies":"Mind Bloom Boss Battle","floor":38,"turns":5},{"damage":0,"enemies":"3 Darklings","floor":39,"turns":2},{"damage":26,"enemies":"Reptomancer","floor":41,"turns":4},{"damage":1,"enemies":"Jaw Worm Horde","floor":42,"turns":3},{"damage":0,"enemies":"Maw","floor":46,"turns":7},{"damage":0,"enemies":"Giant Head","floor":47,"turns":6},{"damage":0,"enemies":"Writhing Mass","floor":48,"turns":3},{"damage":55,"enemies":"Awakened One","floor":50,"turns":12}],"seed_played":"-518672451773699322","potions_obtained":[{"floor":1.0,"key":"BlessingOfTheForge"},{"floor":8.0,"key":"FearPotion"},{"floor":12,"key":"GamblersBrew"},{"floor":13,"key":"Fruit Juice"},{"floor":14,"key":"BlessingOfTheForge"},{"floor":18,"key":"SmokeBomb"},{"floor":23,"key":"Block Potion"},{"floor":24,"key":"SteroidPotion"},{"floor":28,"key":"BlessingOfTheForge"},{"floor":31,"key":"ColorlessPotion"},{"floor":33,"key":"PotionOfCapacity"},{"floor":35,"key":"SkillPotion"},{"floor":38,"key":"AttackPotion"},{"floor":39,"key":"Fruit Juice"}],"is_trial":false,"path_per_floor":["M","?","$","M","$","R","E","M","T","E","M","E","M","M","R","B",null,"M","?","M","$","?","M","M","R","T","R","E","M","E","M","R","B",null,"M","$","?","?","M","R","E","M","T","?","$","M","E","M","R","B",null],"character_chosen":"DEFECT","items_purchased":["Sweeping Beam","Defragment","TungstenRod","Strange Spoon","Biased Cognition"],"campfire_rested":1,"item_purchase_floors":[3,5,21,36,36],"current_hp_per_floor":[68,68,68,68,68,68,68,66,66,67,62,42,33,33,33,33,79,72,72,60,60,60,44,40,40,40,40,41,33,17,24,52,34,79,81,81,81,81,83,83,66,67,67,67,67,69,71,73,73,48],"gold":117,"neow_bonus":"THREE_ENEMY_KILL","is_daily":false,"chose_seed":false,"campfire_upgraded":6,"win_rate":0.0,"timestamp":1610082551,"path_taken":["M","?","$","M","$","R","E","M","T","E","?","E","M","M","R","BOSS","M","?","M","$","?","M","?","R","T","R","E","M","E","M","R","BOSS","M","?","?","?","M","R","E","M","T","?","$","M","E","M","R","BOSS"],"items_purchased_type":["Card","Card","Relic","Relic","Card"],"build_version":"2020-12-22","purchased_purges":2,"victory":true,"max_hp_per_floor":[75,75,75,75,75,75,75,75,75,89,89,89,94,94,94,94,94,94,94,94,94,94,94,94,94,94,94,94,94,94,94,94,94,94,96,96,96,98,100,100,102,104,104,104,101,103,105,107,107,112],"card_choices":[{"not_picked":["Coolheaded","Go for the Eyes"],"picked":"Streamline","floor":1.0},{"not_picked":["Static Discharge","Leap"],"picked":"Rebound","floor":4.0},{"not_picked":["Machine Learning","Meteor Strike"],"picked":"Capacitor","floor":7.0},{"not_picked":["FTL","Recycle+1"],"picked":"Ball Lightning","floor":8.0},{"not_picked":["Go for the Eyes","Rebound"],"picked":"Ball Lightning","floor":10.0},{"not_picked":["Streamline","Steam+1"],"picked":"Redo+1","floor":11},{"not_picked":["Biased Cognition","Compile Driver","Steam+1"],"picked":"SKIP","floor":12},{"not_picked":["Aggregate+1","Double Energy+1"],"picked":"BootSequence+1","floor":13},{"not_picked":["Double Energy+1","Gash"],"picked":"Skim+1","floor":14},{"not_picked":["All For One","Multi-Cast+1"],"picked":"Core Surge","floor":16},{"not_picked":["Streamline+1","Gash"],"picked":"Coolheaded+1","floor":18},{"not_picked":["Go for the Eyes","Stack+1","Rebound"],"picked":"SKIP","floor":20},{"not_picked":["Double Energy+1","Steam+1"],"picked":"Auto Shields+1","floor":23},{"not_picked":["Redo+1","Go for the Eyes+1"],"picked":"Self Repair","floor":24},{"not_picked":["Force Field+1","Consume+1"],"picked":"White Noise+1","floor":28},{"not_picked":["Redo+1","Beam Cell","Rebound"],"picked":"SKIP","floor":29},{"not_picked":["Ball Lightning","Rainbow+1"],"picked":"White Noise+1","floor":30},{"not_picked":["Streamline","Steam+1"],"picked":"Hologram+1","floor":31},{"not_picked":["Echo Form","Core Surge"],"picked":"Electrodynamics","floor":33},{"not_picked":["Go for the Eyes","Redo+1","Steam+1"],"picked":"Singing Bowl","floor":35},{"not_picked":["Double Energy+1","Go for the Eyes+1","Leap+1"],"picked":"Singing Bowl","floor":38},{"not_picked":["Tempest+1","Blizzard","Glacier+1"],"picked":"Singing Bowl","floor":39},{"not_picked":["Scrape+1","Doom and Gloom","Beam Cell+1"],"picked":"Singing Bowl","floor":41},{"not_picked":["Steam Power+1","Scrape+1","Rip and Tear"],"picked":"Singing Bowl","floor":42},{"not_picked":["Steam Power+1","Gash+1","Ball Lightning+1"],"picked":"Singing Bowl","floor":46},{"not_picked":["Leap+1","Tempest+1","Reprogram+1"],"picked":"Singing Bowl","floor":47},{"not_picked":["Steam+1","Leap+1","Double Energy+1"],"picked":"Singing Bowl","floor":48}],"player_experience":674957,"relics_obtained":[{"floor":7.0,"key":"Toxic Egg 2"},{"floor":9.0,"key":"Letter Opener"},{"floor":10.0,"key":"Mango"},{"floor":12,"key":"Pen Nib"},{"floor":26,"key":"DataDisk"},{"floor":28,"key":"Oddly Smooth Stone"},{"floor":30,"key":"Singing Bowl"},{"floor":38,"key":"Turnip"},{"floor":41,"key":"Pantograph"},{"floor":43,"key":"PreservedInsect"},{"floor":47,"key":"Mummified Hand"}],"event_choices":[{"damage_healed":0.0,"max_hp_gain":0.0,"max_hp_loss":0.0,"gold_gain":0.0,"event_name":"The Woman in Blue","player_choice":"Bought 0 Potions","floor":2.0,"gold_loss":0.0,"damage_taken":0.0},{"damage_healed":0,"gold_gain":0,"cards_transformed":["Strike_B","Strike_B"],"player_choice":"Became Test Subject","damage_taken":0,"max_hp_gain":0,"max_hp_loss":0,"event_name":"Drug Dealer","floor":19,"gold_loss":0,"cards_obtained":["Glacier","Tempest"]},{"damage_healed":0,"gold_gain":100,"player_choice":"Pray","damage_taken":0,"max_hp_gain":0,"max_hp_loss":0,"event_name":"Golden Shrine","floor":22,"gold_loss":0},{"damage_healed":0,"gold_gain":0,"player_choice":"Paid","damage_taken":0,"relics_obtained":["Red Mask"],"max_hp_gain":0,"max_hp_loss":0,"event_name":"Tomb of Lord Red Mask","floor":37,"gold_loss":72},{"damage_healed":0,"gold_gain":0,"player_choice":"Fight","damage_taken":0,"max_hp_gain":0,"max_hp_loss":0,"event_name":"MindBloom","floor":38,"gold_loss":0},{"cards_removed":["Self Repair"],"damage_healed":0,"gold_gain":0,"player_choice":"Removed Power","damage_taken":0,"max_hp_gain":0,"max_hp_loss":0,"event_name":"Falling","floor":44,"gold_loss":0}],"is_beta":false,"boss_relics":[{"not_picked":["SacredBark","Empty Cage"],"picked":"Philosopher\u0027s Stone"},{"not_picked":["Astrolabe","Tiny House"],"picked":"Cursed Key"}],"items_purged_floors":[36,45],"is_endless":false,"potions_floor_spawned":[1,8,12,13,14,18,23,24,28,31,33,35,38,39],"ascension_level":6}}