{"host":"qhn6g0owdgjb77rz","time":1610104365,"event":{"mods":["BaseMod","BetterRewards","Colored Map","Minty Spire (QoL Compilation)","Relic Sorter","Replay The Spire","StSLib"],"gold_per_floor":[116,134,134,59,74,109,109,136,136,166,185,185,212,224,224,295,295,308,322,338,349,349,349,381,431,731,750,750,762,787,806,806,882,882,892,792,817,832,845,845,875,889,912,912,912,922,922,201,201,201,201,201,51,86,86],"floor_reached":56,"playtime":2697,"items_purged":["Defend_P","Eruption","Strike_P","Vigilance"],"score":2251,"play_id":"8da3066e-898b-4a59-a969-77228b3c520a","local_time":"20210108201245","is_ascension_mode":true,"campfire_choices":[{"data":"PathToVictory","floor":7.0,"key":"SMITH"},{"data":"Study","floor":12.0,"key":"SMITH"},{"data":"Pot Of Greed","floor":15.0,"key":"SMITH"},{"data":"Pot Of Greed","floor":23.0,"key":"SMITH"},{"data":"PathToVictory","floor":28.0,"key":"SMITH"},{"floor":32.0,"key":"RECALL"},{"data":"PathToVictory","floor":40,"key":"SMITH"},{"data":"Scrawl","floor":44,"key":"SMITH"},{"data":"Replay:Anticipation","floor":47,"key":"SMITH"},{"data":"Sanctity","floor":49,"key":"SMITH"},{"data":"Meditate","floor":52,"key":"SMITH"}],"circlet_count":0,"master_deck":["AscendersBane","Strike_P","Defend_P","Defend_P","Replay:Anticipation+1","PathToVictory+1","PathToVictory+1","Study+1","Perseverance+1","Sanctity+1","Meditate+1","Pot Of Greed+1","Pot Of Greed+1","PathToVictory+1","Replay:Anticipation+1","PathToVictory+1","Scrawl+1","PathToVictory+1","PathToVictory+1"],"relics":["PureWater","MealTicket","Oddly Smooth Stone","Guide Book","Calipers","Torii","Bag of Preparation","Centennial Puzzle","Meat on the Bone","Replay:Bottled Steam","White Beast Statue","Boot","Grinning Jar","Empty Cage","Nilry\u0027s Codex","Orichalcum","Old Coin","Nunchaku","Coffee Dripper","Counterbalance","Replay:Bottled Eggs","Bag of Marbles","ReplayTheSpireMod:Ring of Exchange","Ring of Hypnosis","Gremlin Food","ClockworkSouvenir","BranchBurnRelic","Mango"],"acts_visited":["Exordium","TheCity","TheBeyond","TheEnding"],"potions_floor_usage":[33,39,46,49,55,55],"damage_taken":[{"damage":0.0,"enemies":"2 Louse","floor":1.0,"turns":2.0},{"damage":0.0,"enemies":"Cultist","floor":2.0,"turns":2.0},{"damage":0.0,"enemies":"Jaw Worm","floor":5.0,"turns":3.0},{"damage":0.0,"enemies":"Lagavulin","floor":6.0,"turns":5.0},{"damage":14.0,"enemies":"Gremlin Nob","floor":8.0,"turns":4.0},{"damage":0.0,"enemies":"Lagavulin","floor":10.0,"turns":5.0},{"damage":1.0,"enemies":"3 Louse","floor":11.0,"turns":2.0},{"damage":15.0,"enemies":"Gremlin Nob","floor":13.0,"turns":3.0},{"damage":6.0,"enemies":"Exordium Thugs","floor":14.0,"turns":3.0},{"damage":0.0,"enemies":"Slime Boss","floor":16.0,"turns":3.0},{"damage":1.0,"enemies":"2 Thieves","floor":18.0,"turns":4.0},{"damage":0.0,"enemies":"Spheric Guardian","floor":19.0,"turns":3.0},{"damage":0.0,"enemies":"Chosen and Byrds","floor":20.0,"turns":3.0},{"damage":0.0,"enemies":"Snecko","floor":21.0,"turns":2.0},{"damage":1.0,"enemies":"Book of Stabbing","floor":24.0,"turns":5.0},{"damage":11.0,"enemies":"3 Cultists","floor":27.0,"turns":4.0},{"damage":0.0,"enemies":"Centurion and Healer","floor":29.0,"turns":5.0},{"damage":18.0,"enemies":"Replay:Snechameleon","floor":30.0,"turns":5.0},{"damage":9.0,"enemies":"Snake Plant","floor":31.0,"turns":2.0},{"damage":15,"enemies":"Champ","floor":33,"turns":5},{"damage":0,"enemies":"3 Shapes","floor":35,"turns":3},{"damage":0,"enemies":"Mind Bloom Boss Battle","floor":37,"turns":3},{"damage":0,"enemies":"Orb Walker","floor":38,"turns":1},{"damage":19,"enemies":"3 Darklings","floor":39,"turns":3},{"damage":7,"enemies":"Giant Head","floor":41,"turns":3},{"damage":6,"enemies":"Spire Growth","floor":42,"turns":2},{"damage":8,"enemies":"4 Shapes","floor":46,"turns":3},{"damage":1,"enemies":"Replay:Hell Engine","floor":50,"turns":3},{"damage":0,"enemies":"Shield and Spear","floor":54,"turns":3},{"damage":27,"enemies":"The Heart","floor":55,"turns":7}],"seed_played":"3228115254404372856","potions_obtained":[{"floor":2.0,"key":"BottledMiracle"},{"floor":8.0,"key":"SpeedPotion"},{"floor":10.0,"key":"LifebloodPotion"},{"floor":11.0,"key":"SteroidPotion"},{"floor":13.0,"key":"ColorlessPotion"},{"floor":14.0,"key":"Fire Potion"},{"floor":16.0,"key":"Venom Potion"},{"floor":18.0,"key":"BottledMiracle"},{"floor":19.0,"key":"AttackPotion"},{"floor":20.0,"key":"Strength Potion"},{"floor":21.0,"key":"Adrenaline Potion"},{"floor":24.0,"key":"BlessingOfTheForge"},{"floor":27.0,"key":"Block Potion"},{"floor":29.0,"key":"PowerPotion"},{"floor":30.0,"key":"Adrenaline Potion"},{"floor":31.0,"key":"Dexterity Potion"},{"floor":33,"key":"Weak Potion"},{"floor":35,"key":"DistilledChaos"},{"floor":39,"key":"DistilledChaos"},{"floor":46,"key":"Fruit Juice"},{"floor":54,"key":"EssenceOfSteel"}],"is_trial":false,"path_per_floor":["M","M","?","$","M","E","R","E","T","E","M","R","E","M","R","B",null,"M","M","M","M","?","R","E","?","T","M","R","M","E","M","R_BF","B",null,"M","$","?","M","M","R","E","M","T","R","?","M","R","$","R","B",null,"R","$","E","B",null],"character_chosen":"WATCHER","items_purchased":["MealTicket","Oddly Smooth Stone","Replay:Anticipation","PathToVictory","Guide Book","PathToVictory","Bag of Preparation","Centennial Puzzle","Study","Meat on the Bone","Perseverance","Gremlin Food","Dead Branch","ClockworkSouvenir"],"campfire_rested":0,"item_purchase_floors":[0,0,0,0,0,0,0,0,0,0,0,48,48,48],"current_hp_per_floor":[61,61,61,68,68,68,68,54,54,54,53,53,38,44,44,44,62,61,61,61,61,45,45,44,44,44,45,45,45,39,42,42,39,61,61,68,68,68,49,49,42,36,36,36,36,40,40,55,60,68,72,72,73,87,60],"gold":86,"neow_bonus":"","is_daily":false,"chose_seed":false,"campfire_upgraded":10,"win_rate":0.0,"timestamp":1610104365,"path_taken":["M","M","?","$","?","E","R","E","T","E","M","R","E","M","R","BOSS","M","?","M","M","?","R","E","?","T","?","R","?","E","?","R_BF","BOSS","M","$","?","M","M","R","E","M","T","R","?","?","R","$","R","BOSS","R","$","E","BOSS"],"items_purchased_type":["Relic","Relic","Card","Card","Relic","Card","Relic","Relic","Card","Relic","Card","Relic","Relic","Relic"],"build_version":"2020-12-22","purchased_purges":4,"victory":true,"max_hp_per_floor":[68,68,68,68,68,68,68,68,68,68,68,68,68,68,68,68,68,68,68,68,68,68,68,68,68,68,68,68,68,68,68,68,68,68,68,68,68,68,68,68,68,68,68,68,68,68,68,68,73,73,73,73,73,87,87],"card_choices":[{"not_picked":["CrushJoints","ClearTheMind","FlyingSleeves"],"picked":"SKIP","floor":1.0},{"not_picked":["BowlingBash","Protect","LikeWater"],"picked":"SKIP","floor":2.0},{"not_picked":["JustLucky","FlyingSleeves","Crescendo"],"picked":"SKIP","floor":5.0},{"not_picked":["Blasphemy","DevaForm"],"picked":"Sanctity","floor":6.0},{"not_picked":["CutThroughFate","Meditate","Consecrate"],"picked":"SKIP","floor":8.0},{"not_picked":["CutThroughFate","Consecrate"],"picked":"Meditate","floor":8.0},{"not_picked":["Blasphemy","Protect","Vengeance"],"picked":"SKIP","floor":10.0},{"not_picked":["Halt","MentalFortress","Indignation"],"picked":"SKIP","floor":11.0},{"not_picked":["CutThroughFate","FollowUp","SashWhip"],"picked":"SKIP","floor":13.0},{"not_picked":["FlurryOfBlows","Vengeance","Weave"],"picked":"SKIP","floor":14.0},{"not_picked":["JustLucky","WheelKick"],"picked":"PathToVictory","floor":18.0},{"not_picked":["Collect","MentalFortress+1","Replay:ManipulateFuture"],"picked":"SKIP","floor":19.0},{"not_picked":["EmptyBody","Protect","Wallop"],"picked":"SKIP","floor":20.0},{"not_picked":["EmptyBody","Protect","Replay:Cycle"],"picked":"SKIP","floor":21.0},{"not_picked":["EmptyFist","CutThroughFate"],"picked":"Replay:Anticipation","floor":24.0},{"not_picked":["Weave","Prostrate","FlyingSleeves"],"picked":"SKIP","floor":27.0},{"not_picked":["Prostrate","ClearTheMind","EmptyBody"],"picked":"SKIP","floor":29.0},{"not_picked":["Replay:AtTheReady","Wallop+1","Alpha"],"picked":"SKIP","floor":30.0},{"not_picked":["BowlingBash","Protect+1"],"picked":"PathToVictory+1","floor":31.0},{"not_picked":["Devotion","Alpha"],"picked":"Scrawl","floor":33},{"not_picked":["Replay:BluntJabs","CarveReality","FollowUp"],"picked":"SKIP","floor":35},{"not_picked":["Consecrate+1","Worship"],"picked":"PathToVictory","floor":38},{"not_picked":["JustLucky","Prostrate"],"picked":"PathToVictory+1","floor":39},{"not_picked":["Replay:Battleflow","JustLucky","ClearTheMind"],"picked":"SKIP","floor":41},{"not_picked":["Halt","Wireheading","SandsOfTime"],"picked":"SKIP","floor":42},{"not_picked":["Replay:Battleflow+1","EmptyMind+1","SashWhip"],"picked":"SKIP","floor":46},{"not_picked":["Replay:LoomingThreat","Protect","SashWhip"],"picked":"SKIP","floor":54}],"player_experience":430259,"relics_obtained":[{"floor":6.0,"key":"Replay:Bottled Steam"},{"floor":8.0,"key":"White Beast Statue"},{"floor":10.0,"key":"Boot"},{"floor":13.0,"key":"Grinning Jar"},{"floor":22.0,"key":"Nilry\u0027s Codex"},{"floor":24.0,"key":"Orichalcum"},{"floor":26.0,"key":"Old Coin"},{"floor":30.0,"key":"Nunchaku"},{"floor":37,"key":"Counterbalance"},{"floor":41,"key":"Replay:Bottled Eggs"},{"floor":43,"key":"Bag of Marbles"},{"floor":45,"key":"ReplayTheSpireMod:Ring of Exchange"},{"floor":45,"key":"Ring of Hypnosis"},{"floor":54,"key":"Mango"}],"event_choices":[{"cards_removed":["Strike_P"],"damage_healed":0.0,"max_hp_gain":0.0,"max_hp_loss":0.0,"gold_gain":0.0,"event_name":"Purifier","player_choice":"Purged","floor":3.0,"gold_loss":0.0,"damage_taken":0.0},{"damage_healed":0.0,"max_hp_gain":0.0,"max_hp_loss":0.0,"gold_gain":0.0,"event_name":"Cursed Tome","player_choice":"Obtained Book","floor":22.0,"gold_loss":0.0,"damage_taken":16.0},{"damage_healed":0.0,"max_hp_gain":0.0,"max_hp_loss":0.0,"gold_gain":100.0,"event_name":"The Joust","player_choice":"Bet on Murderer","floor":25.0,"gold_loss":50.0,"damage_taken":0.0},{"damage_healed":0,"gold_gain":0,"player_choice":"Fight","damage_taken":0,"max_hp_gain":0,"max_hp_loss":0,"event_name":"MindBloom","floor":37,"gold_loss":0}],"is_beta":false,"boss_relics":[{"not_picked":["Ring of Chaos","Sozu"],"picked":"Empty Cage"},{"not_picked":["Replay:Drink Me","SlaversCollar"],"picked":"Coffee Dripper"}],"items_purged_floors":[4,36,48,53],"is_endless":false,"potions_floor_spawned":[2,8,10,11,13,14,16,18,19,20,21,24,27,29,30,31,33,35,37,38,39,41,42,46,54],"ascension_level":14}}