{"host":"08nxni9rwzvm98vp","time":1610112345,"event":{"mods":["AchievementEnabler","BaseMod","Card Forge","Colored Powertips","Gold Saver","Googly Eyes","Highlight Path","Marisa£¨Ùöéë¡¡Øª×âÞÞ£©","Minty Spire (QoL Compilation)","Quick Restart","Rare Cards Sparkle","Shop Mod","StSLib","SuperFastMode"],"gold_per_floor":[750,764,776,185,185,185,220,21,92,103,137,137,137,155,155,256,256,271,271,271,317,61,86,11,38,38,38,51,51,68,103,103,198,198,213,213,213,231,251,279,295,323,369,398,161,161,177,209,209,209],"floor_reached":51,"playtime":2067,"items_purged":["Strike_MRS","Defend_MRS","MasterSpark","Strike_MRS+1","Strike_MRS+1"],"score":999,"play_id":"252f42ff-668f-49a5-8556-bdf228a4038e","local_time":"20210108222545","is_ascension_mode":true,"campfire_choices":[{"data":"PowerUp","floor":6,"key":"SMITH"},{"data":"Singularity","floor":12,"key":"SMITH"},{"data":"PowerUp","floor":15,"key":"SMITH"},{"data":"Singularity","floor":27,"key":"SMITH"},{"floor":32,"key":"REST"},{"data":"MillisecondPulsars","floor":49,"key":"SMITH"}],"circlet_count":0,"master_deck":["Defend_MRS+1","Defend_MRS+1","Defend_MRS+1","UpSweep","PowerUp+1","Singularity+1","Singularity+1","PowerUp+1","Flash of Steel","EnergyFlow","EarthLightRay","MachineGunSpark+1","OortCloud+1","MillisecondPulsars+1","PropBag","FairyDestructionRay+1","Parasite","Acceleration"],"relics":["MiniHakkero","Hammer of Thor","Seething Fire","Anvil of the Gods","Omamori","MerchantsRug","Membership Card","Boot","Oddly Smooth Stone","Pantograph","HandmadeGrimoire","InkBottle","Philosopher\u0027s Stone","Centennial Puzzle","SimpleLauncher","Potion Belt","MealTicket","Nunchaku","Molten Egg 2","Question Card","Cursed Key","PreservedInsect","Thread and Needle","Letter Opener","Mercury Hourglass","Sling","Pen Nib","ShroomBag"],"acts_visited":["Exordium","TheCity","TheBeyond"],"potions_floor_usage":[],"damage_taken":[{"damage":1,"enemies":"Cultist","floor":1,"turns":3},{"damage":1,"enemies":"Jaw Worm","floor":2,"turns":3},{"damage":2,"enemies":"Small Slimes","floor":3,"turns":3},{"damage":21,"enemies":"Lagavulin","floor":7,"turns":7},{"damage":0,"enemies":"Blue Slaver","floor":10,"turns":2},{"damage":48,"enemies":"3 Sentries","floor":11,"turns":10},{"damage":14,"enemies":"Exordium Thugs","floor":14,"turns":3},{"damage":18,"enemies":"Slime Boss","floor":16,"turns":6},{"damage":25,"enemies":"Spheric Guardian","floor":18,"turns":4},{"damage":15,"enemies":"Gremlin Leader","floor":23,"turns":4},{"damage":21,"enemies":"Book of Stabbing","floor":25,"turns":4},{"damage":3,"enemies":"Chosen","floor":28,"turns":2},{"damage":1,"enemies":"Centurion and Healer","floor":30,"turns":3},{"damage":37,"enemies":"Slavers","floor":31,"turns":5},{"damage":19,"enemies":"Champ","floor":33,"turns":4},{"damage":0,"enemies":"3 Shapes","floor":35,"turns":4},{"damage":0,"enemies":"3 Darklings","floor":38,"turns":5},{"damage":0,"enemies":"Spire Growth","floor":39,"turns":2},{"damage":10,"enemies":"Reptomancer","floor":40,"turns":2},{"damage":6,"enemies":"Jaw Worm Horde","floor":41,"turns":3},{"damage":1,"enemies":"Giant Head","floor":42,"turns":2},{"damage":0,"enemies":"Nemesis","floor":44,"turns":1},{"damage":24,"enemies":"Writhing Mass","floor":47,"turns":3},{"damage":0,"enemies":"Reptomancer","floor":48,"turns":1},{"damage":8,"enemies":"Time Eater","floor":50,"turns":4}],"seed_played":"1787875491826799562","potions_obtained":[{"floor":1,"key":"Energy Potion"},{"floor":10,"key":"SpeedPotion"},{"floor":11,"key":"DistilledChaos"},{"floor":23,"key":"Weak Potion"},{"floor":28,"key":"EntropicBrew"},{"floor":33,"key":"FairyPotion"},{"floor":47,"key":"DuplicationPotion"}],"is_trial":false,"path_per_floor":["M","M","M","$","?","R","E","$","T","M","E","R","T","M","R","B",null,"M","?","?","T","$","E","$","E","T","R","M","?","M","E","R","B",null,"M","?","?","M","M","E","M","E","T","E","$","?","M","E","R","B",null],"character_chosen":"MARISA","items_purchased":["MerchantsRug","Membership Card","BreadOfAWashokuLover","Boot","FairyPotion","DollysMirror","PowerUp","Flash of Steel","SimpleLauncher","EnergyFlow","Potion Belt","Sling","Pen Nib"],"campfire_rested":1,"item_purchase_floors":[4,4,4,4,4,8,8,8,22,22,22,45,45],"current_hp_per_floor":[74,73,71,71,71,71,50,50,50,50,28,28,28,14,14,21,88,63,63,63,63,63,48,63,42,42,42,43,43,46,13,39,49,88,88,88,88,88,88,82,80,83,83,87,88,84,62,66,66,82],"gold":209,"neow_bonus":"RANDOM_COMMON_RELIC","is_daily":false,"chose_seed":false,"campfire_upgraded":5,"win_rate":0.0,"timestamp":1610112345,"path_taken":["M","?","M","$","?","R","E","$","T","M","E","R","?","M","R","BOSS","M","?","?","?","$","E","$","E","T","R","?","?","M","E","R","BOSS","M","?","?","?","M","E","M","E","T","E","$","?","M","E","R","BOSS"],"items_purchased_type":["Relic","Relic","Relic","Relic","Potion","Relic","Card","Card","Relic","Card","Relic","Relic","Relic"],"build_version":"2020-12-22","purchased_purges":5,"victory":true,"max_hp_per_floor":[75,75,75,75,75,75,75,75,75,75,88,88,88,88,88,88,88,88,88,88,88,88,88,88,88,88,88,88,88,88,88,88,88,88,88,88,88,88,88,88,88,88,88,88,88,84,84,84,84,84],"card_choices":[{"not_picked":["MilkyWay","Occultation","IllusionStar"],"picked":"SKIP","floor":1},{"not_picked":["MysteriousBeam","SporeBomb","ChargingUp"],"picked":"SKIP","floor":2},{"not_picked":["SporeBomb","EnergyRecoil"],"picked":"PowerUp","floor":3},{"not_picked":["FinalSpark","BlazeAway"],"picked":"Singularity","floor":7},{"not_picked":["AlicesGift","DarkMatter","IllusionStar"],"picked":"SKIP","floor":10},{"not_picked":["BlazeAway","GalacticHalo","SporeBomb"],"picked":"SKIP","floor":11},{"not_picked":["UnstableBomb","IllusionStar","DeepEcoloBomb"],"picked":"SKIP","floor":14},{"not_picked":["JA","BlazingStar"],"picked":"FinalSpark","floor":16},{"not_picked":["SporeBomb","DarkSpark","StarBarrage"],"picked":"SKIP","floor":18},{"not_picked":["ShootingEcho","ChargingUp+1","6A"],"picked":"SKIP","floor":23},{"not_picked":["MilkyWay","SporeBomb"],"picked":"EarthLightRay","floor":25},{"not_picked":["IllusionStar+1","MysteriousBeam+1"],"picked":"MachineGunSpark+1","floor":28},{"not_picked":["GasGiant+1","StarlightTyphoon+1","6A+1"],"picked":"SKIP","floor":30},{"not_picked":["WitchOfGreed+1","GravityBeat+1"],"picked":"OortCloud+1","floor":31},{"not_picked":["FinalSpark+1","JA+1","SatelliteIllusion"],"picked":"MillisecondPulsars","floor":33},{"not_picked":["OpenUniverse","ShootingEcho+1","GravityBeat+1","LuminesStrike+1"],"picked":"SKIP","floor":35},{"not_picked":["WitchOfGreed","WitchLeyline+1","IllusionStar+1"],"picked":"PropBag","floor":38},{"not_picked":["EventHorizon+1","MeteoricShower+1","6A+1","OrrerysSun"],"picked":"SKIP","floor":39},{"not_picked":["OrrerysSun+1","DoubleSpark+1","EnergyFlow"],"picked":"FairyDestructionRay+1","floor":40},{"not_picked":["SatelliteIllusion","6A+1","WitchOfGreed","LuminesStrike+1"],"picked":"SKIP","floor":41},{"not_picked":["PulseMagic","ChargeUpSpray+1","GalacticHalo","SporeBomb+1"],"picked":"SKIP","floor":42},{"not_picked":["RefractionSpark+1","WitchOfGreed","GrandCross+1","EventHorizon"],"picked":"SKIP","floor":44},{"not_picked":["RefractionSpark+1","Robbery+1","GravityBeat+1","GasGiant+1"],"picked":"SKIP","floor":47},{"not_picked":["GrandCross+1","MysteriousBeam+1","WitchOfGreed"],"picked":"Acceleration","floor":48}],"player_experience":660659,"relics_obtained":[{"floor":7,"key":"Oddly Smooth Stone"},{"floor":9,"key":"Pantograph"},{"floor":11,"key":"HandmadeGrimoire"},{"floor":13,"key":"InkBottle"},{"floor":21,"key":"Centennial Puzzle"},{"floor":23,"key":"MealTicket"},{"floor":25,"key":"Nunchaku"},{"floor":26,"key":"Molten Egg 2"},{"floor":31,"key":"Question Card"},{"floor":40,"key":"Thread and Needle"},{"floor":42,"key":"Letter Opener"},{"floor":44,"key":"Mercury Hourglass"},{"floor":48,"key":"ShroomBag"}],"event_choices":[{"cards_removed":["Strike_MRS"],"damage_healed":0,"gold_gain":0,"player_choice":"Forget","damage_taken":0,"max_hp_gain":0,"max_hp_loss":0,"event_name":"Living Wall","floor":5,"gold_loss":0},{"damage_healed":0,"gold_gain":0,"player_choice":"Ignored","damage_taken":0,"max_hp_gain":0,"max_hp_loss":0,"event_name":"Vampires","floor":19,"gold_loss":0},{"damage_healed":0,"gold_gain":0,"player_choice":"Simplicity","damage_taken":0,"max_hp_gain":0,"max_hp_loss":0,"event_name":"Back to Basics","floor":20,"gold_loss":0,"cards_upgraded":["Strike_MRS","Strike_MRS","Defend_MRS","Defend_MRS","Defend_MRS"]},{"damage_healed":0,"gold_gain":0,"player_choice":"Ignored","damage_taken":0,"max_hp_gain":0,"max_hp_loss":0,"event_name":"Ghosts","floor":29,"gold_loss":0},{"damage_healed":0,"gold_gain":0,"player_choice":"Ignored","damage_taken":0,"max_hp_gain":0,"max_hp_loss":0,"event_name":"Tomb of Lord Red Mask","floor":36,"gold_loss":0},{"damage_healed":0,"gold_gain":0,"player_choice":"Gave Potion","damage_taken":0,"relics_obtained":["PreservedInsect"],"max_hp_gain":0,"max_hp_loss":0,"event_name":"WeMeetAgain","floor":37,"gold_loss":0},{"damage_healed":0,"gold_gain":0,"player_choice":"Max HP","damage_taken":0,"max_hp_gain":0,"max_hp_loss":4,"event_name":"Winding Halls","floor":46,"gold_loss":0}],"is_beta":false,"boss_relics":[{"not_picked":["SlaversCollar","Tiny House"],"picked":"Philosopher\u0027s Stone"},{"not_picked":["Calling Bell","Fusion Hammer"],"picked":"Cursed Key"}],"items_purged_floors":[4,8,22,24,45],"is_endless":false,"potions_floor_spawned":[1,10,11,18,23,28,31,33,35,38,47,48],"ascension_level":1}}