{"host":"6qo42zgaknezulyg","time":1610072080,"event":{"mods":["2.2 Compatiblity","BaseMod","Colored Map","Downfall","Keyboard Shortcuts","Minty Spire (QoL Compilation)","Permanent Neow","Quick Restart","StSLib","SuperFastMode"],"gold_per_floor":[0,15,27,37,51,51,51,51,80,91,91,125,25,43,59,136,136,136,146,161,178,178,178,178,88,116,135,149,149,149,177,187,258,258,258,258,274,290,290,2,2,16,16,44,44,75,10,20,40,40],"floor_reached":51,"playtime":3244,"items_purged":["bronze:Strike","bronze:ItsAFeature","bronze:Strike"],"score":1518,"play_id":"ebbbdb83-9d20-4848-9d0c-d77dd697973b","local_time":"20210108111440","is_ascension_mode":true,"campfire_choices":[{"data":"bronze:Replicate","floor":1.0,"key":"SMITH"},{"floor":8.0,"key":"REST"},{"floor":11.0,"key":"REST"},{"floor":13.0,"key":"REST"},{"data":"bronze:DelayedSlice","floor":18.0,"key":"SMITH"},{"data":"bronze:Flail","floor":29.0,"key":"SMITH"},{"data":"bronze:Verify","floor":35.0,"key":"SMITH"},{"data":"bronze:HyperBeam","floor":43.0,"key":"SMITH"},{"floor":45.0,"key":"REST"}],"circlet_count":0,"master_deck":["AscendersBane","bronze:Defend","bronze:Defend","bronze:Defend","bronze:Defend","bronze:Replicate+1","bronze:Goto+1","bronze:BronzeOrb","bronze:ChildClass","bronze:Repair","bronze:ChildClass","bronze:Branch","bronze:Frontload","bronze:DelayedSlice+1","bronze:Flail+1","bronze:InfiniteBeams+1","bronze:Boost","bronze:HyperBeam+1","bronze:Verify+1","bronze:Iterate+1","bronze:Frontload","bronze:Fortify+1","bronze:Boost+1","bronze:Boost+1"],"relics":["bronze:PlatinumCore","CaptainsWheel","InkBottle","Bottled Flame","Bag of Preparation","downfall:HeartBlessingGreen","expansioncontent:StudyCardRelic","Guardian:GemstoneGun","Pocketwatch","Guardian:PocketSentry","Orrery","Oddly Smooth Stone","Torii","Mummified Hand","Potion Belt"],"acts_visited":["Exordium","TheCity","TheBeyond"],"potions_floor_usage":[50,50],"damage_taken":[{"damage":1.0,"enemies":"Cultist","floor":2.0,"turns":4.0},{"damage":6.0,"enemies":"Small Slimes","floor":3.0,"turns":4.0},{"damage":1.0,"enemies":"Jaw Worm","floor":4.0,"turns":4.0},{"damage":3.0,"enemies":"3 Louse","floor":5.0,"turns":6.0},{"damage":53.0,"enemies":"Lagavulin","floor":9.0,"turns":9.0},{"damage":1.0,"enemies":"Red Slaver","floor":10.0,"turns":4.0},{"damage":15.0,"enemies":"Gremlin Nob","floor":12.0,"turns":6.0},{"damage":1.0,"enemies":"Gremlin Gang","floor":14.0,"turns":6.0},{"damage":0.0,"enemies":"Blue Slaver","floor":15.0,"turns":3.0},{"damage":35.0,"enemies":"downfall:Ironclad","floor":16.0,"turns":13.0},{"damage":0.0,"enemies":"Chosen","floor":19.0,"turns":4.0},{"damage":0.0,"enemies":"3 Byrds","floor":20.0,"turns":3.0},{"damage":2.0,"enemies":"Shelled Parasite and Fungi","floor":21.0,"turns":4.0},{"damage":0.0,"enemies":"downfall:FleeingMerchant","floor":25.0,"turns":4.0},{"damage":0.0,"enemies":"Book of Stabbing","floor":26.0,"turns":5.0},{"damage":1.0,"enemies":"Chosen and Byrds","floor":27.0,"turns":5.0},{"damage":0.0,"enemies":"Centurion and Healer","floor":28.0,"turns":4.0},{"damage":2.0,"enemies":"Gremlin Leader","floor":31.0,"turns":4.0},{"damage":4.0,"enemies":"Shelled Parasite and Fungi","floor":32.0,"turns":4.0},{"damage":8.0,"enemies":"downfall:Silent","floor":33.0,"turns":8.0},{"damage":0.0,"enemies":"3 Shapes","floor":37.0,"turns":3.0},{"damage":2.0,"enemies":"Orb Walker","floor":38.0,"turns":3.0},{"damage":0.0,"enemies":"downfall:FleeingMerchant","floor":40.0,"turns":4.0},{"damage":0.0,"enemies":"Sphere and 2 Shapes","floor":42.0,"turns":4.0},{"damage":50.0,"enemies":"Giant Head","floor":44.0,"turns":8.0},{"damage":11.0,"enemies":"Reptomancer","floor":46.0,"turns":5.0},{"damage":0.0,"enemies":"downfall:FleeingMerchant","floor":47.0,"turns":2.0},{"damage":0.0,"enemies":"Writhing Mass","floor":48.0,"turns":6.0},{"damage":0.0,"enemies":"Transient","floor":49.0,"turns":6.0},{"damage":0,"enemies":"downfall:Watcher","floor":50,"turns":7}],"seed_played":"7130579757695120816","potions_obtained":[{"floor":2.0,"key":"Explosive Potion"},{"floor":9.0,"key":"LiquidMemories"},{"floor":12.0,"key":"Fire Potion"},{"floor":19.0,"key":"LiquidBronze"},{"floor":20.0,"key":"PowerPotion"},{"floor":33.0,"key":"bronze:FreeFunctionsPotion"},{"floor":44.0,"key":"FairyPotion"},{"floor":48.0,"key":"FearPotion"}],"is_trial":false,"path_per_floor":["R","M","M","M","M","?","T","R","E","M","R","E","R","M","M","B",null,"R","M","M","M","?","?","T","$","E","M","M","R","?","E","M","B",null,"R","?","M","M","?","$","T","M","R","E","R","E","$","M","M","B",null],"character_chosen":"THE_AUTOMATON","items_purchased":["Orrery","Potion Belt","Strength Potion","SkillPotion"],"campfire_rested":4,"item_purchase_floors":[40,47,47,47],"current_hp_per_floor":[57,56,50,49,46,46,46,63,10,16,34,19,37,43,50,22,53,53,60,63,61,61,61,61,61,63,62,62,62,50,55,58,55,61,61,61,61,59,59,59,59,59,59,16,34,30,30,37,44,51],"gold":40,"neow_bonus":"ONE_RARE_RELIC","is_daily":false,"chose_seed":false,"campfire_upgraded":5,"win_rate":0.0,"timestamp":1610072080,"path_taken":["R","M","?","M","M","?","T","R","E","M","R","E","R","M","M","BOSS","R","M","M","M","?","?","T","$","E","M","M","R","?","E","M","BOSS","R","?","?","M","?","$","T","M","R","E","R","E","$","?","M","BOSS"],"items_purchased_type":["Relic","Relic","Potion","Potion"],"build_version":"2020-12-22","purchased_purges":3,"victory":true,"max_hp_per_floor":[63,63,63,63,63,63,63,63,63,63,63,63,63,63,63,63,63,63,63,63,63,63,63,63,63,63,63,63,63,63,63,63,63,63,63,63,63,63,63,63,63,63,63,63,63,63,63,63,63,63],"card_choices":[{"not_picked":["bronze:BronzeArmor","bronze:MaxOutput"],"picked":"bronze:ItsAFeature","floor":2.0},{"not_picked":["bronze:Invalidate","bronze:WildBeam"],"picked":"bronze:BronzeOrb","floor":3.0},{"not_picked":["bronze:Return","bronze:Philosophize"],"picked":"bronze:ChildClass","floor":4.0},{"not_picked":["bronze:BugBarrage","bronze:CutThrough"],"picked":"bronze:Repair","floor":5.0},{"not_picked":["bronze:ForLoop","bronze:Iterate"],"picked":"bronze:Branch","floor":9.0},{"not_picked":["bronze:OilSpill","bronze:Deprecate"],"picked":"bronze:Frontload","floor":10.0},{"not_picked":["bronze:RecursiveStrike","bronze:Overheat","bronze:OilSpill"],"picked":"SKIP","floor":12.0},{"not_picked":["bronze:Terminator","bronze:Frontload"],"picked":"bronze:DelayedSlice","floor":14.0},{"not_picked":["bronze:BugBarrage","bronze:FineTuning","bronze:DelayedGuard"],"picked":"SKIP","floor":15.0},{"not_picked":["bronze:ForLoop","bronze:Invalidate"],"picked":"bronze:Flail","floor":19.0},{"not_picked":["bronze:BronzeOrb","bronze:DelayedGuard","bronze:Terminator"],"picked":"SKIP","floor":20.0},{"not_picked":["bronze:CutThrough","bronze:BitShift+1"],"picked":"bronze:InfiniteBeams+1","floor":21.0},{"not_picked":["bronze:ShipIt","bronze:WildBeam","bronze:Terminator"],"picked":"SKIP","floor":25.0},{"not_picked":["bronze:BitShift+1","bronze:Allocate","bronze:Library"],"picked":"SKIP","floor":26.0},{"not_picked":["bronze:BitShift+1","bronze:Allocate","bronze:Library"],"picked":"SKIP","floor":26.0},{"not_picked":["bronze:BitShift+1","bronze:Allocate","bronze:Library"],"picked":"SKIP","floor":26.0},{"not_picked":["bronze:BitShift+1","bronze:Allocate","bronze:Library"],"picked":"SKIP","floor":26.0},{"not_picked":["bronze:BitShift+1","bronze:Allocate","bronze:Library"],"picked":"SKIP","floor":26.0},{"not_picked":["bronze:CutThrough","bronze:DelayedSlice","bronze:NullPointer"],"picked":"SKIP","floor":27.0},{"not_picked":["bronze:CutThrough","bronze:Flail+1","bronze:CloningBeam+1"],"picked":"SKIP","floor":28.0},{"not_picked":["bronze:BugBarrage","bronze:Invalidate"],"picked":"bronze:HyperBeam","floor":31.0},{"not_picked":["bronze:DelayedSlice+1","bronze:WhirlingStrike","bronze:ItsAFeature"],"picked":"SKIP","floor":32.0},{"not_picked":["bronze:TinkerersToolbox","bronze:BurnOut"],"picked":"bronze:Verify","floor":33.0},{"not_picked":["bronze:Backtrace","bronze:BugBarrage"],"picked":"bronze:Iterate+1","floor":37.0},{"not_picked":["bronze:Constructor","bronze:ItsAFeature+1","bronze:GetLatest"],"picked":"SKIP","floor":38.0},{"not_picked":["bronze:Allocate","bronze:Refactor"],"picked":"bronze:Frontload","floor":40.0},{"not_picked":["bronze:Safeguard","bronze:RecursiveStrike"],"picked":"bronze:Fortify+1","floor":40.0},{"not_picked":["bronze:Backtrace","bronze:WildBeam+1"],"picked":"bronze:Boost+1","floor":40.0},{"not_picked":["bronze:Deprecate","bronze:OilSpill","bronze:WhirlingStrike+1"],"picked":"SKIP","floor":42.0},{"not_picked":["bronze:Shield","bronze:BuggyMess+1","bronze:Separator"],"picked":"SKIP","floor":44.0},{"not_picked":["bronze:Terminator","bronze:Break"],"picked":"bronze:Boost+1","floor":46.0},{"not_picked":["bronze:BronzeArmor","bronze:Mutator","bronze:Philosophize"],"picked":"SKIP","floor":47.0},{"not_picked":["bronze:Refactor","bronze:FineTuning","bronze:BitShift"],"picked":"SKIP","floor":48.0},{"not_picked":["bronze:BugBarrage+1","bronze:Turbo","bronze:BitShift"],"picked":"SKIP","floor":49.0}],"player_experience":1143967,"relics_obtained":[{"floor":7.0,"key":"InkBottle"},{"floor":9.0,"key":"Bottled Flame"},{"floor":12.0,"key":"Bag of Preparation"},{"floor":24.0,"key":"Guardian:GemstoneGun"},{"floor":26.0,"key":"Pocketwatch"},{"floor":31.0,"key":"Guardian:PocketSentry"},{"floor":41.0,"key":"Oddly Smooth Stone"},{"floor":44.0,"key":"Torii"},{"floor":46.0,"key":"Mummified Hand"}],"event_choices":[{"damage_healed":0.0,"max_hp_gain":0.0,"max_hp_loss":0.0,"gold_gain":0.0,"event_name":"The Library","player_choice":"Read","floor":22.0,"gold_loss":0.0,"damage_taken":0.0,"cards_obtained":["bronze:Boost"]},{"damage_healed":0.0,"max_hp_gain":0.0,"max_hp_loss":0.0,"gold_gain":0.0,"event_name":"Ghosts","player_choice":"Ignored","floor":23.0,"gold_loss":0.0,"damage_taken":0.0},{"cards_removed":["bronze:Strike"],"damage_healed":0.0,"max_hp_gain":0.0,"max_hp_loss":0.0,"gold_gain":0.0,"event_name":"Bonfire Elementals","player_choice":"Offered Basic","floor":36.0,"gold_loss":0.0,"damage_taken":0.0}],"is_beta":false,"boss_relics":[{"not_picked":["SlaversCollar","SacredBark"],"picked":"expansioncontent:StudyCardRelic"},{"not_picked":["Velvet Choker","Empty Cage"],"picked":"bronze:PlatinumCore"}],"items_purged_floors":[25,40,47],"is_endless":false,"potions_floor_spawned":[2,9,10,12,15,19,20,27,32,33,44,48,49],"ascension_level":18}}