{"host":"3vww328me7evlv6h","time":1610066057,"event":{"mods":["BaseMod","BetterRewards","Minty Spire (QoL Compilation)","Relic Stats","StSLib","SuperFastMode"],"gold_per_floor":[113,113,133,146,146,173,173,205,205,240,25,25,42,68,68,139,139,152,152,165,165,180,206,206,231,231,231,247,122,155,167,167,246,246,260,260,275,288,288,321,321,338,364,397,95,106,122,142,142,142],"floor_reached":51,"playtime":2496,"items_purged":["Strike_B","Strike_B","Defend_B","Defend_B"],"score":1390,"play_id":"d92224a6-79ed-407c-9e1b-29780d22b3d3","local_time":"20210108013417","is_ascension_mode":true,"campfire_choices":[{"floor":7.0,"key":"REST"},{"data":"Defragment","floor":15.0,"key":"SMITH"},{"data":"Amplify","floor":24.0,"key":"SMITH"},{"data":"Chaos","floor":27.0,"key":"SMITH"},{"data":"Capacitor","floor":32.0,"key":"SMITH"},{"data":"Seek","floor":41.0,"key":"SMITH"},{"data":"Fission","floor":49.0,"key":"SMITH"}],"circlet_count":0,"master_deck":["AscendersBane","Defend_B","Defend_B+1","Zap","Dualcast","Defragment+1","Defragment+1","Chaos+1","Coolheaded","Cold Snap","Self Repair","Capacitor+1","Amplify+1","Rainbow","Hologram","Echo Form","Undo","Hologram","Core Surge","Loop+1","Core Surge","Genetic Algorithm","Biased Cognition","Coolheaded","Seek+1","Defragment+1","Capacitor","Turbo+1","Fission+1"],"relics":["Cracked Core","Ginger","Bronze Scales","Torii","HornCleat","Mercury Hourglass","Mango","Art of War","PreservedInsect","Empty Cage","Enchiridion","Eternal Feather","Regal Pillow","Bottled Lightning","StoneCalendar","Coffee Dripper","Strawberry","Darkstone Periapt","Dream Catcher","Sundial","Centennial Puzzle"],"acts_visited":["Exordium","TheCity","TheBeyond"],"potions_floor_usage":[50],"damage_taken":[{"damage":2.0,"enemies":"Jaw Worm","floor":1.0,"turns":3.0},{"damage":6.0,"enemies":"Cultist","floor":3.0,"turns":3.0},{"damage":0.0,"enemies":"2 Louse","floor":4.0,"turns":3.0},{"damage":22.0,"enemies":"3 Sentries","floor":6.0,"turns":8.0},{"damage":1.0,"enemies":"Lagavulin","floor":8.0,"turns":7.0},{"damage":2.0,"enemies":"Gremlin Nob","floor":10.0,"turns":4.0},{"damage":2.0,"enemies":"Red Slaver","floor":13.0,"turns":3.0},{"damage":0.0,"enemies":"3 Sentries","floor":14.0,"turns":8.0},{"damage":27.0,"enemies":"Hexaghost","floor":16.0,"turns":10.0},{"damage":27.0,"enemies":"2 Thieves","floor":18.0,"turns":5.0},{"damage":1.0,"enemies":"Spheric Guardian","floor":20.0,"turns":8.0},{"damage":0.0,"enemies":"Snecko","floor":22.0,"turns":6.0},{"damage":23.0,"enemies":"Gremlin Leader","floor":23.0,"turns":8.0},{"damage":1.0,"enemies":"Book of Stabbing","floor":25.0,"turns":7.0},{"damage":17.0,"enemies":"Snake Plant","floor":28.0,"turns":5.0},{"damage":22.0,"enemies":"Slavers","floor":30.0,"turns":3.0},{"damage":18.0,"enemies":"Centurion and Healer","floor":31.0,"turns":8.0},{"damage":1.0,"enemies":"Automaton","floor":33.0,"turns":9.0},{"damage":1.0,"enemies":"Orb Walker","floor":35.0,"turns":3.0},{"damage":35.0,"enemies":"3 Shapes","floor":37.0,"turns":3.0},{"damage":16.0,"enemies":"Jaw Worm Horde","floor":38.0,"turns":6.0},{"damage":13.0,"enemies":"Giant Head","floor":40.0,"turns":6.0},{"damage":6.0,"enemies":"Maw","floor":42.0,"turns":9.0},{"damage":14.0,"enemies":"Nemesis","floor":44.0,"turns":7.0},{"damage":52.0,"enemies":"Writhing Mass","floor":46.0,"turns":7.0},{"damage":0.0,"enemies":"3 Darklings","floor":47.0,"turns":6.0},{"damage":11.0,"enemies":"Spire Growth","floor":48.0,"turns":4.0},{"damage":37,"enemies":"Time Eater","floor":50,"turns":7}],"seed_played":"-153969004378815169","potions_obtained":[{"floor":2.0,"key":"BlessingOfTheForge"},{"floor":2.0,"key":"FearPotion"},{"floor":16.0,"key":"Block Potion"},{"floor":20.0,"key":"FocusPotion"},{"floor":22.0,"key":"Weak Potion"},{"floor":28.0,"key":"SkillPotion"},{"floor":30.0,"key":"LiquidMemories"},{"floor":31.0,"key":"FocusPotion"},{"floor":37.0,"key":"GamblersBrew"},{"floor":47.0,"key":"EssenceOfDarkness"}],"is_trial":false,"path_per_floor":["M","?","M","M","?","E","R","E","T","E","$","?","M","E","R","B",null,"M","T","M","?","M","E","R","E","T","R","M","$","E","M","R","B",null,"M","?","M","M","?","E","R","M","T","E","$","M","M","M","R","B",null],"character_chosen":"DEFECT","items_purchased":["Defragment","Defragment","Bronze Scales","Capacitor","Amplify","Centennial Puzzle"],"campfire_rested":1,"item_purchase_floors":[0,0,0,11,11,45],"current_hp_per_floor":[66,66,60,60,45,23,45,44,44,56,56,56,68,75,75,62,82,62,62,75,59,73,64,76,89,89,89,86,86,78,74,86,89,89,89,96,75,73,73,67,82,90,90,90,90,38,52,55,70,40],"gold":142,"neow_bonus":"","is_daily":false,"chose_seed":false,"campfire_upgraded":6,"win_rate":0.0,"timestamp":1610066057,"path_taken":["M","?","?","M","?","E","R","E","T","E","$","?","M","E","R","BOSS","M","?","M","?","M","E","R","E","T","R","M","$","E","M","R","BOSS","M","?","?","M","?","E","R","M","T","E","$","M","M","?","R","BOSS"],"items_purchased_type":["Card","Card","Relic","Card","Card","Relic"],"build_version":"2020-12-22","purchased_purges":4,"victory":true,"max_hp_per_floor":[75,75,75,75,75,75,75,75,75,89,89,89,89,89,89,89,89,89,89,89,89,89,89,89,89,89,89,89,89,89,89,89,89,89,89,96,96,96,96,96,96,96,96,96,96,96,96,96,96,96],"relic_stats":{"Darkstone Periapt":0,"Regal Pillow":0,"Torii":61,"counters":[28,163],"Eternal Feather":54,"StoneCalendar":[251],"PreservedInsect":313,"Ginger":[23],"Mercury Hourglass":[505],"Dream Catcher":0,"Centennial Puzzle":[9],"Sundial":[2],"Bronze Scales":[516],"Art of War":[86],"obtain_stats":[{"Darkstone Periapt":40,"Regal Pillow":25,"Calipers":0,"Torii":6,"Enchiridion":21,"StoneCalendar":0,"Mango":10,"Eternal Feather":23,"PreservedInsect":0,"Ginger":0,"Empty Cage":17,"Mercury Hourglass":9,"Dream Catcher":43,"Centennial Puzzle":45,"HornCleat":8,"Sundial":44,"Bronze Scales":0,"Strawberry":36,"Art of War":12,"Coffee Dripper":34,"Bottled Lightning":26,"Cracked Core":0},{"Darkstone Periapt":22,"Regal Pillow":14,"Calipers":0,"Torii":4,"Enchiridion":11,"StoneCalendar":0,"Mango":6,"Eternal Feather":13,"PreservedInsect":0,"Ginger":0,"Empty Cage":9,"Mercury Hourglass":5,"Dream Catcher":23,"Centennial Puzzle":24,"HornCleat":5,"Sundial":24,"Bronze Scales":0,"Strawberry":19,"Art of War":6,"Coffee Dripper":18,"Bottled Lightning":14,"Cracked Core":0},{"Darkstone Periapt":123,"Regal Pillow":82,"Calipers":0,"Torii":17,"Enchiridion":61,"StoneCalendar":0,"Mango":28,"Eternal Feather":75,"PreservedInsect":0,"Ginger":0,"Empty Cage":48,"Mercury Hourglass":24,"Dream Catcher":132,"Centennial Puzzle":139,"HornCleat":24,"Sundial":139,"Bronze Scales":0,"Strawberry":109,"Art of War":28,"Coffee Dripper":106,"Bottled Lightning":82,"Cracked Core":0}]},"card_choices":[{"not_picked":["Steam","Turbo"],"picked":"Chaos","floor":1.0},{"not_picked":["Gash","Barrage"],"picked":"Coolheaded","floor":3.0},{"not_picked":["Rebound","Barrage","Chaos"],"picked":"SKIP","floor":4.0},{"not_picked":["Stack","Hologram"],"picked":"Cold Snap","floor":6.0},{"not_picked":["Auto Shields","Sunder","Gash"],"picked":"SKIP","floor":8.0},{"not_picked":["FTL","Turbo"],"picked":"Self Repair","floor":10.0},{"not_picked":["Melter","Blizzard"],"picked":"Rainbow","floor":13.0},{"not_picked":["Ball Lightning","Redo"],"picked":"Hologram","floor":14.0},{"not_picked":["Rainbow","Reboot"],"picked":"Echo Form","floor":16.0},{"not_picked":["Scrape","Turbo"],"picked":"Undo","floor":18.0},{"not_picked":["Doom and Gloom","Aggregate","Gash+1"],"picked":"SKIP","floor":20.0},{"not_picked":["Rebound","Redo"],"picked":"Hologram","floor":22.0},{"not_picked":["Stack","Conserve Battery","Go for the Eyes"],"picked":"SKIP","floor":23.0},{"not_picked":["Stack+1","Rebound"],"picked":"Core Surge","floor":25.0},{"not_picked":["Turbo","Beam Cell"],"picked":"Loop+1","floor":28.0},{"not_picked":["Barrage","Conserve Battery"],"picked":"Core Surge","floor":30.0},{"not_picked":["Stack","Cold Snap+1"],"picked":"Genetic Algorithm","floor":31.0},{"not_picked":["Hyperbeam","Multi-Cast"],"picked":"Biased Cognition","floor":33.0},{"not_picked":["Beam Cell","Ball Lightning","Compile Driver"],"picked":"SKIP","floor":35.0},{"not_picked":["Gash","Streamline"],"picked":"Coolheaded","floor":37.0},{"not_picked":["Conserve Battery+1","Hologram"],"picked":"Seek","floor":38.0},{"not_picked":["Reinforced Body","Rebound"],"picked":"Capacitor","floor":40.0},{"not_picked":["Conserve Battery","Buffer","Steam Power"],"picked":"SKIP","floor":42.0},{"not_picked":["Go for the Eyes","Turbo","Consume"],"picked":"SKIP","floor":44.0},{"not_picked":["Stack","Go for the Eyes","Compile Driver"],"picked":"SKIP","floor":46.0},{"not_picked":["Barrage","Go for the Eyes"],"picked":"Turbo+1","floor":47.0},{"not_picked":["Hologram","Ball Lightning"],"picked":"Fission","floor":48.0}],"player_experience":314724,"relics_obtained":[{"floor":6.0,"key":"Torii"},{"floor":8.0,"key":"HornCleat"},{"floor":9.0,"key":"Mercury Hourglass"},{"floor":10.0,"key":"Mango"},{"floor":12.0,"key":"Art of War"},{"floor":14.0,"key":"PreservedInsect"},{"floor":21.0,"key":"Enchiridion"},{"floor":23.0,"key":"Eternal Feather"},{"floor":25.0,"key":"Regal Pillow"},{"floor":26.0,"key":"Bottled Lightning"},{"floor":30.0,"key":"StoneCalendar"},{"floor":40.0,"key":"Darkstone Periapt"},{"floor":43.0,"key":"Dream Catcher"},{"floor":44.0,"key":"Sundial"}],"event_choices":[{"damage_healed":0.0,"max_hp_gain":0.0,"max_hp_loss":0.0,"gold_gain":0.0,"event_name":"Lab","player_choice":"Got Potions","floor":2.0,"gold_loss":0.0,"damage_taken":0.0},{"damage_healed":0.0,"max_hp_gain":0.0,"max_hp_loss":0.0,"gold_gain":0.0,"event_name":"Shining Light","player_choice":"Entered Light","floor":5.0,"gold_loss":0.0,"damage_taken":15.0,"cards_upgraded":["Defend_B","Defragment"]},{"damage_healed":0.0,"max_hp_gain":0.0,"max_hp_loss":0.0,"gold_gain":0.0,"event_name":"Wheel of Change","player_choice":"Relic","floor":12.0,"gold_loss":0.0,"damage_taken":0.0},{"damage_healed":0.0,"max_hp_gain":0.0,"max_hp_loss":0.0,"gold_gain":0.0,"event_name":"Cursed Tome","player_choice":"Obtained Book","floor":21.0,"gold_loss":0.0,"damage_taken":16.0},{"damage_healed":0.0,"max_hp_gain":0.0,"max_hp_loss":0.0,"gold_gain":0.0,"event_name":"WeMeetAgain","player_choice":"Gave Potion","floor":36.0,"gold_loss":0.0,"damage_taken":0.0,"relics_obtained":["Strawberry"]},{"damage_healed":0.0,"max_hp_gain":0.0,"max_hp_loss":0.0,"gold_gain":0.0,"event_name":"Duplicator","player_choice":"Copied","floor":39.0,"gold_loss":0.0,"damage_taken":0.0,"cards_obtained":["Defragment"]}],"is_beta":false,"boss_relics":[{"not_picked":["Ectoplasm","Calling Bell"],"picked":"Empty Cage"},{"not_picked":["Busted Crown","FrozenCore"],"picked":"Coffee Dripper"}],"items_purged_floors":[0,0,29,45],"is_endless":false,"potions_floor_spawned":[3,8,16,20,22,28,30,31,37,44,46,47],"ascension_level":13}}