{"host":"dowi7cgbhepuzvpj","time":1610119662,"event":{"mods":["AchievementEnabler","BaseMod","Colored Map","Highlight Path","Keyboard Shortcuts","Minty Spire (QoL Compilation)","Permanent Neow","Quick Restart","StSLib","SuperFastMode"],"gold_per_floor":[114,94,109,109,29,29,104,47,74,74,100,130,130,143,143,219,219,235,150,150,100,100,100,110,110,110,110,35,51,82,98,98,98,98],"floor_reached":33,"playtime":760,"items_purged":["Doubt"],"score":556,"play_id":"fe4754b4-4e24-4700-86b3-43a59aedd77f","local_time":"20210109002742","is_ascension_mode":true,"campfire_choices":[{"data":"Neutralize","floor":6.0,"key":"SMITH"},{"data":"Cloak And Dagger","floor":10.0,"key":"SMITH"},{"data":"Noxious Fumes","floor":13.0,"key":"SMITH"},{"data":"Dash","floor":15.0,"key":"SMITH"},{"data":"Bullet Time","floor":23,"key":"SMITH"},{"data":"1","floor":27,"key":"LIFT"},{"data":"Deadly Poison","floor":32,"key":"SMITH"}],"circlet_count":0,"master_deck":["AscendersBane","Strike_G+1","Strike_G+1","Strike_G+1","Strike_G+1","Defend_G+1","Defend_G+1","Defend_G+1","Defend_G+1","Defend_G+1","Survivor","Neutralize+1","PiercingWail","Dodge and Roll","Dagger Throw","PiercingWail","Cloak And Dagger+1","Noxious Fumes+1","Dash+1","Bullet Time+1","Deadly Poison+1","Leg Sweep","Bane","Bouncing Flask","Backflip"],"relics":["Ring of the Snake","Art of War","Strawberry","Letter Opener","Cursed Key","Girya","TungstenRod","Mercury Hourglass","Tough Bandages"],"acts_visited":["Exordium","TheCity"],"potions_floor_usage":[16,24,33],"damage_taken":[{"damage":0.0,"enemies":"Small Slimes","floor":1.0,"turns":3.0},{"damage":1.0,"enemies":"Cultist","floor":3.0,"turns":5.0},{"damage":25.0,"enemies":"3 Sentries","floor":11.0,"turns":14.0},{"damage":0.0,"enemies":"2 Louse","floor":14.0,"turns":2.0},{"damage":0,"enemies":"Hexaghost","floor":16,"turns":9},{"damage":4,"enemies":"3 Byrds","floor":18,"turns":5},{"damage":0,"enemies":"Chosen","floor":24,"turns":4},{"damage":0,"enemies":"Centurion and Healer","floor":29,"turns":6},{"damage":15,"enemies":"Book of Stabbing","floor":30,"turns":7},{"damage":9,"enemies":"Sentry and Sphere","floor":31,"turns":5},{"damage":32,"enemies":"Automaton","floor":33,"turns":6}],"seed_played":"881314637460573671","potions_obtained":[{"floor":1.0,"key":"DuplicationPotion"},{"floor":2.0,"key":"AttackPotion"},{"floor":18,"key":"GamblersBrew"},{"floor":24,"key":"Fire Potion"}],"is_trial":false,"path_per_floor":["M","?","M","?","$","R","?","$","T","R","E","?","R","M","R","B",null,"M","?","T","$","?","R","M","?","T","R","$","M","E","M","R","B"],"character_chosen":"THE_SILENT","items_purchased":["Dagger Throw","PiercingWail","Cloak And Dagger","Deadly Poison"],"campfire_rested":0,"item_purchase_floors":[5,5,8,21],"current_hp_per_floor":[59,59,58,51,51,51,40,40,47,47,22,22,22,22,22,22,60,56,56,56,56,56,56,56,56,56,56,56,56,41,32,32,0,0],"gold":98,"neow_bonus":"RANDOM_COMMON_RELIC","is_daily":false,"chose_seed":false,"campfire_upgraded":6,"win_rate":0.0,"timestamp":1610119662,"path_taken":["M","?","?","?","$","R","?","$","T","R","E","?","R","M","R","BOSS","M","?","?","$","?","R","?","?","T","R","$","M","E","M","R","BOSS"],"items_purchased_type":["Card","Card","Card","Card"],"build_version":"2020-12-22","purchased_purges":1,"victory":false,"max_hp_per_floor":[66,66,66,66,66,66,66,66,73,73,73,73,73,73,73,73,73,73,73,73,73,73,73,73,73,73,73,73,73,73,73,73,73,73],"card_choices":[{"not_picked":["Poisoned Stab","Calculated Gamble"],"picked":"PiercingWail","floor":1.0},{"not_picked":["Bane","Slice"],"picked":"Dodge and Roll","floor":3.0},{"not_picked":["Dash","Distraction"],"picked":"Noxious Fumes","floor":11.0},{"not_picked":["Well Laid Plans","Infinite Blades"],"picked":"Dash","floor":14.0},{"not_picked":["Tools of the Trade","Storm of Steel"],"picked":"Bullet Time","floor":16},{"not_picked":["Blade Dance","All Out Attack","Dagger Throw"],"picked":"SKIP","floor":18},{"not_picked":["Heel Hook","Dodge and Roll"],"picked":"Leg Sweep","floor":24},{"not_picked":["Prepared","All Out Attack"],"picked":"Bane","floor":29},{"not_picked":["Heel Hook","Outmaneuver"],"picked":"Bouncing Flask","floor":30},{"not_picked":["Endless Agony","Eviscerate"],"picked":"Backflip","floor":31}],"player_experience":779566,"relics_obtained":[{"floor":9.0,"key":"Strawberry"},{"floor":11.0,"key":"Letter Opener"},{"floor":20,"key":"TungstenRod"},{"floor":26,"key":"Mercury Hourglass"},{"floor":30,"key":"Tough Bandages"}],"event_choices":[{"damage_healed":0.0,"max_hp_gain":0.0,"max_hp_loss":0.0,"gold_gain":0.0,"event_name":"The Woman in Blue","player_choice":"Bought 1 Potion","floor":2.0,"gold_loss":0.0,"damage_taken":0.0},{"cards_removed":["Strike_G"],"damage_healed":0.0,"max_hp_gain":0.0,"max_hp_loss":0.0,"gold_gain":0.0,"event_name":"Golden Wing","player_choice":"Card Removal","floor":4.0,"gold_loss":0.0,"damage_taken":7.0},{"damage_healed":0.0,"max_hp_gain":0.0,"max_hp_loss":0.0,"gold_gain":75.0,"event_name":"World of Goop","player_choice":"Gather Gold","floor":7.0,"gold_loss":0.0,"damage_taken":11.0},{"damage_healed":0.0,"max_hp_gain":0.0,"max_hp_loss":0.0,"gold_gain":30.0,"event_name":"Dead Adventurer","player_choice":"Searched \u00271\u0027 times","floor":12.0,"gold_loss":0.0,"damage_taken":0.0},{"damage_healed":0,"gold_gain":0,"player_choice":"Obtained Relic","damage_taken":0,"relics_obtained":["Girya"],"max_hp_gain":0,"max_hp_loss":0,"event_name":"Addict","floor":19,"gold_loss":85},{"cards_removed":["Clumsy"],"damage_healed":0,"gold_gain":0,"player_choice":"Purged","damage_taken":0,"max_hp_gain":0,"max_hp_loss":0,"event_name":"Purifier","floor":22,"gold_loss":0},{"damage_healed":0,"gold_gain":0,"player_choice":"Simplicity","damage_taken":0,"max_hp_gain":0,"max_hp_loss":0,"event_name":"Back to Basics","floor":25,"gold_loss":0,"cards_upgraded":["Strike_G","Strike_G","Strike_G","Strike_G","Defend_G","Defend_G","Defend_G","Defend_G","Defend_G"]}],"is_beta":false,"boss_relics":[{"not_picked":["SacredBark","Snecko Eye"],"picked":"Cursed Key"}],"items_purged_floors":[28],"is_endless":false,"potions_floor_spawned":[1,18,24],"killed_by":"Automaton","ascension_level":16}}