{"host":"txhhdwa0hqfs4jhb","time":1610128150,"event":{"mods":["AchievementEnabler","BaseMod","Better Third Choice","Filter the Spire","Minty Spire (QoL Compilation)","Relic Stats","StSLib","Thieving Mod"],"gold_per_floor":[110,110,110,29,0,36,36,60,60,60,91,40,60,60,60,158,158,186,186,186,186,213,213,165,90,90,114,142,182,26,51,51,142,142,158,179,256,111,444,444,454,492,492,507,534,534,565,589,589,589],"floor_reached":51,"playtime":2878,"items_purged":["Strike_B"],"score":1347,"play_id":"04439f7c-0bc5-4020-ad85-9e2da6d8ac8e","local_time":"20210108174910","is_ascension_mode":true,"campfire_choices":[{"floor":7.0,"key":"REST"},{"data":"Enlightenment","floor":10.0,"key":"SMITH"},{"floor":15.0,"key":"REST"},{"data":"Electrodynamics","floor":23.0,"key":"SMITH"},{"data":"Seek","floor":32.0,"key":"SMITH"},{"floor":40,"key":"REST"},{"floor":46,"key":"REST"},{"floor":49,"key":"REST"}],"circlet_count":0,"master_deck":["AscendersBane","Strike_B","Strike_B","Strike_B","Defend_B","Defend_B","Defend_B","Defend_B","Dualcast","Cold Snap","Seek+1","Enlightenment+1","Doom and Gloom","Cold Snap","Reinforced Body","Coolheaded","Coolheaded","Electrodynamics+1","Hologram","Reinforced Body","Fusion","Meteor Strike","Loop","Sweeping Beam+1","Cold Snap","Meteor Strike","Hologram","Hologram","Purity","Bandage Up","Apotheosis"],"relics":["Inserter","Chemical X","Matryoshka","Ginger","Oddly Smooth Stone","White Beast Statue","TungstenRod","CeramicFish","Happy Flower","Nuclear Battery","Singing Bowl","Cables","Meat on the Bone","Strawberry","Orrery","Pantograph","Omamori","Eternal Feather","DataDisk","Fusion Hammer","Dead Branch","Lee\u0027s Waffle","PreservedInsect","Blue Candle","Letter Opener","Bag of Preparation"],"acts_visited":["Exordium","TheCity","TheBeyond"],"potions_floor_usage":[35,37,42,44,50,50],"damage_taken":[{"damage":1.0,"enemies":"Cultist","floor":1.0,"turns":4.0},{"damage":26.0,"enemies":"3 Sentries","floor":6.0,"turns":10.0},{"damage":0.0,"enemies":"Small Slimes","floor":8.0,"turns":3.0},{"damage":25.0,"enemies":"Lagavulin","floor":11.0,"turns":6.0},{"damage":0.0,"enemies":"2 Louse","floor":13.0,"turns":3.0},{"damage":29.0,"enemies":"The Guardian","floor":16.0,"turns":13.0},{"damage":12.0,"enemies":"Chosen","floor":18.0,"turns":5.0},{"damage":0.0,"enemies":"Shell Parasite","floor":22.0,"turns":5.0},{"damage":5.0,"enemies":"Centurion and Healer","floor":27.0,"turns":5.0},{"damage":10.0,"enemies":"Cultist and Chosen","floor":28.0,"turns":6.0},{"damage":10.0,"enemies":"Book of Stabbing","floor":29.0,"turns":6.0},{"damage":6.0,"enemies":"Snake Plant","floor":31.0,"turns":4.0},{"damage":43.0,"enemies":"Champ","floor":33.0,"turns":14.0},{"damage":12,"enemies":"3 Darklings","floor":35,"turns":6},{"damage":0,"enemies":"Orb Walker","floor":36,"turns":4},{"damage":0,"enemies":"2 Orb Walkers","floor":37,"turns":3},{"damage":57,"enemies":"Transient","floor":41,"turns":5},{"damage":20,"enemies":"Nemesis","floor":42,"turns":7},{"damage":47,"enemies":"3 Darklings","floor":44,"turns":5},{"damage":0,"enemies":"Giant Head","floor":47,"turns":5},{"damage":27,"enemies":"Awakened One","floor":50,"turns":12}],"seed_played":"-5335662249147922616","potions_obtained":[{"floor":1.0,"key":"Strength Potion"},{"floor":6.0,"key":"AttackPotion"},{"floor":8.0,"key":"SkillPotion"},{"floor":11.0,"key":"SpeedPotion"},{"floor":13.0,"key":"SmokeBomb"},{"floor":16.0,"key":"FocusPotion"},{"floor":28.0,"key":"LiquidBronze"},{"floor":29.0,"key":"Dexterity Potion"},{"floor":31.0,"key":"AttackPotion"},{"floor":33.0,"key":"AttackPotion"},{"floor":35,"key":"SkillPotion"},{"floor":37,"key":"FairyPotion"},{"floor":41,"key":"Swift Potion"},{"floor":42,"key":"Strength Potion"},{"floor":44,"key":"SkillPotion"},{"floor":47,"key":"LiquidMemories"}],"is_trial":false,"path_per_floor":["M","?","?","$","?","E","R","M","T","R","E","$","M","$","R","B",null,"M","?","$","?","M","R","$","?","T","M","M","E","$","M","R","B",null,"M","M","?","$","?","R","M","E","T","M","?","R","E","T","R","B",null],"character_chosen":"DEFECT","items_purchased":["Seek","Coolheaded","DataDisk","Lee\u0027s Waffle"],"campfire_rested":5,"item_purchase_floors":[4,12,30,38],"current_hp_per_floor":[63,68,49,49,55,29,53,53,53,53,28,28,28,28,52,23,67,55,55,55,55,55,55,68,68,68,63,53,55,55,51,66,62,90,80,82,82,110,110,110,67,59,59,26,17,69,75,75,116,89],"gold":589,"neow_bonus":"BOSS_RELIC","is_daily":false,"chose_seed":false,"campfire_upgraded":3,"win_rate":0.0,"timestamp":1610128150,"path_taken":["M","?","?","$","?","E","R","M","T","R","E","$","M","$","R","BOSS","M","?","$","?","M","R","$","?","T","M","M","E","$","?","R","BOSS","M","?","?","$","?","R","M","E","T","?","?","R","E","?","R","BOSS"],"items_purchased_type":["Card","Card","Relic","Relic"],"build_version":"2020-12-22","purchased_purges":1,"victory":true,"max_hp_per_floor":[71,76,76,76,82,82,82,82,82,82,82,82,82,82,82,82,82,82,82,82,82,82,82,95,95,95,95,95,95,95,97,97,99,99,101,103,103,110,110,110,112,112,112,114,114,114,116,116,116,116],"relic_stats":{"Lee\u0027s Waffle":28,"Inserter":[65],"Happy Flower":[35],"Singing Bowl":20,"counters":[21,131],"CeramicFish":126,"Dead Branch":[43],"Blue Candle":[0],"Eternal Feather":51,"PreservedInsect":130,"Bag of Preparation":[2],"Ginger":[19],"Letter Opener":[112],"Cables":[86,8,18,7,53],"Pantograph":25,"Chemical X":[29],"obtain_stats":[{"Singing Bowl":19,"CeramicFish":14,"Bag of Preparation":48,"Ginger":6,"Matryoshka":4,"Strawberry":24,"Pantograph":26,"Fusion Hammer":34,"Chemical X":4,"Cracked Core":0,"Lee\u0027s Waffle":38,"Inserter":0,"Happy Flower":14,"Golden Idol":3,"Dead Branch":37,"Blue Candle":43,"Oddly Smooth Stone":9,"Eternal Feather":29,"PreservedInsect":42,"Omamori":26,"Letter Opener":47,"White Beast Statue":9,"Nuclear Battery":17,"Cables":20,"DataDisk":30,"Orrery":24,"TungstenRod":11,"Meat on the Bone":24},{"Singing Bowl":7,"CeramicFish":5,"Bag of Preparation":20,"Ginger":2,"Matryoshka":1,"Strawberry":8,"Pantograph":8,"Fusion Hammer":13,"Chemical X":1,"Cracked Core":0,"Lee\u0027s Waffle":16,"Inserter":0,"Happy Flower":5,"Golden Idol":1,"Dead Branch":16,"Blue Candle":18,"Oddly Smooth Stone":3,"Eternal Feather":11,"PreservedInsect":18,"Omamori":8,"Letter Opener":20,"White Beast Statue":3,"Nuclear Battery":6,"Cables":7,"DataDisk":11,"Orrery":8,"TungstenRod":4,"Meat on the Bone":8},{"Singing Bowl":44,"CeramicFish":26,"Bag of Preparation":119,"Ginger":14,"Matryoshka":4,"Strawberry":49,"Pantograph":49,"Fusion Hammer":84,"Chemical X":4,"Cracked Core":0,"Lee\u0027s Waffle":97,"Inserter":0,"Happy Flower":26,"Golden Idol":4,"Dead Branch":97,"Blue Candle":109,"Oddly Smooth Stone":17,"Eternal Feather":66,"PreservedInsect":109,"Omamori":49,"Letter Opener":119,"White Beast Statue":17,"Nuclear Battery":39,"Cables":44,"DataDisk":66,"Orrery":49,"TungstenRod":23,"Meat on the Bone":49}],"TungstenRod":36,"Meat on the Bone":60},"card_choices":[{"not_picked":["Compile Driver","Leap"],"picked":"Cold Snap","floor":1.0},{"not_picked":["Heatsinks","Sweeping Beam"],"picked":"Doom and Gloom","floor":6.0},{"not_picked":["Ball Lightning","Conserve Battery"],"picked":"Cold Snap","floor":8.0},{"not_picked":["Steam","Fission"],"picked":"Reinforced Body","floor":11.0},{"not_picked":["Capacitor","Barrage"],"picked":"Coolheaded","floor":13.0},{"not_picked":["Biased Cognition","Thunder Strike"],"picked":"Electrodynamics","floor":16.0},{"not_picked":["Beam Cell","Go for the Eyes"],"picked":"Hologram","floor":18.0},{"not_picked":["Redo","Static Discharge"],"picked":"Reinforced Body","floor":22.0},{"not_picked":["Compile Driver","Gash"],"picked":"Fusion","floor":24.0},{"not_picked":["Stack","Recycle"],"picked":"Meteor Strike","floor":24.0},{"not_picked":["Sweeping Beam","Streamline","Creative AI"],"picked":"Singing Bowl","floor":24.0},{"not_picked":["Ball Lightning","Steam","Rebound"],"picked":"Singing Bowl","floor":24.0},{"not_picked":["Double Energy","Ball Lightning","Rip and Tear"],"picked":"Singing Bowl","floor":24.0},{"not_picked":["Go for the Eyes+1","Compile Driver"],"picked":"Sweeping Beam+1","floor":27.0},{"not_picked":["Turbo","Conserve Battery"],"picked":"Cold Snap","floor":28.0},{"not_picked":["FTL","Coolheaded"],"picked":"Meteor Strike","floor":29.0},{"not_picked":["Lockon","FTL","Turbo"],"picked":"Singing Bowl","floor":31.0},{"not_picked":["Biased Cognition","Hyperbeam","Amplify"],"picked":"Singing Bowl","floor":33.0},{"not_picked":["Heatsinks","Go for the Eyes","Beam Cell"],"picked":"Singing Bowl","floor":35},{"not_picked":["Steam","Chill","Leap"],"picked":"Singing Bowl","floor":36},{"not_picked":["Turbo","Go for the Eyes"],"picked":"Hologram","floor":37},{"not_picked":["Gash+1","Leap","Stack"],"picked":"Singing Bowl","floor":41},{"not_picked":["Gash+1","Go for the Eyes"],"picked":"Hologram","floor":42},{"not_picked":["Rebound","Gash","Sweeping Beam+1"],"picked":"Singing Bowl","floor":44},{"not_picked":["Forethought","Metamorphosis"],"picked":"Purity","floor":45},{"not_picked":["Metamorphosis","Enlightenment"],"picked":"Bandage Up","floor":45},{"not_picked":["Deep Breath","Chrysalis"],"picked":"Apotheosis","floor":45},{"not_picked":["Hello World","Leap","Auto Shields"],"picked":"Singing Bowl","floor":47}],"player_experience":223278,"relics_obtained":[{"floor":6.0,"key":"Ginger"},{"floor":9.0,"key":"Oddly Smooth Stone"},{"floor":9.0,"key":"White Beast Statue"},{"floor":11.0,"key":"TungstenRod"},{"floor":26.0,"key":"Pantograph"},{"floor":26.0,"key":"Omamori"},{"floor":29.0,"key":"Eternal Feather"},{"floor":37,"key":"Dead Branch"},{"floor":42,"key":"PreservedInsect"},{"floor":43,"key":"Blue Candle"},{"floor":47,"key":"Letter Opener"},{"floor":48,"key":"Bag of Preparation"}],"event_choices":[{"damage_healed":0.0,"max_hp_gain":5.0,"max_hp_loss":0.0,"gold_gain":0.0,"event_name":"Big Fish","player_choice":"Donut","floor":2.0,"gold_loss":0.0,"damage_taken":0.0},{"damage_healed":0.0,"max_hp_gain":0.0,"max_hp_loss":0.0,"gold_gain":0.0,"event_name":"Golden Idol","player_choice":"Take Damage","floor":3.0,"gold_loss":0.0,"damage_taken":19.0,"relics_obtained":["Golden Idol"]},{"damage_healed":0.0,"max_hp_gain":0.0,"max_hp_loss":0.0,"gold_gain":0.0,"event_name":"betterThird:BetterSerpent","player_choice":"RENOUNCE","floor":5.0,"gold_loss":29.0,"damage_taken":29.0,"cards_obtained":["Enlightenment"]},{"damage_healed":0.0,"max_hp_gain":0.0,"max_hp_loss":0.0,"gold_gain":0.0,"event_name":"The Mausoleum","player_choice":"Opened","floor":19.0,"gold_loss":0.0,"damage_taken":0.0,"relics_obtained":["Singing Bowl"]},{"damage_healed":0.0,"max_hp_gain":0.0,"max_hp_loss":0.0,"gold_gain":0.0,"event_name":"Ghosts","player_choice":"Ignored","floor":21.0,"gold_loss":0.0,"damage_taken":0.0},{"cards_removed":["Zap"],"damage_healed":0.0,"max_hp_gain":0.0,"max_hp_loss":0.0,"gold_gain":0.0,"event_name":"Beggar","player_choice":"Gave Gold","floor":25.0,"gold_loss":75.0,"damage_taken":0.0},{"damage_healed":0,"gold_gain":0,"player_choice":"Fight","damage_taken":0,"max_hp_gain":0,"max_hp_loss":0,"event_name":"Mysterious Sphere","floor":37,"gold_loss":0},{"damage_healed":0,"gold_gain":333,"player_choice":"Gave Idol","damage_taken":0,"max_hp_gain":0,"max_hp_loss":0,"event_name":"The Moai Head","floor":39,"relics_lost":["Golden Idol"],"gold_loss":0},{"damage_healed":0,"gold_gain":0,"player_choice":"Memory 3","damage_taken":10,"max_hp_gain":0,"max_hp_loss":0,"event_name":"SensoryStone","floor":45,"gold_loss":0}],"is_beta":false,"boss_relics":[{"not_picked":["Runic Pyramid","Astrolabe"],"picked":"Nuclear Battery"},{"not_picked":["Black Star","Runic Dome"],"picked":"Fusion Hammer"}],"items_purged_floors":[24],"is_endless":false,"potions_floor_spawned":[1,6,8,11,13,16,18,22,27,28,29,31,33,35,36,37,41,42,44,47],"ascension_level":14}}