{"host":"m77rrhbqzv44va4v","time":1610125677,"event":{"mods":["AchievementEnabler","BaseMod","Colored Map","DeckTracker","Keyboard Shortcuts","Minty Spire (QoL Compilation)","StSLib","SuperFastMode","everything is the same but u backflip on backflip"],"gold_per_floor":[111,111,36,50,50,84,84,111,138,149,162,180,180,180],"floor_reached":13,"playtime":245,"items_purged":["Strike_G"],"score":240,"play_id":"4964fc28-b717-4e6b-9c12-28293978b0c9","local_time":"20210109020757","is_ascension_mode":true,"campfire_choices":[{"data":"Escape Plan","floor":7.0,"key":"SMITH"}],"circlet_count":0,"master_deck":["AscendersBane","Strike_G","Strike_G","Strike_G","Strike_G","Defend_G","Defend_G+1","Defend_G","Defend_G","Survivor","Neutralize","Crippling Poison+1","Escape Plan+1","Malaise","Acrobatics","Reflex"],"relics":["Ring of the Snake","NeowsBlessing","War Paint","Strawberry","Regal Pillow"],"acts_visited":["Exordium"],"potions_floor_usage":[8,8],"damage_taken":[{"damage":0.0,"enemies":"2 Louse","floor":1.0,"turns":1.0},{"damage":0.0,"enemies":"Cultist","floor":4.0,"turns":1.0},{"damage":0.0,"enemies":"Gremlin Nob","floor":6.0,"turns":1.0},{"damage":15,"enemies":"3 Sentries","floor":8,"turns":10},{"damage":10,"enemies":"Jaw Worm","floor":10,"turns":5},{"damage":12,"enemies":"Exordium Wildlife","floor":11,"turns":4},{"damage":1,"enemies":"Looter","floor":12,"turns":5},{"damage":47,"enemies":"Gremlin Nob","floor":13,"turns":4}],"seed_played":"312716521725849750","potions_obtained":[{"floor":1.0,"key":"DuplicationPotion"},{"floor":4.0,"key":"Regen Potion"}],"is_trial":false,"path_per_floor":["M","?","$","M","$","E","R","E","T","M","M","M","E"],"character_chosen":"THE_SILENT","items_purchased":[],"campfire_rested":0,"item_purchase_floors":[],"current_hp_per_floor":[59,59,59,59,59,59,59,62,62,52,40,39,0,0],"gold":180,"neow_bonus":"THREE_ENEMY_KILL","is_daily":false,"chose_seed":false,"campfire_upgraded":1,"win_rate":0.0,"timestamp":1610125677,"path_taken":["M","?","$","?","$","E","R","E","T","?","M","M","E"],"items_purchased_type":[],"build_version":"2020-12-22","purchased_purges":1,"victory":false,"max_hp_per_floor":[66,66,66,66,66,66,66,73,73,73,73,73,73,73],"card_choices":[{"not_picked":["Dodge and Roll","Outmaneuver","Distraction"],"picked":"SKIP","floor":1.0},{"not_picked":["Blade Dance","Cloak And Dagger"],"picked":"Crippling Poison","floor":4.0},{"not_picked":["Dodge and Roll","Caltrops"],"picked":"Escape Plan","floor":6.0},{"not_picked":["Well Laid Plans","Endless Agony"],"picked":"Malaise","floor":8},{"not_picked":["Calculated Gamble","Blade Dance"],"picked":"Acrobatics","floor":10},{"not_picked":["Sucker Punch","Dodge and Roll","Outmaneuver"],"picked":"SKIP","floor":11},{"not_picked":["Quick Slash","Slice"],"picked":"Reflex","floor":12}],"player_experience":915225,"relics_obtained":[{"floor":6.0,"key":"War Paint"},{"floor":8,"key":"Strawberry"},{"floor":9,"key":"Regal Pillow"}],"event_choices":[{"cards_removed":["Defend_G"],"damage_healed":0.0,"max_hp_gain":0.0,"max_hp_loss":0.0,"gold_gain":0.0,"event_name":"Purifier","player_choice":"Purged","floor":2.0,"gold_loss":0.0,"damage_taken":0.0}],"is_beta":false,"boss_relics":[],"items_purged_floors":[3],"is_endless":false,"potions_floor_spawned":[1,4,6],"killed_by":"Gremlin Nob","ascension_level":20}}