{"host":"10b2ljh1rg6srmxa","time":1610123097,"event":{"mods":["AchievementEnabler","BaseMod","Colored Powertips","Conspire","Downfall","Googly Eyes","Hubris","Infinite Spire","Minty Spire (QoL Compilation)","Replay The Spire","StSLib"],"gold_per_floor":[99,118,136,136,136,136,136,168,168,187,187,200,125,144,162,260,260,260,276,376,389,389,403,403,328,341,370,295,133,150,150,169,266,266,266,285,304,315,415,447,447,465,494,505,270,270,284,294,304,304,304,335,146,146,146,146,146],"floor_reached":55,"playtime":5912,"items_purged":[],"score":855,"play_id":"9ea702d6-6a8d-4523-8d85-138f799ec989","local_time":"20210108172457","is_ascension_mode":false,"campfire_choices":[{"data":"Slimebound:Split","floor":1.0,"key":"SMITH"},{"data":"Slimebound:RainOfGoop","floor":6.0,"key":"SMITH"},{"data":"Slimebound:SplitLeeching","floor":13.0,"key":"SMITH"},{"data":"Slimebound:CorrosiveSpit","floor":18.0,"key":"SMITH"},{"floor":25.0,"key":"RECALL"},{"data":"infinitespire:UltimateForm","floor":28.0,"key":"SMITH"},{"data":"Slimebound:GrowthPunch","floor":35.0,"key":"SMITH"},{"data":"Replay:SS_forest_2","floor":46.0,"key":"SMITH"},{"data":"Magnetism","floor":54.0,"key":"SMITH"}],"circlet_count":0,"master_deck":["Slimebound:Strike_Slimebound","Slimebound:Strike_Slimebound","Slimebound:Strike_Slimebound","Slimebound:Defend_Slimebound","Slimebound:Defend_Slimebound","Slimebound:Defend_Slimebound","Slimebound:Defend_Slimebound","Slimebound:Split+1","Slimebound:CorrosiveSpit+1","Slimebound:SlimeSpikes+1","Slimebound:LeechingTouch","Slimebound:RainOfGoop+1","Slimebound:PressTheAttack","Slimebound:RallyTheTroops","Slimebound:SplitLeeching+1","Slimebound:SamplingLick","Slimebound:Gluttony","Slimebound:LeechEnergy","Slimebound:SplitMire+1","Slimebound:LeadByExample","infinitespire:UltimateForm+1","Slimebound:SplitAcid","Slimebound:MegaLick","Slimebound:GrowthPunch+1","Slimebound:DisruptingSlam+1","Slimebound:SlimeTap+1","Slimebound:TongueLash+1","Slimebound:SpikyOuterGoop","Replay:SS_forest_2+1","Slimebound:Repurpose+1","Slimebound:GrowthPunch","Magnetism+1"],"relics":["Slimebound:AbsorbEndCombat","Mummified Hand","Mercury Hourglass","downfall:HeartBlessingGreen","Coffee Dripper","hubris:Zylophone","Replay:Bottled Snecko","conspire:SpecialSausage","Quantum Egg","downfall:HeartBlessingBlue","infinitespire:PuzzleCube","downfall:HeartBlessingRed","ReplayTheSpireMod:TigerMarble","hubris:ScarierMask","White Beast Statue","Toy Ornithopter","MealTicket","Gremlin Horn","hubris:EmptyBottle","infinitespire:Golems Mask","Durian"],"acts_visited":["Exordium","TheCity","TheBeyond","TheEnding"],"potions_floor_usage":[],"damage_taken":[{"damage":8.0,"enemies":"conspire:RoseBush","floor":2.0,"turns":3.0},{"damage":8.0,"enemies":"Small Slimes","floor":3.0,"turns":3.0},{"damage":0.0,"enemies":"Cultist","floor":5.0,"turns":1.0},{"damage":12.0,"enemies":"Lagavulin","floor":8.0,"turns":6.0},{"damage":22.0,"enemies":"3 Louse","floor":10.0,"turns":2.0},{"damage":7.0,"enemies":"Lots of Slimes","floor":12.0,"turns":3.0},{"damage":8.0,"enemies":"Blue Slaver","floor":14.0,"turns":2.0},{"damage":12.0,"enemies":"conspire:2 RoseBushes","floor":15.0,"turns":3.0},{"damage":21.0,"enemies":"downfall:Ironclad","floor":16.0,"turns":7.0},{"damage":16.0,"enemies":"Shell Parasite","floor":19.0,"turns":4.0},{"damage":54.0,"enemies":"downfall:Defect","floor":20.0,"turns":6.0},{"damage":24.0,"enemies":"Spheric Guardian","floor":21.0,"turns":4.0},{"damage":27.0,"enemies":"Shelled Parasite and Fungi","floor":23.0,"turns":3.0},{"damage":34.0,"enemies":"Centurion and Healer","floor":26.0,"turns":5.0},{"damage":16.0,"enemies":"Gremlin Leader","floor":27.0,"turns":4.0},{"damage":20.0,"enemies":"downfall:FleeingMerchant","floor":29.0,"turns":4.0},{"damage":24.0,"enemies":"Sentry and Sphere","floor":30.0,"turns":4.0},{"damage":27.0,"enemies":"Cultist and Chosen","floor":32.0,"turns":5.0},{"damage":25.0,"enemies":"downfall:Watcher","floor":33.0,"turns":6.0},{"damage":16.0,"enemies":"Orb Walker","floor":36.0,"turns":3.0},{"damage":14.0,"enemies":"3 Shapes","floor":37.0,"turns":3.0},{"damage":39.0,"enemies":"Spire Growth","floor":38.0,"turns":4.0},{"damage":12.0,"enemies":"downfall:LadyInBlue","floor":39.0,"turns":4.0},{"damage":36.0,"enemies":"Giant Head","floor":40.0,"turns":8.0},{"damage":24.0,"enemies":"3 Darklings","floor":42.0,"turns":3.0},{"damage":26.0,"enemies":"Nemesis","floor":43.0,"turns":5.0},{"damage":25.0,"enemies":"4 Shapes","floor":44.0,"turns":2.0},{"damage":16.0,"enemies":"downfall:FleeingMerchant","floor":45.0,"turns":4.0},{"damage":4.0,"enemies":"Sphere and 2 Shapes","floor":47.0,"turns":3.0},{"damage":38.0,"enemies":"Maw","floor":48.0,"turns":5.0},{"damage":8.0,"enemies":"4 Shapes","floor":49.0,"turns":3.0},{"damage":16.0,"enemies":"downfall:Defect","floor":50.0,"turns":5.0},{"damage":59.0,"enemies":"downfall:CharBossMerchant","floor":52.0,"turns":6.0},{"damage":0,"enemies":"downfall:NeowBoss","floor":55,"turns":1}],"seed_played":"-8746625683366181309","potions_obtained":[{"floor":2.0,"key":"Languid Potion"},{"floor":10.0,"key":"FearPotion"},{"floor":15.0,"key":"Weak Potion"},{"floor":16.0,"key":"DistilledChaos"},{"floor":21.0,"key":"Fire Potion"},{"floor":23.0,"key":"FearPotion"},{"floor":26.0,"key":"Dexterity Potion"},{"floor":39.0,"key":"EntropicBrew"},{"floor":40.0,"key":"LiquidMemories"},{"floor":43.0,"key":"DistilledChaos"},{"floor":44.0,"key":"SkillPotion"},{"floor":45.0,"key":"BlessingOfTheForge"},{"floor":52.0,"key":"Toxic Potion"}],"is_trial":false,"path_per_floor":["R","M","M","?","M","R","T","E","?","M","?","M","R","M","M","B",null,"R","M","?","M","AVR","M","T","R","M","E","R","$","M","?","M","B",null,"R","M","M","M","?","E","T","M","E","M","$","R","M","M","M","B",null,"E","$","R","B"],"character_chosen":"SLIMEBOUND","items_purchased":["ReplayTheSpireMod:TigerMarble","Replay:SS_forest_2","hubris:EmptyBottle","infinitespire:Golems Mask","Magnetism"],"campfire_rested":0,"item_purchase_floors":[29,45,45,45,53],"current_hp_per_floor":[60,60,60,60,60,60,60,60,60,58,58,60,60,60,60,60,60,60,60,32,36,36,41,41,51,61,70,70,70,65,65,67,72,72,72,72,70,72,72,72,72,72,72,63,72,72,72,70,72,72,72,66,77,77,77,77,77],"gold":146,"neow_bonus":"THREE_CARDS","is_daily":false,"chose_seed":false,"campfire_upgraded":8,"win_rate":0.0,"timestamp":1610123097,"path_taken":["R","M","M","?","M","R","T","E","?","?","?","M","R","?","M","BOSS","R","M","?","M","AVR","M","T","R","M","E","R","$","M","?","M","BOSS","R","M","?","?","?","E","T","M","E","M","$","R","M","M","M","BOSS","E","$","R","BOSS"],"items_purchased_type":["Relic","Card","Relic","Relic","Card"],"build_version":"2020-12-22","purchased_purges":0,"victory":false,"max_hp_per_floor":[60,60,60,60,60,60,60,60,60,60,60,60,60,60,60,60,60,60,60,60,60,60,60,60,70,70,70,70,70,72,72,72,72,72,72,72,72,72,72,72,72,72,72,72,72,72,72,72,72,72,72,77,77,77,77,77,77],"card_choices":[{"not_picked":["Slimebound:Grow","Slimebound:ComboTackle"],"picked":"Slimebound:SlimeSpikes","floor":0.0},{"not_picked":["Slimebound:RollThrough","Slimebound:DisruptingSlam"],"picked":"Slimebound:LeechingTouch","floor":2.0},{"not_picked":["Slimebound:ViciousTackle","Slimebound:SamplingLick"],"picked":"Slimebound:RainOfGoop","floor":3.0},{"not_picked":["Slimebound:Schlurp","Slimebound:DivideAndConquer"],"picked":"Slimebound:PressTheAttack","floor":5.0},{"not_picked":["Slimebound:LeechingTouch","Slimebound:FlameTackle"],"picked":"Slimebound:RallyTheTroops","floor":8.0},{"not_picked":["Slimebound:ServeAndProtect","Slimebound:RollThrough"],"picked":"Slimebound:SamplingLick","floor":10.0},{"not_picked":["Slimebound:SplitAcid","Slimebound:LeechingTouch"],"picked":"Slimebound:Gluttony","floor":12.0},{"not_picked":["Slimebound:PressTheAttack","Slimebound:ViciousTackle"],"picked":"Slimebound:LeechEnergy","floor":14.0},{"not_picked":["Slimebound:SplitAcid","Slimebound:Dissolve","Slimebound:LeechingTouch"],"picked":"SKIP","floor":15.0},{"not_picked":["Slimebound:Replication+1","Slimebound:RollThrough+1"],"picked":"Slimebound:SplitMire+1","floor":19.0},{"not_picked":["Slimebound:GoopSpray","Slimebound:SplitLeeching"],"picked":"Slimebound:LeadByExample","floor":21.0},{"not_picked":["Slimebound:SplitBruiser","Slimebound:LeechingTouch"],"picked":"Slimebound:SplitAcid","floor":23.0},{"not_picked":["Slimebound:ViciousTackle","Slimebound:Schlurp","Slimebound:SplitAcid+1"],"picked":"SKIP","floor":26.0},{"not_picked":["Slimebound:LeechingTouch","Slimebound:LeechLife"],"picked":"Slimebound:MegaLick","floor":27.0},{"not_picked":["Slimebound:ViciousTackle","Slimebound:LeechingTouch","Slimebound:Gluttony"],"picked":"SKIP","floor":29.0},{"not_picked":["Slimebound:ViciousTackle+1","Slimebound:SplitLeeching","Slimebound:ComboTackle"],"picked":"SKIP","floor":30.0},{"not_picked":["Slimebound:HauntingLick","Slimebound:ViciousTackle+1"],"picked":"Slimebound:GrowthPunch","floor":32.0},{"not_picked":["Slimebound:SplitLeeching","Slimebound:LeechingTouch+1"],"picked":"Slimebound:DisruptingSlam+1","floor":36.0},{"not_picked":["Slimebound:ComboTackle","Slimebound:ViciousTackle+1","Slimebound:DivideAndConquer"],"picked":"SKIP","floor":37.0},{"not_picked":["Slimebound:ComboTackle+1","Slimebound:ServeAndProtect"],"picked":"Slimebound:SlimeTap+1","floor":38.0},{"not_picked":["Slimebound:RainOfGoop","Slimebound:SplitMire","Slimebound:ViciousTackle"],"picked":"SKIP","floor":40.0},{"not_picked":["Slimebound:ItLooksTasty+1","Slimebound:Grow+1","Slimebound:Gluttony"],"picked":"SKIP","floor":42.0},{"not_picked":["Slimebound:ComboTackle","Slimebound:SplitAcid+1","Slimebound:WasteNot"],"picked":"SKIP","floor":43.0},{"not_picked":["Slimebound:PressTheAttack","Slimebound:BestDefense"],"picked":"Slimebound:TongueLash+1","floor":44.0},{"not_picked":["Slimebound:DivideAndConquer+1","Slimebound:ViciousTackle"],"picked":"Slimebound:SpikyOuterGoop","floor":45.0},{"not_picked":["Slimebound:ServeAndProtect+1","Slimebound:LivingWall","Slimebound:LeechingTouch+1"],"picked":"SKIP","floor":47.0},{"not_picked":["Slimebound:GoopTackle+1","Slimebound:SlimeSpikes+1","Slimebound:Schlurp"],"picked":"SKIP","floor":48.0},{"not_picked":["Slimebound:ItLooksTasty+1","Slimebound:SlimeSpikes+1"],"picked":"Slimebound:Repurpose+1","floor":49.0},{"not_picked":["Slimebound:MassFeed","Slimebound:GoopSpray"],"picked":"Slimebound:GrowthPunch","floor":52.0}],"player_experience":329082,"relics_obtained":[{"floor":7.0,"key":"Mummified Hand"},{"floor":8.0,"key":"Mercury Hourglass"},{"floor":20.0,"key":"hubris:Zylophone"},{"floor":20.0,"key":"Replay:Bottled Snecko"},{"floor":27.0,"key":"infinitespire:PuzzleCube"},{"floor":39.0,"key":"White Beast Statue"},{"floor":40.0,"key":"Toy Ornithopter"},{"floor":41.0,"key":"MealTicket"},{"floor":43.0,"key":"Gremlin Horn"},{"floor":52.0,"key":"Durian"}],"event_choices":[{"damage_healed":0.0,"max_hp_gain":0.0,"max_hp_loss":0.0,"gold_gain":0.0,"cards_transformed":["Slimebound:Tackle"],"event_name":"Transmorgrifier","player_choice":"Transformed","floor":9.0,"gold_loss":0.0,"damage_taken":0.0,"cards_obtained":["Slimebound:SplitLeeching"]},{"damage_healed":0.0,"max_hp_gain":0.0,"max_hp_loss":0.0,"gold_gain":0.0,"event_name":"Accursed Blacksmith","player_choice":"Forge","floor":31.0,"gold_loss":0.0,"damage_taken":0.0,"cards_upgraded":["Slimebound:SlimeSpikes"]}],"is_beta":false,"boss_relics":[{"not_picked":["Replay:Ancient Bell","conspire:RoyalGoblet"],"picked":"Coffee Dripper"},{"not_picked":["Replay:Grab Bag","Kintsugi"],"picked":"hubris:ScarierMask"}],"items_purged_floors":[],"is_endless":false,"potions_floor_spawned":[2,10,15,16,21,23,26,30,33,36,37,39,40,42,43,44,45,47,48,49,52],"killed_by":"downfall:NeowBoss","ascension_level":0}}