{"host":"2n2g1vowfllvjtvi","time":1610127497,"event":{"mods":["AchievementEnabler","BaseMod","Custom Start","GifTheSpireLib","Keyboard Shortcuts","Minty Spire (QoL Compilation)","Quick Restart","Rare Cards Sparkle","StSLib","SuperFastMode"],"gold_per_floor":[115,38,49,60,73,73,102,102,102,102,122,47,60,74,74,173,173,190,90,90,90,110,125,125,151,151,26,45,45,45,45,45,141,141,157,157,157,168,18,52,72,72,72,102,102,135,152,165,165,165,165,165,96,124,124,124],"floor_reached":55,"playtime":1320,"items_purged":["Strike_P","Strike_P","PathToVictory","Defend_P"],"score":852,"play_id":"fdca423e-dca4-40d1-b944-02e1baa36078","local_time":"20210109023817","is_ascension_mode":false,"campfire_choices":[{"data":"Eruption","floor":6.0,"key":"SMITH"},{"data":"Tantrum","floor":8.0,"key":"SMITH"},{"data":"EmptyFist","floor":10.0,"key":"SMITH"},{"data":"CrushJoints","floor":15.0,"key":"SMITH"},{"floor":24,"key":"RECALL"},{"floor":29,"key":"REST"},{"floor":32,"key":"REST"},{"floor":42,"key":"REST"},{"floor":45,"key":"REST"},{"floor":49,"key":"REST"},{"floor":52,"key":"REST"}],"circlet_count":0,"master_deck":["Defend_P+1","Defend_P+1","Defend_P+1","Eruption+1","Vigilance+1","EmptyBody+1","Wallop+1","EmptyFist+1","Tantrum+1","BowlingBash+1","CrushJoints+1","Adaptation+1","LessonLearned+1","TalkToTheHand+1","DeusExMachina+1","Vault+1","Flash of Steel+1","Purity+1","Halt+1","Meditate+1","Indignation+1","MentalFortress"],"relics":["PureWater","PreservedInsect","Kunai","StrikeDummy","Fusion Hammer","Toy Ornithopter","Pocketwatch","Philosopher\u0027s Stone","Anchor","Potion Belt","War Paint","Whetstone","Damaru"],"acts_visited":["Exordium","TheCity","TheBeyond","TheEnding"],"potions_floor_usage":[33,33,41,41,50,55,55],"damage_taken":[{"damage":0.0,"enemies":"Cultist","floor":1.0,"turns":3.0},{"damage":0.0,"enemies":"Small Slimes","floor":3.0,"turns":3.0},{"damage":0.0,"enemies":"Jaw Worm","floor":4.0,"turns":3.0},{"damage":10.0,"enemies":"Lots of Slimes","floor":5.0,"turns":6.0},{"damage":10.0,"enemies":"Lagavulin","floor":7.0,"turns":4.0},{"damage":0.0,"enemies":"Large Slime","floor":11.0,"turns":1.0},{"damage":0.0,"enemies":"Blue Slaver","floor":13.0,"turns":2.0},{"damage":0.0,"enemies":"Looter","floor":14.0,"turns":2.0},{"damage":0.0,"enemies":"Slime Boss","floor":16.0,"turns":5.0},{"damage":1.0,"enemies":"Spheric Guardian","floor":18.0,"turns":3.0},{"damage":0,"enemies":"Chosen","floor":22,"turns":2},{"damage":0,"enemies":"Sentry and Sphere","floor":23,"turns":3},{"damage":23,"enemies":"Book of Stabbing","floor":25,"turns":5},{"damage":16,"enemies":"Snake Plant","floor":28,"turns":4},{"damage":30,"enemies":"Automaton","floor":33,"turns":9},{"damage":0,"enemies":"3 Darklings","floor":35,"turns":5},{"damage":0,"enemies":"Orb Walker","floor":38,"turns":2},{"damage":0,"enemies":"Giant Head","floor":40,"turns":6},{"damage":6,"enemies":"Jaw Worm Horde","floor":41,"turns":4},{"damage":0,"enemies":"Reptomancer","floor":44,"turns":6},{"damage":0,"enemies":"Giant Head","floor":46,"turns":6},{"damage":0,"enemies":"Sphere and 2 Shapes","floor":47,"turns":3},{"damage":8,"enemies":"Writhing Mass","floor":48,"turns":8},{"damage":18,"enemies":"Awakened One","floor":50,"turns":10},{"damage":35,"enemies":"Shield and Spear","floor":54,"turns":11},{"damage":131,"enemies":"The Heart","floor":55,"turns":4}],"seed_played":"-8610304547420509737","potions_obtained":[{"floor":4.0,"key":"Block Potion"},{"floor":5.0,"key":"AttackPotion"},{"floor":13.0,"key":"SpeedPotion"},{"floor":14.0,"key":"LiquidBronze"},{"floor":18,"key":"Strength Potion"},{"floor":38,"key":"SkillPotion"},{"floor":44,"key":"Dexterity Potion"},{"floor":46,"key":"Block Potion"},{"floor":54,"key":"Regen Potion"}],"is_trial":false,"path_per_floor":["M","?","M","M","M","R","E","R","T","R","M","$","M","M","R","B",null,"M","$","?","?","M","M","R","E","T","$","M","R","?","T","R","B",null,"M","?","?","M","$","E","M","R","T","E","R","E","M","M","R","B",null,"R","$","E","B"],"character_chosen":"WATCHER","items_purchased":["MentalFortress"],"campfire_rested":6,"item_purchase_floors":[53],"current_hp_per_floor":[79,79,79,79,69,69,59,59,59,59,59,59,59,59,59,59,79,78,78,78,78,78,78,78,55,55,55,39,62,62,62,79,49,79,79,69,69,69,69,69,73,79,79,79,79,79,79,71,79,62,79,79,79,44,0,0],"gold":124,"neow_bonus":"TEN_PERCENT_HP_BONUS","is_daily":false,"chose_seed":false,"campfire_upgraded":4,"win_rate":0.0,"timestamp":1610127497,"path_taken":["M","?","M","M","?","R","E","R","T","R","M","?","M","?","R","BOSS","M","$","?","?","?","M","R","E","T","?","M","R","?","?","R","BOSS","M","?","?","M","$","E","M","R","T","E","R","E","M","M","R","BOSS","R","$","E","BOSS"],"items_purchased_type":["Card"],"build_version":"2020-12-22","purchased_purges":4,"victory":false,"max_hp_per_floor":[79,79,79,79,79,79,79,79,79,79,79,79,79,79,79,79,79,79,79,79,79,79,79,79,79,79,79,79,79,79,79,79,79,79,79,79,79,79,79,79,79,79,79,79,79,79,79,79,79,79,79,79,79,79,79,79],"card_choices":[{"not_picked":["Worship","ClearTheMind"],"picked":"EmptyBody","floor":1.0},{"not_picked":["JustLucky","Fasting2"],"picked":"Wallop","floor":3.0},{"not_picked":["EmptyBody","BattleHymn"],"picked":"EmptyFist","floor":4.0},{"not_picked":["FlyingSleeves","Collect"],"picked":"Tantrum","floor":5.0},{"not_picked":["ThirdEye","Consecrate","WreathOfFlame"],"picked":"SKIP","floor":7.0},{"not_picked":["Weave","JustLucky"],"picked":"BowlingBash","floor":11.0},{"not_picked":["FlyingSleeves","Perseverance","CrushJoints"],"picked":"SKIP","floor":13.0},{"not_picked":["FlyingSleeves","Perseverance"],"picked":"CrushJoints","floor":13.0},{"not_picked":["JustLucky","Halt"],"picked":"Adaptation","floor":14.0},{"not_picked":["Alpha","Judgement"],"picked":"LessonLearned","floor":16.0},{"not_picked":["FlyingSleeves","FlurryOfBlows+1"],"picked":"TalkToTheHand+1","floor":18},{"not_picked":["EmptyBody","WheelKick","BowlingBash"],"picked":"SKIP","floor":22},{"not_picked":["Collect","TalkToTheHand","ForeignInfluence"],"picked":"SKIP","floor":23},{"not_picked":["Halt","SashWhip+1"],"picked":"Vault","floor":25},{"not_picked":["CrushJoints","Prostrate","Study"],"picked":"SKIP","floor":28},{"not_picked":["Worship","PathToVictory+1","EmptyBody"],"picked":"SKIP","floor":35},{"not_picked":["PanicButton","Swift Strike"],"picked":"Flash of Steel","floor":36},{"not_picked":["Violence","Forethought"],"picked":"Purity","floor":36},{"not_picked":["Evaluate+1","ForeignInfluence","WaveOfTheHand+1"],"picked":"SKIP","floor":38},{"not_picked":["EmptyBody","Crescendo","Sanctity"],"picked":"SKIP","floor":40},{"not_picked":["ReachHeaven+1","SignatureMove"],"picked":"Halt+1","floor":41},{"not_picked":["EmptyBody+1","Sanctity","LessonLearned"],"picked":"SKIP","floor":44},{"not_picked":["Consecrate","Protect","CutThroughFate"],"picked":"SKIP","floor":46},{"not_picked":["EmptyBody","SandsOfTime"],"picked":"Meditate","floor":47},{"not_picked":["Evaluate","EmptyFist+1"],"picked":"Indignation+1","floor":48},{"not_picked":["SignatureMove+1","Crescendo","Nirvana"],"picked":"SKIP","floor":54}],"player_experience":213002,"relics_obtained":[{"floor":7.0,"key":"Kunai"},{"floor":9.0,"key":"StrikeDummy"},{"floor":25,"key":"Toy Ornithopter"},{"floor":31,"key":"Pocketwatch"},{"floor":40,"key":"Anchor"},{"floor":43,"key":"Potion Belt"},{"floor":44,"key":"War Paint"},{"floor":46,"key":"Whetstone"},{"floor":54,"key":"Damaru"}],"event_choices":[{"damage_healed":0.0,"max_hp_gain":0.0,"max_hp_loss":0.0,"gold_gain":0.0,"event_name":"WeMeetAgain","player_choice":"Paid Gold","floor":2.0,"gold_loss":77.0,"damage_taken":0.0,"relics_obtained":["PreservedInsect"]},{"damage_healed":0,"gold_gain":0,"cards_transformed":["Strike_P","Strike_P"],"player_choice":"Became Test Subject","damage_taken":0,"max_hp_gain":0,"max_hp_loss":0,"event_name":"Drug Dealer","floor":20,"gold_loss":0,"cards_obtained":["PathToVictory","DeusExMachina"]},{"damage_healed":0,"gold_gain":0,"player_choice":"Ignored","damage_taken":0,"max_hp_gain":0,"max_hp_loss":0,"event_name":"Vampires","floor":21,"gold_loss":0},{"damage_healed":0,"gold_gain":0,"player_choice":"Memory 3","damage_taken":10,"max_hp_gain":0,"max_hp_loss":0,"event_name":"SensoryStone","floor":36,"gold_loss":0},{"damage_healed":0,"gold_gain":0,"player_choice":"Ignored","damage_taken":0,"max_hp_gain":0,"max_hp_loss":0,"event_name":"Tomb of Lord Red Mask","floor":37,"gold_loss":0}],"is_beta":false,"boss_relics":[{"not_picked":["Velvet Choker","Tiny House"],"picked":"Fusion Hammer"},{"not_picked":["Runic Pyramid","SlaversCollar"],"picked":"Philosopher\u0027s Stone"}],"items_purged_floors":[12,19,27,39],"is_endless":false,"potions_floor_spawned":[4,5,13,14,18,38,44,46,54],"killed_by":"The Heart","ascension_level":0}}