{"host":"nuce7grnusr8lpe2","time":1610143032,"event":{"mods":["Act Like it!","BaseMod","Better Third Choice","Gensokyo","Marisa????????","Minty Spire (QoL Compilation)","Prisma Mod","Rare Cards Sparkle","StSLib","Td1madao Mod","The Animator","The Servant 0.9.4","The Wild Card"],"gold_per_floor":[124,199,209,209,55,81,81,107,176,176,193,193,221,239,239,352,352,367,383,308,308,320,320,320],"floor_reached":23,"playtime":1953,"items_purged":["Burn"],"score":201,"play_id":"eb07ef20-9504-4601-9e03-7a8fa1980dc7","local_time":"20210108225712","is_ascension_mode":false,"campfire_choices":[{"floor":7.0,"key":"RECALL"},{"floor":10.0,"key":"REST"},{"data":"animator:MamiTomoe","floor":12.0,"key":"SMITH"},{"floor":15.0,"key":"REST"}],"circlet_count":0,"master_deck":["animator:IrohaTamaki","animator:YuiTsuruno","animator:LizardPriest","animator:Witch","animator:MamiTomoe+1","animator:YachiyoNanami","animator:MamiTomoe","animator:KyokoSakura","animator:Elsword","animator:MadokaKaname","animator:Lu","animator:ChlammyZell","animator:Tet","animator:Ain","animator:Eve","animator:Tet","animator:YuiTsuruno","animator:IrohaTamaki","animator:Witch","animator:Magilou","animator:Rimuru"],"relics":["animator:LivingPicture","animator:TheMissingPiece","HornCleat","Mummified Hand","Orichalcum","Pandora\u0027s Box"],"acts_visited":["Exordium","TheCity"],"potions_floor_usage":[23],"damage_taken":[{"damage":0.0,"enemies":"Small Slimes","floor":1.0,"turns":4.0},{"damage":4.0,"enemies":"2 Louse","floor":3.0,"turns":3.0},{"damage":0.0,"enemies":"Cultist","floor":6.0,"turns":3.0},{"damage":31.0,"enemies":"Gremlin Nob","floor":8.0,"turns":7.0},{"damage":2.0,"enemies":"Exordium Wildlife","floor":11.0,"turns":4.0},{"damage":19.0,"enemies":"Lagavulin","floor":13.0,"turns":9.0},{"damage":2.0,"enemies":"Lots of Slimes","floor":14.0,"turns":3.0},{"damage":19.0,"enemies":"The Guardian","floor":16.0,"turns":8.0},{"damage":4,"enemies":"Chosen","floor":18,"turns":3},{"damage":14,"enemies":"2 Thieves","floor":19,"turns":3},{"damage":0,"enemies":"Sentry and Sphere","floor":22,"turns":3},{"damage":104,"enemies":"animator:HornedBat","floor":23,"turns":7}],"seed_played":"573005138634527966","potions_obtained":[{"floor":1.0,"key":"PowerPotion"},{"floor":13.0,"key":"DistilledChaos"},{"floor":16.0,"key":"SneckoOil"},{"floor":18,"key":"FairyPotion"}],"is_trial":false,"path_per_floor":["M","?","M","?","$","M","R","E","T","R","M","R","E","M","R","B",null,"M","M","?","?","M","E"],"character_chosen":"THE_ANIMATOR","items_purchased":["animator:MamiTomoe"],"campfire_rested":2,"item_purchase_floors":[5],"current_hp_per_floor":[72,61,58,58,58,58,58,41,41,62,61,61,42,40,62,43,74,70,59,59,59,59,0,0],"gold":320,"neow_bonus":"TEN_PERCENT_HP_BONUS","is_daily":false,"chose_seed":false,"campfire_upgraded":1,"win_rate":0.0,"timestamp":1610143032,"path_taken":["M","?","M","?","$","M","R","E","T","R","M","R","E","M","R","BOSS","M","M","?","?","M","E"],"items_purchased_type":["Card"],"build_version":"2020-12-22","purchased_purges":1,"victory":false,"max_hp_per_floor":[72,72,73,73,73,73,73,73,73,73,74,74,74,74,74,74,74,74,74,74,74,74,74,74],"card_choices":[{"not_picked":["animator:DolaCouronne","animator:Rena"],"picked":"animator:LizardPriest","floor":1.0},{"not_picked":["animator:Benimaru","animator:Sora"],"picked":"animator:Witch","floor":3.0},{"not_picked":["animator:Priestess","animator:Fredrika"],"picked":"animator:YachiyoNanami","floor":6.0},{"not_picked":["animator:YuiTsuruno","animator:OrikoMikuni"],"picked":"animator:MamiTomoe","floor":8.0},{"not_picked":["animator:Guy","animator:Hakurou"],"picked":"animator:KyokoSakura","floor":11.0},{"not_picked":["animator:DolaStephanie","animator:Ara"],"picked":"animator:Elsword","floor":13.0},{"not_picked":["animator:Shion","animator:IzunaHatsuse","animator:Millim"],"picked":"SKIP","floor":14.0},{"not_picked":["animator:Kyubey","animator:AcuraShin"],"picked":"animator:MadokaKaname","floor":16.0},{"not_picked":["animator:YachiyoNanami","animator:KyokoSakura"],"picked":"animator:IrohaTamaki","floor":18},{"not_picked":["animator:Shuna","animator:Hakurou"],"picked":"animator:Witch","floor":19},{"not_picked":["animator:KyokoSakura","animator:IzunaHatsuse+1","animator:Spearman+1"],"picked":"SKIP","floor":22}],"player_experience":429535,"relics_obtained":[{"floor":8.0,"key":"HornCleat"},{"floor":9.0,"key":"Mummified Hand"},{"floor":13.0,"key":"Orichalcum"}],"event_choices":[{"damage_healed":0.0,"max_hp_gain":0.0,"max_hp_loss":0.0,"gold_gain":75.0,"event_name":"betterThird:BetterGoop","player_choice":"Gold","floor":2.0,"gold_loss":0.0,"damage_taken":11.0},{"damage_healed":58.0,"max_hp_gain":0.0,"max_hp_loss":73.0,"gold_gain":0.0,"event_name":"betterThird:BetterShining","player_choice":"Embrace Burn","floor":4.0,"gold_loss":0.0,"damage_taken":0.0},{"cards_removed":["animator:Melzalgald"],"damage_healed":0,"gold_gain":0,"player_choice":"Gave Gold","damage_taken":0,"max_hp_gain":0,"max_hp_loss":0,"event_name":"Beggar","floor":20,"gold_loss":75},{"damage_healed":0,"gold_gain":0,"player_choice":"2 cards matched","damage_taken":0,"max_hp_gain":0,"max_hp_loss":0,"event_name":"Match and Keep!","floor":21,"gold_loss":0,"cards_obtained":["animator:Magilou","animator:Rimuru"]}],"is_beta":false,"boss_relics":[{"not_picked":["animator:RacePiece","Astrolabe"],"picked":"Pandora\u0027s Box"}],"items_purged_floors":[5],"is_endless":false,"potions_floor_spawned":[1,13,16,18],"killed_by":"animator:HornedBat","ascension_level":0}}