{"host":"amk01rs45492rldv","time":1610122558,"event":{"mods":["Act Like it!","Arknights The Spire","BaseMod","Gensokyo","GifTheSpireLib","KinomotoSakuraMod(ƒæ÷Æ±æ”£)","Marisa£®ÏF”Í°°ƒß¿Ì…≥£©","Minty Spire (QoL Compilation)","Quick Restart","Reimu£®≤©¿ˆ¡È√Œ£©","Remilia£®¿Ÿ√◊¿Ú—«£©","Replay The Spire","StSLib","The Administrix","The Servant 0.9.4","vexMod"],"gold_per_floor":[114,64,64,82,7,7,41,41,41,41,75,75,90,108,108,108,108],"floor_reached":16,"playtime":344,"items_purged":["Regret"],"score":108,"play_id":"904c9454-df29-473b-baab-4392480e1b2a","local_time":"20210109001558","is_ascension_mode":false,"campfire_choices":[{"data":"ats:Flexible Camouflage","floor":6,"key":"SMITH"},{"data":"ats:Emotion Absorption","floor":8,"key":"SMITH"},{"floor":10,"key":"REST"},{"floor":15,"key":"REST"}],"circlet_count":0,"master_deck":["ats:Strike C","ats:Strike G","ats:Strike S","ats:Strike V","ats:Armor Crushing Shot","ats:Defend","ats:Defend","ats:Defend","ats:Defend","ats:Emotion Absorption+1","ats:Flexible Camouflage+1","ats:Ignite","ats:Steam Pump","ats:Very Hot Blade","ats:Cat Scratch","Bash","ats:Chain Hook","ats:Fractured Body+1"],"relics":["ats:Sanity","Simple Rune","Golden Egg","ats:Originium","Matryoshka","Blue Candle","WingedGreaves","Chameleon Ring"],"acts_visited":["Exordium"],"potions_floor_usage":[7,16],"damage_taken":[{"damage":1,"enemies":"2 Louse","floor":1,"turns":3},{"damage":3,"enemies":"Small Slimes","floor":4,"turns":3},{"damage":40,"enemies":"3 Sentries","floor":7,"turns":10},{"damage":21,"enemies":"Gremlin Nob","floor":11,"turns":4},{"damage":0,"enemies":"Cultist","floor":13,"turns":3},{"damage":11,"enemies":"Blue Slaver","floor":14,"turns":3},{"damage":40,"enemies":"The Guardian","floor":16,"turns":5}],"seed_played":"-6550884175347161585","potions_obtained":[{"floor":1,"key":"PowerPotion"},{"floor":4,"key":"Doom Potion"},{"floor":11,"key":"AttackPotion"},{"floor":14,"key":"AttackPotion"}],"is_trial":false,"path_per_floor":["M","$","?","M","$","R","E","R","T","R","E","?","M","M","R","B"],"character_chosen":"DOCTOR_CLASS","items_purchased":["ats:Ignite"],"campfire_rested":2,"item_purchase_floors":[2],"current_hp_per_floor":[71,71,71,68,68,68,28,28,28,49,28,28,28,17,38,0,0],"gold":108,"neow_bonus":"RANDOM_COMMON_RELIC","is_daily":false,"chose_seed":false,"campfire_upgraded":2,"win_rate":0.0,"timestamp":1610122558,"path_taken":["M","$","?","M","$","R","E","R","T","R","E","?","?","M","R","BOSS"],"items_purchased_type":["Card"],"build_version":"2020-12-22","purchased_purges":1,"victory":false,"max_hp_per_floor":[72,72,72,72,72,72,72,72,72,72,72,72,72,72,72,72,72],"card_choices":[{"not_picked":["ats:Mental Burst","ats:Part Time Job"],"picked":"ats:Flexible Camouflage","floor":1},{"not_picked":["ats:Defend Order","ats:Collapsing Strike"],"picked":"ats:Steam Pump","floor":4},{"not_picked":["ats:Healing Drone","ats:Demon Strength"],"picked":"ats:Very Hot Blade","floor":7},{"not_picked":["ats:Flexible Camouflage","ats:Shell Defense"],"picked":"ats:Cat Scratch","floor":11},{"not_picked":["ats:Childhood Dance","ats:Cat Scratch"],"picked":"ats:Chain Hook","floor":13},{"not_picked":["ats:Revitalization","ats:Red Shift"],"picked":"ats:Fractured Body","floor":14}],"player_experience":933138,"relics_obtained":[{"floor":7,"key":"ats:Originium"},{"floor":7,"key":"Matryoshka"},{"floor":9,"key":"Blue Candle"},{"floor":9,"key":"WingedGreaves"},{"floor":11,"key":"ats:Originium"},{"floor":11,"key":"Chameleon Ring"}],"event_choices":[{"damage_healed":0,"gold_gain":0,"player_choice":"Box","damage_taken":0,"relics_obtained":["Golden Egg"],"max_hp_gain":0,"max_hp_loss":0,"event_name":"Big Fish","floor":3,"gold_loss":0,"cards_obtained":["Regret"]},{"damage_healed":0,"gold_gain":0,"player_choice":"1 cards matched","damage_taken":0,"max_hp_gain":0,"max_hp_loss":0,"event_name":"Match and Keep!","floor":12,"gold_loss":0,"cards_obtained":["Bash"]}],"is_beta":false,"boss_relics":[],"items_purged_floors":[5],"is_endless":false,"potions_floor_spawned":[1,4,11,14],"killed_by":"The Guardian","ascension_level":0}}