{"host":"sygfylmorsvdndbx","time":1610081648,"event":{"mods":["AchievementEnabler","BaseMod","Minty Spire (QoL Compilation)","Quick Restart","Relic Stats"],"gold_per_floor":[115,70,81,95,95,95,128,128,154,164,194,205,221,146,146,251,251,264,264,279,296,312,345,345,372,372,391,391,391,391,411,411,507,507,527,577,577,505,522,556,584,598,625,635,635,392,419,117,117,117,117,117,67,96,96],"floor_reached":56,"playtime":7528,"items_purged":["Dualcast","Strike_B"],"score":1337,"play_id":"34cece58-e0da-4ef9-ab12-f58927a847cc","local_time":"20210107235408","is_ascension_mode":false,"campfire_choices":[{"data":"Reprogram","floor":6.0,"key":"SMITH"},{"data":"Reprogram","floor":8.0,"key":"SMITH"},{"data":"Hologram","floor":15.0,"key":"SMITH"},{"data":"Sweeping Beam","floor":24.0,"key":"SMITH"},{"data":"Self Repair","floor":28.0,"key":"SMITH"},{"data":"Rebound","floor":32.0,"key":"SMITH"},{"floor":49.0,"key":"RECALL"}],"circlet_count":0,"master_deck":["Strike_B","Strike_B","Defend_B","Defend_B+1","Defend_B","Defend_B","Reprogram+1","BootSequence","Beam Cell+1","Rebound+1","Reprogram+1","Hologram+1","Aggregate+1","Core Surge","Echo Form","Reprogram+1","Sweeping Beam+1","Ghostly","Ghostly","Ghostly","Ghostly","Ghostly","Machine Learning","Skim+1","Core Surge","Skim","FTL+1","Sweeping Beam","Steam","Hologram+1"],"relics":["Cracked Core","Blood Vial","Bag of Marbles","DataDisk","Coffee Dripper","War Paint","Lizard Tail","InkBottle","Fusion Hammer","WingedGreaves","Pantograph","MealTicket","PreservedInsect","Boot","Calipers","Letter Opener"],"acts_visited":["Exordium","TheCity","TheBeyond","TheEnding"],"potions_floor_usage":[50,55,55,55],"damage_taken":[{"damage":0.0,"enemies":"Cultist","floor":1.0,"turns":3.0},{"damage":0.0,"enemies":"Jaw Worm","floor":3.0,"turns":3.0},{"damage":0.0,"enemies":"2 Louse","floor":4.0,"turns":2.0},{"damage":21.0,"enemies":"Lagavulin","floor":7.0,"turns":6.0},{"damage":0.0,"enemies":"Large Slime","floor":10.0,"turns":3.0},{"damage":13.0,"enemies":"3 Sentries","floor":11.0,"turns":6.0},{"damage":0.0,"enemies":"Blue Slaver","floor":12.0,"turns":2.0},{"damage":0.0,"enemies":"Exordium Wildlife","floor":13.0,"turns":3.0},{"damage":14.0,"enemies":"The Guardian","floor":16.0,"turns":10.0},{"damage":4.0,"enemies":"Spheric Guardian","floor":18.0,"turns":6.0},{"damage":5.0,"enemies":"3 Byrds","floor":20.0,"turns":4.0},{"damage":8.0,"enemies":"Sentry and Sphere","floor":21.0,"turns":5.0},{"damage":5.0,"enemies":"Cultist and Chosen","floor":22.0,"turns":6.0},{"damage":8.0,"enemies":"Book of Stabbing","floor":23.0,"turns":6.0},{"damage":20.0,"enemies":"Gremlin Leader","floor":25.0,"turns":5.0},{"damage":5.0,"enemies":"Shelled Parasite and Fungi","floor":27.0,"turns":5.0},{"damage":5.0,"enemies":"3 Cultists","floor":31.0,"turns":6.0},{"damage":14.0,"enemies":"Champ","floor":33.0,"turns":8.0},{"damage":0.0,"enemies":"3 Shapes","floor":35.0,"turns":6.0},{"damage":0.0,"enemies":"Mind Bloom Boss Battle","floor":36.0,"turns":6.0},{"damage":0.0,"enemies":"3 Darklings","floor":39.0,"turns":3.0},{"damage":8.0,"enemies":"Reptomancer","floor":40.0,"turns":7.0},{"damage":1.0,"enemies":"Giant Head","floor":41.0,"turns":7.0},{"damage":0.0,"enemies":"Maw","floor":42.0,"turns":5.0},{"damage":1.0,"enemies":"Transient","floor":44.0,"turns":5.0},{"damage":0.0,"enemies":"Nemesis","floor":47.0,"turns":5.0},{"damage":0,"enemies":"Awakened One","floor":50,"turns":10},{"damage":0,"enemies":"Shield and Spear","floor":54,"turns":5},{"damage":17,"enemies":"The Heart","floor":55,"turns":10}],"seed_played":"6737014264362103896","potions_obtained":[{"floor":7.0,"key":"Fire Potion"},{"floor":10.0,"key":"Explosive Potion"},{"floor":12.0,"key":"Fire Potion"},{"floor":18.0,"key":"Energy Potion"},{"floor":20.0,"key":"PotionOfCapacity"},{"floor":21.0,"key":"SkillPotion"},{"floor":22.0,"key":"LiquidBronze"},{"floor":36.0,"key":"SpeedPotion"},{"floor":41.0,"key":"GamblersBrew"},{"floor":42.0,"key":"PowerPotion"}],"is_trial":false,"path_per_floor":["M","$","M","M","?","R","E","R","T","M","E","M","M","$","R","B",null,"M","?","M","M","M","E","R","E","T","M","R","?","?","M","R","B",null,"M","?","?","$","M","E","E","M","T","M","?","$","E","$","R","B",null,"R","$","E","B",null],"character_chosen":"DEFECT","items_purchased":["Beam Cell","GamblersBrew","PreservedInsect","Calipers","SpeedPotion"],"campfire_rested":0,"item_purchase_floors":[2,38,46,48,53],"current_hp_per_floor":[75,75,75,75,75,75,54,54,54,56,45,47,49,49,49,37,75,71,71,68,62,59,53,53,35,35,39,39,39,37,37,37,23,37,37,37,35,35,35,35,35,35,35,35,35,35,35,35,35,35,35,35,35,35,18],"gold":96,"neow_bonus":"TRANSFORM_CARD","is_daily":false,"chose_seed":false,"campfire_upgraded":6,"win_rate":0.0,"timestamp":1610081648,"path_taken":["M","$","?","M","?","R","E","R","T","M","E","M","M","$","R","BOSS","M","?","M","M","?","E","R","E","T","M","R","?","?","M","R","BOSS","M","?","?","?","?","E","E","M","T","M","?","$","E","$","R","BOSS","R","$","E","BOSS"],"items_purchased_type":["Card","Potion","Relic","Relic","Potion"],"build_version":"2020-12-22","purchased_purges":2,"victory":true,"max_hp_per_floor":[75,75,75,75,75,75,75,75,75,75,75,75,75,75,75,75,75,75,75,75,75,75,75,75,75,75,75,75,75,37,37,37,37,37,37,37,35,35,35,35,35,35,35,35,35,35,35,35,35,35,35,35,35,35,35],"relic_stats":{"Blood Vial":22,"Lizard Tail":0,"counters":[29,158],"Pantograph":0,"MealTicket":0,"PreservedInsect":115,"Letter Opener":[50],"War Paint":["Defend_B","Aggregate"],"Boot":[2],"obtain_stats":[{"Calipers":48,"PreservedInsect":46,"Letter Opener":54,"War Paint":23,"Boot":47,"Blood Vial":7,"DataDisk":11,"Lizard Tail":25,"Pantograph":40,"MealTicket":41,"Fusion Hammer":34,"WingedGreaves":36,"Bag of Marbles":9,"Coffee Dripper":17,"Cracked Core":0,"InkBottle":26},{"Calipers":26,"PreservedInsect":25,"Letter Opener":28,"War Paint":14,"Boot":26,"Blood Vial":4,"DataDisk":6,"Lizard Tail":15,"Pantograph":22,"MealTicket":23,"Fusion Hammer":18,"WingedGreaves":20,"Bag of Marbles":4,"Coffee Dripper":9,"Cracked Core":0,"InkBottle":15},{"Calipers":133,"PreservedInsect":128,"Letter Opener":148,"War Paint":65,"Boot":133,"Blood Vial":14,"DataDisk":23,"Lizard Tail":70,"Pantograph":111,"MealTicket":118,"Fusion Hammer":89,"WingedGreaves":101,"Bag of Marbles":14,"Coffee Dripper":38,"Cracked Core":0,"InkBottle":70}],"InkBottle":[52]},"card_choices":[{"not_picked":["Go for the Eyes","Auto Shields"],"picked":"BootSequence","floor":1.0},{"not_picked":["Compile Driver","Lockon"],"picked":"Rebound","floor":3.0},{"not_picked":["Cold Snap","Tempest"],"picked":"Reprogram","floor":4.0},{"not_picked":["Hello World","Streamline","Fusion"],"picked":"SKIP","floor":7.0},{"not_picked":["Self Repair","Recycle"],"picked":"Hologram","floor":10.0},{"not_picked":["Ball Lightning","Streamline"],"picked":"Aggregate","floor":11.0},{"not_picked":["Coolheaded","Conserve Battery"],"picked":"Core Surge","floor":12.0},{"not_picked":["Rip and Tear","Compile Driver","Turbo"],"picked":"SKIP","floor":13.0},{"not_picked":["Biased Cognition","Electrodynamics"],"picked":"Echo Form","floor":16.0},{"not_picked":["Conserve Battery","Redo+1","Double Energy"],"picked":"SKIP","floor":18.0},{"not_picked":["Auto Shields+1","Steam+1"],"picked":"Reprogram+1","floor":20.0},{"not_picked":["Coolheaded","Double Energy","Stack"],"picked":"SKIP","floor":21.0},{"not_picked":["Gash","Chaos","Storm"],"picked":"SKIP","floor":22.0},{"not_picked":["Barrage+1","Auto Shields+1"],"picked":"Sweeping Beam","floor":23.0},{"not_picked":["Steam","Consume"],"picked":"Self Repair","floor":25.0},{"not_picked":["Electrodynamics","Hello World","Static Discharge"],"picked":"SKIP","floor":27.0},{"not_picked":["Hello World","Sunder","Double Energy+1"],"picked":"SKIP","floor":31.0},{"not_picked":["Seek","All For One"],"picked":"Machine Learning","floor":33.0},{"not_picked":["Conserve Battery+1","Go for the Eyes","Undo"],"picked":"SKIP","floor":35.0},{"not_picked":["Reprogram+1","Turbo"],"picked":"Skim+1","floor":36.0},{"not_picked":["Beam Cell","Go for the Eyes","Coolheaded"],"picked":"SKIP","floor":39.0},{"not_picked":["Melter","Doom and Gloom"],"picked":"Core Surge","floor":40.0},{"not_picked":["Loop","Scrape+1"],"picked":"Skim","floor":41.0},{"not_picked":["Redo+1","Barrage+1","Self Repair"],"picked":"SKIP","floor":42.0},{"not_picked":["Aggregate+1","Steam"],"picked":"FTL+1","floor":44.0},{"not_picked":["Fission","Leap+1"],"picked":"Steam","floor":47.0},{"not_picked":["White Noise+1","Doom and Gloom+1"],"picked":"Hologram+1","floor":54}],"player_experience":221438,"relics_obtained":[{"floor":7.0,"key":"Blood Vial"},{"floor":9.0,"key":"Bag of Marbles"},{"floor":11.0,"key":"DataDisk"},{"floor":23.0,"key":"War Paint"},{"floor":25.0,"key":"Lizard Tail"},{"floor":26.0,"key":"InkBottle"},{"floor":36.0,"key":"WingedGreaves"},{"floor":40.0,"key":"Pantograph"},{"floor":41.0,"key":"MealTicket"},{"floor":47.0,"key":"Boot"},{"floor":54,"key":"Letter Opener"}],"event_choices":[{"cards_removed":["Zap"],"damage_healed":0.0,"max_hp_gain":0.0,"max_hp_loss":0.0,"gold_gain":0.0,"event_name":"Living Wall","player_choice":"Forget","floor":5.0,"gold_loss":0.0,"damage_taken":0.0},{"damage_healed":0.0,"max_hp_gain":0.0,"max_hp_loss":0.0,"gold_gain":0.0,"event_name":"Accursed Blacksmith","player_choice":"Forge","floor":19.0,"gold_loss":0.0,"damage_taken":0.0,"cards_upgraded":["Beam Cell"]},{"damage_healed":0.0,"max_hp_gain":0.0,"max_hp_loss":0.0,"gold_gain":0.0,"event_name":"Cursed Tome","player_choice":"Ignored","floor":29.0,"gold_loss":0.0,"damage_taken":0.0},{"damage_healed":0.0,"max_hp_gain":0.0,"max_hp_loss":38.0,"gold_gain":0.0,"event_name":"Ghosts","player_choice":"Became a Ghost","floor":30.0,"gold_loss":0.0,"damage_taken":0.0,"cards_obtained":["Ghostly","Ghostly","Ghostly","Ghostly","Ghostly"]},{"damage_healed":0.0,"max_hp_gain":0.0,"max_hp_loss":0.0,"gold_gain":0.0,"event_name":"MindBloom","player_choice":"Fight","floor":36.0,"gold_loss":0.0,"damage_taken":0.0},{"damage_healed":0.0,"max_hp_gain":0.0,"max_hp_loss":2.0,"gold_gain":0.0,"event_name":"Winding Halls","player_choice":"Max HP","floor":37.0,"gold_loss":0.0,"damage_taken":0.0},{"cards_removed":["Self Repair"],"damage_healed":0.0,"max_hp_gain":0.0,"max_hp_loss":0.0,"gold_gain":0.0,"event_name":"NoteForYourself","player_choice":"Took Card","floor":45.0,"gold_loss":0.0,"damage_taken":0.0,"cards_obtained":["Sweeping Beam"]}],"is_beta":false,"boss_relics":[{"not_picked":["SlaversCollar","Runic Pyramid"],"picked":"Coffee Dripper"},{"not_picked":["Inserter","Astrolabe"],"picked":"Fusion Hammer"}],"items_purged_floors":[14,46],"is_endless":false,"potions_floor_spawned":[7,10,12,18,20,21,22,36,39,41,42],"ascension_level":0}}