{"host":"kg61lsvem4dxoat8","time":1610077046,"event":{"mods":["BaseMod","Colored Powertips","Minty Spire (QoL Compilation)","Quick Restart","Rare Cards Sparkle","Relic Stats","slay the spire mod where everything is the same but ironclad has a cowboy hat"],"gold_per_floor":[113,113,133,133,148,148,165,165,165,197,197,197,230,248,248,322,322,335,335,347,360,376,376,407,420,420,430,529,557,68,95,95,169,219,233,161,186,86,106,106,137,137,186,214,226,251,282,24,24,24],"floor_reached":51,"playtime":1809,"items_purged":["Strike_G+1","Strike_G+1","Strike_G+1"],"score":1320,"play_id":"024da42c-00e7-46ba-8f71-e68471592355","local_time":"20210108113726","is_ascension_mode":true,"campfire_choices":[{"data":"Neutralize","floor":6,"key":"SMITH"},{"data":"Dagger Spray","floor":8,"key":"SMITH"},{"data":"Survivor","floor":15,"key":"SMITH"},{"data":"Envenom","floor":23,"key":"SMITH"},{"floor":32,"key":"REST"},{"data":"A Thousand Cuts","floor":40,"key":"SMITH"},{"floor":45,"key":"REST"},{"floor":49,"key":"REST"}],"circlet_count":0,"master_deck":["AscendersBane","Strike_G+1","Defend_G+1","Defend_G+1","Defend_G+1","Defend_G+1","Defend_G+1","Survivor+1","Neutralize+1","Dagger Spray+1","Blade Dance+1","PiercingWail+1","Cloak And Dagger+1","Cloak And Dagger+1","Envenom+1","Blade Dance+1","Dodge and Roll+1","Blur+1","Prepared+1","Terror+1","Accuracy+1","A Thousand Cuts+1","Acrobatics+1","Backflip+1","Footwork","Deflect+1","Parasite"],"relics":["Ring of the Snake","NeowsBlessing","Toxic Egg 2","Lantern","Dream Catcher","Bottled Flame","Akabeko","WristBlade","Ninja Scroll","Centennial Puzzle","CaptainsWheel","Boot","Tiny House","TungstenRod","Incense Burner","MawBank","Sling"],"acts_visited":["Exordium","TheCity","TheBeyond"],"potions_floor_usage":[13,16,24,27,33,50],"damage_taken":[{"damage":0,"enemies":"Jaw Worm","floor":1,"turns":1},{"damage":0,"enemies":"Small Slimes","floor":3,"turns":1},{"damage":0,"enemies":"2 Louse","floor":5,"turns":1},{"damage":4,"enemies":"Large Slime","floor":7,"turns":6},{"damage":17,"enemies":"3 Sentries","floor":10,"turns":8},{"damage":2,"enemies":"Gremlin Nob","floor":13,"turns":3},{"damage":0,"enemies":"2 Fungi Beasts","floor":14,"turns":1},{"damage":16,"enemies":"Hexaghost","floor":16,"turns":10},{"damage":0,"enemies":"Spheric Guardian","floor":18,"turns":1},{"damage":0,"enemies":"Chosen","floor":20,"turns":3},{"damage":24,"enemies":"Snake Plant","floor":21,"turns":4},{"damage":1,"enemies":"Centurion and Healer","floor":22,"turns":6},{"damage":23,"enemies":"Gremlin Leader","floor":24,"turns":6},{"damage":0,"enemies":"Cultist and Chosen","floor":25,"turns":3},{"damage":0,"enemies":"Snake Plant","floor":27,"turns":3},{"damage":0,"enemies":"Slavers","floor":29,"turns":6},{"damage":0,"enemies":"Gremlin Leader","floor":31,"turns":4},{"damage":36,"enemies":"Champ","floor":33,"turns":9},{"damage":0,"enemies":"3 Darklings","floor":35,"turns":4},{"damage":4,"enemies":"Mind Bloom Boss Battle","floor":37,"turns":5},{"damage":0,"enemies":"Orb Walker","floor":39,"turns":1},{"damage":17,"enemies":"Giant Head","floor":41,"turns":7},{"damage":6,"enemies":"Writhing Mass","floor":44,"turns":6},{"damage":7,"enemies":"Maw","floor":46,"turns":5},{"damage":0,"enemies":"3 Darklings","floor":47,"turns":5},{"damage":36,"enemies":"Donu and Deca","floor":50,"turns":9}],"seed_played":"-6121578720874380669","potions_obtained":[{"floor":7,"key":"Fire Potion"},{"floor":10,"key":"FairyPotion"},{"floor":13,"key":"DistilledChaos"},{"floor":14,"key":"PowerPotion"},{"floor":22,"key":"SpeedPotion"},{"floor":25,"key":"Regen Potion"},{"floor":27,"key":"LiquidBronze"},{"floor":34,"key":"SpeedPotion"},{"floor":35,"key":"BlessingOfTheForge"}],"is_trial":false,"path_per_floor":["M","?","M","?","M","R","M","R","T","E","?","T","E","M","R","B",null,"M","?","M","M","M","R","E","M","T","M","?","E","$","E","R","B",null,"M","$","?","$","M","R","E","?","T","M","R","M","M","$","R","B",null],"character_chosen":"THE_SILENT","items_purchased":["CaptainsWheel","Accuracy","Block Potion","Footwork","Sling"],"campfire_rested":3,"item_purchase_floors":[30,30,30,36,48],"current_hp_per_floor":[59,52,52,52,52,52,48,48,48,31,31,31,29,29,29,13,53,53,53,53,29,28,28,5,5,5,17,17,17,17,17,36,19,59,59,59,55,55,55,55,38,38,38,32,52,45,45,45,65,29],"gold":24,"neow_bonus":"THREE_ENEMY_KILL","is_daily":false,"chose_seed":false,"campfire_upgraded":5,"win_rate":0.0,"timestamp":1610077046,"path_taken":["M","?","M","?","M","R","M","R","T","E","?","?","E","M","R","BOSS","M","?","M","M","M","R","E","M","T","M","?","E","$","E","R","BOSS","M","$","?","$","M","R","E","?","T","M","R","M","M","$","R","BOSS"],"items_purchased_type":["Relic","Card","Potion","Card","Relic"],"build_version":"2020-12-22","purchased_purges":3,"victory":true,"max_hp_per_floor":[66,66,66,66,66,66,66,66,66,66,66,66,66,66,66,66,66,66,66,66,66,66,66,66,66,66,66,66,66,66,66,66,66,71,71,71,71,71,71,71,71,67,67,67,67,67,67,67,67,67],"relic_stats":{"Dream Catcher":3,"Centennial Puzzle":[18],"counters":[26,118],"Boot":[19],"MawBank":60,"obtain_stats":[{"Lantern":9,"Tiny House":34,"NeowsBlessing":0,"Incense Burner":41,"Boot":31,"MawBank":43,"Sling":48,"Akabeko":13,"Dream Catcher":10,"Bottled Flame":12,"Centennial Puzzle":29,"CaptainsWheel":30,"WristBlade":17,"Ninja Scroll":26,"Toxic Egg 2":2,"TungstenRod":37,"Ring of the Snake":0},{"Lantern":4,"Tiny House":18,"NeowsBlessing":0,"Incense Burner":22,"Boot":17,"MawBank":22,"Sling":25,"Akabeko":6,"Dream Catcher":5,"Bottled Flame":5,"Centennial Puzzle":16,"CaptainsWheel":16,"WristBlade":8,"Ninja Scroll":14,"Toxic Egg 2":1,"TungstenRod":20,"Ring of the Snake":0},{"Lantern":9,"Tiny House":76,"NeowsBlessing":0,"Incense Burner":93,"Boot":67,"MawBank":93,"Sling":109,"Akabeko":20,"Dream Catcher":17,"Bottled Flame":17,"Centennial Puzzle":63,"CaptainsWheel":63,"WristBlade":31,"Ninja Scroll":54,"Toxic Egg 2":1,"TungstenRod":85,"Ring of the Snake":0}],"TungstenRod":11,"Ring of the Snake":[52]},"card_choices":[{"not_picked":["Acrobatics","Catalyst"],"picked":"Dagger Spray","floor":1},{"not_picked":["Infinite Blades","Dagger Spray","Bane"],"picked":"SKIP","floor":3},{"not_picked":["Backflip+1","Dagger Spray"],"picked":"Blade Dance+1","floor":5},{"not_picked":["Acrobatics+1","Deflect+1"],"picked":"PiercingWail+1","floor":7},{"not_picked":["Dagger Throw","Heel Hook"],"picked":"Cloak And Dagger+1","floor":10},{"not_picked":["Dagger Throw","Tactician+1","Masterful Stab"],"picked":"SKIP","floor":13},{"not_picked":["Dagger Spray","Dagger Throw"],"picked":"Cloak And Dagger+1","floor":14},{"not_picked":["Grand Finale","Tools of the Trade"],"picked":"Envenom","floor":16},{"not_picked":["Dash","Flying Knee"],"picked":"Blade Dance+1","floor":18},{"not_picked":["Poisoned Stab","Deadly Poison+1"],"picked":"Dodge and Roll+1","floor":20},{"not_picked":["Burst+1","Deflect+1","Flying Knee"],"picked":"SKIP","floor":21},{"not_picked":["Dodge and Roll+1","Acrobatics+1"],"picked":"Blur+1","floor":22},{"not_picked":["Setup+1","Quick Slash","Outmaneuver+1"],"picked":"SKIP","floor":24},{"not_picked":["Underhanded Strike","Predator"],"picked":"Prepared+1","floor":25},{"not_picked":["Masterful Stab","Bane","Flechettes"],"picked":"SKIP","floor":27},{"not_picked":["Deadly Poison+1","Caltrops"],"picked":"Terror+1","floor":29},{"not_picked":["Reflex+1","Glass Knife","Choke"],"picked":"SKIP","floor":31},{"not_picked":["After Image","Bullet Time+1"],"picked":"A Thousand Cuts","floor":33},{"not_picked":["Slice+1","Poisoned Stab"],"picked":"Acrobatics+1","floor":34},{"not_picked":["Sucker Punch+1","Deadly Poison+1"],"picked":"Backflip+1","floor":35},{"not_picked":["Heel Hook","Setup+1","Bane"],"picked":"SKIP","floor":39},{"not_picked":["Expertise+1","Backflip+1"],"picked":"Deflect+1","floor":41},{"not_picked":["PiercingWail+1","Corpse Explosion+1","Deadly Poison+1"],"picked":"SKIP","floor":44},{"not_picked":["Flying Knee","Leg Sweep+1","Backflip+1"],"picked":"SKIP","floor":46},{"not_picked":["Dodge and Roll+1","Flying Knee","Underhanded Strike"],"picked":"SKIP","floor":47}],"player_experience":1324645,"relics_obtained":[{"floor":9,"key":"Lantern"},{"floor":10,"key":"Dream Catcher"},{"floor":12,"key":"Bottled Flame"},{"floor":13,"key":"Akabeko"},{"floor":26,"key":"Ninja Scroll"},{"floor":29,"key":"Centennial Puzzle"},{"floor":31,"key":"Boot"},{"floor":37,"key":"TungstenRod"},{"floor":41,"key":"Incense Burner"},{"floor":43,"key":"MawBank"}],"event_choices":[{"damage_healed":0,"gold_gain":0,"player_choice":"Success","damage_taken":7,"relics_obtained":["Toxic Egg 2"],"max_hp_gain":0,"max_hp_loss":0,"event_name":"Scrap Ooze","floor":2,"gold_loss":0},{"cards_removed":["Strike_G"],"damage_healed":0,"gold_gain":0,"player_choice":"Forget","damage_taken":0,"max_hp_gain":0,"max_hp_loss":0,"event_name":"Living Wall","floor":4,"gold_loss":0},{"damage_healed":0,"gold_gain":0,"player_choice":"Ignored","damage_taken":0,"max_hp_gain":0,"max_hp_loss":0,"event_name":"Liars Game","floor":11,"gold_loss":0},{"damage_healed":0,"gold_gain":0,"player_choice":"Simplicity","damage_taken":0,"max_hp_gain":0,"max_hp_loss":0,"event_name":"Back to Basics","floor":19,"gold_loss":0,"cards_upgraded":["Strike_G","Strike_G","Strike_G","Strike_G","Defend_G","Defend_G","Defend_G","Defend_G","Defend_G"]},{"damage_healed":0,"gold_gain":99,"player_choice":"Stole From Cult","damage_taken":0,"max_hp_gain":0,"max_hp_loss":0,"event_name":"Nest","floor":28,"gold_loss":0},{"damage_healed":0,"gold_gain":0,"player_choice":"Fight","damage_taken":0,"max_hp_gain":0,"max_hp_loss":0,"event_name":"MindBloom","floor":37,"gold_loss":0},{"damage_healed":0,"gold_gain":0,"player_choice":"Max HP","damage_taken":0,"max_hp_gain":0,"max_hp_loss":4,"event_name":"Winding Halls","floor":42,"gold_loss":0}],"is_beta":false,"boss_relics":[{"not_picked":["Fusion Hammer","SlaversCollar"],"picked":"WristBlade"},{"not_picked":["Coffee Dripper","Runic Pyramid"],"picked":"Tiny House"}],"items_purged_floors":[30,38,48],"is_endless":false,"potions_floor_spawned":[7,10,13,14,22,25,27,29,35,39,46],"ascension_level":14}}