{"host":"baymyijz6sxaqj5s","time":1610110514,"event":{"mods":["AchievementEnabler","BaseMod","Colored Map","Colored Powertips","DeckTracker","Highlight Path","KOR Keyword Fix","Keyboard Shortcuts","Minty Spire (QoL Compilation)","Quick Restart","StSLib","SuperFastMode"],"gold_per_floor":[116,116,116,127,127,127,138,138,138,138,151,167,184,196,196,294,294,314,346,364,463,18,18,18],"floor_reached":23,"playtime":641,"items_purged":[],"score":245,"play_id":"a7131ab4-09df-4424-9529-70d12ca49027","local_time":"20210108215514","is_ascension_mode":true,"campfire_choices":[{"data":"Backflip","floor":6,"key":"SMITH"},{"data":"Noxious Fumes","floor":8,"key":"SMITH"},{"floor":15,"key":"REST"}],"circlet_count":0,"master_deck":["Strike_G","Strike_G","Strike_G","Strike_G","Strike_G","Defend_G","Defend_G","Defend_G","Defend_G","Defend_G","Survivor+1","Neutralize","Backflip+1","Noxious Fumes+1","Tactician","Deflect","Bane","A Thousand Cuts","Deadly Poison","Deflect+1"],"relics":["Ring of the Snake","Incense Burner","White Beast Statue","SacredBark","Red Mask","PreservedInsect","Pocketwatch"],"acts_visited":["Exordium","TheCity"],"potions_floor_usage":[13,13,13,19,19,20,23,23],"damage_taken":[{"damage":5,"enemies":"Small Slimes","floor":1,"turns":4},{"damage":0,"enemies":"Jaw Worm","floor":4,"turns":7},{"damage":1,"enemies":"2 Louse","floor":7,"turns":3},{"damage":0,"enemies":"Exordium Wildlife","floor":11,"turns":4},{"damage":3,"enemies":"Blue Slaver","floor":12,"turns":5},{"damage":37,"enemies":"Gremlin Gang","floor":13,"turns":3},{"damage":3,"enemies":"3 Louse","floor":14,"turns":3},{"damage":52,"enemies":"Slime Boss","floor":16,"turns":14},{"damage":24,"enemies":"Spheric Guardian","floor":18,"turns":8},{"damage":52,"enemies":"Masked Bandits","floor":19,"turns":6},{"damage":9,"enemies":"3 Byrds","floor":20,"turns":4},{"damage":8,"enemies":"Slavers","floor":23,"turns":1}],"seed_played":"8582430353197776618","potions_obtained":[{"floor":4,"key":"LiquidBronze"},{"floor":11,"key":"ColorlessPotion"},{"floor":12,"key":"LiquidMemories"},{"floor":13,"key":"Block Potion"},{"floor":14,"key":"FairyPotion"},{"floor":16,"key":"Energy Potion"},{"floor":18,"key":"Fruit Juice"},{"floor":19,"key":"BlessingOfTheForge"},{"floor":20,"key":"AttackPotion"}],"is_trial":false,"path_per_floor":["M","?","?","M","?","R","M","R","T","$","M","M","M","M","R","B",null,"M","?","M","?","$","E"],"character_chosen":"THE_SILENT","items_purchased":["PreservedInsect","Pocketwatch"],"campfire_rested":1,"item_purchase_floors":[22,22],"current_hp_per_floor":[72,60,60,60,65,65,64,64,64,64,64,61,24,21,45,18,82,58,16,7,7,7,0,0],"gold":18,"neow_bonus":"TEN_PERCENT_HP_BONUS","is_daily":false,"chose_seed":false,"campfire_upgraded":2,"win_rate":0.0,"timestamp":1610110514,"path_taken":["M","?","?","M","?","R","?","R","T","$","M","M","M","M","R","BOSS","M","?","M","?","?","E"],"items_purchased_type":["Relic","Relic"],"build_version":"2020-12-22","purchased_purges":0,"victory":false,"max_hp_per_floor":[77,77,77,77,82,82,82,82,82,82,82,82,82,82,82,82,82,82,92,92,92,92,92,92],"card_choices":[{"not_picked":["PiercingWail","Bane"],"picked":"Backflip","floor":1},{"not_picked":["Acrobatics","Flechettes","Concentrate"],"picked":"SKIP","floor":4},{"not_picked":["Dagger Throw","Acrobatics"],"picked":"Noxious Fumes","floor":7},{"not_picked":["Prepared","Underhanded Strike"],"picked":"Tactician","floor":11},{"not_picked":["After Image","Outmaneuver"],"picked":"Deflect","floor":12},{"not_picked":["Slice","PiercingWail"],"picked":"Bane","floor":13},{"not_picked":["Venomology","Slice","Cloak And Dagger"],"picked":"SKIP","floor":14},{"not_picked":["After Image","Phantasmal Killer"],"picked":"A Thousand Cuts","floor":16},{"not_picked":["Backflip+1","Heel Hook+1"],"picked":"Deadly Poison","floor":18},{"not_picked":["Underhanded Strike","Prepared"],"picked":"Deflect+1","floor":20}],"player_experience":87429,"relics_obtained":[{"floor":9,"key":"White Beast Statue"},{"floor":19,"key":"Red Mask"}],"event_choices":[{"damage_healed":0,"gold_gain":0,"player_choice":"Success","damage_taken":12,"relics_obtained":["Incense Burner"],"max_hp_gain":0,"max_hp_loss":0,"event_name":"Scrap Ooze","floor":2,"gold_loss":0},{"damage_healed":0,"gold_gain":0,"player_choice":"Grow","damage_taken":0,"max_hp_gain":0,"max_hp_loss":0,"event_name":"Living Wall","floor":3,"gold_loss":0,"cards_upgraded":["Survivor"]},{"damage_healed":0,"gold_gain":0,"player_choice":"Donut","damage_taken":0,"max_hp_gain":5,"max_hp_loss":0,"event_name":"Big Fish","floor":5,"gold_loss":0},{"damage_healed":0,"gold_gain":0,"player_choice":"Fought Bandits","damage_taken":0,"max_hp_gain":0,"max_hp_loss":0,"event_name":"Masked Bandits","floor":19,"gold_loss":0},{"damage_healed":0,"gold_gain":99,"player_choice":"Stole From Cult","damage_taken":0,"max_hp_gain":0,"max_hp_loss":0,"event_name":"Nest","floor":21,"gold_loss":0}],"is_beta":false,"boss_relics":[{"not_picked":["Fusion Hammer","Astrolabe"],"picked":"SacredBark"}],"items_purged_floors":[],"is_endless":false,"potions_floor_spawned":[4,11,12,13,14,16,18,19,20],"killed_by":"Slavers","ascension_level":4}}