{"host":"g7trc0x2teqyd8ye","time":1610101823,"event":{"mods":["BaseMod","Key Reminder","Minty Spire (QoL Compilation)","Relic Stats"],"gold_per_floor":[118,33,33,33,33,33,63,26,26,58,74,103,103,128,128,225,225,243,243,207,218,63,63,90,102,102,62,81,115,130,164,164,164,164],"floor_reached":33,"playtime":1424,"items_purged":["Strike_B"],"score":560,"play_id":"5d33cf0b-02ef-47a8-a504-b12e76c34199","local_time":"20210108113023","is_ascension_mode":true,"campfire_choices":[{"floor":6,"key":"REST"},{"floor":13,"key":"REST"},{"floor":15,"key":"REST"},{"floor":23,"key":"REST"},{"floor":32,"key":"REST"}],"circlet_count":0,"master_deck":["AscendersBane","Strike_B","Strike_B","Defend_B","Defend_B","Defend_B","Defend_B","Zap","Dualcast","Melter","Loop","Cold Snap","Core Surge","Genetic Algorithm","Loop","Sunder","Storm","Storm","Storm+1","Thunder Strike"],"relics":["Fusion Hammer","Singing Bowl","Ancient Tea Set","Dead Branch","Lizard Tail","DataDisk","Pear","keyreminder:keyreminder","Black Star","Akabeko","Incense Burner","Calipers","Bottled Tornado","Blue Candle","Torii","Mercury Hourglass","Pen Nib"],"acts_visited":["Exordium","TheCity"],"potions_floor_usage":[12,16,16,30,31],"damage_taken":[{"damage":0,"enemies":"Small Slimes","floor":1,"turns":3},{"damage":32,"enemies":"3 Sentries","floor":7,"turns":9},{"damage":27,"enemies":"Gremlin Nob","floor":10,"turns":5},{"damage":3,"enemies":"2 Louse","floor":11,"turns":3},{"damage":20,"enemies":"Lagavulin","floor":12,"turns":5},{"damage":28,"enemies":"Gremlin Nob","floor":14,"turns":5},{"damage":19,"enemies":"Hexaghost","floor":16,"turns":14},{"damage":0,"enemies":"Spheric Guardian","floor":18,"turns":2},{"damage":13,"enemies":"Shell Parasite","floor":21,"turns":4},{"damage":20,"enemies":"Book of Stabbing","floor":24,"turns":4},{"damage":6,"enemies":"3 Cultists","floor":25,"turns":4},{"damage":23,"enemies":"Centurion and Healer","floor":28,"turns":3},{"damage":26,"enemies":"Gremlin Leader","floor":29,"turns":5},{"damage":1,"enemies":"Shelled Parasite and Fungi","floor":30,"turns":4},{"damage":21,"enemies":"Slavers","floor":31,"turns":3},{"damage":67,"enemies":"Champ","floor":33,"turns":7}],"seed_played":"7570368058502522502","potions_obtained":[{"floor":1,"key":"FocusPotion"},{"floor":14,"key":"EntropicBrew"},{"floor":16,"key":"SpeedPotion"},{"floor":24,"key":"FearPotion"},{"floor":28,"key":"PowerPotion"}],"is_trial":false,"path_per_floor":["M","$","?","?","?","R","E","$","T","E","M","E","R","E","R","B",null,"M","?","$","M","$","R","E","M","T","?","M","E","M","E","R","B"],"character_chosen":"DEFECT","items_purchased":["Loop","Cold Snap","Genetic Algorithm","Storm","Storm"],"campfire_rested":5,"item_purchase_floors":[2,2,8,20,22],"current_hp_per_floor":[68,68,68,68,61,75,45,45,45,18,17,41,65,49,76,59,86,86,86,86,75,75,97,79,73,73,73,52,26,27,8,39,0,0],"gold":164,"neow_bonus":"BOSS_RELIC","is_daily":false,"chose_seed":false,"campfire_upgraded":0,"win_rate":0.0,"timestamp":1610101823,"path_taken":["M","$","?","?","?","R","E","$","T","E","M","E","R","E","R","BOSS","M","?","?","M","$","R","E","?","T","?","M","E","M","E","R","BOSS"],"items_purchased_type":["Card","Card","Card","Card","Card"],"build_version":"2020-12-22","purchased_purges":1,"victory":false,"max_hp_per_floor":[75,75,75,75,75,75,77,77,77,77,79,81,81,93,93,95,95,95,95,95,97,97,97,99,99,99,99,101,101,103,105,105,105,105],"relic_stats":{"Lizard Tail":39,"Singing Bowl":20,"Torii":2,"counters":[16,80],"Dead Branch":[40],"Blue Candle":[0],"Pen Nib":[1],"Black Star":3,"obtain_stats":[{"Pear":14,"Calipers":24,"Singing Bowl":4,"Torii":29,"Dead Branch":9,"Blue Candle":29,"Pen Nib":31,"Incense Burner":24,"Bottled Tornado":26,"Ancient Tea Set":7,"Akabeko":19,"Mercury Hourglass":31,"keyreminder:keyreminder":14,"Lizard Tail":10,"DataDisk":12,"Fusion Hammer":0,"Black Star":17,"Cracked Core":0},{"Pear":6,"Calipers":10,"Singing Bowl":1,"Torii":13,"Dead Branch":2,"Blue Candle":13,"Pen Nib":15,"Incense Burner":10,"Bottled Tornado":11,"Ancient Tea Set":2,"Akabeko":8,"Mercury Hourglass":15,"keyreminder:keyreminder":6,"Lizard Tail":3,"DataDisk":5,"Fusion Hammer":0,"Black Star":7,"Cracked Core":0},{"Pear":30,"Calipers":54,"Singing Bowl":3,"Torii":66,"Dead Branch":12,"Blue Candle":66,"Pen Nib":73,"Incense Burner":54,"Bottled Tornado":58,"Ancient Tea Set":12,"Akabeko":46,"Mercury Hourglass":73,"keyreminder:keyreminder":30,"Lizard Tail":17,"DataDisk":25,"Fusion Hammer":0,"Black Star":44,"Cracked Core":0}],"Mercury Hourglass":[21]},"card_choices":[{"not_picked":["Hologram","Rip and Tear"],"picked":"Melter","floor":1},{"not_picked":["Beam Cell","Turbo","Rebound"],"picked":"Singing Bowl","floor":7},{"not_picked":["Tempest","Seek"],"picked":"Loop","floor":10},{"not_picked":["Heatsinks","Redo","Barrage"],"picked":"Singing Bowl","floor":11},{"not_picked":["Sweeping Beam","Conserve Battery","Beam Cell"],"picked":"Singing Bowl","floor":12},{"not_picked":["Fusion","Coolheaded","All For One"],"picked":"Singing Bowl","floor":14},{"not_picked":["Reboot","Meteor Strike","Thunder Strike"],"picked":"Singing Bowl","floor":16},{"not_picked":["Reinforced Body","Streamline"],"picked":"Sunder","floor":18},{"not_picked":["Beam Cell","Cold Snap","Barrage"],"picked":"Singing Bowl","floor":21},{"not_picked":["Sweeping Beam","Turbo+1","Hologram+1"],"picked":"Singing Bowl","floor":24},{"not_picked":["Gash","Turbo"],"picked":"Storm","floor":25},{"not_picked":["Genetic Algorithm","Beam Cell+1","Conserve Battery"],"picked":"Singing Bowl","floor":28},{"not_picked":["Fission","Machine Learning"],"picked":"Thunder Strike","floor":29},{"not_picked":["Cold Snap","Conserve Battery","Recycle"],"picked":"Singing Bowl","floor":30},{"not_picked":["Barrage","Streamline","Compile Driver"],"picked":"Singing Bowl","floor":31}],"player_experience":888850,"relics_obtained":[{"floor":7,"key":"Ancient Tea Set"},{"floor":9,"key":"Dead Branch"},{"floor":10,"key":"Lizard Tail"},{"floor":12,"key":"DataDisk"},{"floor":14,"key":"Pear"},{"floor":24,"key":"Incense Burner"},{"floor":24,"key":"Calipers"},{"floor":26,"key":"Bottled Tornado"},{"floor":29,"key":"Blue Candle"},{"floor":29,"key":"Torii"},{"floor":31,"key":"Mercury Hourglass"},{"floor":31,"key":"Pen Nib"}],"event_choices":[{"damage_healed":0,"gold_gain":0,"cards_transformed":["Strike_B"],"player_choice":"Change","damage_taken":0,"max_hp_gain":0,"max_hp_loss":0,"event_name":"Living Wall","floor":3,"gold_loss":0,"cards_obtained":["Core Surge"]},{"damage_healed":0,"gold_gain":0,"player_choice":"Box","damage_taken":0,"relics_obtained":["Singing Bowl"],"max_hp_gain":0,"max_hp_loss":0,"event_name":"Big Fish","floor":4,"gold_loss":0,"cards_obtained":["Regret"]},{"cards_removed":["Regret"],"damage_healed":0,"gold_gain":0,"player_choice":"Card Removal","damage_taken":7,"max_hp_gain":0,"max_hp_loss":0,"event_name":"Golden Wing","floor":5,"gold_loss":0},{"damage_healed":0,"gold_gain":0,"player_choice":"Gave Potion","damage_taken":0,"relics_obtained":["Akabeko"],"max_hp_gain":0,"max_hp_loss":0,"event_name":"WeMeetAgain","floor":19,"gold_loss":0},{"damage_healed":0,"gold_gain":0,"player_choice":"Upgrade","damage_taken":0,"max_hp_gain":0,"max_hp_loss":0,"event_name":"Designer","floor":27,"gold_loss":40,"cards_upgraded":["Storm"]}],"is_beta":false,"boss_relics":[{"not_picked":["Empty Cage","Runic Pyramid"],"picked":"Black Star"}],"items_purged_floors":[22],"is_endless":false,"potions_floor_spawned":[1,14,16,24,28],"killed_by":"Champ","ascension_level":11}}