{"host":"5kfll2qhgf51bc5q","time":1610101934,"event":{"mods":["AchievementEnabler","BaseMod","Conspire","Hubris","Infinite Spire","Minty Spire (QoL Compilation)","Shop Mod","StSLib","SuperFastMode","The Construct"],"gold_per_floor":[119,119,44,44,62,62,62,75,100,100,134,148,148,159,159,261,261,279,279,294,294,306,306,341,341,341,341,360,360,38,63,63,166,166,182,212,212,212,229,264,293,293,342,342,342,342,14,14,14,14],"floor_reached":51,"playtime":945,"items_purged":["Defend_R","Strike_R","conspire:Blindness"],"score":737,"play_id":"2fc06bb6-1d0d-4267-990a-3e990730841e","local_time":"20210108113214","is_ascension_mode":false,"campfire_choices":[{"data":"Defend_R","floor":6.0,"key":"SMITH"},{"data":"Flex","floor":13.0,"key":"SMITH"},{"data":"Sword Boomerang","floor":15.0,"key":"SMITH"},{"floor":23,"key":"REST"},{"data":"hubris:Fate","floor":25,"key":"SMITH"},{"data":"infinitespire:OneForAll","floor":32,"key":"SMITH"},{"data":"Double Tap","floor":42,"key":"SMITH"},{"data":"Rupture","floor":46,"key":"SMITH"},{"data":"infinitespire:Collect","floor":49,"key":"SMITH"}],"circlet_count":0,"master_deck":["Bash+1","Thunderclap+1","Cleave","Brutality","Flex+1","Sword Boomerang+1","conspire:Purge","Dropkick","hubris:Fate+1","infinitespire:OneForAll+1","conspire:Banana","Rupture+1","Double Tap+1","Bloodletting","infinitespire:NeuralNetwork","Flex+1","infinitespire:Collect+1","Panacea+1"],"relics":["Burning Blood","construct:BoolHorns","Dream Catcher","Gremlin Horn","Cursed Key","infinitespire:Bottled Soul","Regal Pillow","Juzu Bracelet","Anchor","Pen Nib","Pantograph","infinitespire:Burning Sword","infinitespire:ShieldingShard","WingedGreaves","hubris:CrystalStatue","Centennial Puzzle","hubris:TenFootPole","Vajra"],"acts_visited":["Exordium","TheCity","TheBeyond"],"potions_floor_usage":[22,41],"damage_taken":[{"damage":4.0,"enemies":"2 Louse","floor":1.0,"turns":3.0},{"damage":2.0,"enemies":"Small Slimes","floor":5.0,"turns":3.0},{"damage":0.0,"enemies":"Cultist","floor":8.0,"turns":2.0},{"damage":8.0,"enemies":"Gremlin Nob","floor":11.0,"turns":3.0},{"damage":1.0,"enemies":"3 Louse","floor":12.0,"turns":2.0},{"damage":10.0,"enemies":"Looter","floor":14.0,"turns":2.0},{"damage":30.0,"enemies":"The Guardian","floor":16.0,"turns":4.0},{"damage":16.0,"enemies":"Spheric Guardian","floor":18.0,"turns":3.0},{"damage":21.0,"enemies":"Shell Parasite","floor":20.0,"turns":3.0},{"damage":26,"enemies":"Centurion and Healer","floor":22,"turns":3},{"damage":7,"enemies":"Gremlin Leader","floor":24,"turns":3},{"damage":16,"enemies":"Snake Plant","floor":28,"turns":2},{"damage":1,"enemies":"Slavers","floor":31,"turns":1},{"damage":8,"enemies":"Champ","floor":33,"turns":2},{"damage":0,"enemies":"Orb Walker","floor":35,"turns":1},{"damage":0,"enemies":"conspire:MimicChest","floor":36,"turns":1},{"damage":0,"enemies":"3 Darklings","floor":39,"turns":2},{"damage":0,"enemies":"Reptomancer","floor":40,"turns":2},{"damage":7,"enemies":"Giant Head","floor":41,"turns":3},{"damage":0,"enemies":"infinitespire:MassOfShapes","floor":50,"turns":1}],"seed_played":"-851021366315098976","potions_obtained":[{"floor":1.0,"key":"Strength Potion"},{"floor":5.0,"key":"HeartOfIron"},{"floor":12.0,"key":"SteroidPotion"},{"floor":16.0,"key":"GamblersBrew"},{"floor":20.0,"key":"ColorlessPotion"},{"floor":22,"key":"FearPotion"},{"floor":35,"key":"DuplicationPotion"},{"floor":36,"key":"GamblersBrew"},{"floor":41,"key":"ColorlessPotion"}],"is_trial":false,"path_per_floor":["M","?","$","?","M","R","?","M","T","?","E","M","R","M","R","B",null,"M","?","M","AVR","M","R","E","R","T","?","M","?","$","E","R","B",null,"M","?","AVR","?","M","E","E","R","T","?","?","R","$","?","R","B",null],"character_chosen":"IRONCLAD","items_purchased":["infinitespire:OneForAll","conspire:Banana","Pen Nib","Vajra","Panacea"],"campfire_rested":1,"item_purchase_floors":[30,30,30,47,47],"current_hp_per_floor":[80,64,64,64,68,68,68,74,74,67,65,70,70,66,66,42,80,70,70,55,55,35,59,73,73,73,73,63,63,63,69,69,80,82,82,82,82,78,79,80,81,81,81,71,71,71,71,71,71,82],"gold":14,"neow_bonus":"","is_daily":false,"chose_seed":false,"campfire_upgraded":8,"win_rate":0.0,"timestamp":1610101934,"path_taken":["M","?","$","?","?","R","?","M","T","?","E","M","R","M","R","BOSS","M","?","M","AVR","M","R","E","R","T","?","M","?","$","E","R","BOSS","M","?","AVR","?","M","E","E","R","T","?","?","R","$","?","R","BOSS"],"items_purchased_type":["Card","Card","Relic","Relic","Card"],"build_version":"2020-12-22","purchased_purges":3,"victory":true,"max_hp_per_floor":[80,80,80,80,80,80,80,80,80,80,80,80,80,80,80,80,80,80,80,80,80,80,80,80,80,80,80,80,80,80,81,81,82,82,82,82,82,78,79,80,82,82,82,82,82,82,82,82,82,82],"card_choices":[{"not_picked":["Perfected Strike","hubris:ReadiedAction"],"picked":"Thunderclap","floor":1.0},{"not_picked":["Warcry","Entrench","Armaments"],"picked":"SKIP","floor":5.0},{"not_picked":["Flame Barrier","Pommel Strike"],"picked":"Cleave","floor":8.0},{"not_picked":["Iron Wave","Ghostly Armor"],"picked":"Brutality","floor":11.0},{"not_picked":["Seeing Red","Twin Strike"],"picked":"Flex","floor":12.0},{"not_picked":["Anger","Sword Boomerang","Perfected Strike"],"picked":"SKIP","floor":14.0},{"not_picked":["Anger","Perfected Strike"],"picked":"Sword Boomerang","floor":14.0},{"not_picked":["Impervious","Juggernaut"],"picked":"conspire:Purge","floor":16.0},{"not_picked":["True Grit","Warcry","Reckless Charge"],"picked":"SKIP","floor":18.0},{"not_picked":["Cleave+1","Armaments","Metallicize"],"picked":"SKIP","floor":20.0},{"not_picked":["Headbutt","Rampage","Dark Embrace"],"picked":"SKIP","floor":22},{"not_picked":["Fire Breathing","Warcry","Barricade"],"picked":"SKIP","floor":24},{"not_picked":["Armaments","Body Slam+1","Cleave"],"picked":"SKIP","floor":28},{"not_picked":["Barricade","Sever Soul"],"picked":"Rupture","floor":31},{"not_picked":["Barricade","Reaper"],"picked":"Double Tap","floor":33},{"not_picked":["hubris:ReadiedAction","Thunderclap","Power Through+1"],"picked":"SKIP","floor":35},{"not_picked":["Warcry","Reckless Charge"],"picked":"Bloodletting","floor":36},{"not_picked":["Iron Wave+1","Anger+1","Dark Embrace+1"],"picked":"SKIP","floor":39},{"not_picked":["Dark Embrace+1","Anger","Pommel Strike"],"picked":"SKIP","floor":40},{"not_picked":["Flex+1","Flame Barrier+1","Iron Wave"],"picked":"SKIP","floor":41},{"not_picked":["Flame Barrier+1","Iron Wave"],"picked":"Flex+1","floor":41},{"not_picked":["infinitespire:TheBestDefense","infinitespire:FutureSight"],"picked":"infinitespire:Collect","floor":44}],"player_experience":0,"relics_obtained":[{"floor":7.0,"key":"construct:BoolHorns"},{"floor":9.0,"key":"Dream Catcher"},{"floor":11.0,"key":"Gremlin Horn"},{"floor":24,"key":"Regal Pillow"},{"floor":26,"key":"Juzu Bracelet"},{"floor":31,"key":"Pantograph"},{"floor":36,"key":"infinitespire:ShieldingShard"},{"floor":40,"key":"hubris:CrystalStatue"},{"floor":41,"key":"Centennial Puzzle"},{"floor":43,"key":"hubris:TenFootPole"}],"event_choices":[{"damage_healed":0.0,"max_hp_gain":0.0,"max_hp_loss":0.0,"gold_gain":0.0,"event_name":"Shining Light","player_choice":"Entered Light","floor":2.0,"gold_loss":0.0,"damage_taken":16.0,"cards_upgraded":["Bash","Thunderclap"]},{"cards_removed":["Defend_R"],"damage_healed":0.0,"max_hp_gain":0.0,"max_hp_loss":0.0,"gold_gain":0.0,"event_name":"Bonfire Elementals","player_choice":"Offered Basic","floor":4.0,"gold_loss":0.0,"damage_taken":0.0},{"cards_removed":["Strike_R"],"damage_healed":0.0,"max_hp_gain":0.0,"max_hp_loss":0.0,"gold_gain":0.0,"event_name":"Golden Wing","player_choice":"Card Removal","floor":10.0,"gold_loss":0.0,"damage_taken":7.0},{"damage_healed":0.0,"max_hp_gain":0.0,"max_hp_loss":0.0,"gold_gain":0.0,"event_name":"The Library","player_choice":"Read","floor":19.0,"gold_loss":0.0,"damage_taken":0.0,"cards_obtained":["Dropkick"]},{"damage_healed":0,"gold_gain":0,"player_choice":"Stole Relic","damage_taken":0,"relics_obtained":["Anchor"],"max_hp_gain":0,"max_hp_loss":0,"event_name":"Addict","floor":27,"gold_loss":0,"cards_obtained":["Shame"]},{"damage_healed":0,"gold_gain":0,"player_choice":"Ignored","damage_taken":0,"max_hp_gain":0,"max_hp_loss":0,"event_name":"Ghosts","floor":29,"gold_loss":0},{"damage_healed":0,"gold_gain":0,"player_choice":"Max HP","damage_taken":0,"max_hp_gain":0,"max_hp_loss":4,"event_name":"Winding Halls","floor":38,"gold_loss":0},{"damage_healed":0,"gold_gain":0,"player_choice":"Upgraded","damage_taken":0,"max_hp_gain":0,"max_hp_loss":0,"event_name":"Upgrade Shrine","floor":48,"gold_loss":0,"cards_upgraded":["Panacea"]}],"is_beta":false,"boss_relics":[{"not_picked":["Calling Bell","construct:ClawGrip"],"picked":"Cursed Key"},{"not_picked":["infinitespire:Cupcake","hubris:RunicObelisk"],"picked":"infinitespire:Burning Sword"}],"items_purged_floors":[3,21,47],"is_endless":false,"potions_floor_spawned":[1,5,12,16,20,22,35,36,41],"ascension_level":0}}