{"host":"ypphcgdomtfqpc2w","time":1610093060,"event":{"mods":["BaseMod","Minty Spire (QoL Compilation)","StSLib"],"gold_per_floor":[13,13,27,37,50,50,85,85,85,85,101,113,113,182,182,256,256,266,279,299,34,34,34,60,60,84,84,84],"floor_reached":27,"playtime":1264,"items_purged":[],"score":466,"play_id":"f77c8afd-2223-4457-bcf9-44a3042857d8","local_time":"20210108170420","is_ascension_mode":true,"campfire_choices":[{"data":"Whirlwind","floor":6.0,"key":"SMITH"},{"floor":8.0,"key":"REST"},{"data":"Armaments","floor":10.0,"key":"SMITH"},{"floor":15.0,"key":"REST"},{"floor":23,"key":"REST"}],"circlet_count":0,"master_deck":["AscendersBane","Strike_R","Strike_R","Strike_R","Strike_R+1","Defend_R","Defend_R","Defend_R","Defend_R","Feed+1","Anger","Whirlwind+1","Armaments+1","Disarm","Clothesline","Perfected Strike","Battle Trance","Reaper","Second Wind","Fire Breathing+1","Magnetism+1","Rampage","Reaper","Brutality+1","Feel No Pain+1","Ghostly","Ghostly","Ghostly"],"relics":["Burning Blood","StrikeDummy","Frozen Egg 2","Philosopher\u0027s Stone","Mummified Hand","Bronze Scales"],"acts_visited":["Exordium","TheCity"],"potions_floor_usage":[20,24],"damage_taken":[{"damage":9.0,"enemies":"Jaw Worm","floor":1.0,"turns":3.0},{"damage":13.0,"enemies":"Cultist","floor":3.0,"turns":5.0},{"damage":14.0,"enemies":"Small Slimes","floor":4.0,"turns":5.0},{"damage":11.0,"enemies":"Looter","floor":5.0,"turns":4.0},{"damage":44.0,"enemies":"Lagavulin","floor":7.0,"turns":10.0},{"damage":15.0,"enemies":"Blue Slaver","floor":11.0,"turns":5.0},{"damage":15.0,"enemies":"3 Louse","floor":12.0,"turns":4.0},{"damage":30.0,"enemies":"The Guardian","floor":16.0,"turns":15.0},{"damage":29.0,"enemies":"3 Byrds","floor":18.0,"turns":7.0},{"damage":31.0,"enemies":"2 Thieves","floor":19.0,"turns":3.0},{"damage":37,"enemies":"Sentry and Sphere","floor":20,"turns":5},{"damage":75,"enemies":"Slavers","floor":24,"turns":5},{"damage":21,"enemies":"Shelled Parasite and Fungi","floor":27,"turns":1}],"seed_played":"2122493525974871186","potions_obtained":[{"floor":3.0,"key":"LiquidBronze"},{"floor":11.0,"key":"Block Potion"},{"floor":12.0,"key":"BlessingOfTheForge"},{"floor":19.0,"key":"ColorlessPotion"},{"floor":20,"key":"DuplicationPotion"}],"is_trial":false,"path_per_floor":["M","?","M","M","M","R","E","R","T","R","M","M","?","?","R","B",null,"M","M","M","$","?","R","E","?","T","M"],"character_chosen":"IRONCLAD","items_purchased":["Magnetism+1","Rampage"],"campfire_rested":3,"item_purchase_floors":[21,21],"current_hp_per_floor":[68,68,64,59,57,57,19,45,45,45,40,34,6,6,34,14,77,62,49,26,26,26,59,20,20,20,0,0],"gold":84,"neow_bonus":"THREE_RARE_CARDS","is_daily":false,"chose_seed":false,"campfire_upgraded":2,"win_rate":0.0,"timestamp":1610093060,"path_taken":["M","?","M","M","M","R","E","R","T","R","M","?","?","?","R","BOSS","M","M","M","$","?","R","E","?","T","?"],"items_purchased_type":["Card","Card"],"build_version":"2020-12-22","purchased_purges":0,"victory":false,"max_hp_per_floor":[78,78,81,84,87,87,87,87,87,87,91,94,94,94,94,98,98,102,106,110,110,110,110,110,55,55,55,55],"card_choices":[{"not_picked":["Impervious","Fiend Fire"],"picked":"Feed","floor":0.0},{"not_picked":["Flex","Havoc"],"picked":"Anger","floor":1.0},{"not_picked":["Warcry","Sword Boomerang"],"picked":"Armaments","floor":3.0},{"not_picked":["Clash","Hemokinesis"],"picked":"Disarm","floor":4.0},{"not_picked":["Armaments","Havoc"],"picked":"Clothesline","floor":5.0},{"not_picked":["Flex","Double Tap"],"picked":"Perfected Strike","floor":7.0},{"not_picked":["Clothesline","Havoc","Heavy Blade"],"picked":"SKIP","floor":11.0},{"not_picked":["Power Through","Flame Barrier"],"picked":"Battle Trance","floor":12.0},{"not_picked":["Juggernaut+1","Immolate"],"picked":"Reaper","floor":16.0},{"not_picked":["Searing Blow","Carnage","Sword Boomerang"],"picked":"SKIP","floor":18.0},{"not_picked":["Warcry","Sever Soul"],"picked":"Second Wind","floor":19.0},{"not_picked":["Havoc","Iron Wave"],"picked":"Fire Breathing+1","floor":20},{"not_picked":["Seeing Red+1","Dropkick"],"picked":"Feel No Pain+1","floor":24}],"player_experience":1994132,"relics_obtained":[{"floor":7.0,"key":"StrikeDummy"},{"floor":9.0,"key":"Frozen Egg 2"},{"floor":24,"key":"Mummified Hand"},{"floor":26,"key":"Bronze Scales"}],"event_choices":[{"damage_healed":0.0,"max_hp_gain":0.0,"max_hp_loss":0.0,"gold_gain":0.0,"event_name":"Match and Keep!","player_choice":"1 cards matched","floor":2.0,"gold_loss":0.0,"damage_taken":0.0,"cards_obtained":["Whirlwind"]},{"damage_healed":0.0,"max_hp_gain":0.0,"max_hp_loss":0.0,"gold_gain":0.0,"event_name":"Shining Light","player_choice":"Entered Light","floor":13.0,"gold_loss":0.0,"damage_taken":28.0,"cards_upgraded":["Strike_R","Feed"]},{"damage_healed":0.0,"max_hp_gain":0.0,"max_hp_loss":0.0,"gold_gain":69.0,"event_name":"Golden Wing","player_choice":"Gained Gold","floor":14.0,"gold_loss":0.0,"damage_taken":0.0},{"damage_healed":0,"gold_gain":0,"cards_transformed":["Strike_R","Bash"],"player_choice":"Became Test Subject","damage_taken":0,"max_hp_gain":0,"max_hp_loss":0,"event_name":"Drug Dealer","floor":22,"gold_loss":0,"cards_obtained":["Reaper","Brutality"]},{"damage_healed":0,"gold_gain":0,"player_choice":"Became a Ghost","damage_taken":0,"max_hp_gain":0,"max_hp_loss":55,"event_name":"Ghosts","floor":25,"gold_loss":0,"cards_obtained":["Ghostly","Ghostly","Ghostly"]}],"is_beta":false,"boss_relics":[{"not_picked":["SlaversCollar","Pandora\u0027s Box"],"picked":"Philosopher\u0027s Stone"}],"items_purged_floors":[],"is_endless":false,"potions_floor_spawned":[3,11,12,19,20],"killed_by":"Shelled Parasite and Fungi","ascension_level":20}}