{"host":"jkgg7n5hn1slsm35","time":1610092593,"event":{"mods":["Aspiration","BaseMod","BetterRewards","Conspire","Googly Eyes","Gremlin Skip","Halation","Highlight Path","Hubris","Infinite Spire","Minty Spire (QoL Compilation)","Permanent Neow","StSLib","SuperFastMode","vexMod"],"gold_per_floor":[144,189,234,9,0,0,45,90,115,65,122,122,236,302,302,608,608,659,718,763,813,878,988,988,1037,1062,1062,1062,1124,1124,1049,1049,1372,1372,1440,1510,1510,1510,1579,1579,1691,1691,1691,1736,1736,1736],"floor_reached":45,"playtime":1936,"items_purged":["conspire:ExplosiveBarrier","Heavy Blade","Intimidate"],"score":569,"play_id":"c858b695-6821-41af-a75e-eaef6158fa3b","local_time":"20210108085633","daily_mods":["Draft","Uncertain Future","Midas"],"is_ascension_mode":false,"campfire_choices":[{"floor":12,"key":"REST"},{"floor":15,"key":"REST"},{"floor":24,"key":"REST"},{"floor":27,"key":"REST"},{"floor":32,"key":"REST"},{"floor":40,"key":"REST"}],"circlet_count":0,"master_deck":["Spot Weakness","Body Slam","Iron Wave","Pommel Strike","Body Slam","Thunderclap","Thunderclap","Shrug It Off","Iron Wave","Feel No Pain","Body Slam","conspire:SpireCoStock","Iron Wave","Shrug It Off","Cleave","Iron Wave","Cleave","Limit Break","Pommel Strike","infinitespire:NeuralNetwork","Sword Boomerang+1","infinitespire:Starlight","Body Slam","Pommel Strike"],"relics":["Burning Blood","infinitespire:PuzzleCube","Regal Pillow","aspiration:ChemicalBlood","halation:PlatinumPhoenix","Juzu Bracelet","Ancient Tea Set","MutagenicStrength","Toolbox","Black Blood","aspiration:VileToxins","Shovel","Question Card"],"acts_visited":["Exordium","TheCity","TheBeyond"],"potions_floor_usage":[18,23,23,23,33,33,33,41],"damage_taken":[{"damage":0,"enemies":"2 Louse","floor":1,"turns":2},{"damage":2,"enemies":"conspire:RoseBush","floor":2,"turns":3},{"damage":0,"enemies":"Cultist","floor":3,"turns":4},{"damage":4,"enemies":"2 Fungi Beasts","floor":7,"turns":3},{"damage":7,"enemies":"Large Slime","floor":8,"turns":4},{"damage":9,"enemies":"Blue Slaver","floor":11,"turns":3},{"damage":21,"enemies":"Lagavulin","floor":13,"turns":7},{"damage":2,"enemies":"Exordium Thugs","floor":14,"turns":4},{"damage":37,"enemies":"Slime Boss","floor":16,"turns":7},{"damage":14,"enemies":"Shell Parasite","floor":18,"turns":4},{"damage":38,"enemies":"conspire:FuzzyDice","floor":19,"turns":5},{"damage":6,"enemies":"conspire:HollyBat","floor":20,"turns":5},{"damage":33,"enemies":"Shelled Parasite and Fungi","floor":22,"turns":5},{"damage":1,"enemies":"Nightmare","floor":23,"turns":7},{"damage":6,"enemies":"Centurion and Healer","floor":25,"turns":6},{"damage":15,"enemies":"Chosen and Byrds","floor":29,"turns":4},{"damage":54,"enemies":"Champ","floor":33,"turns":6},{"damage":17,"enemies":"3 Darklings","floor":35,"turns":4},{"damage":28,"enemies":"3 Shapes","floor":36,"turns":5},{"damage":35,"enemies":"Maw","floor":39,"turns":6},{"damage":57,"enemies":"Nightmare","floor":41,"turns":8},{"damage":22,"enemies":"Jaw Worm Horde","floor":44,"turns":4},{"damage":7,"enemies":"Sphere and 2 Shapes","floor":45,"turns":1}],"seed_played":"-6062085814737979882","potions_obtained":[{"floor":1,"key":"Dexterity Potion"},{"floor":2,"key":"DuplicationPotion"},{"floor":8,"key":"FearPotion"},{"floor":16,"key":"HeartOfIron"},{"floor":18,"key":"Fruit Juice"},{"floor":23,"key":"DistilledChaos"},{"floor":25,"key":"DistilledChaos"},{"floor":39,"key":"AttackPotion"},{"floor":42,"key":"CultistPotion"},{"floor":42,"key":"Swift Potion"}],"is_trial":false,"path_per_floor":["M","M","M","$","?","?","M","M","T","?","M","R","E","M","R","B",null,"M","M","M","?","M","NM","R","M","T","R","?","M","AVR","?","R","B",null,"M","M","AVR","?","M","R","NM","?","T","M","M"],"character_chosen":"IRONCLAD","items_purchased":["infinitespire:PuzzleCube"],"campfire_rested":6,"item_purchase_floors":[4],"current_hp_per_floor":[80,80,80,80,80,80,80,79,79,79,76,80,65,69,80,49,80,77,45,45,45,18,23,63,63,63,85,85,76,76,76,85,49,85,85,75,75,75,58,85,46,46,46,52,45,45],"gold":1736,"neow_bonus":"","is_daily":true,"chose_seed":false,"campfire_upgraded":0,"win_rate":0.0,"timestamp":1610092593,"path_taken":["M","M","M","$","?","?","M","M","T","?","M","R","E","M","R","BOSS","M","M","M","?","M","NM","R","M","T","R","?","M","AVR","?","R","BOSS","M","M","AVR","?","M","R","NM","?","T","M","M"],"items_purchased_type":["Relic"],"build_version":"2020-12-22","purchased_purges":3,"victory":false,"max_hp_per_floor":[80,80,80,80,80,80,80,80,80,80,80,80,80,80,80,80,80,85,85,85,85,85,85,85,85,85,85,85,85,85,85,85,85,85,85,85,85,85,85,85,85,85,85,85,85,85],"card_choices":[{"not_picked":["Flame Barrier","Clash"],"picked":"Spot Weakness","floor":0},{"not_picked":["Warcry","Clothesline"],"picked":"conspire:ExplosiveBarrier","floor":0},{"not_picked":["Clash","Heavy Blade"],"picked":"Body Slam","floor":0},{"not_picked":["Whirlwind","True Grit"],"picked":"Iron Wave","floor":0},{"not_picked":["Fire Breathing","Clothesline"],"picked":"Pommel Strike","floor":0},{"not_picked":["Clothesline","Heavy Blade"],"picked":"Body Slam","floor":0},{"not_picked":["Warcry","Bloodletting"],"picked":"Thunderclap","floor":0},{"not_picked":["Headbutt","hubris:CleavingFinish"],"picked":"Thunderclap","floor":0},{"not_picked":["Clash","Thunderclap"],"picked":"Shrug It Off","floor":0},{"not_picked":["Headbutt","Feel No Pain"],"picked":"Iron Wave","floor":0},{"not_picked":["True Grit","Second Wind"],"picked":"Clash","floor":0},{"not_picked":["Warcry","Wild Strike"],"picked":"Feel No Pain","floor":0},{"not_picked":["Pommel Strike","hubris:ReadiedAction"],"picked":"Intimidate","floor":0},{"not_picked":["True Grit","Flex"],"picked":"Body Slam","floor":0},{"not_picked":["Hemokinesis","Blood for Blood"],"picked":"Heavy Blade","floor":0},{"not_picked":["Cleave","Fire Breathing","Flex"],"picked":"SKIP","floor":1},{"not_picked":["Entrench","Thunderclap","Rupture"],"picked":"SKIP","floor":2},{"not_picked":["Cleave","hubris:ReadiedAction","Fire Breathing"],"picked":"SKIP","floor":3},{"not_picked":["Cleave","hubris:CleavingFinish","Dual Wield"],"picked":"SKIP","floor":7},{"not_picked":["Shockwave","Flame Barrier","Fire Breathing"],"picked":"SKIP","floor":8},{"not_picked":["Shockwave","hubris:SharpeningStone","Clothesline"],"picked":"SKIP","floor":11},{"not_picked":["Body Slam","Perfected Strike","Pommel Strike"],"picked":"SKIP","floor":13},{"not_picked":["Combust","Warcry"],"picked":"Iron Wave","floor":14},{"not_picked":["Intimidate","Flex"],"picked":"Shrug It Off","floor":18},{"not_picked":["Headbutt","Clothesline+1","Sword Boomerang"],"picked":"SKIP","floor":19},{"not_picked":["Fire Breathing+1","Havoc"],"picked":"Cleave","floor":20},{"not_picked":["Anger+1","Perfected Strike"],"picked":"Iron Wave","floor":22},{"not_picked":["True Grit","Anger","Sword Boomerang+1"],"picked":"SKIP","floor":23},{"not_picked":["conspire:ExplosiveBarrier","Bloodletting","Rupture+1"],"picked":"SKIP","floor":25},{"not_picked":["Havoc","Heavy Blade+1"],"picked":"Cleave","floor":29},{"not_picked":["Immolate","Feed"],"picked":"Limit Break","floor":33},{"not_picked":["hubris:ReadiedAction","Carnage","Warcry+1"],"picked":"SKIP","floor":35},{"not_picked":["infinitespire:OneForAll","Headbutt"],"picked":"Pommel Strike","floor":36},{"not_picked":["Clothesline+1","Heavy Blade"],"picked":"Sword Boomerang+1","floor":39},{"not_picked":["infinitespire:FutureSight","infinitespire:SealOfDarkness+"],"picked":"infinitespire:Starlight","floor":41},{"not_picked":["Wild Strike","conspire:Charge"],"picked":"Body Slam","floor":41},{"not_picked":["Sword Boomerang+1","conspire:HitWhereItHurts","Feel No Pain"],"picked":"Pommel Strike","floor":44}],"player_experience":1822431,"relics_obtained":[{"floor":9,"key":"Regal Pillow"},{"floor":13,"key":"aspiration:ChemicalBlood"},{"floor":23,"key":"Juzu Bracelet"},{"floor":26,"key":"Ancient Tea Set"},{"floor":41,"key":"Shovel"},{"floor":43,"key":"Question Card"}],"event_choices":[{"damage_healed":0,"gold_gain":0,"player_choice":"Invest 1","damage_taken":0,"max_hp_gain":0,"max_hp_loss":0,"event_name":"conspire:Investor","floor":10,"gold_loss":0},{"damage_healed":0,"gold_gain":100,"player_choice":"Bet on Murderer","damage_taken":0,"max_hp_gain":0,"max_hp_loss":0,"event_name":"The Joust","floor":21,"gold_loss":50},{"damage_healed":0,"gold_gain":0,"player_choice":"Inject Mutagens","damage_taken":0,"relics_obtained":["MutagenicStrength"],"max_hp_gain":0,"max_hp_loss":0,"event_name":"Drug Dealer","floor":28,"gold_loss":0},{"cards_removed":["Clash"],"damage_healed":0,"gold_gain":0,"player_choice":"Gave Gold","damage_taken":0,"max_hp_gain":0,"max_hp_loss":0,"event_name":"Beggar","floor":31,"gold_loss":75},{"damage_healed":0,"gold_gain":0,"player_choice":"Got Potions","damage_taken":0,"max_hp_gain":0,"max_hp_loss":0,"event_name":"Lab","floor":42,"gold_loss":0}],"is_beta":false,"boss_relics":[{"not_picked":["hubris:HollowSoul","halation:ForbiddenBikini"],"picked":"halation:PlatinumPhoenix"},{"not_picked":["halation:Prosthetics","Busted Crown","vexMod:RockOfEvil"]}],"items_purged_floors":[4,30,37],"is_endless":true,"potions_floor_spawned":[1,2,8,13,16,23,25,35,36],"killed_by":"Sphere and 2 Shapes","ascension_level":0}}