{"host":"ris23a35wgbcqmkd","time":1610115090,"event":{"mods":["AchievementEnabler","BaseMod","BetterRewards","Colored Map","Colored Powertips","Downfall","Hermit","Minty Spire (QoL Compilation)","Rare Cards Sparkle","Shop Mod","StSLib","The Cursed","The Necromancer","The Wild Card"],"gold_per_floor":[11,11,11,30,43,56,56,56,56,6,24,50,50,70,70,169,169,180,180,200,1,1,30,30,30],"floor_reached":24,"playtime":1121,"items_purged":["Regret"],"score":216,"play_id":"bbceb10d-0e8b-40f7-ad53-a76d9cb09c2e","local_time":"20210108141130","is_ascension_mode":false,"campfire_choices":[{"data":"Negative_Energy_Mist","floor":8,"key":"SMITH"},{"data":"Deaths_Shadow","floor":13,"key":"SMITH"},{"floor":15,"key":"REST"}],"circlet_count":0,"master_deck":["Strike_W","Strike_W","Strike_W","Strike_W","Defend_W","Defend_W","Defend_W","Defend_W","Negative_Energy_Arrows","Bone_Wall","Bone_Bullets","Negative_Energy_Javelin","Negative_Energy_Mist+1","Negative_Energy_Javelin","Scare","Negative_Energy_Shield","Deaths_Shadow+1","Blood_Whip","Requiem","Negative_Energy_Mist","Writhe","Negative_Energy_Mist+1","Shackles_Of_Pain","Negative_Energy_Sphere"],"relics":["Vampire_Amulet","CaptainsWheel","Calipers","WingedGreaves","Bottled Flame","Anchor","Black Star","Mummified Hand","Vajra","Turnip"],"acts_visited":["Exordium","TheCity"],"potions_floor_usage":[16,16,16],"damage_taken":[{"damage":0,"enemies":"2 Louse","floor":1,"turns":2},{"damage":0,"enemies":"Small Slimes","floor":4,"turns":4},{"damage":4,"enemies":"Jaw Worm","floor":5,"turns":3},{"damage":15,"enemies":"Gremlin Gang","floor":6,"turns":7},{"damage":3,"enemies":"Blue Slaver","floor":11,"turns":5},{"damage":28,"enemies":"Lagavulin","floor":12,"turns":9},{"damage":2,"enemies":"Large Slime","floor":14,"turns":5},{"damage":60,"enemies":"Hexaghost","floor":16,"turns":16},{"damage":26,"enemies":"Shell Parasite","floor":18,"turns":6},{"damage":7,"enemies":"3 Byrds","floor":20,"turns":9},{"damage":43,"enemies":"Gremlin Leader","floor":23,"turns":11},{"damage":24,"enemies":"Snecko","floor":24,"turns":6}],"seed_played":"-2978131036647160669","potions_obtained":[{"floor":6,"key":"SteroidPotion"},{"floor":12,"key":"SneckoOil"},{"floor":14,"key":"DuplicationPotion"},{"floor":16,"key":"Fruit Juice"},{"floor":18,"key":"SteroidPotion"},{"floor":20,"key":"AttackPotion"}],"is_trial":false,"path_per_floor":["M","?","?","M","M","M","?","R","T","$","M","E","R","M","R","B",null,"M","?","M","$","?","E","M"],"character_chosen":"NECROMANCER","items_purchased":["Scare","Negative_Energy_Mist","Shackles_Of_Pain","Negative_Energy_Sphere"],"campfire_rested":1,"item_purchase_floors":[10,21,21,21],"current_hp_per_floor":[75,75,72,75,73,66,66,66,66,66,65,39,39,41,63,10,80,56,56,55,55,55,18,0,0],"gold":30,"neow_bonus":"ONE_RARE_RELIC","is_daily":false,"chose_seed":false,"campfire_upgraded":2,"win_rate":0.0,"timestamp":1610115090,"path_taken":["M","?","?","M","M","M","?","R","T","$","M","E","R","M","R","BOSS","M","?","M","$","?","E","M"],"items_purchased_type":["Card","Card","Card","Card"],"build_version":"2020-12-22","purchased_purges":1,"victory":false,"max_hp_per_floor":[75,75,75,75,75,75,75,75,75,75,75,75,75,75,75,80,80,80,80,80,80,80,80,80,80],"card_choices":[{"not_picked":["Scare","Exploit"],"picked":"Bone_Bullets","floor":1},{"not_picked":["Negative_Energy_Sphere","Blood_Curse"],"picked":"Negative_Energy_Javelin","floor":4},{"not_picked":["Life_Drain","Scare"],"picked":"Negative_Energy_Mist","floor":5},{"not_picked":["Blood_Whip","Negative_Energy_Sphere"],"picked":"Negative_Energy_Javelin","floor":6},{"not_picked":["Detonate_Bones","Finger_Of_Death"],"picked":"Negative_Energy_Shield","floor":11},{"not_picked":["Death_Coil","Death_March_Dance"],"picked":"Deaths_Shadow","floor":12},{"not_picked":["Summon_Vampire_Lady","Consume_Illness"],"picked":"Blood_Whip","floor":14},{"not_picked":["Hellfire","Blood_Magic"],"picked":"Requiem","floor":16},{"not_picked":["Toxic_Smoke_Screen","Death_March_Dance"],"picked":"Negative_Energy_Mist","floor":18},{"not_picked":["Bones_to_Steel","Scare","Blood_Shield+1"],"picked":"SKIP","floor":20},{"not_picked":["Toxic_Smoke_Screen","Scare","Bone_Prison"],"picked":"SKIP","floor":23}],"player_experience":256544,"relics_obtained":[{"floor":9,"key":"Bottled Flame"},{"floor":12,"key":"Anchor"},{"floor":23,"key":"Vajra"},{"floor":23,"key":"Turnip"}],"event_choices":[{"damage_healed":0,"gold_gain":0,"player_choice":"Success","damage_taken":3,"relics_obtained":["Calipers"],"max_hp_gain":0,"max_hp_loss":0,"event_name":"Scrap Ooze","floor":3,"gold_loss":0},{"damage_healed":0,"gold_gain":0,"player_choice":"Box","damage_taken":0,"relics_obtained":["WingedGreaves"],"max_hp_gain":0,"max_hp_loss":0,"event_name":"Big Fish","floor":7,"gold_loss":0,"cards_obtained":["Regret"]},{"damage_healed":0,"gold_gain":0,"player_choice":"Opened","damage_taken":0,"relics_obtained":["Mummified Hand"],"max_hp_gain":0,"max_hp_loss":0,"event_name":"The Mausoleum","floor":19,"gold_loss":0,"cards_obtained":["Writhe"]},{"damage_healed":0,"gold_gain":0,"player_choice":"Upgraded","damage_taken":0,"max_hp_gain":0,"max_hp_loss":0,"event_name":"Upgrade Shrine","floor":22,"gold_loss":0,"cards_upgraded":["Negative_Energy_Mist"]}],"is_beta":false,"boss_relics":[{"not_picked":["Velvet Choker","Calling Bell"],"picked":"Black Star"}],"items_purged_floors":[21],"is_endless":false,"potions_floor_spawned":[6,12,14,16,18,20,23],"killed_by":"Snecko","ascension_level":0}}