{"host":"2lwi2ixq0ydygjd0","time":1610068833,"event":{"mods":["BaseMod","Colored Powertips","Downfall","Friendly Minions","Minty Spire (QoL Compilation)","StSLib"],"gold_per_floor":[99,99,99,129,2,29,29,29,46,146,146,165,15,31,46,142,142,142,158,158,158,182,17,17,17,2,13,31,31,43,68,85,185,185,110,128,128,147,147,162,162,71,71,71,71],"floor_reached":43,"playtime":2941,"items_purged":[],"score":494,"play_id":"9aa52c83-4fb3-4a8f-935e-7110de65ce9b","local_time":"20210107202033","is_ascension_mode":false,"campfire_choices":[{"floor":1.0,"key":"RECALL"},{"data":"Slimebound:Split","floor":13.0,"key":"SMITH"},{"data":"Slimebound:Nibble","floor":18.0,"key":"SMITH"},{"data":"Slimebound:LeadByExample","floor":25.0,"key":"SMITH"},{"data":"Slimebound:SlimeBrawl","floor":29.0,"key":"SMITH"},{"data":"Slimebound:FirmFortitude","floor":35,"key":"SMITH"}],"circlet_count":0,"master_deck":["Slimebound:Strike_Slimebound","Slimebound:Strike_Slimebound","Slimebound:Tackle","Slimebound:Defend_Slimebound","Slimebound:Defend_Slimebound","Slimebound:Defend_Slimebound","Slimebound:Split+1","Slimebound:CorrosiveSpit","Slimebound:Nibble+1","Slimebound:RejuvenatingLick","Slimebound:SplitLeeching","Slimebound:SplitMire","Slimebound:LeadByExample+1","Slimebound:SlimeBarrage","Slimebound:LeechingTouch","Slimebound:SlimeTap","Slimebound:SplitAcid","Slimebound:OozeBath","Slimebound:FirmFortitude+1","Slimebound:SplitAcid","Slimebound:OozeBath","Slimebound:SplitLeeching+1","Slimebound:HauntingLick","Slimebound:SplitBruiser","Slimebound:ProtectTheBoss","Slimebound:SamplingLick","Slimebound:LeechEnergy","Slimebound:SlimeBrawl+1","Slimebound:ComboTackle+1","Slimebound:Teamwork","Slimebound:Gluttony","Slimebound:Equalize","Slimebound:RainOfGoop+1","Slimebound:SelfFormingGoo","Slimebound:LivingWall+1","Slimebound:RainOfGoop","Slimebound:Repurpose","Slimebound:Overexert","Slimebound:MassRepurpose","Slimebound:Equalize"],"relics":["Slimebound:AbsorbEndCombat","downfall:HeartsMalice","downfall:HeartBlessingRed","downfall:HeartBlessingBlue","Coffee Dripper","downfall:RedIOU","Question Card","Lizard Tail","Runic Pyramid","downfall:HeartBlessingGreen","Sundial"],"acts_visited":["Exordium","TheCity","TheBeyond"],"potions_floor_usage":[31,31,31,33],"damage_taken":[{"damage":0.0,"enemies":"Small Slimes","floor":2.0,"turns":1.0},{"damage":0.0,"enemies":"downfall:FleeingMerchant","floor":5.0,"turns":1.0},{"damage":0.0,"enemies":"Lagavulin","floor":6.0,"turns":1.0},{"damage":4.0,"enemies":"2 Louse","floor":9.0,"turns":2.0},{"damage":8.0,"enemies":"Cultist","floor":12.0,"turns":2.0},{"damage":17.0,"enemies":"2 Fungi Beasts","floor":14.0,"turns":3.0},{"damage":20.0,"enemies":"3 Louse","floor":15.0,"turns":2.0},{"damage":56.0,"enemies":"downfall:Silent","floor":16.0,"turns":6.0},{"damage":48.0,"enemies":"Spheric Guardian","floor":19.0,"turns":4.0},{"damage":25.0,"enemies":"downfall:FleeingMerchant","floor":23.0,"turns":4.0},{"damage":20.0,"enemies":"downfall:FleeingMerchant","floor":26.0,"turns":4.0},{"damage":34.0,"enemies":"Shelled Parasite and Fungi","floor":27.0,"turns":4.0},{"damage":24.0,"enemies":"Cultist and Chosen","floor":28.0,"turns":5.0},{"damage":40.0,"enemies":"Centurion and Healer","floor":30.0,"turns":4.0},{"damage":61,"enemies":"Slavers","floor":31,"turns":5},{"damage":38,"enemies":"3 Cultists","floor":32,"turns":5},{"damage":85,"enemies":"downfall:Watcher","floor":33,"turns":7},{"damage":21,"enemies":"Orb Walker","floor":36,"turns":4},{"damage":46,"enemies":"3 Darklings","floor":38,"turns":5},{"damage":53,"enemies":"Spire Growth","floor":40,"turns":5},{"damage":0,"enemies":"downfall:FleeingMerchant","floor":42,"turns":4},{"damage":0,"enemies":"Jaw Worm Horde","floor":43,"turns":1}],"seed_played":"2001399115511062884","potions_obtained":[{"floor":9.0,"key":"EntropicBrew"},{"floor":12.0,"key":"Fire Potion"},{"floor":14.0,"key":"SteroidPotion"},{"floor":16.0,"key":"Explosive Potion"},{"floor":19.0,"key":"LiquidMemories"},{"floor":20.0,"key":"CultistPotion"},{"floor":32,"key":"LiquidMemories"},{"floor":33,"key":"CultistPotion"},{"floor":36,"key":"CultistPotion"},{"floor":40,"key":"LiquidBronze"}],"is_trial":false,"path_per_floor":["R","M","?","?","$","E","T","?","M","?","?","M","R","M","M","B",null,"R","M","?","?","T","$","T","R","$","M","M","R","M","E","M","B",null,"R","M","?","M","?","M","T","$","M"],"character_chosen":"SLIMEBOUND","items_purchased":["Slimebound:RejuvenatingLick","Slimebound:SplitLeeching","Slimebound:ProtectTheBoss","Slimebound:SamplingLick","Slimebound:LeechEnergy","Slimebound:Equalize"],"campfire_rested":0,"item_purchase_floors":[5,5,23,23,23,42],"current_hp_per_floor":[60,60,60,60,60,60,60,60,60,60,60,60,70,70,66,44,70,70,50,50,50,50,59,59,59,69,68,70,70,54,19,27,57,70,70,57,57,51,51,28,28,40,40,40,40],"gold":71,"neow_bonus":"THREE_ENEMY_KILL","is_daily":false,"chose_seed":false,"campfire_upgraded":5,"win_rate":0.0,"timestamp":1610068833,"path_taken":["R","M","?","?","$","E","T","?","?","?","?","M","R","?","M","BOSS","R","M","?","?","?","$","T","R","$","M","?","R","M","E","M","BOSS","R","M","?","?","?","?","T","$","M"],"items_purchased_type":["Card","Card","Card","Card","Card","Card"],"build_version":"2020-12-22","purchased_purges":0,"victory":false,"max_hp_per_floor":[60,60,60,60,60,60,60,60,60,60,60,60,70,70,70,70,70,70,70,70,70,70,70,70,70,70,70,70,70,70,70,70,70,70,70,70,70,70,70,70,70,70,70,70,70],"card_choices":[{"not_picked":["Slimebound:SlimeSpikes","Slimebound:ViciousTackle"],"picked":"Slimebound:PressTheAttack","floor":2.0},{"not_picked":["Slimebound:SplitLeeching","Slimebound:LivingWall"],"picked":"Slimebound:Nibble","floor":5.0},{"not_picked":["Slimebound:ComboTackle","Slimebound:LeechEnergy"],"picked":"Slimebound:SplitMire","floor":6.0},{"not_picked":["Slimebound:Chomp","Slimebound:RejuvenatingLick"],"picked":"Slimebound:LeadByExample","floor":9.0},{"not_picked":["Slimebound:PressTheAttack","Slimebound:SplitBruiser"],"picked":"Slimebound:SlimeBarrage","floor":9.0},{"not_picked":["Slimebound:ComboTackle","Slimebound:SplitMire"],"picked":"Slimebound:LeechingTouch","floor":12.0},{"not_picked":["Slimebound:ComboTackle","Slimebound:SplitMire"],"picked":"Slimebound:SlimeTap","floor":12.0},{"not_picked":["Slimebound:Replication","Slimebound:GoopSpray"],"picked":"Slimebound:SplitAcid","floor":14.0},{"not_picked":["Slimebound:SlimeBrawl","Slimebound:TongueLash"],"picked":"Slimebound:OozeBath","floor":14.0},{"not_picked":["Slimebound:ForwardTackle","Slimebound:SplitBruiser"],"picked":"Slimebound:FirmFortitude","floor":15.0},{"not_picked":["Slimebound:Schlurp","Slimebound:ItLooksTasty"],"picked":"Slimebound:SplitAcid","floor":15.0},{"not_picked":["Slimebound:Overexert","Slimebound:OneTwoCombo"],"picked":"Slimebound:OozeBath","floor":16.0},{"not_picked":["Slimebound:LeechEnergy","Slimebound:Chomp+1"],"picked":"Slimebound:SplitLeeching+1","floor":19.0},{"not_picked":["Slimebound:LivingWall","Slimebound:Schlurp"],"picked":"Slimebound:HauntingLick","floor":19.0},{"not_picked":["Slimebound:OozeBath","Slimebound:SplitMire"],"picked":"Slimebound:SplitBruiser","floor":23.0},{"not_picked":["Slimebound:SplitLeeching","Slimebound:Dissolve","Slimebound:SplitMire"],"picked":"Slimebound:SlimeBrawl","floor":26.0},{"not_picked":["Slimebound:GoopSpray","Slimebound:Gluttony","Slimebound:SplitMire"],"picked":"Slimebound:ComboTackle+1","floor":27.0},{"not_picked":["Slimebound:SplitLeeching","Slimebound:RollThrough","Slimebound:SamplingLick+1"],"picked":"Slimebound:Teamwork","floor":28.0},{"not_picked":["Slimebound:PressTheAttack","Slimebound:DisruptingSlam","Slimebound:ForwardTackle"],"picked":"Slimebound:Gluttony","floor":30.0},{"not_picked":["Slimebound:TongueLash","Slimebound:HauntingLick","Slimebound:Schlurp"],"picked":"Slimebound:Equalize","floor":31},{"not_picked":["Slimebound:SplitMire","Slimebound:PressTheAttack","Slimebound:SamplingLick+1"],"picked":"Slimebound:RainOfGoop+1","floor":32},{"not_picked":["Slimebound:RallyTheTroops","Slimebound:MassRepurpose","Slimebound:WasteNot"],"picked":"Slimebound:SelfFormingGoo","floor":33},{"not_picked":["Slimebound:ViciousTackle+1","Slimebound:SlimeBrawl","Slimebound:GrowthPunch"],"picked":"Slimebound:LivingWall+1","floor":36},{"not_picked":["Slimebound:ItLooksTasty+1","Slimebound:Dissolve","Slimebound:SplitMire"],"picked":"Slimebound:Repurpose","floor":38},{"not_picked":["Slimebound:SplitBruiser","Slimebound:FirmFortitude+1","Slimebound:LeechingTouch+1","Slimebound:TongueLash+1"],"picked":"SKIP","floor":40},{"not_picked":["Slimebound:RollThrough","Slimebound:Grow","Slimebound:SplitMire"],"picked":"Slimebound:MassRepurpose","floor":42}],"player_experience":15046,"relics_obtained":[{"floor":6.0,"key":"Prayer Wheel"},{"floor":24.0,"key":"Question Card"},{"floor":31,"key":"Lizard Tail"},{"floor":41,"key":"Sundial"}],"event_choices":[{"damage_healed":0.0,"max_hp_gain":0.0,"max_hp_loss":0.0,"gold_gain":0.0,"event_name":"Purifier","player_choice":"Ignored","floor":8.0,"gold_loss":0.0,"damage_taken":0.0},{"cards_removed":["Slimebound:Defend_Slimebound"],"damage_healed":0.0,"max_hp_gain":0.0,"max_hp_loss":0.0,"gold_gain":0.0,"event_name":"Bonfire Elementals","player_choice":"Offered Basic","floor":11.0,"gold_loss":0.0,"damage_taken":0.0},{"damage_healed":0,"gold_gain":0,"cards_transformed":["Slimebound:PressTheAttack"],"player_choice":"Transformed","damage_taken":0,"max_hp_gain":0,"max_hp_loss":0,"event_name":"Transmorgrifier","floor":39,"gold_loss":0,"cards_obtained":["Slimebound:Overexert"]}],"is_beta":false,"boss_relics":[{"not_picked":["Tiny House","Velvet Choker"],"picked":"Coffee Dripper"},{"not_picked":["Fusion Hammer","Snecko Eye"],"picked":"Runic Pyramid"}],"items_purged_floors":[],"is_endless":false,"potions_floor_spawned":[9,12,14,15,16,19,27,28,32,33,36,40],"killed_by":"Jaw Worm Horde","ascension_level":0}}