{"host":"t527sr07e6838t0m","time":1610087000,"event":{"mods":["ATMod(°¢èªMod)","Act Like it!","Arknights The Spire","Aspiration","BaseMod","CapriCore","Challenge The Spire","Colored Map","Conspire","Downfall","Friendly Minions","Gensokyo","Gremlin Skip","Highlight Path","Marisa£¨ìFÓê¡¡Ä§ÀíÉ³£©","Minty Spire (QoL Compilation)","MostiFishMod","Quick Restart","Relic Stats","Remilia£¨ÀÙÃ×ÀòÑÇ£©","Replay The Spire","RumiaBox-Â¶Ã×æ«µÄÉñÃØºÐ×Ó","Small Relic Pack","StSLib","The Immortal","The Servant 0.9.4","Waifu the Spire","Yakumo Yukari mod","[IsaacMod]ÒÔÈö¼âËþ","vexMod","¡¾ÒÅÎï¿¨ÅÆ¡¿REMEMod"],"gold_per_floor":[110,110,130,144,144,170,170,170,252,252,265,298,310,340,352,468,480,510,538,525,556,586,598,621,662,674,686,731,743,498,560,572,686,698,730,793,820,843,77,104,314,362,362,381,281,297,331,406,406,406,406,406,250,275,297,297],"floor_reached":55,"playtime":2153,"items_purged":["ats:Strike C","ats:Strike G","ats:Strike S"],"score":877,"play_id":"04a243ed-556a-477a-8fe9-bb42077c54d5","local_time":"20210108142320","is_ascension_mode":false,"campfire_choices":[{"floor":7,"key":"RECALL"},{"data":"DoctorFetus","floor":10,"key":"SMITH"},{"data":"MostiFishMod:StarHerder","floor":13,"key":"SMITH"},{"data":"AT_FamilyPortrait","floor":15,"key":"SMITH"},{"floor":23,"key":"REST"},{"floor":27,"key":"REST"},{"data":"ats:Calcification","floor":29,"key":"SMITH"},{"data":"Pot Of Greed","floor":32,"key":"SMITH"},{"data":"1","floor":49,"key":"LIFT"},{"data":"ats:Part Time Job","floor":52,"key":"SMITH"}],"circlet_count":0,"master_deck":["ats:Armor Crushing Shot","ats:Defend","ats:Defend","ats:Defend","ats:Defend","ats:Emotion Absorption+1","DoctorFetus+1","AT_FamilyPortrait+1","MostiFishMod:StarHerder+1","ats:Shell Defense","ats:Mental Burst+1","ats:Explosion Area Strengthen+1","ats:Shadow Assault+1","ats:Revitalization","ats:Blood Oath+1","ats:Wolf Pack+1","AbeCurse","ats:Consecutive Shot Auto+1","ats:Apocalypse+1","ats:Encircling Forest","ats:Beaten Up+1","ats:Calcification+1","ats:Sunburst+1","ats:Automatic Cover+1","Pot Of Greed+1","Pot Of Greed","Pot Of Greed","ats:Very Hot Blade+1","ats:Echo Reverb","ats:Soul Absorption+1","ats:Sword Rain+1","ats:Disruption Kick+1","Pot Of Greed","ats:Leaping Hammer+1","ats:Part Time Job+1","ats:Flexible Camouflage","ats:Thermite Blade+1","ats:Roar Of Ursus+1","ats:Soul Rend"],"relics":["ats:Sanity","DaveBox","REME_ComplimentaryCards","AT_ATBox","HushsDoor","MoneyPower","SentryEyes","NeowsBlessing","SynthV:TestCard","Molten Egg 2","ats:Originium","ReplayTheSpireMod:Shallot","MawBank","Abe\u0027s Treasure","GuppysHairball","Replay:Ringing Soul","Sundial","Quantum Egg","ClockworkSouvenir","Grinning Jar","Empty Cage","GuppysHead","SatanicBible","GuppysCollar","Shuriken","Singing Bowl","GuppysTail","vexMod:InvisibilityCloak","ats:Hidden Killer","conspire:Boomerang","YumHeart","aspiration:StickyExplosives_weak","Girya","Chameleon Ring","Technique","Replay:Bandana"],"acts_visited":["Exordium","Exordium","TheBeyond","TheEnding"],"potions_floor_usage":[11,31,42,55,55,55],"damage_taken":[{"damage":0,"enemies":"Small Slimes","floor":1,"turns":1},{"damage":0,"enemies":"Jaw Worm","floor":3,"turns":1},{"damage":0,"enemies":"Cultist","floor":4,"turns":1},{"damage":0,"enemies":"Gremlin Nob","floor":6,"turns":4},{"damage":0,"enemies":"3 Louse","floor":11,"turns":1},{"damage":26,"enemies":"Lagavulin","floor":12,"turns":4},{"damage":0,"enemies":"2 Fungi Beasts","floor":14,"turns":2},{"damage":0,"enemies":"Slime Boss","floor":16,"turns":4},{"damage":0,"enemies":"Gensokyo:3_Dogs","floor":18,"turns":2},{"damage":0,"enemies":"Gensokyo:CosmicMonolith","floor":19,"turns":2},{"damage":24,"enemies":"Gensokyo:Swordslinger","floor":21,"turns":2},{"damage":10,"enemies":"Gensokyo:Slime_Group","floor":22,"turns":3},{"damage":0,"enemies":"Gensokyo:3_Gloops","floor":24,"turns":2},{"damage":22,"enemies":"Gensokyo:Koishi","floor":25,"turns":4},{"damage":0,"enemies":"Gensokyo:Reisen","floor":28,"turns":2},{"damage":0,"enemies":"Hiden Room Battle","floor":31,"turns":2},{"damage":24,"enemies":"Gensokyo:Eternal_Rivals","floor":33,"turns":6},{"damage":5,"enemies":"3 Shapes","floor":35,"turns":2},{"damage":2,"enemies":"Orb Walker","floor":37,"turns":2},{"damage":18,"enemies":"4 Shapes","floor":38,"turns":1},{"damage":0,"enemies":"Giant Head","floor":40,"turns":5},{"damage":0,"enemies":"Maw","floor":41,"turns":5},{"damage":9,"enemies":"2 Orb Walkers","floor":42,"turns":2},{"damage":0,"enemies":"Transient","floor":44,"turns":5},{"damage":0,"enemies":"3 Darklings","floor":46,"turns":2},{"damage":0,"enemies":"Reptomancer","floor":47,"turns":3},{"damage":7,"enemies":"Replay:Hell Engine","floor":50,"turns":4},{"damage":5,"enemies":"Shield and Spear","floor":54,"turns":3},{"damage":118,"enemies":"LittleHush","floor":55,"turns":10}],"seed_played":"7111078831210415693","potions_obtained":[{"floor":4,"key":"FearPotion"},{"floor":6,"key":"ats:Top Emergency Sanity Potion"},{"floor":11,"key":"REME_GoldPotion"},{"floor":12,"key":"LiquidBronze"},{"floor":42,"key":"REME_GoldPotion"},{"floor":47,"key":"Dexterity Potion"}],"is_trial":false,"path_per_floor":["M","?","M","M","?","E","R","?","T","R","M","E","R","M","R","B",null,"M","M","?","M","M","R","M","E","T","R","E","R","COS","?","R","B",null,"M","?","M","M","$","E","M","?","T","M","$","M","E","T","R","B",null,"R","$","E","B"],"character_chosen":"DOCTOR_CLASS","items_purchased":["GuppysHairball","GuppysHead","SatanicBible","GuppysCollar","GuppysTail","vexMod:InvisibilityCloak","ats:Disruption Kick+1","Technique"],"campfire_rested":2,"item_purchase_floors":[17,34,34,34,39,39,39,53],"current_hp_per_floor":[72,72,72,72,72,72,72,72,72,72,72,46,46,46,46,56,57,57,57,57,34,26,43,53,37,37,55,63,63,66,75,75,56,45,43,24,25,14,17,25,31,50,50,63,63,66,73,73,73,71,73,73,73,71,0,0],"gold":297,"neow_bonus":"THREE_ENEMY_KILL","is_daily":false,"chose_seed":false,"campfire_upgraded":6,"win_rate":0.0,"timestamp":1610087000,"path_taken":["M","?","M","M","?","E","R","?","T","R","?","E","R","M","R","BOSS","M","M","?","?","M","R","M","E","T","R","E","R","COS","?","R","BOSS","M","?","M","M","$","E","M","?","T","M","$","M","E","?","R","BOSS","R","$","E","BOSS"],"items_purchased_type":["Relic","Relic","Relic","Relic","Relic","Relic","Card","Relic"],"build_version":"2020-12-22","purchased_purges":3,"victory":false,"max_hp_per_floor":[72,72,72,72,72,72,72,72,72,72,72,72,72,72,72,72,57,57,57,57,57,57,57,57,60,60,60,63,63,66,75,75,78,45,48,48,51,53,56,58,61,64,64,67,67,70,73,73,73,73,73,73,73,76,76,76],"relic_stats":{"Singing Bowl":4,"counters":[29,81],"Sundial":[0],"Shuriken":[9],"MawBank":324,"obtain_stats":[{"GuppysTail":39,"AT_ATBox":0,"DaveBox":0,"Singing Bowl":38,"Empty Cage":34,"ClockworkSouvenir":30,"SatanicBible":34,"aspiration:StickyExplosives_weak":43,"Frozen Eye":25,"Replay:Ringing Soul":25,"vexMod:InvisibilityCloak":39,"Replay:Bandana":54,"Chameleon Ring":48,"Sundial":26,"ats:Sanity":0,"KeepersGift":0,"Girya":47,"NeowsBlessing":0,"Quantum Egg":28,"ats:Hidden Killer":40,"vexMod:BerryBomb":31,"MoneyPower":0,"conspire:Boomerang":40,"MawBank":12,"YumHeart":42,"SynthV:TestCard":1,"ats:Originium":6,"ReplayTheSpireMod:Shallot":6,"Shuriken":36,"SentryEyes":0,"Molten Egg 2":2,"GuppysHairball":17,"GuppysHead":34,"Technique":53,"Grinning Jar":31,"HushsDoor":0,"Abe\u0027s Treasure":17,"GuppysCollar":34,"REME_ComplimentaryCards":0},{"GuppysTail":20,"AT_ATBox":0,"DaveBox":0,"Singing Bowl":20,"Empty Cage":17,"ClockworkSouvenir":15,"SatanicBible":17,"aspiration:StickyExplosives_weak":23,"Frozen Eye":13,"Replay:Ringing Soul":14,"vexMod:InvisibilityCloak":20,"Replay:Bandana":28,"Chameleon Ring":26,"Sundial":14,"ats:Sanity":0,"KeepersGift":0,"Girya":26,"NeowsBlessing":0,"Quantum Egg":15,"ats:Hidden Killer":21,"vexMod:BerryBomb":16,"MoneyPower":0,"conspire:Boomerang":21,"MawBank":6,"YumHeart":23,"SynthV:TestCard":1,"ats:Originium":4,"ReplayTheSpireMod:Shallot":4,"Shuriken":18,"SentryEyes":0,"Molten Egg 2":1,"GuppysHairball":8,"GuppysHead":17,"Technique":27,"Grinning Jar":16,"HushsDoor":0,"Abe\u0027s Treasure":8,"GuppysCollar":17,"REME_ComplimentaryCards":0},{"GuppysTail":44,"AT_ATBox":0,"DaveBox":0,"Singing Bowl":44,"Empty Cage":41,"ClockworkSouvenir":33,"SatanicBible":41,"aspiration:StickyExplosives_weak":55,"Frozen Eye":27,"Replay:Ringing Soul":31,"vexMod:InvisibilityCloak":44,"Replay:Bandana":71,"Chameleon Ring":64,"Sundial":31,"ats:Sanity":0,"KeepersGift":0,"Girya":64,"NeowsBlessing":0,"Quantum Egg":33,"ats:Hidden Killer":45,"vexMod:BerryBomb":35,"MoneyPower":0,"conspire:Boomerang":49,"MawBank":12,"YumHeart":55,"SynthV:TestCard":1,"ats:Originium":7,"ReplayTheSpireMod:Shallot":7,"Shuriken":42,"SentryEyes":0,"Molten Egg 2":1,"GuppysHairball":17,"GuppysHead":41,"Technique":68,"Grinning Jar":35,"HushsDoor":0,"Abe\u0027s Treasure":17,"GuppysCollar":41,"REME_ComplimentaryCards":0}]},"card_choices":[{"not_picked":[],"picked":"DoctorFetus","floor":0},{"not_picked":["ats:Flame Of Heaven","ats:Cat Scratch"],"picked":"ats:Shell Defense","floor":1},{"not_picked":["ats:Hammer On+1","ats:Curse Doll","ats:Rat Pack","ats:Apocalypse"],"picked":"ats:Mental Burst+1","floor":3},{"not_picked":["ats:Consecutive Shot Auto+1","ats:Childhood Dance","ats:Steam Pump","ats:Blood Oath+1"],"picked":"ats:Explosion Area Strengthen+1","floor":4},{"not_picked":["ats:Powerful Strike+1","ats:Assault Order","ats:Dogmatic Field","ats:Hammer On+1"],"picked":"ats:Shadow Assault+1","floor":6},{"not_picked":["ats:Hammer On+1","ats:Shadow Raid","ats:Flexible Camouflage","ats:Poison Spread+1"],"picked":"Bomb","floor":11},{"not_picked":["ats:Counter Healing Mode","ats:Beaten Up","ats:LN2 Cannon+1","ats:Blood Oath+1"],"picked":"ats:Revitalization","floor":12},{"not_picked":["ats:Revitalization","ats:Closed Bolt Burst Fire+1","ats:Ignite+1","ats:Steam Pump"],"picked":"ats:Blood Oath+1","floor":14},{"not_picked":["ats:Echo Reverb","ats:Rat Pack","ats:Soul Rend","ats:Roar Of Ursus"],"picked":"ats:Wolf Pack+1","floor":16},{"not_picked":["ats:Curse Doll","ats:Hammer On+1","ats:Explosion Area Strengthen+1","ats:Childhood Dance"],"picked":"ats:Consecutive Shot Auto+1","floor":18},{"not_picked":["ats:Beaten Up","ats:Shell Defense","ats:Powerful Strike+1","ats:Curse Doll"],"picked":"ats:Apocalypse+1","floor":19},{"not_picked":["ats:Apocalypse","ats:Flexible Camouflage","ats:Assault Order","ats:Hook Shot"],"picked":"ats:Encircling Forest","floor":21},{"not_picked":["ats:Shell Defense","ats:Powerful Strike+1","ats:Flame Of Heaven","ats:Neurotoxin"],"picked":"ats:Beaten Up+1","floor":22},{"not_picked":["ats:Encircling Forest","ats:Leaping Hammer+1","ats:Demon Strength+1","ats:Revitalization+1"],"picked":"ats:Calcification","floor":24},{"not_picked":["ats:Guardian Obelisk","ats:Shadow Raid","ats:Durian","ats:Powerful Strike+1"],"picked":"ats:Sunburst+1","floor":25},{"not_picked":["ats:Chain Hook+1","ats:Nebulous Foxfire","ats:Healing Strengthening","ats:Curse Doll"],"picked":"ats:Automatic Cover+1","floor":28},{"not_picked":["ats:Shell Defense","ats:Chain Hook+1","ats:Powerful Strike+1","ats:Spore Proliferation"],"picked":"ats:Very Hot Blade+1","floor":31},{"not_picked":["ats:Durian","ats:Soul Rend","ats:Shadow Assault+1","ats:Nebulous Foxfire"],"picked":"ats:Echo Reverb","floor":33},{"not_picked":["ats:Neurotoxin+1","ats:Apocalypse+1","ats:Leaping Hammer+1","ats:Explosion Area Strengthen+1"],"picked":"ats:Soul Absorption+1","floor":35},{"not_picked":["ats:Mental Burst+1","ats:Revitalization","ats:Sunburst+1","ats:Ignite+1"],"picked":"ats:Sword Rain+1","floor":37},{"not_picked":["ats:Apocalypse","ats:Automatic Cover","ats:Flexible Camouflage+1","ats:Consecutive Shot Auto+1","ats:Shell Defense+1"],"picked":"Singing Bowl","floor":38},{"not_picked":["ats:Calcification","ats:Poison Spread+1","ats:Consecutive Shot Auto+1","ats:Hammer On+1","ats:Burning Ground"],"picked":"Singing Bowl","floor":40},{"not_picked":["ats:Explosion Area Strengthen+1","ats:Sword Rain+1","ats:Cat Scratch+1","ats:Childhood Dance"],"picked":"ats:Leaping Hammer+1","floor":41},{"not_picked":["ats:Calcification","ats:Childhood Dance+1","ats:Sunburst+1","ats:Red Shift+1"],"picked":"ats:Part Time Job","floor":42},{"not_picked":["ats:Hook Shot","ats:LN2 Cannon+1","ats:Curse Doll","ats:Ignite+1"],"picked":"ats:Flexible Camouflage","floor":44},{"not_picked":["ats:Apocalypse","ats:Flexible Camouflage+1","ats:Leaping Hammer+1","ats:Revitalization+1"],"picked":"ats:Thermite Blade+1","floor":46},{"not_picked":["ats:Powerful Strike+1","ats:Consecutive Shot Auto+1","ats:Blood Oath+1","ats:Shell Defense"],"picked":"ats:Roar Of Ursus","floor":47},{"not_picked":["ats:Childhood Dance","ats:Song Of Battle+1","ats:Shell Defense+1","ats:Cat Scratch+1"],"picked":"ats:Soul Rend","floor":54}],"player_experience":575631,"relics_obtained":[{"floor":1,"key":"SynthV:TestCard"},{"floor":6,"key":"ats:Originium"},{"floor":6,"key":"ReplayTheSpireMod:Shallot"},{"floor":12,"key":"ats:Originium"},{"floor":12,"key":"MawBank"},{"floor":25,"key":"ats:Originium"},{"floor":25,"key":"Replay:Ringing Soul"},{"floor":26,"key":"Sundial"},{"floor":28,"key":"Quantum Egg"},{"floor":31,"key":"vexMod:BerryBomb"},{"floor":31,"key":"Grinning Jar"},{"floor":36,"key":"Shuriken"},{"floor":40,"key":"conspire:Boomerang"},{"floor":42,"key":"YumHeart"},{"floor":43,"key":"aspiration:StickyExplosives_weak"},{"floor":47,"key":"Girya"},{"floor":48,"key":"Chameleon Ring"},{"floor":54,"key":"Replay:Bandana"}],"event_choices":[{"damage_healed":0,"gold_gain":0,"player_choice":"Leave","damage_taken":0,"max_hp_gain":0,"max_hp_loss":0,"event_name":"conspire:Investor","floor":8,"gold_loss":0},{"damage_healed":0,"gold_gain":0,"player_choice":"Fight","damage_taken":0,"max_hp_gain":0,"max_hp_loss":0,"event_name":"HidenRoomEvent","floor":31,"gold_loss":0},{"damage_healed":0,"gold_gain":0,"player_choice":"Fight","damage_taken":0,"max_hp_gain":0,"max_hp_loss":0,"event_name":"Mysterious Sphere","floor":42,"gold_loss":0}],"is_beta":false,"boss_relics":[{"not_picked":["AddBug","Replay:Drink Me"],"picked":"Abe\u0027s Treasure"},{"not_picked":[]},{"not_picked":["Philosopher\u0027s Stone","ExusiaiGun"],"picked":"Empty Cage"},{"not_picked":[]}],"items_purged_floors":[17,39,45],"is_endless":false,"potions_floor_spawned":[4,6,11,12,19,22,24,33,37,42,47,54],"killed_by":"LittleHush","ascension_level":0}}