{"host":"ymknu7vcxiutstwp","time":1610121732,"event":{"mods":["AchievementEnabler","BaseMod","Colored Powertips","Highlight Path","Minty Spire (QoL Compilation)","Relic Stats","StSLib"],"gold_per_floor":[169,21,0,14,26,36,36,61,61,61,61,81,101,121,121,218,218,218,218,218,72,72,72,72,72,72,72,72,72,72,72,72,72,72,72,72,72,72,72,72],"floor_reached":39,"playtime":3170,"items_purged":[],"score":633,"play_id":"1579f673-6439-4d04-8a04-7459be8ab528","local_time":"20210108160212","is_ascension_mode":true,"campfire_choices":[{"data":"Blade Dance","floor":7.0,"key":"SMITH"},{"floor":11.0,"key":"REST"},{"floor":15.0,"key":"REST"},{"floor":23.0,"key":"REST"},{"data":"Accuracy","floor":27.0,"key":"SMITH"},{"floor":32.0,"key":"REST"}],"circlet_count":0,"master_deck":["AscendersBane","Strike_G+1","Strike_G","Strike_G","Strike_G","Strike_G","Defend_G","Defend_G","Defend_G+1","Defend_G","Defend_G","Survivor","Neutralize","Well Laid Plans","Blade Dance+1","Accuracy+1","Sucker Punch","Dagger Spray","Infinite Blades","Infinite Blades","Cloak And Dagger+1","Noxious Fumes","Predator","Storm of Steel","Venomology","Dagger Throw","PiercingWail","Infinite Blades","Backstab","Accuracy","RitualDagger+1","Deflect+1","Bullet Time","Writhe","Corpse Explosion","CurseOfTheBell","PiercingWail+1","PiercingWail+1","Prepared+1","Venomology","Backstab+1"],"relics":["Tiny House","Nunchaku","War Paint","Ectoplasm","Molten Egg 2","Pen Nib","FossilizedHelix","Ice Cream","Calling Bell","Bronze Scales","Paper Crane","Prayer Wheel"],"acts_visited":["Exordium","TheCity","TheBeyond"],"potions_floor_usage":[38,38,38,38,38,39,39,39],"damage_taken":[{"damage":0.0,"enemies":"Small Slimes","floor":1.0,"turns":5.0},{"damage":7.0,"enemies":"Jaw Worm","floor":4.0,"turns":2.0},{"damage":4.0,"enemies":"Cultist","floor":5.0,"turns":3.0},{"damage":10.0,"enemies":"Exordium Wildlife","floor":6.0,"turns":3.0},{"damage":12.0,"enemies":"Lagavulin","floor":8.0,"turns":5.0},{"damage":3.0,"enemies":"Lots of Slimes","floor":12.0,"turns":2.0},{"damage":0.0,"enemies":"2 Fungi Beasts","floor":13.0,"turns":2.0},{"damage":16.0,"enemies":"Gremlin Gang","floor":14.0,"turns":5.0},{"damage":49.0,"enemies":"The Guardian","floor":16.0,"turns":10.0},{"damage":0.0,"enemies":"Chosen","floor":18.0,"turns":3.0},{"damage":1.0,"enemies":"3 Byrds","floor":20.0,"turns":5.0},{"damage":12.0,"enemies":"3 Cultists","floor":22.0,"turns":5.0},{"damage":25.0,"enemies":"Gremlin Leader","floor":24.0,"turns":6.0},{"damage":4.0,"enemies":"Chosen and Byrds","floor":28.0,"turns":5.0},{"damage":9.0,"enemies":"Sentry and Sphere","floor":29.0,"turns":4.0},{"damage":46.0,"enemies":"Champ","floor":33.0,"turns":7.0},{"damage":28.0,"enemies":"3 Shapes","floor":35.0,"turns":5.0},{"damage":21.0,"enemies":"3 Darklings","floor":36.0,"turns":3.0},{"damage":7,"enemies":"4 Shapes","floor":38,"turns":7},{"damage":10,"enemies":"Spire Growth","floor":39,"turns":3}],"seed_played":"-6448152220876601437","potions_obtained":[{"floor":0.0,"key":"SkillPotion"},{"floor":1.0,"key":"SkillPotion"},{"floor":5.0,"key":"DistilledChaos"},{"floor":6.0,"key":"Strength Potion"},{"floor":18.0,"key":"SkillPotion"},{"floor":24.0,"key":"SkillPotion"},{"floor":29.0,"key":"SpeedPotion"},{"floor":36.0,"key":"SteroidPotion"},{"floor":38,"key":"ColorlessPotion"}],"is_trial":false,"path_per_floor":["M","$","?","M","M","M","R","E","T","?","R","M","M","M","R","B",null,"M","$","M","$","M","R","E","?","T","R","M","M","?","T","R","B",null,"M","M","$","M","M"],"character_chosen":"THE_SILENT","items_purchased":["Blade Dance","Accuracy","Sucker Punch","Infinite Blades","Backstab"],"campfire_rested":4,"item_purchase_floors":[2,2,2,21,21],"current_hp_per_floor":[68,68,68,61,57,47,47,35,35,35,57,54,54,38,60,11,59,59,59,58,58,46,68,57,51,51,51,47,38,38,38,60,14,60,32,11,11,4,0,0],"gold":72,"neow_bonus":"BOSS_RELIC","is_daily":false,"chose_seed":false,"campfire_upgraded":2,"win_rate":0.0,"timestamp":1610121732,"path_taken":["M","$","?","M","M","M","R","E","T","?","R","M","?","M","R","BOSS","M","$","M","$","M","R","E","?","T","R","M","M","?","?","R","BOSS","M","?","$","M","M"],"items_purchased_type":["Card","Card","Card","Card","Card"],"build_version":"2020-12-22","purchased_purges":0,"victory":false,"max_hp_per_floor":[75,75,75,75,75,75,75,75,75,75,75,75,75,75,75,75,75,75,75,75,75,75,75,75,75,75,75,75,75,75,75,75,75,75,75,75,75,75,75,75],"relic_stats":{"Nunchaku":[24],"counters":[20,90],"Bronze Scales":[45],"Prayer Wheel":3,"Ectoplasm":258,"Pen Nib":[9],"War Paint":["Defend_G","Cloak And Dagger"],"obtain_stats":[{"Ice Cream":31,"Tiny House":0,"Pen Nib":26,"War Paint":9,"Paper Crane":34,"Calling Bell":34,"Nunchaku":8,"Bronze Scales":34,"Molten Egg 2":24,"Prayer Wheel":34,"Ectoplasm":17,"FossilizedHelix":30,"Ring of the Snake":0},{"Ice Cream":15,"Tiny House":0,"Pen Nib":13,"War Paint":5,"Paper Crane":16,"Calling Bell":16,"Nunchaku":5,"Bronze Scales":16,"Molten Egg 2":13,"Prayer Wheel":16,"Ectoplasm":9,"FossilizedHelix":15,"Ring of the Snake":0},{"Ice Cream":65,"Tiny House":0,"Pen Nib":56,"War Paint":18,"Paper Crane":72,"Calling Bell":72,"Nunchaku":18,"Bronze Scales":72,"Molten Egg 2":56,"Prayer Wheel":72,"Ectoplasm":37,"FossilizedHelix":65,"Ring of the Snake":0}]},"card_choices":[{"not_picked":["Underhanded Strike","Blur"],"picked":"Well Laid Plans","floor":0.0},{"not_picked":["Eviscerate","Tactician","Dodge and Roll"],"picked":"SKIP","floor":1.0},{"not_picked":["Slice","Escape Plan"],"picked":"Dagger Spray","floor":4.0},{"not_picked":["Distraction","Dodge and Roll"],"picked":"Infinite Blades","floor":5.0},{"not_picked":["Bane","Reflex"],"picked":"Infinite Blades","floor":6.0},{"not_picked":["Setup","Deflect"],"picked":"Cloak And Dagger","floor":8.0},{"not_picked":["Malaise","Dodge and Roll"],"picked":"Noxious Fumes","floor":12.0},{"not_picked":["Acrobatics","Caltrops"],"picked":"Predator","floor":13.0},{"not_picked":["Acrobatics","Cloak And Dagger"],"picked":"Storm of Steel","floor":14.0},{"not_picked":["Grand Finale","Malaise"],"picked":"Venomology","floor":16.0},{"not_picked":["Deadly Poison","Prepared"],"picked":"Dagger Throw","floor":18.0},{"not_picked":["Distraction","Flechettes"],"picked":"PiercingWail","floor":20.0},{"not_picked":["Dagger Throw","Concentrate","Acrobatics"],"picked":"SKIP","floor":22.0},{"not_picked":["Expertise+1","Distraction"],"picked":"Accuracy","floor":24.0},{"not_picked":["Catalyst","Poisoned Stab+1"],"picked":"Deflect+1","floor":28.0},{"not_picked":["Tactician","Outmaneuver"],"picked":"Bullet Time","floor":29.0},{"not_picked":["Envenom","Burst"],"picked":"Corpse Explosion","floor":33.0},{"not_picked":["Calculated Gamble","Dagger Spray+1"],"picked":"PiercingWail+1","floor":35.0},{"not_picked":["Underhanded Strike+1","Dodge and Roll+1","Distraction+1"],"picked":"SKIP","floor":35.0},{"not_picked":["Skewer+1","Tactician+1"],"picked":"PiercingWail+1","floor":36.0},{"not_picked":["Underhanded Strike+1","Prepared+1","Reflex"],"picked":"SKIP","floor":36.0},{"not_picked":["Underhanded Strike+1","Reflex"],"picked":"Prepared+1","floor":36.0},{"not_picked":["Slice+1","Prepared+1"],"picked":"Venomology","floor":38},{"not_picked":["Underhanded Strike+1","Slice+1"],"picked":"Backstab+1","floor":38}],"player_experience":641331,"relics_obtained":[{"floor":8.0,"key":"Nunchaku"},{"floor":9.0,"key":"War Paint"},{"floor":24.0,"key":"Molten Egg 2"},{"floor":26.0,"key":"Pen Nib"},{"floor":31.0,"key":"Ice Cream"},{"floor":34.0,"key":"Bronze Scales"},{"floor":34.0,"key":"Paper Crane"},{"floor":34.0,"key":"Prayer Wheel"}],"event_choices":[{"damage_healed":0.0,"max_hp_gain":0.0,"max_hp_loss":0.0,"gold_gain":0.0,"event_name":"World of Goop","player_choice":"Left Gold","floor":3.0,"gold_loss":21.0,"damage_taken":0.0},{"damage_healed":0.0,"max_hp_gain":0.0,"max_hp_loss":0.0,"gold_gain":0.0,"event_name":"Shining Light","player_choice":"Ignored","floor":10.0,"gold_loss":0.0,"damage_taken":0.0},{"damage_healed":0.0,"max_hp_gain":0.0,"max_hp_loss":0.0,"gold_gain":0.0,"event_name":"Nest","player_choice":"Joined the Cult","floor":25.0,"gold_loss":0.0,"damage_taken":6.0,"cards_obtained":["RitualDagger"]},{"damage_healed":0.0,"max_hp_gain":0.0,"max_hp_loss":0.0,"gold_gain":0.0,"event_name":"The Mausoleum","player_choice":"Opened","floor":30.0,"gold_loss":0.0,"damage_taken":0.0,"relics_obtained":["FossilizedHelix"],"cards_obtained":["Writhe"]}],"is_beta":false,"boss_relics":[{"not_picked":["Empty Cage","Velvet Choker"],"picked":"Ectoplasm"},{"not_picked":["Coffee Dripper","Runic Dome"],"picked":"Calling Bell"}],"items_purged_floors":[],"is_endless":false,"potions_floor_spawned":[1,5,6,18,24,29,36,38],"killed_by":"Spire Growth","ascension_level":10}}