{"host":"Timothy","time":1610150250,"event":{"mods":["AchievementEnabler","BaseMod","Bestiary","Highlight Path","Minty Spire (QoL Compilation)","Quick Restart","Slay-I"],"gold_per_floor":[112,37,51,51,70,70,81,101,101,113,131,131,145,145,145,145,145],"floor_reached":16,"playtime":816,"items_purged":[],"score":187,"play_id":"bce584e3-d8f4-41e6-863d-72a00d42321d","local_time":"20210108155730","is_ascension_mode":true,"campfire_choices":[{"data":"Footwork","floor":6.0,"key":"SMITH"},{"data":"Blade Dance","floor":15.0,"key":"SMITH"}],"circlet_count":0,"master_deck":["AscendersBane","Strike_G","Strike_G","Strike_G","Strike_G","Defend_G","Defend_G","Defend_G","Defend_G","Defend_G","Survivor","Neutralize","Dagger Throw","Footwork+1","After Image","Infinite Blades","Dagger Throw","Blade Dance+1"],"relics":["Busted Crown","Paper Crane","Sundial"],"acts_visited":["Exordium"],"potions_floor_usage":[16,16],"damage_taken":[{"damage":3.0,"enemies":"Small Slimes","floor":1.0,"turns":4.0},{"damage":0.0,"enemies":"Cultist","floor":3.0,"turns":4.0},{"damage":3.0,"enemies":"2 Louse","floor":5.0,"turns":4.0},{"damage":5.0,"enemies":"Lots of Slimes","floor":7.0,"turns":7.0},{"damage":3.0,"enemies":"3 Louse","floor":8.0,"turns":5.0},{"damage":0.0,"enemies":"2 Fungi Beasts","floor":10.0,"turns":5.0},{"damage":0.0,"enemies":"Blue Slaver","floor":11.0,"turns":6.0},{"damage":2.0,"enemies":"Red Slaver","floor":13.0,"turns":6.0},{"damage":39,"enemies":"Hexaghost","floor":16,"turns":16}],"seed_played":"4882486592410543397","potions_obtained":[{"floor":3.0,"key":"LiquidMemories"},{"floor":8.0,"key":"SpeedPotion"},{"floor":13.0,"key":"SkillPotion"}],"is_trial":false,"path_per_floor":["M","$","M","$","M","R","M","M","T","M","M","?","M","?","R","B"],"character_chosen":"THE_SILENT","items_purchased":["Footwork"],"campfire_rested":0,"item_purchase_floors":[2],"current_hp_per_floor":[56,56,56,56,53,53,48,45,45,45,45,40,38,38,38,0,0],"gold":145,"neow_bonus":"BOSS_RELIC","is_daily":false,"chose_seed":false,"campfire_upgraded":2,"win_rate":0.0,"timestamp":1610150250,"path_taken":["M","$","M","$","M","R","M","M","T","M","M","?","M","?","R","BOSS"],"items_purchased_type":["Card"],"build_version":"2020-12-18","purchased_purges":0,"victory":false,"max_hp_per_floor":[66,66,66,66,66,66,66,66,66,66,66,66,66,66,66,66,66],"card_choices":[{"not_picked":[],"picked":"Dagger Throw","floor":1.0},{"not_picked":["Deflect"],"picked":"SKIP","floor":3.0},{"not_picked":["Underhanded Strike"],"picked":"SKIP","floor":5.0},{"not_picked":[],"picked":"After Image","floor":7.0},{"not_picked":["Cloak And Dagger"],"picked":"SKIP","floor":8.0},{"not_picked":[],"picked":"Infinite Blades","floor":10.0},{"not_picked":["Slice"],"picked":"SKIP","floor":11.0},{"not_picked":[],"picked":"Dagger Throw","floor":13.0}],"player_experience":779854,"relics_obtained":[{"floor":9.0,"key":"Paper Crane"}],"event_choices":[{"damage_healed":0.0,"max_hp_gain":0.0,"max_hp_loss":0.0,"gold_gain":0.0,"event_name":"Scrap Ooze","player_choice":"Success","floor":12.0,"gold_loss":0.0,"damage_taken":5.0,"relics_obtained":["Sundial"]},{"damage_healed":0.0,"max_hp_gain":0.0,"max_hp_loss":0.0,"gold_gain":0.0,"cards_transformed":["Strike_G"],"event_name":"Transmorgrifier","player_choice":"Transformed","floor":14.0,"gold_loss":0.0,"damage_taken":0.0,"cards_obtained":["Blade Dance"]}],"is_beta":true,"boss_relics":[],"items_purged_floors":[],"is_endless":false,"potions_floor_spawned":[3,8,11,13],"killed_by":"Hexaghost","ascension_level":19}}