{"host":"w5ovz9boloi14a0g","time":1610072588,"event":{"mods":["BaseMod","Downfall","Googly Eyes","Minty Spire (QoL Compilation)","StSLib","SuperFastMode"],"gold_per_floor":[99,119,119,133,148,148,148,148,148,161,180,180,194,225,238,335,335,335,348,448,462,462,41,41,141,155,169,182,182,198,230,247,343,343,343,361,372,389,389,408,408,433,480,497,497,507,507,520,537,537,537,537],"floor_reached":50,"playtime":2090,"items_purged":[],"score":629,"play_id":"6d3dcbf6-bf80-4967-9cad-7e6dec295868","local_time":"20210107202308","is_ascension_mode":false,"campfire_choices":[{"data":"Guardian:CurlUp","floor":1,"key":"SMITH"},{"data":"Guardian:ChargeCore","floor":12,"key":"SMITH"},{"data":"Guardian:CrystalBeam","floor":18,"key":"SMITH"},{"floor":29,"key":"REST"},{"data":"Guardian:BaubleBeam","floor":35,"key":"SMITH"},{"floor":47,"key":"REST"}],"circlet_count":0,"master_deck":["Guardian:Strike_Guardian+1","Guardian:Strike_Guardian+1","Guardian:Strike_Guardian+1","Guardian:Defend_Guardian+1","Guardian:Defend_Guardian+1","Guardian:Defend_Guardian+1","Guardian:Defend_Guardian+1","Guardian:CurlUp+1","Guardian:TwinSlam+1","Guardian:Harden","Guardian:ChargeCore+1","Guardian:CrystalBeam+1","Guardian:BaubleBeam+1","Writhe","expansioncontent:BronzeBeam","Guardian:Gem_Green","Guardian:Gem_Red","Guardian:Gem_Crimson","Guardian:Gem_Blue","Guardian:Gem_Purple"],"relics":["Guardian:ModeShifter","WarpedTongs","White Beast Statue","Guardian:PickAxe","StoneCalendar","SlaversCollar","MutagenicStrength","Singing Bowl","TheAbacus","Peace Pipe","Incense Burner","Shuriken","Orichalcum","Guardian:StasisSlotReductionRelic","Frozen Egg 2","Blood Vial","Dead Branch"],"acts_visited":["Exordium","TheCity","TheBeyond"],"potions_floor_usage":[38],"damage_taken":[{"damage":6,"enemies":"Jaw Worm","floor":2,"turns":5},{"damage":3,"enemies":"Cultist","floor":4,"turns":3},{"damage":2,"enemies":"2 Louse","floor":5,"turns":4},{"damage":8,"enemies":"2 Louse","floor":9,"turns":7},{"damage":6,"enemies":"Exordium Wildlife","floor":10,"turns":7},{"damage":3,"enemies":"Blue Slaver","floor":11,"turns":4},{"damage":1,"enemies":"Exordium Thugs","floor":13,"turns":4},{"damage":13,"enemies":"3 Sentries","floor":14,"turns":6},{"damage":4,"enemies":"Large Slime","floor":15,"turns":5},{"damage":19,"enemies":"downfall:Watcher","floor":16,"turns":8},{"damage":3,"enemies":"3 Byrds","floor":19,"turns":3},{"damage":11,"enemies":"downfall:Augmenter","floor":20,"turns":7},{"damage":0,"enemies":"Shell Parasite","floor":21,"turns":5},{"damage":0,"enemies":"downfall:FleeingMerchant","floor":23,"turns":4},{"damage":17,"enemies":"downfall:Ironclad","floor":25,"turns":6},{"damage":0,"enemies":"Centurion and Healer","floor":26,"turns":5},{"damage":15,"enemies":"Snecko","floor":27,"turns":4},{"damage":17,"enemies":"Cultist and Chosen","floor":28,"turns":7},{"damage":0,"enemies":"Centurion and Healer","floor":30,"turns":4},{"damage":5,"enemies":"Book of Stabbing","floor":31,"turns":4},{"damage":0,"enemies":"Snecko","floor":32,"turns":4},{"damage":0,"enemies":"downfall:Defect","floor":33,"turns":8},{"damage":4,"enemies":"3 Darklings","floor":36,"turns":5},{"damage":0,"enemies":"3 Shapes","floor":37,"turns":7},{"damage":12,"enemies":"Sphere and 2 Shapes","floor":38,"turns":4},{"damage":5,"enemies":"4 Shapes","floor":40,"turns":5},{"damage":17,"enemies":"Nemesis","floor":42,"turns":7},{"damage":42,"enemies":"2 Orb Walkers","floor":43,"turns":6},{"damage":12,"enemies":"Maw","floor":44,"turns":8},{"damage":22,"enemies":"Sphere and 2 Shapes","floor":46,"turns":7},{"damage":1,"enemies":"4 Shapes","floor":48,"turns":5},{"damage":3,"enemies":"3 Darklings","floor":49,"turns":4},{"damage":126,"enemies":"downfall:Silent","floor":50,"turns":6}],"seed_played":"-6086559401504409399","potions_obtained":[{"floor":4,"key":"Explosive Potion"},{"floor":10,"key":"Swift Potion"},{"floor":11,"key":"DistilledChaos"},{"floor":14,"key":"Strength Potion"},{"floor":16,"key":"FairyPotion"},{"floor":38,"key":"DuplicationPotion"}],"is_trial":false,"path_per_floor":["R","M","?","M","M","?","T","?","?","M","M","R","M","E","M","B",null,"R","M","?","M","?","$","T","?","M","M","M","R","M","E","M","B",null,"R","M","M","M","?","M","T","E","?","M","?","M","R","M","M","B"],"character_chosen":"GUARDIAN","items_purchased":["Singing Bowl","TheAbacus"],"campfire_rested":2,"item_purchase_floors":[23,23],"current_hp_per_floor":[88,82,82,79,77,77,77,77,69,63,60,60,59,46,42,23,88,88,85,74,74,74,74,74,59,61,48,33,61,63,60,62,64,104,104,102,104,94,94,89,89,74,36,28,28,10,45,48,49,0,0,0],"gold":537,"neow_bonus":"TEN_PERCENT_HP_BONUS","is_daily":false,"chose_seed":false,"campfire_upgraded":4,"win_rate":0.0,"timestamp":1610072588,"path_taken":["R","M","?","?","M","?","T","?","?","?","M","R","M","E","M","BOSS","R","M","?","M","?","?","T","?","M","?","M","R","M","E","M","BOSS","R","M","M","M","?","?","T","E","?","M","?","?","R","M","M","BOSS"],"items_purchased_type":["Relic","Relic"],"build_version":"2020-12-22","purchased_purges":0,"victory":false,"max_hp_per_floor":[88,88,88,88,88,88,88,88,88,88,88,88,88,88,88,88,88,88,88,88,88,88,88,88,90,92,94,96,96,98,100,102,104,104,104,106,108,110,110,110,110,112,114,116,116,118,118,120,122,122,122,122],"card_choices":[{"not_picked":["Guardian:RollAttack","Guardian:ShieldCharger"],"picked":"Guardian:Harden","floor":2},{"not_picked":["Guardian:EvasiveProtocol","Guardian:TimeCapacitor"],"picked":"Guardian:Gem_Cyan","floor":4},{"not_picked":["Guardian:VentSteam","Guardian:PrismaticBarrier","Guardian:Suspension"],"picked":"SKIP","floor":5},{"not_picked":["Guardian:PiercingHide","Guardian:BronzeOrb"],"picked":"Guardian:Gem_Blue","floor":10},{"not_picked":["Guardian:Gem_Fragmented","Guardian:PrimingBeam"],"picked":"Guardian:ChargeCore","floor":11},{"not_picked":["Guardian:TemporalStrike","Guardian:Suspension"],"picked":"Guardian:CrystalBeam","floor":13},{"not_picked":["Guardian:DecasProtection","Guardian:VentSteam","Guardian:Repulse"],"picked":"SKIP","floor":14},{"not_picked":["Guardian:ChargeCore","Guardian:SentryBeam","Guardian:Recover"],"picked":"SKIP","floor":15},{"not_picked":["Guardian:StasisField","Guardian:ExploitGems"],"picked":"Guardian:BaubleBeam","floor":16},{"not_picked":["Guardian:PrismaticBarrier","Guardian:ChargeCore+1","Guardian:PrimingBeam+1"],"picked":"SKIP","floor":19},{"not_picked":[],"picked":"J.A.X.","floor":20},{"not_picked":["Guardian:ConstructionForm","Guardian:Suspension+1","Guardian:Gem_Green"],"picked":"SKIP","floor":21},{"not_picked":["Guardian:ConstructionForm","Guardian:Suspension+1"],"picked":"Guardian:Gem_Green","floor":21},{"not_picked":["Guardian:TimeCapacitor+1","Guardian:WalkerClaw+1"],"picked":"Guardian:Gem_Red","floor":23},{"not_picked":["Guardian:PolyBeam","Guardian:TimeBomb","Guardian:Incinerate"],"picked":"Singing Bowl","floor":25},{"not_picked":["Guardian:Incinerate","Guardian:Gem_Green","Guardian:ShieldSpikes"],"picked":"Singing Bowl","floor":26},{"not_picked":["Guardian:BronzeOrb","Guardian:Emergency","Guardian:Planning"],"picked":"Singing Bowl","floor":27},{"not_picked":["Guardian:PrimingBeam+1","Guardian:Planning","Guardian:ArmoredProtocol"],"picked":"Singing Bowl","floor":28},{"not_picked":["Guardian:VentSteam","Guardian:TemporalStrike","Guardian:PrimingBeam"],"picked":"Singing Bowl","floor":30},{"not_picked":["Guardian:Gem_Cyan","Guardian:ExploitGems","Guardian:VentSteam"],"picked":"Singing Bowl","floor":31},{"not_picked":["Guardian:Emergency","Guardian:Gem_Blue","Guardian:ChargeCore"],"picked":"Singing Bowl","floor":32},{"not_picked":["Guardian:ExploitGems","Guardian:BaubleBeam","Guardian:TimeSifter"],"picked":"Singing Bowl","floor":33},{"not_picked":["Guardian:Recover","Guardian:Gem_Red","Guardian:TimeCapacitor"],"picked":"Singing Bowl","floor":36},{"not_picked":["Guardian:Gem_Red","Guardian:BronzeArmor","Guardian:GuardianWhirl+1"],"picked":"Singing Bowl","floor":37},{"not_picked":["Guardian:Gem_Cyan","Guardian:Planning+1","Guardian:TemporalShield"],"picked":"Singing Bowl","floor":38},{"not_picked":["Guardian:Gem_Crimson","Guardian:SentryBeam"],"picked":"Guardian:Gem_Purple","floor":40},{"not_picked":["Guardian:Planning","Guardian:TemporalStrike+1","Guardian:Gem_Purple"],"picked":"Singing Bowl","floor":42},{"not_picked":["Guardian:TimeBomb+1","Guardian:DonusPower","Guardian:Planning"],"picked":"Singing Bowl","floor":43},{"not_picked":["Guardian:PiercingHide+1","Guardian:CrystalBeam","Guardian:Repulse+1"],"picked":"Singing Bowl","floor":44},{"not_picked":["Guardian:PolyBeam","Guardian:PrimingBeam","Guardian:Planning+1"],"picked":"Singing Bowl","floor":46},{"not_picked":["Guardian:Gem_Cyan","Guardian:PiercingHide+1","Guardian:Gem_Red"],"picked":"Singing Bowl","floor":48},{"not_picked":["Guardian:Planning+1","Guardian:Suspension","Guardian:TemporalShield+1"],"picked":"Singing Bowl","floor":49}],"player_experience":61196,"relics_obtained":[{"floor":7,"key":"White Beast Statue"},{"floor":14,"key":"StoneCalendar"},{"floor":20,"key":"MutagenicStrength"},{"floor":24,"key":"Peace Pipe"},{"floor":25,"key":"Incense Burner"},{"floor":25,"key":"Shuriken"},{"floor":31,"key":"Orichalcum"},{"floor":41,"key":"Frozen Egg 2"},{"floor":42,"key":"Blood Vial"},{"floor":43,"key":"Dead Branch"}],"event_choices":[{"cards_removed":["Pain"],"damage_healed":0,"gold_gain":0,"player_choice":"Card Removal","damage_taken":0,"max_hp_gain":0,"max_hp_loss":0,"event_name":"The Cleric","floor":8,"gold_loss":0},{"damage_healed":0,"gold_gain":0,"player_choice":"Simplicity","damage_taken":0,"max_hp_gain":0,"max_hp_loss":0,"event_name":"Back to Basics","floor":22,"gold_loss":0,"cards_upgraded":["Guardian:Strike_Guardian","Guardian:Strike_Guardian","Guardian:Strike_Guardian","Guardian:Defend_Guardian","Guardian:Defend_Guardian","Guardian:Defend_Guardian"]},{"damage_healed":0,"gold_gain":0,"player_choice":"Fight","damage_taken":0,"max_hp_gain":0,"max_hp_loss":0,"event_name":"Mysterious Sphere","floor":43,"gold_loss":0},{"cards_removed":["Guardian:Strike_Guardian"],"damage_healed":0,"gold_gain":0,"player_choice":"Removed Attack","damage_taken":0,"max_hp_gain":0,"max_hp_loss":0,"event_name":"Falling","floor":45,"gold_loss":0}],"is_beta":false,"boss_relics":[{"not_picked":["Fusion Hammer","Runic Dome"],"picked":"SlaversCollar"},{"not_picked":["Philosopher\u0027s Stone","Coffee Dripper"],"picked":"Guardian:StasisSlotReductionRelic"}],"items_purged_floors":[],"is_endless":false,"potions_floor_spawned":[4,9,10,11,13,14,15,16,19,20,21,23,25,26,27,28,30,31,32,33,36,37,38,40,42,43,44,46,48,49],"killed_by":"downfall:Silent","ascension_level":0}}