{"host":"627up2rvtmm0cf0r","time":1610116042,"event":{"mods":["ATMod(°¢èªMod)","Act Like it!","BaseMod","Better Vampires","CapriCore","Card Filter","Card Forge","Colored Powertips","DeckTracker","Dota2Spire","Friendly Minions","Highlight Path","Infinite Spire","Jedi Mod","Marked Mod","Mimic Mod","Minty Spire (QoL Compilation)","MostiFishMod","Permanent Neow","Practice Mode","Quick Restart","Relic Stats","Shop Mod","Spicy Shops","StSLib","SuperFastMode","TestMod","The Marked","¡¾ÒÅÎï¿¨ÅÆ¡¿REMEMod","²ÐÁôÖ®Îï","óô»ðÖ¸ÄÏ"],"gold_per_floor":[111,36,46,58,233,267,267,296,321,353,364,142,142,182,182,310,310,325,52,121,229,294,408,449,559,582,582,653,192,258,258,83,243,-1157,-1112,-1012,-1012,-862,-814,-755,-755,-596,-573,-360,-241,-153,-153,69,69,194,194,194,117,402,527],"floor_reached":56,"playtime":1549,"items_purged":["Strike_R","Doubt","Strike_R","Defend_R","Defend_R","Strike_R"],"score":2054,"play_id":"af322121-7bd9-4e9b-aeb3-0cc1b6a9f370","local_time":"20210108222722","is_ascension_mode":true,"campfire_choices":[{"data":"PlaceholderMod:DiffusionPoison","floor":7,"key":"SMITH"},{"data":"AT_EmpoweredMortalDraw","floor":15,"key":"SMITH"},{"floor":27,"key":"RECALL"},{"data":"MostiFishMod:404NotFound","floor":41,"key":"SMITH"},{"data":"Bash","floor":49,"key":"SMITH"}],"circlet_count":0,"master_deck":["Strike_R+1","Strike_R+1","Defend_R","Defend_R","Bash+1","AT_EmpoweredMortalDraw+1","PlaceholderMod:DiffusionPoison+1","MostiFishMod:404NotFound+1"],"relics":["Burning Blood","Hammer of Thor","Seething Fire","Anvil of the Gods","DaveBox","testmod-TestBox","REME_ComplimentaryCards","AT_ATBox","Whetstone","testmod-IndustrialRevolution","Medical Kit","SynthV:TestCard","jedi:crownofsimplicity","Dota2Spire:ShadowBlade","jedi:shrinkray","PreservedInsect","REME_HourglassOfDeath","Golden Idol","Philosopher\u0027s Stone","AT_MibuBalloonWealth","Red Mask","PlaceholderMod:SoulofChaos","testmod-ArcanaOfDestiny","REME_OnlineShoppingPlatform","AT_BladeRuinedKing","Unceasing Top","CeramicFish","SynthV:MejaisSoulstealer","ClockworkSouvenir","AT_TheCollector","testmod-LifeArmor","Regal Pillow","AT_ForceNature","infinitespire:Joker Card","Bronze Scales","testmod-TurbochargingSystem"],"acts_visited":["Exordium","TheCity","TheBeyond","TheEnding"],"potions_floor_usage":[],"damage_taken":[{"damage":1,"enemies":"Cultist","floor":1,"turns":3},{"damage":8,"enemies":"2 Louse","floor":3,"turns":2},{"damage":0,"enemies":"Small Slimes","floor":4,"turns":3},{"damage":54,"enemies":"Lagavulin","floor":6,"turns":9},{"damage":28,"enemies":"Gremlin Nob","floor":8,"turns":4},{"damage":3,"enemies":"Lagavulin","floor":10,"turns":5},{"damage":1,"enemies":"Looter","floor":11,"turns":3},{"damage":0,"enemies":"Gremlin Nob","floor":14,"turns":2},{"damage":13,"enemies":"Slime Boss","floor":16,"turns":6},{"damage":0,"enemies":"Spheric Guardian","floor":18,"turns":2},{"damage":0,"enemies":"2 Thieves","floor":20,"turns":1},{"damage":0,"enemies":"Masked Bandits","floor":21,"turns":2},{"damage":0,"enemies":"Sentry and Sphere","floor":22,"turns":1},{"damage":10,"enemies":"Gremlin Leader","floor":23,"turns":3},{"damage":3,"enemies":"Snake Plant","floor":24,"turns":2},{"damage":0,"enemies":"Slavers","floor":25,"turns":1},{"damage":11,"enemies":"Centurion and Healer","floor":28,"turns":2},{"damage":9,"enemies":"Book of Stabbing","floor":30,"turns":3},{"damage":25,"enemies":"Champ","floor":33,"turns":5},{"damage":0,"enemies":"Orb Walker","floor":35,"turns":1},{"damage":0,"enemies":"3 Shapes","floor":36,"turns":1},{"damage":0,"enemies":"3 Darklings","floor":38,"turns":1},{"damage":0,"enemies":"Spire Growth","floor":39,"turns":1},{"damage":0,"enemies":"Giant Head","floor":40,"turns":2},{"damage":4,"enemies":"Nemesis","floor":42,"turns":2},{"damage":0,"enemies":"Reptomancer","floor":44,"turns":1},{"damage":0,"enemies":"2 Orb Walkers","floor":45,"turns":1},{"damage":0,"enemies":"Sphere and 2 Shapes","floor":46,"turns":1},{"damage":0,"enemies":"Time Eater","floor":50,"turns":1},{"damage":7,"enemies":"Shield and Spear","floor":54,"turns":1},{"damage":0,"enemies":"The Heart","floor":55,"turns":2}],"seed_played":"-2847890473244292442","potions_obtained":[{"floor":4,"key":"PowerPotion"},{"floor":6,"key":"PlaceholderMod:PlaceholderPotion"},{"floor":8,"key":"EssenceOfSteel"}],"is_trial":false,"path_per_floor":["M","$","M","M","?","E","R","E","T","E","M","$","?","E","R","B",null,"M","$","M","?","M","E","M","E","T","R","M","R","E","?","R","B",null,"M","M","AVR","M","M","E","R","E","T","E","?","M","$","?","R","B",null,"R","$","E","B",null],"character_chosen":"IRONCLAD","items_purchased":["REME_HourglassOfDeath","AT_MibuBalloonWealth","REME_OnlineShoppingPlatform","AT_BladeRuinedKing","Unceasing Top","Bronze Scales"],"campfire_rested":0,"item_purchase_floors":[12,19,29,29,29,53],"current_hp_per_floor":[80,80,78,80,80,32,32,10,10,13,18,18,18,24,24,17,60,66,66,72,74,74,70,73,74,74,74,69,69,66,69,69,50,70,76,77,77,77,77,77,77,77,77,77,80,80,80,83,83,83,83,83,83,82,83],"gold":527,"neow_bonus":"RANDOM_COMMON_RELIC","is_daily":false,"chose_seed":false,"campfire_upgraded":4,"win_rate":0.0,"timestamp":1610116042,"path_taken":["M","?","M","M","?","E","R","E","T","E","M","$","?","E","R","BOSS","M","$","M","?","M","E","M","E","T","R","M","R","E","?","R","BOSS","M","M","AVR","M","M","E","R","E","T","E","?","M","$","?","R","BOSS","R","$","E","BOSS"],"items_purchased_type":["Relic","Relic","Relic","Relic","Relic","Relic"],"build_version":"2020-12-22","purchased_purges":6,"victory":true,"max_hp_per_floor":[80,80,80,80,80,80,80,80,80,80,80,80,74,74,74,74,74,74,74,74,74,74,74,74,74,74,74,74,74,74,77,77,77,77,77,77,77,77,77,77,77,77,77,77,80,80,80,83,83,83,83,83,83,83,83],"relic_stats":{"Regal Pillow":0,"counters":[31,74],"Golden Idol":221,"CeramicFish":9,"Bronze Scales":[6],"PreservedInsect":451,"Whetstone":["Strike_R","Strike_R"],"Medical Kit":[5],"obtain_stats":[{"Regal Pillow":43,"AT_ATBox":0,"DaveBox":0,"AT_MibuBalloonWealth":19,"CeramicFish":30,"Hammer of Thor":0,"Dota2Spire:ShadowBlade":8,"testmod-LifeArmor":42,"Whetstone":0,"Burning Blood":0,"jedi:shrinkray":9,"ClockworkSouvenir":37,"Philosopher\u0027s Stone":17,"Red Mask":21,"REME_OnlineShoppingPlatform":29,"testmod-ArcanaOfDestiny":25,"AT_ForceNature":44,"testmod-TestBox":0,"SynthV:MejaisSoulstealer":34,"Golden Idol":13,"PreservedInsect":10,"AT_BladeRuinedKing":29,"infinitespire:Joker Card":45,"Seething Fire":0,"jedi:crownofsimplicity":6,"testmod-TurbochargingSystem":54,"testmod-IndustrialRevolution":0,"Medical Kit":0,"SynthV:TestCard":1,"REME_HourglassOfDeath":12,"Anvil of the Gods":0,"AT_TheCollector":40,"Bronze Scales":53,"PlaceholderMod:SoulofChaos":23,"Unceasing Top":29,"REME_ComplimentaryCards":0},{"Regal Pillow":25,"AT_ATBox":0,"DaveBox":0,"AT_MibuBalloonWealth":10,"CeramicFish":18,"Hammer of Thor":0,"Dota2Spire:ShadowBlade":5,"testmod-LifeArmor":25,"Whetstone":0,"Burning Blood":0,"jedi:shrinkray":5,"ClockworkSouvenir":21,"Philosopher\u0027s Stone":9,"Red Mask":12,"REME_OnlineShoppingPlatform":17,"testmod-ArcanaOfDestiny":16,"AT_ForceNature":26,"testmod-TestBox":0,"SynthV:MejaisSoulstealer":19,"Golden Idol":7,"PreservedInsect":6,"AT_BladeRuinedKing":17,"infinitespire:Joker Card":27,"Seething Fire":0,"jedi:crownofsimplicity":4,"testmod-TurbochargingSystem":30,"testmod-IndustrialRevolution":0,"Medical Kit":0,"SynthV:TestCard":1,"REME_HourglassOfDeath":7,"Anvil of the Gods":0,"AT_TheCollector":24,"Bronze Scales":29,"PlaceholderMod:SoulofChaos":14,"Unceasing Top":17,"REME_ComplimentaryCards":0},{"Regal Pillow":67,"AT_ATBox":0,"DaveBox":0,"AT_MibuBalloonWealth":39,"CeramicFish":54,"Hammer of Thor":0,"Dota2Spire:ShadowBlade":21,"testmod-LifeArmor":67,"Whetstone":0,"Burning Blood":0,"jedi:shrinkray":21,"ClockworkSouvenir":61,"Philosopher\u0027s Stone":37,"Red Mask":42,"REME_OnlineShoppingPlatform":51,"testmod-ArcanaOfDestiny":49,"AT_ForceNature":68,"testmod-TestBox":0,"SynthV:MejaisSoulstealer":59,"Golden Idol":29,"PreservedInsect":26,"AT_BladeRuinedKing":51,"infinitespire:Joker Card":69,"Seething Fire":0,"jedi:crownofsimplicity":17,"testmod-TurbochargingSystem":72,"testmod-IndustrialRevolution":0,"Medical Kit":0,"SynthV:TestCard":3,"REME_HourglassOfDeath":29,"Anvil of the Gods":0,"AT_TheCollector":65,"Bronze Scales":71,"PlaceholderMod:SoulofChaos":46,"Unceasing Top":51,"REME_ComplimentaryCards":0}],"Burning Blood":108,"Unceasing Top":[1]},"card_choices":[{"not_picked":["Heavy Blade","Perfected Strike","Pommel Strike"],"picked":"SKIP","floor":1},{"not_picked":["Bloodletting","Combust","Headbutt","Havoc","Spot Weakness"],"picked":"SKIP","floor":3},{"not_picked":["Body Slam","Uppercut","jedi:fear","Clothesline","Intimidate"],"picked":"SKIP","floor":4},{"not_picked":["Pummel","Bloodletting","AT_CaressingTears","jedi:fear","Clash"],"picked":"SKIP","floor":6},{"not_picked":["MostiFishMod:BrandingRite","Intimidate","AT_DrawKnifeCut","Bludgeon","jedi:fear"],"picked":"SKIP","floor":8},{"not_picked":["REME_SingleHolding","Wild Strike","AT_BodySlamDance","Double Tap","Twin Strike"],"picked":"SKIP","floor":10},{"not_picked":["AT_DrawKnifeCut","Havoc","Sentinel","Sword Boomerang","Clothesline"],"picked":"SKIP","floor":11},{"not_picked":["REME_Cut","AT_DiedThrough","Blood for Blood","Whirlwind","Rampage"],"picked":"SKIP","floor":14},{"not_picked":["Dual Wield","Havoc+1","Entrench+1","Anger","REME_Scribble"],"picked":"SKIP","floor":18},{"not_picked":["Perfected Strike","AT_ManFootWork","Cleave","Thunderclap","Shrug It Off"],"picked":"SKIP","floor":20},{"not_picked":["Perfected Strike+1","MostiFishMod:TemporaryOutbreak","Heavy Blade","Anger","Armaments"],"picked":"SKIP","floor":22},{"not_picked":["Hemokinesis+1","AT_BodySlamDance+1","Sentinel","infinitespire:OneForAll","jedi:controlledanger"],"picked":"SKIP","floor":23},{"not_picked":["Ghostly Armor","Body Slam+1","Havoc","Blood for Blood","Power Through"],"picked":"SKIP","floor":24},{"not_picked":["REME_SingleHolding","Havoc","MostiFishMod:WingOfPhoenix","Carnage","Flex+1"],"picked":"SKIP","floor":25},{"not_picked":["Warcry+1","Metallicize+1","Thunderclap","True Grit","AT_BodySlamDance+1"],"picked":"SKIP","floor":28},{"not_picked":["Ghostly Armor","Warcry","True Grit","Wild Strike+1","Body Slam+1"],"picked":"SKIP","floor":30},{"not_picked":["MostiFishMod:DarkDeal","MostiFishMod:FlyOverUtopia","MostiFishMod:ChineseTea","Reaper"],"picked":"MostiFishMod:404NotFound","floor":33},{"not_picked":["jedi:hate+1","Power Through","Warcry","Havoc","Clothesline"],"picked":"SKIP","floor":35},{"not_picked":["AT_ManFootWork","MostiFishMod:#F4004","jedi:fear+1","AT_BodySlamDance+1","True Grit"],"picked":"SKIP","floor":36},{"not_picked":["Clothesline","Warcry","Infernal Blade+1","Shrug It Off+1","Evolve"],"picked":"SKIP","floor":38},{"not_picked":["Heavy Blade+1","REME_TheLastStrike","Infernal Blade","Sword Boomerang+1","Iron Wave+1"],"picked":"SKIP","floor":39},{"not_picked":["Reckless Charge","Whirlwind","Spot Weakness+1","Flame Barrier","Wild Strike+1"],"picked":"SKIP","floor":40},{"not_picked":["Body Slam","Feel No Pain","REME_Scribble+1","Sever Soul","AT_IchimonjiDouble+1"],"picked":"SKIP","floor":42},{"not_picked":["True Grit","Heavy Blade","REME_ACTH","Battle Trance","jedi:hate+1"],"picked":"SKIP","floor":44},{"not_picked":["jedi:collectorstrike","Shrug It Off","Cleave+1","Clash+1","Havoc"],"picked":"SKIP","floor":46},{"not_picked":["Clothesline+1","Warcry","jedi:fear+1","jedi:suffering","Clash+1"],"picked":"SKIP","floor":54}],"player_experience":77209,"relics_obtained":[{"floor":1,"key":"SynthV:TestCard"},{"floor":6,"key":"jedi:crownofsimplicity"},{"floor":8,"key":"Dota2Spire:ShadowBlade"},{"floor":9,"key":"jedi:shrinkray"},{"floor":10,"key":"PreservedInsect"},{"floor":21,"key":"Red Mask"},{"floor":23,"key":"PlaceholderMod:SoulofChaos"},{"floor":25,"key":"testmod-ArcanaOfDestiny"},{"floor":30,"key":"CeramicFish"},{"floor":40,"key":"AT_TheCollector"},{"floor":42,"key":"testmod-LifeArmor"},{"floor":43,"key":"Regal Pillow"},{"floor":44,"key":"AT_ForceNature"},{"floor":45,"key":"infinitespire:Joker Card"},{"floor":54,"key":"testmod-TurbochargingSystem"}],"event_choices":[{"damage_healed":0,"gold_gain":175,"player_choice":"AGREE","damage_taken":0,"max_hp_gain":0,"max_hp_loss":0,"event_name":"Liars Game","floor":5,"gold_loss":0,"cards_obtained":["Doubt"]},{"damage_healed":0,"gold_gain":0,"player_choice":"Lose Max HP","damage_taken":0,"relics_obtained":["Golden Idol"],"max_hp_gain":0,"max_hp_loss":6,"event_name":"Golden Idol","floor":13,"gold_loss":0},{"damage_healed":0,"gold_gain":0,"player_choice":"Fought Bandits","damage_taken":0,"max_hp_gain":0,"max_hp_loss":0,"event_name":"Masked Bandits","floor":21,"gold_loss":0},{"damage_healed":0,"gold_gain":0,"player_choice":"Ignored","damage_taken":0,"max_hp_gain":0,"max_hp_loss":0,"event_name":"Cursed Tome","floor":31,"gold_loss":0},{"damage_healed":0,"gold_gain":0,"player_choice":"Fight","damage_taken":0,"max_hp_gain":0,"max_hp_loss":0,"event_name":"Mysterious Sphere","floor":45,"gold_loss":0},{"damage_healed":0,"gold_gain":222,"player_choice":"Wore Mask","damage_taken":0,"max_hp_gain":0,"max_hp_loss":0,"event_name":"Tomb of Lord Red Mask","floor":48,"gold_loss":0}],"is_beta":false,"boss_relics":[{"not_picked":["testmod-BatchProcessingSystem","FrostBlade"],"picked":"Philosopher\u0027s Stone"},{"not_picked":["Calling Bell","ChiXiaoBlade"],"picked":"SynthV:MejaisSoulstealer"}],"items_purged_floors":[2,12,19,29,32,37],"is_endless":false,"potions_floor_spawned":[4,6,8,11,24,25,28,33,36,39,42,46,54],"ascension_level":5}}