{"host":"htqwg582tjjtn9p7","time":1610139170,"event":{"mods":["2.2 Compatiblity","AchievementEnabler","Act Like it!","Aspiration","BaseMod","Better Third Choice","Colored Map","Conspire","Curses Come First","Displayed Cursed Tome","Energized Spire","Force Act Four","GifTheSpireLib","Hermit","Highlight Path","JesterMod","Mad Scientist","Minty Spire (QoL Compilation)","Pale of the Ancients","Permanent Neow","Random Character Button","Relic Stats","Replay The Spire","Robot Space Explorer","Somnambulant","Spicy Shops","Spikes Relics","StSLib","Stuff the Spire","The Blue Laboratory","The Bug Knight","The Forsaken","The Gatherer","The Judge","The Jungle","The Marked","The Runesmith","The Servant 0.9.4","Uncapped"],"gold_per_floor":[116,14,29,29,29,46,46,60,138,152,180,180,180,193,193,270,270,282,12,12,24,38,64,64,26,78,78,98,109,122,122,122,197,197,209,0,0,0,13,13,13,46,46,46,60,34,34,54,54,54,71,90,70,123,123,141,141,10,10,10],"floor_reached":61,"playtime":3887,"items_purged":["Strike_G","Strike_G","Strike_G"],"score":1769,"play_id":"5372a01e-6765-48fa-9d32-ff4d59b95924","local_time":"20210108215250","is_ascension_mode":true,"campfire_choices":[{"data":"Neutralize","floor":7,"key":"SMITH"},{"data":"Draining Mist","floor":15,"key":"SMITH"},{"data":"Acrobatics","floor":24,"key":"SMITH"},{"data":"Footwork","floor":27,"key":"SMITH"},{"data":"Hidden Blade","floor":32,"key":"SMITH"},{"data":"Reforge","floor":40,"key":"SMITH"},{"data":"Acrobatics","floor":44,"key":"SMITH"},{"data":"Hidden Blade","floor":47,"key":"SMITH"},{"data":"Replay:Bag of Tricks","floor":49,"key":"SMITH"},{"data":"Reboot","floor":55,"key":"SMITH"},{"data":"After Image","floor":57,"key":"SMITH"}],"circlet_count":0,"master_deck":["AscendersBane","Strike_G","Strike_G","Defend_G","Defend_G","Defend_G","Defend_G","Defend_G","Survivor","Neutralize+1","ReplayTheSpireMod:The Works","Dagger Throw","Underhanded Strike","Draining Mist+1","Footwork+1","Dagger Throw","Replay:Bag of Tricks+1","StuffTheSpire:Injection","ReplayTheSpireMod:Scrap Shanks","Backflip","Acrobatics+1","PiercingWail","ReplayTheSpireMod:Scrap Shanks","Dodge and Roll","Backflip","Hidden Blade+1","After Image+1","ReplayTheSpireMod:The Works","Reforge+1","Acrobatics+1","Reboot+1","Hidden Blade+1","Panic Button+1","Acrobatics+1"],"relics":["Coffee Dripper","Divine Protection","Rawhide","aspiration:SecretTechniqueScroll","Membership Card","Iron Hammer","StuffTheSpire:Mouthbags","Oddly Smooth Stone","NlothsMask","aspiration:DefectSkillbook","DollysMirror","Sling","Vampiric Spirits","paleoftheancients:Timepiece","Gremlin Horn","CultistMask","paleoftheancients:SoulOfTheWokeBloke","Snake Skull","Lizard Tail","conspire:Dentures"],"acts_visited":["Exordium","TheCity","TheBeyond","TheBeyond"],"potions_floor_usage":[11,29,50,52,60],"damage_taken":[{"damage":10,"enemies":"2 Louse","floor":1,"turns":4},{"damage":4,"enemies":"Jaw Worm","floor":3,"turns":4},{"damage":6,"enemies":"Small Slimes","floor":6,"turns":3},{"damage":5,"enemies":"Exordium Thugs","floor":8,"turns":5},{"damage":0,"enemies":"Lots of Slimes","floor":10,"turns":6},{"damage":33,"enemies":"Gremlin Nob","floor":11,"turns":5},{"damage":0,"enemies":"Large Slime","floor":14,"turns":8},{"damage":1,"enemies":"The Guardian","floor":16,"turns":17},{"damage":0,"enemies":"3 Byrds","floor":18,"turns":5},{"damage":0,"enemies":"2 Thieves","floor":21,"turns":4},{"damage":0,"enemies":"Snake Plant","floor":22,"turns":4},{"damage":25,"enemies":"Gremlin Leader","floor":23,"turns":6},{"damage":0,"enemies":"Shelled Parasite and Fungi","floor":28,"turns":5},{"damage":6,"enemies":"Centurion and Healer","floor":29,"turns":8},{"damage":0,"enemies":"Chosen and Byrds","floor":30,"turns":5},{"damage":0,"enemies":"Automaton","floor":33,"turns":9},{"damage":0,"enemies":"3 Shapes","floor":35,"turns":5},{"damage":0,"enemies":"3 Darklings","floor":39,"turns":5},{"damage":0,"enemies":"Nemesis","floor":42,"turns":5},{"damage":0,"enemies":"Sphere and 2 Shapes","floor":45,"turns":1},{"damage":0,"enemies":"Jaw Worm Horde","floor":48,"turns":3},{"damage":0,"enemies":"Replay:Hell Engine","floor":50,"turns":5},{"damage":0,"enemies":"Replay:Hell Engine","floor":51,"turns":4},{"damage":21,"enemies":"Replay:Hell Engine","floor":52,"turns":5},{"damage":0,"enemies":"Replay:Hell Engine","floor":56,"turns":3},{"damage":72,"enemies":"paleoftheancients:N","floor":60,"turns":8}],"seed_played":"-3908187743399059390","potions_obtained":[{"floor":1,"key":"Strength Potion"},{"floor":11,"key":"Doom Potion"},{"floor":23,"key":"Regen Potion"},{"floor":29,"key":"blueLaboratory:BottleOfRum"},{"floor":42,"key":"DistilledChaos"},{"floor":51,"key":"SpeedPotion"},{"floor":53,"key":"Languid Potion"},{"floor":56,"key":"blueLaboratory:ArtistsPotion"}],"is_trial":false,"path_per_floor":["M","$","M","$","?","M","R","M","T","M","E","?","?","M","R","B",null,"M","$","?","M","M","E","R","$","T","R","M","M","M","?","R","B",null,"M","$","?","?","M","R","?","E","T","R","M","$","R","M","R","B","M","M","?","T","R","M","R","$","?","B",null],"character_chosen":"THE_SILENT","items_purchased":["PowerPotion","Dagger Throw","Membership Card","ReplayTheSpireMod:Scrap Shanks","ReplayTheSpireMod:Scrap Shanks","DollysMirror","Sling","Hidden Blade","Lizard Tail","conspire:Dentures"],"campfire_rested":0,"item_purchase_floors":[2,2,19,19,25,36,36,46,58,58],"current_hp_per_floor":[49,49,45,45,45,39,39,34,34,34,1,23,23,23,23,22,55,55,55,55,55,55,30,30,30,30,30,30,39,39,39,39,39,59,59,59,59,59,59,59,59,59,59,59,66,66,66,66,66,66,66,56,56,56,56,66,66,66,66,50],"gold":10,"neow_bonus":"BOSS_RELIC","is_daily":false,"chose_seed":false,"campfire_upgraded":11,"win_rate":0.0,"timestamp":1610139170,"path_taken":["M","$","M","$","?","M","R","M","T","M","E","?","?","M","R","BOSS","M","$","?","M","M","E","R","?","T","R","?","M","M","?","R","BOSS","M","$","?","?","M","R","?","E","T","R","M","$","R","M","R","BOSS","M","M","?","T","R","M","R","$","?","BOSS"],"items_purchased_type":["Potion","Card","Relic","Card","Card","Relic","Relic","Card","Relic","Relic"],"build_version":"2020-12-22","purchased_purges":3,"victory":true,"max_hp_per_floor":[66,66,66,66,66,66,66,66,66,66,66,66,66,66,66,66,66,66,66,66,66,66,66,66,66,66,66,66,66,66,66,66,66,66,66,66,66,66,66,66,66,66,66,66,66,66,66,66,66,66,66,66,66,66,66,66,66,66,66,66],"relic_stats":{"Lizard Tail":33,"Gremlin Horn":[25,26],"counters":[26,142],"Snake Skull":[4],"obtain_stats":[{"conspire:Dentures":58,"Divine Protection":9,"Gremlin Horn":50,"Vampiric Spirits":42,"Oddly Smooth Stone":26,"Rawhide":11,"Snake Skull":54,"aspiration:SecretTechniqueScroll":17,"Sling":36,"paleoftheancients:Timepiece":50,"Lizard Tail":58,"StuffTheSpire:Mouthbags":23,"aspiration:DefectSkillbook":34,"DollysMirror":36,"paleoftheancients:SoulOfTheWokeBloke":52,"Iron Hammer":20,"CultistMask":50,"Coffee Dripper":0,"Membership Card":19,"Ring of the Snake":0,"NlothsMask":31},{"conspire:Dentures":25,"Divine Protection":4,"Gremlin Horn":22,"Vampiric Spirits":19,"Oddly Smooth Stone":12,"Rawhide":6,"Snake Skull":24,"aspiration:SecretTechniqueScroll":8,"Sling":17,"paleoftheancients:Timepiece":22,"Lizard Tail":25,"StuffTheSpire:Mouthbags":12,"aspiration:DefectSkillbook":16,"DollysMirror":17,"paleoftheancients:SoulOfTheWokeBloke":24,"Iron Hammer":9,"CultistMask":22,"Coffee Dripper":0,"Membership Card":9,"Ring of the Snake":0,"NlothsMask":15},{"conspire:Dentures":134,"Divine Protection":16,"Gremlin Horn":122,"Vampiric Spirits":113,"Oddly Smooth Stone":71,"Rawhide":27,"Snake Skull":131,"aspiration:SecretTechniqueScroll":52,"Sling":103,"paleoftheancients:Timepiece":122,"Lizard Tail":134,"StuffTheSpire:Mouthbags":71,"aspiration:DefectSkillbook":98,"DollysMirror":103,"paleoftheancients:SoulOfTheWokeBloke":131,"Iron Hammer":57,"CultistMask":122,"Coffee Dripper":0,"Membership Card":57,"Ring of the Snake":0,"NlothsMask":89}]},"card_choices":[{"not_picked":["StuffTheSpire:BumpUp","Deflect"],"picked":"ReplayTheSpireMod:The Works","floor":1},{"not_picked":["StuffTheSpire:BumpUp","Dagger Spray"],"picked":"Underhanded Strike","floor":3},{"not_picked":["Flying Knee","Sucker Punch","StuffTheSpire:BumpUp"],"picked":"SKIP","floor":6},{"not_picked":["ReplayTheSpireMod:Shiv Toss","Endless Agony"],"picked":"Deflect","floor":8},{"not_picked":["Caltrops","Prepared"],"picked":"Draining Mist","floor":10},{"not_picked":["Acrobatics","Wraith Form v2"],"picked":"Footwork","floor":11},{"not_picked":["Outmaneuver","Cloak And Dagger"],"picked":"Dagger Throw","floor":14},{"not_picked":["Grand Finale","Venomology"],"picked":"Replay:Bag of Tricks","floor":16},{"not_picked":["Expertise+1","StuffTheSpire:Python"],"picked":"StuffTheSpire:Injection","floor":18},{"not_picked":["Prepared","Toxin Wave+1"],"picked":"Backflip","floor":21},{"not_picked":["Prepared","StuffTheSpire:Fury"],"picked":"Acrobatics","floor":22},{"not_picked":["Dodge and Roll","Concentrate"],"picked":"PiercingWail","floor":23},{"not_picked":["Toxin Wave","Escape Plan"],"picked":"Dodge and Roll","floor":28},{"not_picked":["Dodge and Roll","Slice"],"picked":"Backflip","floor":29},{"not_picked":["StuffTheSpire:Repulse","Cloak And Dagger"],"picked":"Hidden Blade","floor":30},{"not_picked":["Replay:Bag of Tricks","Corpse Explosion"],"picked":"After Image","floor":33},{"not_picked":["Quick Slash","StuffTheSpire:ReptileScales","Underhanded Strike+1","Sweeping Beam+1"],"picked":"SKIP","floor":35},{"not_picked":["Trip","Master of Strategy","Panacea"],"picked":"Reforge","floor":37},{"not_picked":["Prepared","StuffTheSpire:BumpUp","PiercingWail","StuffTheSpire:NuclearReactor"],"picked":"SKIP","floor":39},{"not_picked":["Noxious Fumes","Conserve Battery","Aggregate+1"],"picked":"Acrobatics","floor":42},{"not_picked":["Dagger Spray","ReplaySolidLightProjector","Heel Hook"],"picked":"Reboot","floor":45},{"not_picked":["Blizzard+1","Beam Cell","ReplayTheSpireMod:Shiv Toss","StuffTheSpire:Python+1"],"picked":"SKIP","floor":48},{"not_picked":["Poisoned Stab","Flying Knee","Dagger Spray+1","StuffTheSpire:Plugnplay+1"],"picked":"SKIP","floor":51},{"not_picked":["Go for the Eyes+1","Dagger Throw+1","Redo"],"picked":"Panic Button+1","floor":52},{"not_picked":["Machine Learning","Barrage","Beam Cell"],"picked":"Acrobatics+1","floor":56}],"player_experience":1907124,"relics_obtained":[{"floor":9,"key":"Divine Protection"},{"floor":11,"key":"Rawhide"},{"floor":23,"key":"StuffTheSpire:Mouthbags"},{"floor":26,"key":"Oddly Smooth Stone"},{"floor":42,"key":"Vampiric Spirits"},{"floor":52,"key":"paleoftheancients:SoulOfTheWokeBloke"},{"floor":54,"key":"Snake Skull"}],"event_choices":[{"damage_healed":45,"gold_gain":0,"player_choice":"Leave","damage_taken":0,"max_hp_gain":0,"max_hp_loss":66,"event_name":"betterThird:BetterShining","floor":5,"gold_loss":0},{"damage_healed":22,"gold_gain":0,"player_choice":"Banana","damage_taken":0,"max_hp_gain":0,"max_hp_loss":0,"event_name":"Big Fish","floor":12,"gold_loss":0},{"damage_healed":0,"gold_gain":0,"player_choice":"Gave Potion","damage_taken":0,"relics_obtained":["Iron Hammer"],"max_hp_gain":0,"max_hp_loss":0,"event_name":"WeMeetAgain","floor":20,"gold_loss":0},{"damage_healed":0,"gold_gain":0,"player_choice":"Trade","damage_taken":0,"relics_obtained":["NlothsMask"],"max_hp_gain":0,"max_hp_loss":0,"event_name":"FaceTrader","floor":31,"gold_loss":0},{"damage_healed":0,"gold_gain":0,"player_choice":"Memory 1","damage_taken":0,"max_hp_gain":0,"max_hp_loss":0,"event_name":"SensoryStone","floor":37,"gold_loss":0},{"damage_healed":0,"gold_gain":0,"player_choice":"Ignored","damage_taken":0,"max_hp_gain":0,"max_hp_loss":0,"event_name":"Mysterious Sphere","floor":38,"gold_loss":0},{"cards_removed":["Deflect"],"damage_healed":0,"gold_gain":0,"player_choice":"Removed Skill","damage_taken":0,"max_hp_gain":0,"max_hp_loss":0,"event_name":"Falling","floor":41,"gold_loss":0},{"damage_healed":0,"gold_gain":0,"player_choice":"Bought 1 Potion","damage_taken":0,"max_hp_gain":0,"max_hp_loss":0,"event_name":"The Woman in Blue","floor":53,"gold_loss":0}],"is_beta":false,"boss_relics":[{"not_picked":["Busted Crown","StuffTheSpire:RunicConfusion"],"picked":"aspiration:SecretTechniqueScroll"},{"not_picked":["StuffTheSpire:ModemDavis","energizedSpire:StickyHand"],"picked":"aspiration:DefectSkillbook"}],"items_purged_floors":[19,19,36],"is_endless":false,"potions_floor_spawned":[1,3,11,14,18,23,29,30,42,45,51,56],"ascension_level":15}}