{"host":"8b4onbt4xd83ifom","time":1610087907,"event":{"mods":["BaseMod","Lobotomy","LobotomyExtend","Minty Spire (QoL Compilation)","StSLib","The Cursed"],"gold_per_floor":[117,135,67,67,82,98,98,109,109,109,65,80,108,108,108,206,206,221,136,70,70],"floor_reached":20,"playtime":1404,"items_purged":[],"score":209,"play_id":"3268c287-6ce1-4c92-9850-6e80fdf4bc08","local_time":"20210108153827","is_ascension_mode":false,"campfire_choices":[{"floor":15,"key":"REST"}],"circlet_count":0,"master_deck":["SpecialBullet","SpecialBullet","SpecialBullet","SpecialBullet","SpecialBullet","SpecialBullet","SpecialBullet","SpecialBullet","RecordCode","WelfareCode","ControlCode","Freischutz","CrimsonScar","Soda","Justitia","QueenOfHatred","Moonlight","OSAHOGD","FrostShard","SecurityCode","Reverberation","SpecialBullet","UniverseFragment","SpecialBullet","Mercenary","RedEyes","Wellcheers","ShedSkin","Justitia","Scorched"],"relics":["CogitoBucket","LetterFromLob","RedMistMask","InkBottle","Eternal Feather","StrikeDummy","SkinProphecy","Mercury Hourglass","Fusion Hammer","Centennial Puzzle"],"acts_visited":["Exordium","TheCity"],"potions_floor_usage":[16,20],"damage_taken":[{"damage":8.0,"enemies":"Small Slimes","floor":1.0,"turns":2.0},{"damage":0.0,"enemies":"Cultist","floor":2.0,"turns":2.0},{"damage":0.0,"enemies":"2 Louse","floor":5.0,"turns":1.0},{"damage":26.0,"enemies":"Gremlin Nob","floor":6.0,"turns":4.0},{"damage":0.0,"enemies":"Looter","floor":8.0,"turns":2.0},{"damage":40,"enemies":"Exordium Wildlife","floor":11,"turns":5},{"damage":0,"enemies":"Exordium Thugs","floor":12,"turns":1},{"damage":18,"enemies":"3 Sentries","floor":13,"turns":4},{"damage":26,"enemies":"Slime Boss","floor":16,"turns":7},{"damage":0,"enemies":"2 Thieves","floor":18,"turns":2},{"damage":106,"enemies":"Spheric Guardian","floor":20,"turns":8}],"seed_played":"6745007556553576593","potions_obtained":[{"floor":2.0,"key":"Energy Potion"},{"floor":6.0,"key":"Block Potion"},{"floor":12,"key":"Explosive Potion"},{"floor":16,"key":"PowerPotion"}],"is_trial":false,"path_per_floor":["M","M","$","?","M","E","R","M","T","?","M","M","E","$","R","B",null,"M","?","M"],"character_chosen":"Angela","items_purchased":["Justitia"],"campfire_rested":1,"item_purchase_floors":[3],"current_hp_per_floor":[69,69,69,69,69,52,61,75,75,75,50,54,47,47,81,66,83,85,85,0,0],"gold":70,"neow_bonus":"TEN_PERCENT_HP_BONUS","is_daily":false,"chose_seed":false,"campfire_upgraded":0,"win_rate":0.0,"timestamp":1610087907,"path_taken":["M","M","$","?","?","E","R","M","T","?","M","M","E","$","R","BOSS","M","?","M"],"items_purchased_type":["Card"],"build_version":"2020-12-22","purchased_purges":0,"victory":false,"max_hp_per_floor":[77,77,77,77,77,77,77,77,77,77,77,79,81,81,81,83,83,85,85,89,89],"card_choices":[{"not_picked":["ShyLook","Bloodbath"],"picked":"Freischutz","floor":1.0},{"not_picked":["Regret_ego"],"picked":"CrimsonScar","floor":1.0},{"not_picked":["MHz","CherryBlossoms"],"picked":"Murderer","floor":2.0},{"not_picked":["Spore"],"picked":"Soda","floor":2.0},{"not_picked":["ShyLook","FairyFestival"],"picked":"QueenOfHatred","floor":5.0},{"not_picked":["Noise"],"picked":"Moonlight","floor":5.0},{"not_picked":["VoidDream","Bloodbath"],"picked":"OSAHOGD","floor":6.0},{"not_picked":["Loneliness"],"picked":"FrostShard","floor":6.0},{"not_picked":["Horn"],"picked":"Reverberation","floor":8.0},{"not_picked":["OldLady","SpiderBud"],"picked":"UniverseFragment","floor":11},{"not_picked":["CUTE","Heaven"],"picked":"SKIP","floor":11},{"not_picked":["BeautyBeast","SingingMachine"],"picked":"Mercenary","floor":12},{"not_picked":["CrimsonScar"],"picked":"RedEyes","floor":12},{"not_picked":["Bloodbath","Murderer"],"picked":"Wellcheers","floor":13},{"not_picked":["Laetitia_ego"],"picked":"ShedSkin","floor":13},{"not_picked":["Adoration"],"picked":"Justitia","floor":16},{"not_picked":["MeatLantern","Murderer"],"picked":"Scorched","floor":18},{"not_picked":["Harvest","CUTE"],"picked":"SKIP","floor":18}],"player_experience":616950,"relics_obtained":[{"floor":1.0,"key":"LetterFromLob"},{"floor":1.0,"key":"RedMistMask"},{"floor":6.0,"key":"Eternal Feather"},{"floor":9.0,"key":"StrikeDummy"},{"floor":13,"key":"Mercury Hourglass"}],"event_choices":[{"cards_removed":["Murderer"],"damage_healed":0.0,"max_hp_gain":0.0,"max_hp_loss":0.0,"gold_gain":0.0,"event_name":"WeMeetAgain","player_choice":"Gave Card","floor":4.0,"gold_loss":0.0,"damage_taken":0.0,"relics_obtained":["InkBottle"]},{"damage_healed":0.0,"max_hp_gain":0.0,"max_hp_loss":0.0,"gold_gain":0.0,"event_name":"Liars Game","player_choice":"Ignored","floor":10.0,"gold_loss":0.0,"damage_taken":0.0},{"damage_healed":0,"gold_gain":0,"player_choice":"Obtained Relic","damage_taken":0,"relics_obtained":["Centennial Puzzle"],"max_hp_gain":0,"max_hp_loss":0,"event_name":"Addict","floor":19,"gold_loss":85}],"is_beta":false,"boss_relics":[{"not_picked":["Ectoplasm","Coffee Dripper"],"picked":"Fusion Hammer"}],"items_purged_floors":[],"is_endless":false,"potions_floor_spawned":[2,6,12,16],"killed_by":"Spheric Guardian","ascension_level":0}}