{"host":"7z9izfsmsy4azoxx","time":1610077287,"event":{"mods":["AchievementEnabler","BaseMod","Colored Map","Custom Start","Hermit","Minty Spire (QoL Compilation)","StSLib","SuperFastMode"],"gold_per_floor":[109,109,119,137,2131320600,2131320631,2131320631,2131320645,2131320696,2131320696,2131320712,2131320728,2131320759,2131320010,2131320010,2131320084,2131320084,2131320101,2131320151,2131319650,2131319665,2131319682,2131319682,2131319714,2131319639,2131319685,2131319702,2131319046,2131319046,2131318176,2131318211,2131318211,2131318285,2131318285,2131318303,2131317317,2131317394,2131317408,2131317408,2131317438,2131317448,2131317463,2131317463,2131316641,2131316666,2131316678,2131316678,2131316692,2131316692,2131316692,2131316692,2131316692,2131316692,2131315852,2131315882,2131315882],"floor_reached":57,"playtime":1505,"items_purged":["Strike_G","Strike_G","Strike_G","Defend_G","Defend_G","Defend_G","Defend_G","Defend_G"],"score":3224,"play_id":"c79c878d-8f7e-43ce-aa97-c1b3d0f43982","local_time":"20210108124127","is_ascension_mode":true,"campfire_choices":[{"data":"Blade Dance","floor":7.0,"key":"SMITH"},{"data":"Caltrops","floor":10.0,"key":"SMITH"},{"data":"Cloak And Dagger","floor":15,"key":"SMITH"},{"data":"Prepared","floor":23,"key":"SMITH"},{"data":"Storm of Steel","floor":29,"key":"SMITH"},{"data":"Blade Dance","floor":32,"key":"SMITH"},{"data":"Phantasmal Killer","floor":47,"key":"SMITH"},{"floor":49,"key":"RECALL"},{"data":"1","floor":53,"key":"LIFT"}],"circlet_count":0,"master_deck":["AscendersBane","Survivor","Neutralize","Backflip","Acrobatics","Blade Dance+1","Caltrops+1","After Image+1","Blade Dance+1","Noxious Fumes+1","Cloak And Dagger+1","Accuracy+1","Storm of Steel+1","Leg Sweep","Prepared+1","Footwork+1","Accuracy+1","Dodge and Roll+1","PiercingWail","Well Laid Plans+1","Accuracy+1","Blade Dance","Infinite Blades+1","Phantasmal Killer+1","Envenom+1","Wraith Form v2+1","Crippling Poison"],"relics":["Ring of the Snake","NeowsBlessing","Ancient Tea Set","Lantern","Lee\u0027s Waffle","Frozen Egg 2","Tiny Chest","Centennial Puzzle","Bronze Scales","OrangePellets","Sozu","Snake Skull","Anchor","Boot","MealTicket","Vajra","Nunchaku","Sling","Dream Catcher","Ginger","HandDrill","Juzu Bracelet","WristBlade","FossilizedHelix","Orichalcum","Toolbox","Paper Crane","Pen Nib","Girya","TwistedFunnel","Strawberry","Pantograph","Bag of Marbles","InkBottle","Happy Flower","Orrery","Bag of Preparation"],"acts_visited":["Exordium","TheCity","TheBeyond","TheEnding"],"potions_floor_usage":[13,13,33,56],"damage_taken":[{"damage":0.0,"enemies":"2 Louse","floor":1.0,"turns":1.0},{"damage":0.0,"enemies":"Cultist","floor":3.0,"turns":1.0},{"damage":0.0,"enemies":"Small Slimes","floor":4.0,"turns":1.0},{"damage":39.0,"enemies":"3 Sentries","floor":6.0,"turns":12.0},{"damage":0.0,"enemies":"2 Fungi Beasts","floor":8.0,"turns":3.0},{"damage":1.0,"enemies":"Exordium Wildlife","floor":11.0,"turns":4.0},{"damage":0,"enemies":"Large Slime","floor":12,"turns":5},{"damage":28,"enemies":"Gremlin Nob","floor":13,"turns":4},{"damage":5,"enemies":"Slime Boss","floor":16,"turns":5},{"damage":3,"enemies":"Chosen","floor":18,"turns":3},{"damage":0,"enemies":"2 Thieves","floor":21,"turns":4},{"damage":3,"enemies":"Centurion and Healer","floor":22,"turns":4},{"damage":8,"enemies":"Slavers","floor":24,"turns":4},{"damage":11,"enemies":"Snake Plant","floor":27,"turns":4},{"damage":0,"enemies":"Gremlin Leader","floor":31,"turns":4},{"damage":0,"enemies":"Automaton","floor":33,"turns":6},{"damage":5,"enemies":"3 Darklings","floor":35,"turns":2},{"damage":8,"enemies":"3 Shapes","floor":38,"turns":3},{"damage":0,"enemies":"Nemesis","floor":40,"turns":3},{"damage":0,"enemies":"Spire Growth","floor":41,"turns":2},{"damage":0,"enemies":"4 Shapes","floor":42,"turns":3},{"damage":0,"enemies":"Reptomancer","floor":45,"turns":3},{"damage":0,"enemies":"Writhing Mass","floor":46,"turns":3},{"damage":18,"enemies":"3 Darklings","floor":48,"turns":3},{"damage":37,"enemies":"Awakened One","floor":50,"turns":4},{"damage":0,"enemies":"Time Eater","floor":51,"turns":4},{"damage":45,"enemies":"Shield and Spear","floor":55,"turns":4},{"damage":3,"enemies":"The Heart","floor":56,"turns":6}],"seed_played":"5513445855325855663","potions_obtained":[{"floor":11.0,"key":"SkillPotion"},{"floor":12,"key":"CultistPotion"}],"is_trial":false,"path_per_floor":["M","?","M","M","$","E","R","M","T","R","M","M","E","$","R","B",null,"M","?","$","M","M","R","E","?","T","M","$","R","$","E","R","B",null,"M","$","T","M","?","E","M","M","T","$","E","M","R","M","R","B","B",null,"R","$","E","B",null],"character_chosen":"THE_SILENT","items_purchased":["Ancient Tea Set","Lantern","Lee\u0027s Waffle","Caltrops","Energy Potion","Fruit Juice","SpeedPotion","Centennial Puzzle","Bronze Scales","OrangePellets","Accuracy+1","Energy Potion","ColorlessPotion","Snake Skull","Anchor","Leg Sweep","Vajra","Nunchaku","Sling","Dream Catcher","Ginger","HandDrill","PiercingWail","FossilizedHelix","Orichalcum","Toolbox","Accuracy+1","Blade Dance","TwistedFunnel","Strawberry","Pantograph","InkBottle","Happy Flower","Orrery"],"campfire_rested":0,"item_purchase_floors":[5,5,5,5,5,5,5,14,14,14,14,14,14,20,20,20,28,28,28,30,30,30,30,36,36,36,36,36,44,44,44,54,54,54],"current_hp_per_floor":[59,59,59,59,78,39,39,39,39,39,38,38,10,10,10,5,60,57,57,57,57,54,54,46,46,46,35,50,50,65,65,65,65,75,70,78,78,70,70,70,70,70,70,85,85,85,85,67,67,48,73,82,82,85,40,62],"gold":2131315882,"neow_bonus":"THREE_ENEMY_KILL","is_daily":false,"chose_seed":false,"campfire_upgraded":7,"win_rate":0.0,"timestamp":1610077287,"path_taken":["M","?","?","M","$","E","R","M","T","R","M","M","E","$","R","BOSS","M","?","$","M","M","R","E","?","T","M","$","R","?","E","R","BOSS","M","$","?","M","?","E","M","M","T","$","E","M","R","M","R","BOSS","BOSS","R","$","E","BOSS"],"items_purchased_type":["Relic","Relic","Relic","Card","Potion","Potion","Potion","Relic","Relic","Relic","Card","Potion","Potion","Relic","Relic","Card","Relic","Relic","Relic","Relic","Relic","Relic","Card","Relic","Relic","Relic","Card","Card","Relic","Relic","Relic","Relic","Relic","Relic"],"build_version":"2020-12-22","purchased_purges":8,"victory":true,"max_hp_per_floor":[66,66,66,66,78,78,78,78,78,78,78,78,78,78,78,78,78,78,78,78,78,78,78,78,78,78,78,78,78,78,78,78,78,78,78,78,78,78,78,78,78,78,78,85,85,85,85,85,85,85,85,85,85,85,85,85],"card_choices":[{"not_picked":["Quick Slash","Acrobatics"],"picked":"Backflip","floor":1.0},{"not_picked":["Heel Hook","Slice"],"picked":"Acrobatics","floor":3.0},{"not_picked":["Outmaneuver","Night Terror"],"picked":"Blade Dance","floor":4.0},{"not_picked":["Deflect","Storm of Steel"],"picked":"After Image+1","floor":6.0},{"not_picked":["Distraction","Flechettes"],"picked":"Blade Dance","floor":8.0},{"not_picked":["Deadly Poison","Well Laid Plans+1"],"picked":"Noxious Fumes+1","floor":11.0},{"not_picked":["Concentrate","All Out Attack","Prepared"],"picked":"SKIP","floor":12},{"not_picked":["Dash","Bane"],"picked":"Cloak And Dagger","floor":13},{"not_picked":["Burst","Unload"],"picked":"Storm of Steel","floor":16},{"not_picked":["Outmaneuver","Skewer","Quick Slash"],"picked":"SKIP","floor":18},{"not_picked":["Reflex","Dagger Spray"],"picked":"Prepared","floor":21},{"not_picked":["Heel Hook","Slice"],"picked":"Footwork+1","floor":22},{"not_picked":["Bane","Footwork+1"],"picked":"Accuracy+1","floor":24},{"not_picked":["Catalyst","Quick Slash"],"picked":"Dodge and Roll+1","floor":27},{"not_picked":["PiercingWail","Bane"],"picked":"Well Laid Plans+1","floor":31},{"not_picked":["Outmaneuver","Leg Sweep","Prepared"],"picked":"SKIP","floor":35},{"not_picked":["Acrobatics+1","Heel Hook","Poisoned Stab"],"picked":"SKIP","floor":38},{"not_picked":["Deadly Poison","Catalyst+1","Quick Slash"],"picked":"SKIP","floor":40},{"not_picked":["Escape Plan","PiercingWail"],"picked":"Infinite Blades+1","floor":41},{"not_picked":["Accuracy+1","Blur","PiercingWail"],"picked":"SKIP","floor":42},{"not_picked":["Flechettes","Acrobatics"],"picked":"Phantasmal Killer","floor":45},{"not_picked":["Sucker Punch","Bane","Dagger Throw+1"],"picked":"SKIP","floor":46},{"not_picked":["Storm of Steel","Noxious Fumes+1","Flechettes"],"picked":"SKIP","floor":48},{"not_picked":["Outmaneuver","Prepared"],"picked":"Wraith Form v2+1","floor":54},{"not_picked":["Sucker Punch","Terror"],"picked":"Crippling Poison","floor":55}],"player_experience":517017,"relics_obtained":[{"floor":6.0,"key":"Frozen Egg 2"},{"floor":13,"key":"Tiny Chest"},{"floor":24,"key":"Boot"},{"floor":26,"key":"MealTicket"},{"floor":31,"key":"Juzu Bracelet"},{"floor":37,"key":"Paper Crane"},{"floor":40,"key":"Pen Nib"},{"floor":43,"key":"Girya"},{"floor":45,"key":"Bag of Marbles"},{"floor":55,"key":"Bag of Preparation"}],"event_choices":[{"cards_removed":["Strike_G"],"damage_healed":0.0,"max_hp_gain":0.0,"max_hp_loss":0.0,"gold_gain":0.0,"event_name":"Purifier","player_choice":"Purged","floor":2.0,"gold_loss":0.0,"damage_taken":0.0},{"damage_healed":0,"gold_gain":50,"player_choice":"Stole From Cult","damage_taken":0,"max_hp_gain":0,"max_hp_loss":0,"event_name":"Nest","floor":19,"gold_loss":0},{"cards_removed":["Strike_G"],"damage_healed":0,"gold_gain":0,"player_choice":"Gave Gold","damage_taken":0,"max_hp_gain":0,"max_hp_loss":0,"event_name":"Beggar","floor":25,"gold_loss":75},{"damage_healed":0,"gold_gain":0,"player_choice":"Memory 1","damage_taken":0,"max_hp_gain":0,"max_hp_loss":0,"event_name":"SensoryStone","floor":39,"gold_loss":0}],"is_beta":false,"boss_relics":[{"not_picked":["Snecko Eye","Coffee Dripper"],"picked":"Sozu"},{"not_picked":["Calling Bell","Pandora\u0027s Box"],"picked":"WristBlade"}],"items_purged_floors":[5,14,20,28,30,36,44,54],"is_endless":false,"potions_floor_spawned":[11,12,22,24,35,41,45,46],"ascension_level":20}}