{"host":"7k7fhzlbqzyu5ijh","time":1610075319,"event":{"mods":["AchievementEnabler","BaseMod","Bestiary","Colored Powertips","Filter the Spire","Highlight Path","Minty Spire (QoL Compilation)","Potion Indicator Mod","RNG Fix","Relic Stats"],"gold_per_floor":[117,16,16,29,46,46,72,82,105,105,133,133,163,175,175,276,276,288,258,274,21,40,74,74,107,107,107,127,127,157,157,157,257,257,277,297,297,310,360,393,406,439,516,548,560,588,600,641,653,665,677,689,141,176,176],"floor_reached":56,"playtime":4143,"items_purged":["Strike_B","Strike_B","Normality"],"score":1604,"play_id":"a0832754-e4f4-410e-ae12-142952644272","local_time":"20210107220839","is_ascension_mode":true,"campfire_choices":[{"data":"Go for the Eyes","floor":6.0,"key":"SMITH"},{"data":"Loop","floor":10.0,"key":"SMITH"},{"data":"Dualcast","floor":12.0,"key":"SMITH"},{"data":"Barrage","floor":15.0,"key":"SMITH"},{"data":"Biased Cognition","floor":24.0,"key":"SMITH"},{"data":"Consume","floor":27.0,"key":"SMITH"},{"data":"Glacier","floor":29.0,"key":"SMITH"},{"data":"Zap","floor":32.0,"key":"SMITH"},{"floor":45.0,"key":"REST"},{"floor":49.0,"key":"RECALL"},{"floor":52,"key":"REST"}],"circlet_count":0,"master_deck":["Strike_B","Defend_B","Defend_B","Defend_B","Defend_B","Zap+1","Dualcast+1","Cold Snap","Go for the Eyes+1","Sweeping Beam","Loop+1","Cold Snap","Coolheaded","Glacier+1","Tempest","Barrage+1","Core Surge","Barrage+1","Consume+1","Biased Cognition+1","Regret","Ball Lightning+1","Aggregate","Machine Learning","Reinforced Body+1","Ball Lightning+1","Dramatic Entrance+1","Purity","Deep Breath","Reinforced Body+1","Coolheaded+1","Echo Form","Glacier","Redo+1","Streamline+1","Lockon+1","Defragment","Blizzard+1"],"relics":["Cracked Core","Toy Ornithopter","PreservedInsect","Ancient Tea Set","Mercury Hourglass","Cursed Key","Bag of Preparation","Potion Belt","Bottled Tornado","Molten Egg 2","Bag of Marbles","SacredBark","Bird Faced Urn","Bronze Scales","Happy Flower","MawBank","Singing Bowl","Medical Kit","Lizard Tail"],"acts_visited":["Exordium","TheCity","TheBeyond","TheEnding"],"potions_floor_usage":[55,55,55,55],"damage_taken":[{"damage":2.0,"enemies":"Jaw Worm","floor":1.0,"turns":3.0},{"damage":0.0,"enemies":"Cultist","floor":4.0,"turns":3.0},{"damage":4.0,"enemies":"2 Louse","floor":5.0,"turns":2.0},{"damage":21.0,"enemies":"Gremlin Nob","floor":7.0,"turns":4.0},{"damage":5.0,"enemies":"2 Fungi Beasts","floor":8.0,"turns":4.0},{"damage":2.0,"enemies":"Lagavulin","floor":11.0,"turns":5.0},{"damage":10.0,"enemies":"Gremlin Nob","floor":13.0,"turns":4.0},{"damage":8.0,"enemies":"Looter","floor":14.0,"turns":2.0},{"damage":7.0,"enemies":"Hexaghost","floor":16.0,"turns":7.0},{"damage":6.0,"enemies":"Spheric Guardian","floor":18.0,"turns":3.0},{"damage":0.0,"enemies":"3 Byrds","floor":20.0,"turns":3.0},{"damage":16.0,"enemies":"Snake Plant","floor":22.0,"turns":4.0},{"damage":6.0,"enemies":"Book of Stabbing","floor":23.0,"turns":4.0},{"damage":2.0,"enemies":"Slavers","floor":25.0,"turns":2.0},{"damage":1.0,"enemies":"Shelled Parasite and Fungi","floor":28.0,"turns":4.0},{"damage":2.0,"enemies":"Gremlin Leader","floor":30.0,"turns":5.0},{"damage":48.0,"enemies":"Automaton","floor":33.0,"turns":9.0},{"damage":2.0,"enemies":"3 Darklings","floor":35.0,"turns":5.0},{"damage":6.0,"enemies":"Orb Walker","floor":36.0,"turns":3.0},{"damage":18.0,"enemies":"Spire Growth","floor":38.0,"turns":4.0},{"damage":0.0,"enemies":"Mind Bloom Boss Battle","floor":39.0,"turns":3.0},{"damage":14.0,"enemies":"Nemesis","floor":40.0,"turns":5.0},{"damage":0.0,"enemies":"Sphere and 2 Shapes","floor":41.0,"turns":3.0},{"damage":25.0,"enemies":"Reptomancer","floor":42.0,"turns":3.0},{"damage":45.0,"enemies":"Giant Head","floor":44.0,"turns":9.0},{"damage":0.0,"enemies":"Jaw Worm Horde","floor":46.0,"turns":2.0},{"damage":10.0,"enemies":"Nemesis","floor":48.0,"turns":5.0},{"damage":36.0,"enemies":"Awakened One","floor":50.0,"turns":16.0},{"damage":40,"enemies":"Shield and Spear","floor":54,"turns":4},{"damage":100,"enemies":"The Heart","floor":55,"turns":6}],"seed_played":"-4096212426164558458","potions_obtained":[{"floor":4.0,"key":"LiquidMemories"},{"floor":7.0,"key":"LiquidBronze"},{"floor":11.0,"key":"Strength Potion"},{"floor":19.0,"key":"AttackPotion"},{"floor":19.0,"key":"SteroidPotion"},{"floor":23.0,"key":"Regen Potion"},{"floor":25.0,"key":"FearPotion"},{"floor":36.0,"key":"FocusPotion"},{"floor":38.0,"key":"Fruit Juice"},{"floor":44.0,"key":"LiquidBronze"},{"floor":46.0,"key":"Weak Potion"}],"is_trial":false,"path_per_floor":["M","$","?","M","M","R","E","M","T","R","E","R","E","M","R","B",null,"M","?","M","$","M","E","R","E","T","R","M","R","E","?","R","B",null,"M","M","?","M","?","E","M","E","T","E","R","M","T","E","R","B",null,"R","$","E","B",null],"character_chosen":"DEFECT","items_purchased":["Go for the Eyes","Bag of Preparation","Defragment","LiquidBronze","AttackPotion","Energy Potion","Medical Kit","Blizzard+1"],"campfire_rested":2,"item_purchase_floors":[2,21,53,53,53,53,53,53],"current_hp_per_floor":[73,73,73,73,69,69,48,43,43,43,41,41,31,23,23,26,63,57,57,57,57,41,40,40,43,43,43,42,42,40,65,65,27,63,61,55,45,59,74,71,73,56,56,17,42,46,46,49,49,21,69,85,85,53,35],"gold":176,"neow_bonus":"REMOVE_CARD","is_daily":false,"chose_seed":false,"campfire_upgraded":8,"win_rate":0.0,"timestamp":1610075319,"path_taken":["M","$","?","M","M","R","E","M","T","R","E","R","E","M","R","BOSS","M","?","M","$","M","E","R","E","T","R","M","R","E","?","R","BOSS","M","M","?","?","?","E","M","E","T","E","R","M","?","E","R","BOSS","R","$","E","BOSS"],"items_purchased_type":["Card","Relic","Card","Potion","Potion","Potion","Relic","Card"],"build_version":"2020-12-22","purchased_purges":3,"victory":true,"max_hp_per_floor":[75,75,75,75,75,75,75,75,75,75,75,75,75,75,75,75,75,75,75,75,75,75,75,75,75,75,75,75,75,75,75,75,75,75,75,75,75,75,85,85,85,85,85,85,85,85,85,85,85,85,85,85,85,87,87],"relic_stats":{"Happy Flower":[14],"Singing Bowl":2,"counters":[30,133],"PreservedInsect":520,"Bag of Preparation":[38],"Cursed Key":2,"MawBank":108,"Medical Kit":[3],"Mercury Hourglass":[405],"Lizard Tail":43,"Bird Faced Urn":[58],"Bronze Scales":[240],"obtain_stats":[{"Potion Belt":23,"Happy Flower":42,"Singing Bowl":48,"SacredBark":34,"PreservedInsect":9,"Bag of Preparation":21,"Bottled Tornado":25,"Ancient Tea Set":11,"Cursed Key":17,"MawBank":44,"Medical Kit":53,"Mercury Hourglass":13,"Lizard Tail":54,"Bird Faced Urn":39,"Bronze Scales":40,"Molten Egg 2":26,"Bag of Marbles":30,"Cracked Core":0,"Toy Ornithopter":7},{"Potion Belt":13,"Happy Flower":24,"Singing Bowl":27,"SacredBark":17,"PreservedInsect":5,"Bag of Preparation":11,"Bottled Tornado":14,"Ancient Tea Set":6,"Cursed Key":9,"MawBank":25,"Medical Kit":28,"Mercury Hourglass":7,"Lizard Tail":29,"Bird Faced Urn":21,"Bronze Scales":22,"Molten Egg 2":14,"Bag of Marbles":16,"Cracked Core":0,"Toy Ornithopter":4},{"Potion Belt":48,"Happy Flower":92,"Singing Bowl":107,"SacredBark":68,"PreservedInsect":16,"Bag of Preparation":40,"Bottled Tornado":50,"Ancient Tea Set":21,"Cursed Key":34,"MawBank":100,"Medical Kit":123,"Mercury Hourglass":25,"Lizard Tail":127,"Bird Faced Urn":81,"Bronze Scales":86,"Molten Egg 2":50,"Bag of Marbles":59,"Cracked Core":0,"Toy Ornithopter":12}],"Toy Ornithopter":70},"card_choices":[{"not_picked":["Go for the Eyes","Ball Lightning"],"picked":"Cold Snap","floor":1.0},{"not_picked":["Reprogram","Turbo"],"picked":"Sweeping Beam","floor":4.0},{"not_picked":["Chaos","Stack"],"picked":"Loop","floor":5.0},{"not_picked":["Coolheaded","Stack"],"picked":"Cold Snap","floor":7.0},{"not_picked":["Gash","Self Repair"],"picked":"Coolheaded","floor":8.0},{"not_picked":["Undo","Coolheaded"],"picked":"Glacier","floor":11.0},{"not_picked":["Redo","Turbo"],"picked":"Tempest","floor":13.0},{"not_picked":["White Noise","Storm"],"picked":"Barrage","floor":14.0},{"not_picked":["Echo Form","Fission"],"picked":"Core Surge","floor":16.0},{"not_picked":["Redo","Stack"],"picked":"Barrage+1","floor":18.0},{"not_picked":["Heatsinks","Genetic Algorithm","Turbo"],"picked":"SKIP","floor":20.0},{"not_picked":["Heatsinks","Capacitor"],"picked":"Consume","floor":22.0},{"not_picked":["Gash","Coolheaded+1"],"picked":"Biased Cognition","floor":23.0},{"not_picked":["Beam Cell","Creative AI","Go for the Eyes"],"picked":"SKIP","floor":25.0},{"not_picked":["Storm","Tempest"],"picked":"Ball Lightning+1","floor":28.0},{"not_picked":["Reprogram+1","Hello World+1"],"picked":"Aggregate","floor":30.0},{"not_picked":["Creative AI","Hyperbeam+1"],"picked":"Machine Learning","floor":33.0},{"not_picked":["Compile Driver+1","Darkness+1"],"picked":"Reinforced Body+1","floor":35.0},{"not_picked":["Compile Driver+1","Consume+1"],"picked":"Ball Lightning+1","floor":36.0},{"not_picked":["Deep Breath","Panacea"],"picked":"Dramatic Entrance+1","floor":37.0},{"not_picked":["Blind","Trip"],"picked":"Purity","floor":37.0},{"not_picked":["Chrysalis","Enlightenment"],"picked":"Deep Breath","floor":37.0},{"not_picked":["Turbo","Ball Lightning+1"],"picked":"Reinforced Body+1","floor":38.0},{"not_picked":["Stack","Glacier"],"picked":"Coolheaded+1","floor":39.0},{"not_picked":["Heatsinks+1","Ball Lightning+1","Barrage+1"],"picked":"SKIP","floor":40.0},{"not_picked":["Beam Cell+1","Heatsinks+1"],"picked":"Echo Form","floor":41.0},{"not_picked":["BootSequence","Sunder+1"],"picked":"Glacier","floor":42.0},{"not_picked":["Conserve Battery+1","Rip and Tear+1"],"picked":"Redo+1","floor":44.0},{"not_picked":["Coolheaded","Redo"],"picked":"Streamline+1","floor":46.0},{"not_picked":["Rip and Tear+1","Stack+1"],"picked":"Lockon+1","floor":48.0},{"not_picked":["Double Energy","Static Discharge+1","Gash+1"],"picked":"Singing Bowl","floor":54}],"player_experience":381911,"relics_obtained":[{"floor":7.0,"key":"Toy Ornithopter"},{"floor":9.0,"key":"PreservedInsect"},{"floor":11.0,"key":"Ancient Tea Set"},{"floor":13.0,"key":"Mercury Hourglass"},{"floor":23.0,"key":"Potion Belt"},{"floor":25.0,"key":"Bottled Tornado"},{"floor":26.0,"key":"Molten Egg 2"},{"floor":30.0,"key":"Bag of Marbles"},{"floor":39.0,"key":"Bird Faced Urn"},{"floor":40.0,"key":"Bronze Scales"},{"floor":42.0,"key":"Happy Flower"},{"floor":44.0,"key":"MawBank"},{"floor":48.0,"key":"Singing Bowl"},{"floor":54,"key":"Lizard Tail"}],"event_choices":[{"damage_healed":0.0,"max_hp_gain":0.0,"max_hp_loss":0.0,"gold_gain":0.0,"event_name":"Liars Game","player_choice":"Ignored","floor":3.0,"gold_loss":0.0,"damage_taken":0.0},{"damage_healed":0.0,"max_hp_gain":0.0,"max_hp_loss":0.0,"gold_gain":0.0,"event_name":"The Woman in Blue","player_choice":"Bought 2 Potions","floor":19.0,"gold_loss":0.0,"damage_taken":0.0},{"damage_healed":25.0,"max_hp_gain":0.0,"max_hp_loss":0.0,"gold_gain":0.0,"event_name":"The Library","player_choice":"Heal","floor":31.0,"gold_loss":0.0,"damage_taken":0.0},{"damage_healed":0.0,"max_hp_gain":0.0,"max_hp_loss":0.0,"gold_gain":0.0,"event_name":"SensoryStone","player_choice":"Memory 3","floor":37.0,"gold_loss":0.0,"damage_taken":10.0},{"damage_healed":0.0,"max_hp_gain":0.0,"max_hp_loss":0.0,"gold_gain":0.0,"event_name":"MindBloom","player_choice":"Fight","floor":39.0,"gold_loss":0.0,"damage_taken":0.0}],"is_beta":false,"boss_relics":[{"not_picked":["Inserter","Empty Cage"],"picked":"Cursed Key"},{"not_picked":["Pandora\u0027s Box","Snecko Eye"],"picked":"SacredBark"}],"items_purged_floors":[2,21,53],"is_endless":false,"potions_floor_spawned":[4,7,11,20,23,25,36,38,44,46],"ascension_level":5}}