{"host":"ivg6uxy7auliciht","time":1610083930,"event":{"mods":["BaseMod","Bestiary","Duelist Mod","GifTheSpireLib","Googly Eyes","Hermit","Minty Spire (QoL Compilation)","Replay The Spire","Shop Mod","StSLib","The Cursed","The Dragon Tamer","The Gatherer","The Necromancer"],"gold_per_floor":[119,136,152,171,182,182,211,229,229,247,262,275,275,290,290,394,394,409,422,95,108,207,241,241,251,251,251,167,202,213,27,27,125,125,137,150,150,161,176,191,191,201,201,234,81,41,76,94,94,94,94,94],"floor_reached":50,"playtime":7627,"items_purged":[],"score":654,"play_id":"701d3193-427f-4029-8f59-11806e12217a","local_time":"20210108003210","is_ascension_mode":false,"metric_token":913,"campfire_choices":[{"data":"Gatherer:FlowerWhip","floor":6.0,"key":"SMITH"},{"floor":15.0,"key":"REST"},{"data":"Gatherer:Herbalism","floor":24.0,"key":"SMITH"},{"floor":32.0,"key":"REST"},{"data":"Gatherer:CollectorsShot","floor":41,"key":"SMITH"},{"floor":49,"key":"REST"}],"circlet_count":0,"master_deck":["Gatherer:Strike_Gatherer","Gatherer:Strike_Gatherer","Gatherer:Strike_Gatherer","Gatherer:Strike_Gatherer","Gatherer:Strike_Gatherer","Gatherer:Defend_Gatherer","Gatherer:Defend_Gatherer","Gatherer:Defend_Gatherer","Gatherer:Defend_Gatherer","Gatherer:Defend_Gatherer","Gatherer:Centralize","Gatherer:FlowerWhip+1","Gatherer:BigPouch","Gatherer:CarefulStrike","Gatherer:SmartManeuver+1","Gatherer:FragileHammer","Gatherer:MiningStrike","Gatherer:EnergyBasket","Gatherer:FragileHammer+1","Gatherer:BambuSword","Gatherer:Duality","Gatherer:Snatch","Gatherer:MindSearch","CurseOfTheBell","Gatherer:TreeGrowth+1","Gatherer:OddSpoils","Gatherer:Herbalism+1","Gatherer:QuickSynthesis+1","Gatherer:QuickSynthesis+1","Gatherer:QuickSynthesis+1","Bandage Up","Gatherer:ScherryThrow+1","Gatherer:CollectorsShot+1","Gatherer:AlchemyTrial","Gatherer:MindSearch","Gatherer:Liquidism+1","Gatherer:FlowerFalling+1","Gatherer:Frenzy","Gatherer:ScherryThrow+1","Parasite","Gatherer:DrugPower+1","Gatherer:Transmute+1","Gatherer:BlackTea","Gatherer:PotentialSlash+1"],"relics":["Gatherer:AlchemyBag","Gatherer:MistGenerator","Gatherer:FlyingFruit","Calling Bell","Replay:Wax Seal","Chameleon Ring","StoneCalendar","CaptainsWheel","Pantograph","ReplayFunnel","Iron Hammer","TheAbacus","Velvet Choker","Pear","Ornamental Fan","Blood Vial","Girya"],"acts_visited":["Exordium","TheCity","TheBeyond"],"potions_floor_usage":[50,50,50],"damage_taken":[{"damage":1.0,"enemies":"2 Louse","floor":1.0,"turns":2.0},{"damage":0.0,"enemies":"Cultist","floor":2.0,"turns":3.0},{"damage":0.0,"enemies":"Small Slimes","floor":3.0,"turns":3.0},{"damage":12.0,"enemies":"Exordium Thugs","floor":4.0,"turns":6.0},{"damage":0.0,"enemies":"2 Fungi Beasts","floor":5.0,"turns":3.0},{"damage":27.0,"enemies":"Gremlin Nob","floor":7.0,"turns":5.0},{"damage":3.0,"enemies":"Red Slaver","floor":8.0,"turns":5.0},{"damage":7.0,"enemies":"Gremlin Gang","floor":10.0,"turns":5.0},{"damage":12.0,"enemies":"Large Slime","floor":11.0,"turns":4.0},{"damage":7.0,"enemies":"2 Fungi Beasts","floor":12.0,"turns":2.0},{"damage":4.0,"enemies":"Lots of Slimes","floor":14.0,"turns":3.0},{"damage":25.0,"enemies":"The Guardian","floor":16.0,"turns":13.0},{"damage":0.0,"enemies":"Chosen","floor":18.0,"turns":4.0},{"damage":13.0,"enemies":"Shell Parasite","floor":19.0,"turns":7.0},{"damage":49.0,"enemies":"Centurion and Healer","floor":21.0,"turns":7.0},{"damage":0.0,"enemies":"theDuelist:KaibaA2","floor":23.0,"turns":4.0},{"damage":4.0,"enemies":"Snecko","floor":25.0,"turns":6.0},{"damage":4.0,"enemies":"Replay:Snechameleon","floor":29.0,"turns":7.0},{"damage":18.0,"enemies":"Shelled Parasite and Fungi","floor":30.0,"turns":4.0},{"damage":68.0,"enemies":"Collector","floor":33.0,"turns":7.0},{"damage":23,"enemies":"3 Shapes","floor":35,"turns":5},{"damage":19,"enemies":"3 Darklings","floor":36,"turns":6},{"damage":22,"enemies":"Jaw Worm Horde","floor":38,"turns":3},{"damage":3,"enemies":"Maw","floor":39,"turns":7},{"damage":10,"enemies":"Writhing Mass","floor":40,"turns":7},{"damage":0,"enemies":"Transient","floor":42,"turns":5},{"damage":56,"enemies":"Reptomancer","floor":44,"turns":7},{"damage":24,"enemies":"Nemesis","floor":47,"turns":5},{"damage":0,"enemies":"Sphere and 2 Shapes","floor":48,"turns":4},{"damage":87,"enemies":"Replay:Hell Engine","floor":50,"turns":6}],"seed_played":"-8626480527271640694","potions_obtained":[{"floor":3.0,"key":"Languid Potion"},{"floor":4.0,"key":"EssenceOfSteel"},{"floor":10.0,"key":"GhostInAJar"},{"floor":21.0,"key":"BlessingOfTheForge"},{"floor":25.0,"key":"Block Potion"},{"floor":33.0,"key":"SteroidPotion"},{"floor":36,"key":"Venom Potion"},{"floor":40,"key":"PowerPotion"},{"floor":44,"key":"AttackPotion"},{"floor":47,"key":"SneckoOil"}],"is_trial":false,"path_per_floor":["M","M","M","M","M","R","E","M","T","M","M","M","?","M","R","B",null,"M","M","$","M","?","E","R","M","T","?","$","E","M","$","R","B",null,"M","M","?","M","M","M","R","M","T","E","$","?","E","M","R","B"],"character_chosen":"THE_GATHERER","items_purchased":["Gatherer:Herbalism","CaptainsWheel","Bandage Up","Gatherer:AlchemyTrial","TheAbacus","Blood Vial"],"campfire_rested":3,"item_purchase_floors":[20,20,28,31,31,45],"current_hp_per_floor":[78,78,78,66,66,66,39,36,36,33,21,14,14,10,34,9,83,83,70,70,21,21,25,25,21,21,21,21,25,11,11,38,1,91,72,57,101,79,80,76,76,76,86,36,36,36,18,20,53,0,0,0],"gold":94,"neow_bonus":"TEN_PERCENT_HP_BONUS","is_daily":false,"chose_seed":false,"campfire_upgraded":3,"win_rate":0.0,"timestamp":1610083930,"path_taken":["M","M","M","M","M","R","E","M","T","M","M","M","?","?","R","BOSS","M","M","$","M","?","E","R","M","T","?","$","E","?","$","R","BOSS","M","M","?","M","M","M","R","M","T","E","?","?","E","?","R","BOSS"],"items_purchased_type":["Card","Relic","Card","Card","Relic","Relic"],"build_version":"2020-12-22","purchased_purges":0,"victory":false,"max_hp_per_floor":[79,79,79,79,79,79,79,79,79,83,83,83,83,83,83,83,83,83,83,83,83,83,87,87,87,87,87,87,91,91,91,91,91,91,91,91,101,101,101,101,101,101,111,111,111,111,111,111,111,111,111,111],"card_choices":[{"not_picked":["Gatherer:SaveValuables","Gatherer:BalancedGrowth"],"picked":"Gatherer:BigPouch","floor":1.0},{"not_picked":["Gatherer:WoolGloves","Gatherer:Frenzy"],"picked":"Gatherer:CarefulStrike","floor":2.0},{"not_picked":["Gatherer:ScrollOfPurity","Gatherer:FlowerShield"],"picked":"Gatherer:SmartManeuver","floor":3.0},{"not_picked":["Gatherer:FlowerShield","Gatherer:Frenzy"],"picked":"Gatherer:FragileHammer","floor":4.0},{"not_picked":["Gatherer:AcidicSpray","Gatherer:Solidify","Gatherer:SmartManeuver"],"picked":"SKIP","floor":5.0},{"not_picked":["Gatherer:RecipeChange","Gatherer:Enchant"],"picked":"Gatherer:MiningStrike","floor":7.0},{"not_picked":["Gatherer:FlowerFalling","Gatherer:FlowerShield"],"picked":"Gatherer:EnergyBasket","floor":8.0},{"not_picked":["Gatherer:Convert","Gatherer:Uplift"],"picked":"Gatherer:FragileHammer","floor":10.0},{"not_picked":["Gatherer:ScherryThrow","Gatherer:SaveValuables"],"picked":"Gatherer:BambuSword","floor":11.0},{"not_picked":["Gatherer:UpgradeBag","Gatherer:FlowerShield"],"picked":"Gatherer:Duality","floor":12.0},{"not_picked":["Gatherer:RecipeChange","Gatherer:EnergyBasket"],"picked":"Gatherer:Snatch","floor":14.0},{"not_picked":["Gatherer:Examine","Gatherer:Photoscythe"],"picked":"Gatherer:MindSearch","floor":16.0},{"not_picked":["Gatherer:GatherMaterial","Gatherer:FragileHammer"],"picked":"Gatherer:TreeGrowth+1","floor":18.0},{"not_picked":["Gatherer:FragileHammer","Gatherer:Solidify"],"picked":"Gatherer:OddSpoils","floor":19.0},{"not_picked":["Gatherer:SmartManeuver","Gatherer:CarefulStrike+1"],"picked":"Gatherer:QuickSynthesis+1","floor":21.0},{"not_picked":["Gatherer:WitheringStrike","Gatherer:GatherMaterial+1"],"picked":"Gatherer:Overflowing","floor":23.0},{"not_picked":["Gatherer:Frenzy","Gatherer:AromaProtection"],"picked":"Gatherer:QuickSynthesis+1","floor":25.0},{"not_picked":["Gatherer:FlowerBeam","Gatherer:Convert"],"picked":"Gatherer:ScherryThrow+1","floor":29.0},{"not_picked":["Gatherer:AcidicSpray+1","Gatherer:BambuSword"],"picked":"Gatherer:CollectorsShot","floor":30.0},{"not_picked":["Gatherer:FinishingStrike","Gatherer:LuckyClover"],"picked":"Gatherer:MindSearch","floor":33.0},{"not_picked":["Gatherer:AcidicSpray+1","Gatherer:CarefulStrike"],"picked":"Gatherer:Liquidism+1","floor":35},{"not_picked":["Gatherer:SaveValuables+1","Gatherer:Frenzy"],"picked":"Gatherer:FlowerFalling+1","floor":36},{"not_picked":["Gatherer:Herbalism","Gatherer:FragileHammer+1"],"picked":"Gatherer:Frenzy","floor":38},{"not_picked":["Gatherer:AcidicSpray+1","Gatherer:Herbalism+1"],"picked":"Gatherer:ScherryThrow+1","floor":39},{"not_picked":["Gatherer:ScentOfRosmari+1","Gatherer:PotentialSlash+1"],"picked":"Gatherer:DrugPower+1","floor":40},{"not_picked":["Gatherer:Uplift","Gatherer:FeelingFine+1"],"picked":"Gatherer:Transmute+1","floor":42},{"not_picked":["Gatherer:Snatch","Gatherer:Pollute"],"picked":"Gatherer:BlackTea","floor":44},{"not_picked":["Gatherer:Convert","Gatherer:EnergyBasket+1"],"picked":"Gatherer:PotentialSlash+1","floor":47},{"not_picked":["Gatherer:Polymorphism","Gatherer:FlowerBeam","Gatherer:TreeGrowth"],"picked":"SKIP","floor":48}],"player_experience":35131,"relics_obtained":[{"floor":7.0,"key":"Gatherer:MistGenerator"},{"floor":9.0,"key":"Gatherer:FlyingFruit"},{"floor":17.0,"key":"Replay:Wax Seal"},{"floor":17.0,"key":"Chameleon Ring"},{"floor":17.0,"key":"StoneCalendar"},{"floor":23.0,"key":"Pantograph"},{"floor":26.0,"key":"ReplayFunnel"},{"floor":29.0,"key":"Iron Hammer"},{"floor":43,"key":"Pear"},{"floor":44,"key":"Ornamental Fan"},{"floor":47,"key":"Girya"}],"event_choices":[{"damage_healed":0.0,"max_hp_gain":0.0,"max_hp_loss":0.0,"gold_gain":0.0,"event_name":"The Woman in Blue","player_choice":"Bought 0 Potions","floor":13.0,"gold_loss":0.0,"damage_taken":0.0},{"damage_healed":0.0,"max_hp_gain":0.0,"max_hp_loss":0.0,"gold_gain":99.0,"event_name":"Nest","player_choice":"Stole From Cult","floor":22.0,"gold_loss":0.0,"damage_taken":0.0},{"damage_healed":0.0,"max_hp_gain":0.0,"max_hp_loss":0.0,"gold_gain":0.0,"event_name":"Duplicator","player_choice":"Copied","floor":27.0,"gold_loss":0.0,"damage_taken":0.0,"cards_obtained":["Gatherer:QuickSynthesis"]},{"cards_removed":["Gatherer:Overflowing"],"damage_healed":34,"gold_gain":0,"player_choice":"Offered Rare","damage_taken":0,"max_hp_gain":10,"max_hp_loss":0,"event_name":"Bonfire Elementals","floor":37,"gold_loss":0},{"damage_healed":0,"gold_gain":0,"player_choice":"Upgraded Two","damage_taken":0,"max_hp_gain":0,"max_hp_loss":0,"event_name":"Designer","floor":46,"gold_loss":40,"cards_upgraded":["Gatherer:FragileHammer","Gatherer:SmartManeuver"]}],"is_beta":false,"boss_relics":[{"not_picked":["Empty Cage","Ectoplasm"],"picked":"Calling Bell"},{"not_picked":["Fusion Hammer","Cursed Key"],"picked":"Velvet Choker"}],"items_purged_floors":[],"is_endless":false,"potions_floor_spawned":[3,4,10,12,14,21,25,33,36,40,44,47,48],"killed_by":"Replay:Hell Engine","ascension_level":0}}