{"host":"hjw1ay65n7jm40lc","time":1610072763,"event":{"mods":["AchievementEnabler","BaseMod","Block Reminder","Colored Map","Colored Powertips","Curses Come First","Downfall","Googly Eyes","Hermit","Highlight Path","Minty Spire (QoL Compilation)","Quick Restart","Relic Stats","StSLib"],"gold_per_floor":[99,118,129,195,218,22,101,135,161,61,83,119,119,278,305,417,417,417,429,449,459,468,468,492,517,517,159,182,267,256,291,317,424,478,378,399,408,126,144,156,156,179,204,204,230,230,253,60,74,74],"floor_reached":51,"playtime":12361,"items_purged":["Guardian:Strike_Guardian","Guardian:Strike_Guardian","downfall:Aged","Guardian:Gem_Fragmented"],"score":779,"play_id":"518c8262-34ca-42a0-aa75-7ab4fae9ad6c","local_time":"20210107212603","is_ascension_mode":false,"campfire_choices":[{"data":"Guardian:TwinSlam","floor":1.0,"key":"SMITH"},{"data":"Guardian:Clone","floor":10.0,"key":"SMITH"},{"data":"Guardian:Incinerate","floor":13.0,"key":"SMITH"},{"data":"Guardian:FierceBash","floor":18.0,"key":"SMITH"},{"floor":23.0,"key":"RECALL"},{"data":"Guardian:StasisEngine","floor":35.0,"key":"SMITH"},{"data":"Guardian:ConstructionForm","floor":44,"key":"SMITH"},{"data":"Guardian:Orbwalk","floor":46,"key":"SMITH"}],"circlet_count":0,"master_deck":["Guardian:CurlUp","Guardian:TwinSlam+1","Guardian:Clone+1","Guardian:Recover","Guardian:RollAttack","Guardian:Incinerate+1","Guardian:SphericShield","Guardian:SpikerProtocol","Guardian:ChargeCore","Guardian:BronzeArmor+1","Guardian:FierceBash+1","Guardian:TimeSifter","Guardian:SpikerProtocol","Guardian:MultiBeam","Guardian:EvasiveProtocol","Guardian:DonusPower","Guardian:Orbwalk+1","Guardian:StasisEngine+1","Guardian:ConstructionForm+1","Guardian:PiercingHide","Guardian:ShieldSpikes","Guardian:GemFire","Guardian:EvasiveProtocol+1","Guardian:RevengeProtocol","Guardian:Reroute"],"relics":["Guardian:ModeShifter","Ancient Tea Set","CeramicFish","Darkstone Periapt","Nunchaku","downfall:HeartBlessingGreen","Odd Mushroom","Snecko Eye","War Paint","Anchor","Art of War","Kunai","Red Mask","Pandora\u0027s Box","downfall:HeartBlessingRed","Guardian:StasisEgg","Chemical X","Calipers","White Beast Statue","PreservedInsect"],"acts_visited":["Exordium","TheCity","TheBeyond"],"potions_floor_usage":[45,50,50],"damage_taken":[{"damage":0.0,"enemies":"2 Louse","floor":2.0,"turns":1.0},{"damage":1.0,"enemies":"Jaw Worm","floor":3.0,"turns":5.0},{"damage":28.0,"enemies":"Lagavulin Event","floor":4.0,"turns":8.0},{"damage":2.0,"enemies":"Small Slimes","floor":5.0,"turns":5.0},{"damage":0.0,"enemies":"downfall:FleeingMerchant","floor":6.0,"turns":4.0},{"damage":9.0,"enemies":"3 Sentries","floor":8.0,"turns":8.0},{"damage":0.0,"enemies":"3 Louse","floor":9.0,"turns":4.0},{"damage":0.0,"enemies":"Large Slime","floor":11.0,"turns":6.0},{"damage":0.0,"enemies":"The Mushroom Lair","floor":12.0,"turns":4.0},{"damage":0.0,"enemies":"2 Fungi Beasts","floor":15.0,"turns":3.0},{"damage":1.0,"enemies":"downfall:Silent","floor":16.0,"turns":6.0},{"damage":4.0,"enemies":"Chosen","floor":19.0,"turns":5.0},{"damage":0.0,"enemies":"Centurion and Healer","floor":20.0,"turns":3.0},{"damage":0.0,"enemies":"3 Cultists","floor":21.0,"turns":5.0},{"damage":0.0,"enemies":"Book of Stabbing","floor":25.0,"turns":5.0},{"damage":0.0,"enemies":"downfall:FleeingMerchant","floor":27.0,"turns":4.0},{"damage":0.0,"enemies":"Snecko","floor":28.0,"turns":3.0},{"damage":10.0,"enemies":"downfall:FleeingMerchant","floor":30.0,"turns":4.0},{"damage":0.0,"enemies":"Masked Bandits","floor":31.0,"turns":3.0},{"damage":0.0,"enemies":"Chosen and Byrds","floor":32.0,"turns":4.0},{"damage":25.0,"enemies":"downfall:Watcher","floor":33.0,"turns":8.0},{"damage":0.0,"enemies":"Orb Walker","floor":36.0,"turns":3.0},{"damage":0.0,"enemies":"3 Shapes","floor":39.0,"turns":1.0},{"damage":2.0,"enemies":"Transient","floor":40.0,"turns":5.0},{"damage":12.0,"enemies":"4 Shapes","floor":42.0,"turns":4.0},{"damage":0.0,"enemies":"Giant Head","floor":43.0,"turns":5.0},{"damage":0,"enemies":"Nemesis","floor":45,"turns":3},{"damage":0,"enemies":"Spire Growth","floor":47,"turns":4},{"damage":0,"enemies":"Transient","floor":49,"turns":5},{"damage":6,"enemies":"ArchetypeAct3BlockNewAge","floor":50,"turns":7}],"seed_played":"-6748949035593717104","potions_obtained":[{"floor":8.0,"key":"Strength Potion"},{"floor":9.0,"key":"ColorlessPotion"},{"floor":15.0,"key":"CultistPotion"},{"floor":28.0,"key":"FairyPotion"},{"floor":33.0,"key":"Strength Potion"},{"floor":43,"key":"FearPotion"},{"floor":45,"key":"Explosive Potion"},{"floor":49,"key":"Strength Potion"}],"is_trial":false,"path_per_floor":["R","M","M","?","M","$","T","E","M","R","M","?","R","?","M","B",null,"R","M","M","M","?","R","T","E","?","$","M","?","$","?","M","B",null,"R","M","?","$","M","M","T","M","E","R","E","R","M","?","M","B",null],"character_chosen":"GUARDIAN","items_purchased":["Guardian:SphericShield","Fire Potion","Guardian:SpikerProtocol","Art of War","Guardian:MultiBeam","Kunai","Chemical X","Guardian:Reroute"],"campfire_rested":0,"item_purchase_floors":[6,6,27,27,27,30,38,48],"current_hp_per_floor":[80,80,79,51,49,49,49,40,40,40,40,40,40,46,46,45,86,86,82,82,82,82,82,82,82,82,82,82,66,56,56,56,31,86,86,86,92,92,92,90,90,78,78,78,78,78,78,78,78,72],"gold":74,"neow_bonus":"RANDOM_COMMON_RELIC","is_daily":false,"chose_seed":false,"campfire_upgraded":7,"win_rate":0.0,"timestamp":1610072763,"path_taken":["R","M","M","?","M","$","T","E","M","R","M","?","R","?","M","BOSS","R","M","M","M","?","R","T","E","?","$","M","?","$","?","M","BOSS","R","M","?","$","M","M","T","M","E","R","E","R","M","?","M","BOSS"],"items_purchased_type":["Card","Potion","Card","Relic","Card","Relic","Relic","Card"],"build_version":"2020-12-22","purchased_purges":4,"victory":true,"max_hp_per_floor":[80,80,80,80,80,80,80,80,80,80,80,80,80,86,86,86,86,86,86,86,86,86,86,86,86,86,86,86,86,86,86,86,86,86,86,86,92,92,92,92,92,92,92,92,92,92,92,92,92,92],"relic_stats":{"Darkstone Periapt":12,"Nunchaku":[23],"counters":[30,135],"CeramicFish":279,"Snecko Eye":[121,156,155,149],"Pandora\u0027s Box":["Guardian:ConstructionForm","Guardian:Gem_Fragmented","Guardian:Gem_Cyan","Guardian:PiercingHide","Guardian:ShieldSpikes","Guardian:GemFire"],"PreservedInsect":0,"Art of War":[8],"Kunai":[30],"Chemical X":[14],"War Paint":["Guardian:BronzeArmor","Guardian:Defend_Guardian"],"obtain_stats":[{"Darkstone Periapt":7,"Calipers":41,"downfall:HeartBlessingRed":35,"Guardian:StasisEgg":37,"CeramicFish":4,"Guardian:ModeShifter":0,"downfall:HeartBlessingGreen":10,"PreservedInsect":45,"Odd Mushroom":12,"War Paint":24,"Ancient Tea Set":0,"White Beast Statue":43,"Nunchaku":8,"Anchor":25,"Snecko Eye":17,"Pandora\u0027s Box":34,"Art of War":27,"Red Mask":31,"Kunai":30,"Chemical X":38},{"Darkstone Periapt":5,"Calipers":24,"downfall:HeartBlessingRed":21,"Guardian:StasisEgg":22,"CeramicFish":3,"Guardian:ModeShifter":0,"downfall:HeartBlessingGreen":7,"PreservedInsect":27,"Odd Mushroom":9,"War Paint":14,"Ancient Tea Set":0,"White Beast Statue":26,"Nunchaku":6,"Anchor":15,"Snecko Eye":11,"Pandora\u0027s Box":21,"Art of War":16,"Red Mask":19,"Kunai":18,"Chemical X":22},{"Darkstone Periapt":23,"Calipers":107,"downfall:HeartBlessingRed":98,"Guardian:StasisEgg":101,"CeramicFish":14,"Guardian:ModeShifter":0,"downfall:HeartBlessingGreen":35,"PreservedInsect":119,"Odd Mushroom":45,"War Paint":67,"Ancient Tea Set":0,"White Beast Statue":116,"Nunchaku":31,"Anchor":72,"Snecko Eye":54,"Pandora\u0027s Box":98,"Art of War":76,"Red Mask":86,"Kunai":83,"Chemical X":101}]},"card_choices":[{"not_picked":["Guardian:Gem_Green","Guardian:TemporalShield"],"picked":"Guardian:Clone","floor":2.0},{"not_picked":["Guardian:TemporalStrike","Guardian:PrimingBeam","Guardian:PrismaticBeam"],"picked":"SKIP","floor":3.0},{"not_picked":["Guardian:ShieldCharger","Guardian:Reroute"],"picked":"Guardian:Recover","floor":4.0},{"not_picked":["Guardian:PolyBeam","Guardian:Reroute"],"picked":"Guardian:RollAttack","floor":5.0},{"not_picked":["Guardian:ShieldCharger","Guardian:TemporalStrike"],"picked":"Guardian:Incinerate","floor":6.0},{"not_picked":["Guardian:PrismaticBeam","Guardian:Planning"],"picked":"Guardian:SpikerProtocol","floor":8.0},{"not_picked":["Guardian:RollAttack","Guardian:Repulse"],"picked":"Guardian:Gem_Fragmented","floor":9.0},{"not_picked":["Guardian:PrimingBeam","Guardian:Gem_Green"],"picked":"Guardian:Gem_Yellow","floor":11.0},{"not_picked":["Guardian:Gem_Green","Guardian:VentSteam"],"picked":"Guardian:ChargeCore","floor":12.0},{"not_picked":["Guardian:HyperBeam_Guardian","Guardian:PrismaticBarrier"],"picked":"Guardian:BronzeArmor","floor":15.0},{"not_picked":["Guardian:FastForward","Guardian:TimeSifter"],"picked":"Guardian:FierceBash","floor":16.0},{"not_picked":["Guardian:Planning","Guardian:RollAttack","Guardian:Incinerate"],"picked":"SKIP","floor":19.0},{"not_picked":["Guardian:Gem_Green","Guardian:Incinerate"],"picked":"Guardian:Gem_Crimson","floor":20.0},{"not_picked":["Guardian:WalkerClaw","Guardian:Planning+1","Guardian:Gem_Lightblue"],"picked":"SKIP","floor":21.0},{"not_picked":["Guardian:WalkerClaw","Guardian:RollAttack+1","Guardian:RefractedBeam"],"picked":"SKIP","floor":25.0},{"not_picked":["Guardian:SentryBeam","Guardian:TemporalShield"],"picked":"Guardian:TimeSifter","floor":27.0},{"not_picked":["Guardian:VentSteam","Guardian:PiercingHide"],"picked":"Guardian:EvasiveProtocol","floor":28.0},{"not_picked":["Guardian:PolyBeam","Guardian:ArmoredProtocol","Guardian:Suspension+1"],"picked":"SKIP","floor":30.0},{"not_picked":["Guardian:TemporalShield","Guardian:Reroute"],"picked":"Guardian:DonusPower","floor":31.0},{"not_picked":["Guardian:Gem_Blue","Guardian:FloatingOrbs"],"picked":"Guardian:Orbwalk","floor":32.0},{"not_picked":["Guardian:AncientConstruct","Guardian:FastForward"],"picked":"Guardian:StasisEngine","floor":33.0},{"not_picked":["Guardian:Planning","Guardian:SentryBeam"],"picked":"Guardian:EvasiveProtocol+1","floor":36.0},{"not_picked":["Guardian:FuturePlans","Guardian:Repulse","Guardian:PrimingBeam+1"],"picked":"SKIP","floor":39.0},{"not_picked":["Guardian:Gem_Red","Guardian:WalkerClaw","Guardian:Gem_Lightblue"],"picked":"SKIP","floor":40.0},{"not_picked":["Guardian:Gem_Purple","Guardian:Gem_Green"],"picked":"Guardian:Gem_Fragmented","floor":42.0},{"not_picked":["Guardian:Gem_Crimson","Guardian:PiercingHide","Guardian:PrismaticBeam"],"picked":"SKIP","floor":43},{"not_picked":["Guardian:PrimingBeam","Guardian:TemporalShield+1","Guardian:TemporalStrike"],"picked":"SKIP","floor":45},{"not_picked":["Guardian:TimeBomb+1","Guardian:Gem_White"],"picked":"Guardian:RevengeProtocol","floor":47},{"not_picked":["Guardian:PrimingBeam+1","Guardian:TemporalStrike","Guardian:PolyBeam+1"],"picked":"SKIP","floor":49}],"player_experience":780858,"relics_obtained":[{"floor":4.0,"key":"CeramicFish"},{"floor":7.0,"key":"Darkstone Periapt"},{"floor":8.0,"key":"Nunchaku"},{"floor":12.0,"key":"Odd Mushroom"},{"floor":24.0,"key":"War Paint"},{"floor":25.0,"key":"Anchor"},{"floor":31.0,"key":"Red Mask"},{"floor":41.0,"key":"Calipers"},{"floor":43,"key":"White Beast Statue"},{"floor":45,"key":"PreservedInsect"}],"event_choices":[{"damage_healed":0.0,"max_hp_gain":0.0,"max_hp_loss":0.0,"gold_gain":0.0,"event_name":"Mushrooms","player_choice":"Fought Mushrooms","floor":12.0,"gold_loss":0.0,"damage_taken":0.0},{"damage_healed":0.0,"max_hp_gain":0.0,"max_hp_loss":0.0,"gold_gain":0.0,"event_name":"Ghosts","player_choice":"Ignored","floor":26.0,"gold_loss":0.0,"damage_taken":0.0},{"damage_healed":0.0,"max_hp_gain":0.0,"max_hp_loss":0.0,"gold_gain":0.0,"event_name":"Masked Bandits","player_choice":"Fought Bandits","floor":31.0,"gold_loss":0.0,"damage_taken":0.0}],"is_beta":false,"boss_relics":[{"not_picked":["Runic Dome","Calling Bell"],"picked":"Snecko Eye"},{"not_picked":["Velvet Choker","Black Star"],"picked":"Pandora\u0027s Box"}],"items_purged_floors":[27,30,38,48],"is_endless":false,"potions_floor_spawned":[8,9,11,15,28,31,32,33,43,45,47,49],"ascension_level":0}}