{"host":"b7j598ve05halrwk","time":1610119767,"event":{"mods":["2.2 Compatiblity","BaseMod","Block Reminder","DeckTracker","Minty Spire (QoL Compilation)","Relic Stats","Slay the Relics Exporter","StSLib","ojb\u0027s Better Paths Mod","ojb\u0027s Info Mod"],"gold_per_floor":[19,30,41,56,75,102,102,134,134,144,144,144,155,27,27,100,100,72,72,99,119,119,151,151,168,193,205,205,45,80,80,80,80,80],"floor_reached":33,"playtime":2404,"items_purged":["Decay"],"score":594,"play_id":"a67e3936-9833-43ef-86d0-264641c27ebf","local_time":"20210108102927","is_ascension_mode":true,"campfire_choices":[{"floor":7.0,"key":"REST"},{"data":"Biased Cognition","floor":12.0,"key":"SMITH"},{"floor":15.0,"key":"REST"},{"floor":24,"key":"REST"},{"data":"Multi-Cast","floor":28,"key":"SMITH"},{"floor":32,"key":"REST"}],"circlet_count":0,"master_deck":["AscendersBane","Strike_B","Strike_B","Defend_B","Defend_B","Defend_B","Defend_B","Zap","Dualcast","Multi-Cast+1","Biased Cognition+1","Compile Driver","Chaos","Auto Shields","Glacier","Coolheaded","Turbo","Cold Snap","Doom and Gloom","Defragment","Rainbow","Aggregate","Reinforced Body","Glacier","Self Repair","White Noise+1","Skim","FTL+1"],"relics":["Cracked Core","Tiny Chest","Strawberry","Bottled Lightning","Pear","Runic Dome","Lizard Tail","Red Mask","InkBottle","Vajra","Mercury Hourglass"],"acts_visited":[],"potions_floor_usage":[23,25,30,33],"damage_taken":[{"damage":1.0,"enemies":"Cultist","floor":1.0,"turns":3.0},{"damage":6.0,"enemies":"2 Louse","floor":2.0,"turns":2.0},{"damage":7.0,"enemies":"Jaw Worm","floor":3.0,"turns":4.0},{"damage":0.0,"enemies":"Large Slime","floor":4.0,"turns":3.0},{"damage":7.0,"enemies":"Exordium Wildlife","floor":5.0,"turns":5.0},{"damage":20.0,"enemies":"Lagavulin","floor":6.0,"turns":9.0},{"damage":39.0,"enemies":"Gremlin Nob","floor":8.0,"turns":4.0},{"damage":1.0,"enemies":"2 Fungi Beasts","floor":10.0,"turns":5.0},{"damage":3.0,"enemies":"Large Slime","floor":13.0,"turns":13.0},{"damage":18.0,"enemies":"The Guardian","floor":16.0,"turns":14.0},{"damage":0.0,"enemies":"2 Thieves","floor":18.0,"turns":4.0},{"damage":45.0,"enemies":"Masked Bandits","floor":20.0,"turns":4.0},{"damage":12.0,"enemies":"Chosen","floor":21.0,"turns":6.0},{"damage":12,"enemies":"Book of Stabbing","floor":23,"turns":7},{"damage":41,"enemies":"Centurion and Healer","floor":25,"turns":11},{"damage":20,"enemies":"Snecko","floor":27,"turns":3},{"damage":10,"enemies":"Slavers","floor":30,"turns":6},{"damage":45,"enemies":"Collector","floor":33,"turns":7}],"seed_played":"5868835985391646428","potions_obtained":[{"floor":1.0,"key":"SteroidPotion"},{"floor":3.0,"key":"SpeedPotion"},{"floor":5.0,"key":"FearPotion"},{"floor":13.0,"key":"Weak Potion"},{"floor":16.0,"key":"Dexterity Potion"},{"floor":18.0,"key":"FocusPotion"},{"floor":23,"key":"SkillPotion"}],"is_trial":false,"path_per_floor":["M","M","M","M","M","E","R","E","T","M","?","R","M","$","R","B",null,"M","T","?","M","?","E","R","M","T","M","R","$","E","T","R","B"],"character_chosen":"DEFECT","items_purchased":["Doom and Gloom","Defragment","LiquidBronze"],"campfire_rested":4,"item_purchase_floors":[14,14,29],"current_hp_per_floor":[63,57,50,50,43,23,44,12,12,11,21,21,18,18,44,26,73,73,73,28,16,16,4,30,44,44,24,24,24,14,14,40,0,0],"gold":80,"neow_bonus":"TRANSFORM_TWO_CARDS","is_daily":false,"chose_seed":false,"campfire_upgraded":2,"win_rate":0.0,"timestamp":1610119767,"path_taken":["M","?","M","M","M","E","R","E","T","M","?","R","?","?","R","BOSS","M","?","?","M","?","E","R","M","T","?","R","$","E","?","R","BOSS"],"items_purchased_type":["Card","Card","Potion"],"build_version":"2020-12-22","purchased_purges":1,"victory":false,"max_hp_per_floor":[71,71,71,71,71,71,71,78,78,78,88,88,88,88,88,88,88,88,88,88,88,88,88,88,88,88,88,88,88,88,88,88,88,88],"relic_stats":{"Lizard Tail":44,"counters":[7,44],"Tiny Chest":1,"obtain_stats":[{"Runic Dome":0,"Lizard Tail":0,"Pear":0,"Strawberry":0,"Vajra":30,"Tiny Chest":0,"Red Mask":20,"Bottled Lightning":0,"Cracked Core":0,"InkBottle":23,"Mercury Hourglass":31},{"Runic Dome":0,"Lizard Tail":0,"Pear":0,"Strawberry":0,"Vajra":6,"Tiny Chest":0,"Red Mask":1,"Bottled Lightning":0,"Cracked Core":0,"InkBottle":3,"Mercury Hourglass":6},{"Runic Dome":0,"Lizard Tail":0,"Pear":0,"Strawberry":0,"Vajra":37,"Tiny Chest":0,"Red Mask":4,"Bottled Lightning":0,"Cracked Core":0,"InkBottle":17,"Mercury Hourglass":37}],"InkBottle":[10],"Mercury Hourglass":[46]},"card_choices":[{"not_picked":["Leap","Redo"],"picked":"Compile Driver","floor":1.0},{"not_picked":["Barrage","Steam"],"picked":"Chaos","floor":2.0},{"not_picked":["Capacitor","Streamline"],"picked":"Auto Shields","floor":3.0},{"not_picked":["White Noise","Steam"],"picked":"Glacier","floor":4.0},{"not_picked":["Fusion","Gash"],"picked":"Coolheaded","floor":5.0},{"not_picked":["Recycle","Heatsinks"],"picked":"Compile Driver","floor":6.0},{"not_picked":["Meteor Strike","Storm"],"picked":"Turbo","floor":8.0},{"not_picked":["Turbo","Aggregate"],"picked":"Cold Snap","floor":10.0},{"not_picked":["Consume","Steam","Beam Cell"],"picked":"SKIP","floor":13.0},{"not_picked":["Machine Learning","Reboot"],"picked":"Rainbow","floor":16.0},{"not_picked":["Stack","Cold Snap"],"picked":"Aggregate","floor":18.0},{"not_picked":["Steam Power","Barrage"],"picked":"Reinforced Body","floor":20.0},{"not_picked":["Barrage","Double Energy"],"picked":"Glacier","floor":21.0},{"not_picked":["Darkness+1","Barrage+1"],"picked":"Self Repair","floor":23},{"not_picked":["Conserve Battery","Cold Snap"],"picked":"White Noise+1","floor":25},{"not_picked":["Double Energy+1","Chill"],"picked":"Skim","floor":27},{"not_picked":["Sweeping Beam","Gash"],"picked":"FTL+1","floor":30}],"player_experience":866824,"relics_obtained":[{"floor":6.0,"key":"Tiny Chest"},{"floor":8.0,"key":"Strawberry"},{"floor":9.0,"key":"Bottled Lightning"},{"floor":19.0,"key":"Lizard Tail"},{"floor":20.0,"key":"Red Mask"},{"floor":23,"key":"InkBottle"},{"floor":30,"key":"Vajra"},{"floor":31,"key":"Mercury Hourglass"}],"event_choices":[{"cards_removed":["Compile Driver"],"damage_healed":0.0,"max_hp_gain":0.0,"max_hp_loss":0.0,"gold_gain":0.0,"event_name":"WeMeetAgain","player_choice":"Gave Card","floor":11.0,"gold_loss":0.0,"damage_taken":0.0,"relics_obtained":["Pear"]},{"damage_healed":0.0,"max_hp_gain":0.0,"max_hp_loss":0.0,"gold_gain":0.0,"event_name":"Masked Bandits","player_choice":"Fought Bandits","floor":20.0,"gold_loss":0.0,"damage_taken":0.0},{"damage_healed":0.0,"max_hp_gain":0.0,"max_hp_loss":0.0,"gold_gain":0.0,"event_name":"Forgotten Altar","player_choice":"Smashed Altar","floor":22.0,"gold_loss":0.0,"damage_taken":0.0,"cards_obtained":["Decay"]}],"is_beta":false,"boss_relics":[{"not_picked":["Nuclear Battery","FrozenCore"],"picked":"Runic Dome"}],"items_purged_floors":[29],"is_endless":false,"potions_floor_spawned":[1,3,5,13,16,18,20,23],"killed_by":"Collector","ascension_level":20}}