{"host":"tw71e6tbbdk6nymt","time":1610138575,"event":{"mods":["Aspiration","BaseMod","Minty Spire (QoL Compilation)","StSLib"],"gold_per_floor":[119,137,147,147,163,163,197,207,207,220,220,250,260,271,271,367,367,386,399,399,67,84,84,99,126,204,50,50,50,66,29,29,29,29],"floor_reached":33,"playtime":2110,"items_purged":[],"score":337,"play_id":"6b02433e-ac45-496a-8d8a-5e905a037caa","local_time":"20210109044255","is_ascension_mode":true,"campfire_choices":[{"data":"Backflip","floor":6,"key":"SMITH"},{"data":"Footwork","floor":11,"key":"SMITH"},{"floor":15,"key":"REST"},{"floor":23,"key":"REST"},{"floor":28,"key":"REST"},{"data":"Burst","floor":32,"key":"SMITH"}],"circlet_count":0,"master_deck":["Strike_G","Strike_G","Strike_G","Defend_G","Defend_G","Defend_G","Defend_G","Defend_G","Survivor","Neutralize","Backflip+1","Dash","Dagger Throw","Unload","Prepared","Corpse Explosion","Footwork+1","Heel Hook","Dagger Spray","Outmaneuver","Burst+1","Dagger Spray+1","Dodge and Roll+1","Flying Knee","Acrobatics","Catalyst+1","RitualDagger","Poisoned Stab","Crippling Poison"],"relics":["Ring of the Snake","aspiration:Nostalgia","Cracked Core","aspiration:ChemicalBlood","aspiration:VileToxins","Omamori","Cursed Key","Oddly Smooth Stone","Happy Flower","Turnip","Mercury Hourglass","Anchor"],"acts_visited":["Exordium","TheCity"],"potions_floor_usage":[12,12,16,16,19,22,24,25,30,33,33],"damage_taken":[{"damage":0,"enemies":"2 Louse","floor":1,"turns":3},{"damage":1,"enemies":"Cultist","floor":2,"turns":5},{"damage":2,"enemies":"Jaw Worm","floor":3,"turns":4},{"damage":1,"enemies":"Exordium Thugs","floor":5,"turns":4},{"damage":13,"enemies":"3 Sentries","floor":7,"turns":7},{"damage":0,"enemies":"3 Louse","floor":8,"turns":1},{"damage":1,"enemies":"Blue Slaver","floor":10,"turns":3},{"damage":5,"enemies":"Lagavulin","floor":12,"turns":5},{"damage":0,"enemies":"Looter","floor":13,"turns":2},{"damage":2,"enemies":"3 Louse","floor":14,"turns":2},{"damage":10,"enemies":"Hexaghost","floor":16,"turns":12},{"damage":27,"enemies":"3 Byrds","floor":18,"turns":3},{"damage":13,"enemies":"2 Thieves","floor":19,"turns":2},{"damage":11,"enemies":"3 Cultists","floor":22,"turns":4},{"damage":0,"enemies":"Snecko","floor":24,"turns":3},{"damage":20,"enemies":"Slavers","floor":25,"turns":4},{"damage":0,"enemies":"Cultist and Chosen","floor":30,"turns":2},{"damage":46,"enemies":"Automaton","floor":33,"turns":6}],"seed_played":"-6854389549810160866","potions_obtained":[{"floor":1,"key":"FearPotion"},{"floor":5,"key":"ColorlessPotion"},{"floor":7,"key":"AttackPotion"},{"floor":10,"key":"SteroidPotion"},{"floor":14,"key":"Explosive Potion"},{"floor":16,"key":"Strength Potion"},{"floor":22,"key":"Fire Potion"}],"is_trial":false,"path_per_floor":["M","M","M","?","M","R","E","M","T","M","R","E","M","M","R","B",null,"M","M","?","$","M","R","M","E","T","$","R","?","M","$","R","B"],"character_chosen":"THE_SILENT","items_purchased":["Oddly Smooth Stone","Flying Knee","Happy Flower","Anchor","Crippling Poison"],"campfire_rested":3,"item_purchase_floors":[21,21,21,27,31],"current_hp_per_floor":[70,69,67,67,66,66,53,53,53,52,52,47,47,45,66,56,70,43,30,30,30,19,40,40,20,20,20,41,35,35,35,35,0,0],"gold":29,"neow_bonus":"NOSTALGIA","is_daily":false,"chose_seed":false,"campfire_upgraded":3,"win_rate":0.0,"timestamp":1610138575,"path_taken":["M","M","M","?","M","R","E","M","T","M","R","E","M","?","R","BOSS","M","M","?","$","M","R","M","E","T","?","R","?","M","?","R","BOSS"],"items_purchased_type":["Relic","Card","Relic","Relic","Card"],"build_version":"2020-12-22","purchased_purges":0,"victory":false,"max_hp_per_floor":[70,70,70,70,70,70,70,70,70,70,70,70,70,70,70,70,70,70,70,70,70,70,70,70,70,70,70,70,70,70,70,70,70,70],"card_choices":[{"not_picked":["Infinite Blades","Prepared"],"picked":"Backflip","floor":1},{"not_picked":["Deflect","Noxious Fumes"],"picked":"Dash","floor":2},{"not_picked":["Predator","Sucker Punch"],"picked":"Dagger Throw","floor":3},{"not_picked":["Bouncing Flask","Concentrate"],"picked":"Prepared","floor":5},{"not_picked":["Acrobatics","Bane"],"picked":"Corpse Explosion","floor":7},{"not_picked":["Underhanded Strike","Deflect"],"picked":"Footwork","floor":8},{"not_picked":["Sucker Punch","Quick Slash"],"picked":"Heel Hook","floor":10},{"not_picked":["Deflect","Terror"],"picked":"Dagger Spray","floor":12},{"not_picked":["Dagger Spray","Slice"],"picked":"Outmaneuver","floor":13},{"not_picked":["Noxious Fumes","Sucker Punch","Dagger Throw"],"picked":"SKIP","floor":14},{"not_picked":["Glass Knife","Wraith Form v2"],"picked":"Burst","floor":16},{"not_picked":["Finisher","Backflip"],"picked":"Dagger Spray+1","floor":18},{"not_picked":["Cloak And Dagger","Acrobatics"],"picked":"Dodge and Roll+1","floor":19},{"not_picked":["Reflex","Dodge and Roll"],"picked":"Acrobatics","floor":22},{"not_picked":["Accuracy","PiercingWail"],"picked":"Catalyst+1","floor":24},{"not_picked":["Dodge and Roll","Tools of the Trade","Acrobatics"],"picked":"SKIP","floor":25},{"not_picked":["Flechettes","Blade Dance"],"picked":"Poisoned Stab","floor":30}],"player_experience":389949,"relics_obtained":[{"floor":7,"key":"aspiration:ChemicalBlood"},{"floor":9,"key":"aspiration:VileToxins"},{"floor":12,"key":"Omamori"},{"floor":25,"key":"Turnip"},{"floor":26,"key":"Mercury Hourglass"}],"event_choices":[{"damage_healed":0,"gold_gain":0,"cards_transformed":["Strike_G"],"player_choice":"Transformed","damage_taken":0,"max_hp_gain":0,"max_hp_loss":0,"event_name":"Transmorgrifier","floor":4,"gold_loss":0,"cards_obtained":["Unload"]},{"cards_removed":["Strike_G"],"damage_healed":0,"gold_gain":0,"player_choice":"Purged","damage_taken":0,"max_hp_gain":0,"max_hp_loss":0,"event_name":"Purifier","floor":20,"gold_loss":0},{"damage_healed":0,"gold_gain":0,"player_choice":"Joined the Cult","damage_taken":6,"max_hp_gain":0,"max_hp_loss":0,"event_name":"Nest","floor":29,"gold_loss":0,"cards_obtained":["RitualDagger"]}],"is_beta":false,"boss_relics":[{"not_picked":["Snecko Eye","aspiration:WatcherSkillbook"],"picked":"Cursed Key"}],"items_purged_floors":[],"is_endless":false,"potions_floor_spawned":[1,5,7,10,14,16,18,22],"killed_by":"Automaton","ascension_level":2}}