{"host":"11728qvdvolffudn","time":1610101277,"event":{"mods":["BaseMod","Block Reminder","Colored Powertips","Curses Come First","Custom Start","Displayed Cursed Tome","Highlight Path","Minty Spire (QoL Compilation)","Permanent Neow","Quick Restart","Rare Cards Sparkle","Relic Stats","StSLib"],"gold_per_floor":[118,138,138,111,111,136,136,154,154,154,154,154,171,197,197,294,294,306,107,206,236,236,236,248,263,333,345,355,355,373,390,390,390,390],"floor_reached":33,"playtime":1752,"items_purged":[],"score":282,"play_id":"c4f4b228-0d7d-44c0-a3cd-1b058ffa10ce","local_time":"20210108102117","is_ascension_mode":false,"campfire_choices":[{"data":"Defragment","floor":7,"key":"SMITH"},{"floor":10,"key":"REST"},{"data":"Reinforced Body","floor":12,"key":"SMITH"},{"floor":15,"key":"REST"},{"floor":23,"key":"REST"},{"floor":29,"key":"RECALL"},{"data":"Capacitor","floor":32,"key":"SMITH"}],"circlet_count":0,"master_deck":["Strike_B","Strike_B+1","Strike_B+1","Defend_B","Defend_B","Defend_B","Defend_B","Zap+1","Dualcast","Fusion","Gash+1","Defragment+1","Reinforced Body+1","Ball Lightning+1","Rainbow","Lockon+1","Self Repair","FTL+1","Gash+1","Self Repair","Cold Snap+1","Go for the Eyes+1","Capacitor+1","Chaos"],"relics":["Cracked Core","Anchor","Whetstone","Molten Egg 2","Juzu Bracelet","Nuclear Battery","Red Mask"],"acts_visited":["Exordium","TheCity"],"potions_floor_usage":[14,21,33],"damage_taken":[{"damage":0,"enemies":"Small Slimes","floor":1,"turns":2},{"damage":0,"enemies":"Jaw Worm","floor":2,"turns":3},{"damage":32,"enemies":"3 Sentries","floor":6,"turns":9},{"damage":0,"enemies":"2 Louse","floor":8,"turns":2},{"damage":10,"enemies":"Looter","floor":13,"turns":3},{"damage":12,"enemies":"Lagavulin","floor":14,"turns":7},{"damage":31,"enemies":"Slime Boss","floor":16,"turns":13},{"damage":6,"enemies":"Shell Parasite","floor":18,"turns":4},{"damage":30,"enemies":"Masked Bandits","floor":21,"turns":4},{"damage":17,"enemies":"3 Byrds","floor":24,"turns":5},{"damage":19,"enemies":"Snecko","floor":25,"turns":5},{"damage":4,"enemies":"Snake Plant","floor":27,"turns":4},{"damage":12,"enemies":"Cultist and Chosen","floor":28,"turns":5},{"damage":5,"enemies":"Centurion and Healer","floor":30,"turns":6},{"damage":13,"enemies":"Snecko","floor":31,"turns":5},{"damage":100,"enemies":"Collector","floor":33,"turns":7}],"seed_played":"-7912818696714557844","potions_obtained":[{"floor":1,"key":"FearPotion"},{"floor":6,"key":"Dexterity Potion"},{"floor":8,"key":"SpeedPotion"},{"floor":14,"key":"SteroidPotion"},{"floor":21,"key":"Fruit Juice"},{"floor":24,"key":"SkillPotion"}],"is_trial":false,"path_per_floor":["M","M","?","$","?","E","R","M","T","R","?","R","M","E","R","B",null,"M","$","?","?","?","R","M","M","T","M","M","R","M","M","R","B"],"character_chosen":"DEFECT","items_purchased":["Gash","Self Repair","FTL+1","Gash+1"],"campfire_rested":3,"item_purchase_floors":[4,19,19,19],"current_hp_per_floor":[75,75,60,60,53,21,21,21,21,43,48,48,38,26,50,19,80,74,74,74,56,40,67,64,59,59,69,71,71,80,81,81,0,0],"gold":390,"neow_bonus":"RANDOM_COMMON_RELIC","is_daily":false,"chose_seed":false,"campfire_upgraded":3,"win_rate":0.0,"timestamp":1610101277,"path_taken":["M","M","?","$","?","E","R","M","T","R","?","R","M","E","R","BOSS","M","$","?","?","?","R","M","M","T","M","M","R","M","M","R","BOSS"],"items_purchased_type":["Card","Card","Card","Card"],"build_version":"2020-12-22","purchased_purges":0,"victory":false,"max_hp_per_floor":[75,75,75,75,75,75,75,75,75,75,80,80,80,80,80,80,80,80,80,80,85,90,90,90,90,90,90,90,90,90,90,90,90,90],"relic_stats":{"counters":[16,84],"Juzu Bracelet":0,"Whetstone":["Strike_B","Gash"],"obtain_stats":[{"Anchor":0,"Molten Egg 2":9,"Juzu Bracelet":14,"Red Mask":21,"Whetstone":6,"Cracked Core":0,"Nuclear Battery":17},{"Anchor":0,"Molten Egg 2":4,"Juzu Bracelet":6,"Red Mask":9,"Whetstone":3,"Cracked Core":0,"Nuclear Battery":7},{"Anchor":0,"Molten Egg 2":16,"Juzu Bracelet":26,"Red Mask":47,"Whetstone":14,"Cracked Core":0,"Nuclear Battery":39}]},"card_choices":[{"not_picked":["Melter","Rebound","Beam Cell"],"picked":"SKIP","floor":1},{"not_picked":["Beam Cell","Steam"],"picked":"Fusion","floor":2},{"not_picked":["Beam Cell","Melter"],"picked":"Defragment","floor":6},{"not_picked":["Rebound","Lockon"],"picked":"Reinforced Body","floor":8},{"not_picked":["Steam","Compile Driver+1","Heatsinks"],"picked":"SKIP","floor":13},{"not_picked":["Aggregate","Electrodynamics"],"picked":"Ball Lightning+1","floor":14},{"not_picked":["Machine Learning","Multi-Cast"],"picked":"Rainbow","floor":16},{"not_picked":["Beam Cell+1","Scrape+1"],"picked":"Lockon+1","floor":18},{"not_picked":["Gash+1","FTL+1"],"picked":"Self Repair","floor":21},{"not_picked":["Reprogram+1","Compile Driver+1"],"picked":"Cold Snap+1","floor":24},{"not_picked":["Aggregate","Auto Shields","Beam Cell+1"],"picked":"SKIP","floor":25},{"not_picked":["Steam","Beam Cell+1","Leap"],"picked":"SKIP","floor":27},{"not_picked":["Stack","Static Discharge"],"picked":"Go for the Eyes+1","floor":28},{"not_picked":["Streamline+1","Consume+1"],"picked":"Capacitor","floor":30},{"not_picked":["Force Field","BootSequence+1"],"picked":"Chaos","floor":31}],"player_experience":86339,"relics_obtained":[{"floor":6,"key":"Whetstone"},{"floor":9,"key":"Molten Egg 2"},{"floor":14,"key":"Juzu Bracelet"},{"floor":21,"key":"Red Mask"}],"event_choices":[{"damage_healed":0,"gold_gain":0,"player_choice":"Entered Light","damage_taken":15,"max_hp_gain":0,"max_hp_loss":0,"event_name":"Shining Light","floor":3,"gold_loss":0,"cards_upgraded":["Zap","Strike_B"]},{"cards_removed":["Strike_B"],"damage_healed":0,"gold_gain":0,"player_choice":"Card Removal","damage_taken":7,"max_hp_gain":0,"max_hp_loss":0,"event_name":"Golden Wing","floor":5,"gold_loss":0},{"damage_healed":0,"gold_gain":0,"player_choice":"Donut","damage_taken":0,"max_hp_gain":5,"max_hp_loss":0,"event_name":"Big Fish","floor":11,"gold_loss":0},{"damage_healed":0,"gold_gain":99,"player_choice":"Stole From Cult","damage_taken":0,"max_hp_gain":0,"max_hp_loss":0,"event_name":"Nest","floor":20,"gold_loss":0},{"damage_healed":0,"gold_gain":0,"player_choice":"Fought Bandits","damage_taken":0,"max_hp_gain":0,"max_hp_loss":0,"event_name":"Masked Bandits","floor":21,"gold_loss":0},{"damage_healed":0,"gold_gain":0,"player_choice":"Shed Blood","damage_taken":21,"max_hp_gain":5,"max_hp_loss":0,"event_name":"Forgotten Altar","floor":22,"gold_loss":0}],"is_beta":false,"boss_relics":[{"not_picked":["Busted Crown","Runic Dome"],"picked":"Nuclear Battery"}],"items_purged_floors":[],"is_endless":false,"potions_floor_spawned":[1,6,8,14,16,18,21,24,30],"killed_by":"Collector","ascension_level":0}}