{"host":"mydft8i2zzydgggw","time":1610136260,"event":{"mods":["AchievementEnabler","BaseMod","Colored Map","Colored Powertips","DeckTracker","Keyboard Shortcuts","Minty Spire (QoL Compilation)","Rare Cards Sparkle","StSLib","SuperFastMode","The Poker Player","everything is the same but u backflip on backflip"],"gold_per_floor":[112,130,130,150,165,165,195,195,195,195,215,243,257,272,272,368,368,378,389,152,152,152,180,197,232,232,1,1,1],"floor_reached":28,"playtime":806,"items_purged":["Strike_R"],"score":297,"play_id":"fdc91464-dca9-4f30-bcb5-1f75d15a38b9","local_time":"20210109050420","is_ascension_mode":true,"campfire_choices":[{"data":"Armaments","floor":8,"key":"SMITH"},{"data":"Body Slam","floor":10,"key":"SMITH"},{"data":"Barricade","floor":15,"key":"SMITH"}],"circlet_count":0,"master_deck":["Strike_R","Strike_R","Defend_R","Defend_R","Defend_R","Bash","Anger","Body Slam+1","Body Slam+1","Armaments+1","Barricade+1","Burning Pact","Warcry","Offering","Seeing Red","Ghostly Armor","Good Instincts","Disarm","Entrench","Metallicize","Rage","Ghostly Armor"],"relics":["Burning Blood","Bronze Scales","Happy Flower","Eternal Feather","Runic Pyramid","Girya","Thread and Needle","Singing Bowl","PrismaticShard"],"acts_visited":["Exordium","TheCity"],"potions_floor_usage":[7,16,24,25,25,28],"damage_taken":[{"damage":8,"enemies":"Jaw Worm","floor":1,"turns":5},{"damage":0,"enemies":"Small Slimes","floor":2,"turns":3},{"damage":1,"enemies":"Cultist","floor":4,"turns":3},{"damage":2,"enemies":"2 Fungi Beasts","floor":5,"turns":3},{"damage":21,"enemies":"Lagavulin","floor":7,"turns":7},{"damage":8,"enemies":"Blue Slaver","floor":11,"turns":2},{"damage":22,"enemies":"3 Sentries","floor":12,"turns":7},{"damage":13,"enemies":"Large Slime","floor":13,"turns":4},{"damage":8,"enemies":"3 Louse","floor":14,"turns":3},{"damage":15,"enemies":"Hexaghost","floor":16,"turns":7},{"damage":7,"enemies":"Shell Parasite","floor":18,"turns":3},{"damage":6,"enemies":"Chosen","floor":19,"turns":3},{"damage":14,"enemies":"Book of Stabbing","floor":23,"turns":6},{"damage":27,"enemies":"Snecko","floor":24,"turns":6},{"damage":29,"enemies":"Slavers","floor":25,"turns":6},{"damage":19,"enemies":"Cultist and Chosen","floor":28,"turns":3}],"seed_played":"2335777279217104302","potions_obtained":[{"floor":4,"key":"LiquidMemories"},{"floor":7,"key":"Strength Potion"},{"floor":13,"key":"Energy Potion"},{"floor":19,"key":"Energy Potion"},{"floor":23,"key":"SteroidPotion"},{"floor":24,"key":"SpeedPotion"}],"is_trial":false,"path_per_floor":["M","M","?","M","M","?","E","R","T","R","M","E","M","M","R","B",null,"M","M","$","?","?","E","M","E","T","$","M"],"character_chosen":"IRONCLAD","items_purchased":["Ghostly Armor","Good Instincts","PrismaticShard","Ghostly Armor"],"campfire_rested":0,"item_purchase_floors":[20,20,27,27],"current_hp_per_floor":[70,72,65,70,72,72,57,57,57,57,55,39,32,30,36,27,72,71,71,71,71,71,63,42,19,19,19,0,0],"gold":1,"neow_bonus":"REMOVE_TWO","is_daily":false,"chose_seed":false,"campfire_upgraded":3,"win_rate":0.0,"timestamp":1610136260,"path_taken":["M","M","?","M","M","?","E","R","T","R","M","E","M","M","R","BOSS","M","M","$","?","?","E","M","E","T","?","M"],"items_purchased_type":["Card","Card","Relic","Card"],"build_version":"2020-12-22","purchased_purges":1,"victory":false,"max_hp_per_floor":[72,72,72,72,72,72,72,72,72,72,72,72,72,72,72,72,72,72,72,72,72,72,72,72,72,72,72,72,72],"card_choices":[{"not_picked":["Headbutt","True Grit"],"picked":"Anger","floor":1},{"not_picked":["Carnage","Thunderclap"],"picked":"Body Slam","floor":2},{"not_picked":["Iron Wave","True Grit","Sword Boomerang"],"picked":"SKIP","floor":4},{"not_picked":["Iron Wave","Pommel Strike"],"picked":"Body Slam","floor":5},{"not_picked":["True Grit","Blood for Blood"],"picked":"Armaments","floor":7},{"not_picked":["Iron Wave","Disarm"],"picked":"Barricade","floor":11},{"not_picked":["Spot Weakness","Iron Wave"],"picked":"Burning Pact","floor":12},{"not_picked":["Burning Pact","Feel No Pain"],"picked":"Warcry","floor":13},{"not_picked":["Dark Embrace","Headbutt","Sword Boomerang"],"picked":"SKIP","floor":14},{"not_picked":["Barricade","Immolate"],"picked":"Offering","floor":16},{"not_picked":["Armaments","Twin Strike+1"],"picked":"Seeing Red","floor":18},{"not_picked":["Pummel","Clothesline","Heavy Blade"],"picked":"SKIP","floor":19},{"not_picked":["Sword Boomerang","Fiend Fire"],"picked":"Entrench","floor":23},{"not_picked":["Shrug It Off","Thunderclap"],"picked":"Metallicize","floor":24},{"not_picked":["Dark Embrace","Thunderclap+1"],"picked":"Rage","floor":25}],"player_experience":147933,"relics_obtained":[{"floor":7,"key":"Bronze Scales"},{"floor":9,"key":"Happy Flower"},{"floor":12,"key":"Eternal Feather"},{"floor":23,"key":"Girya"},{"floor":25,"key":"Thread and Needle"},{"floor":26,"key":"Singing Bowl"}],"event_choices":[{"cards_removed":["Strike_R"],"damage_healed":0,"gold_gain":0,"player_choice":"Card Removal","damage_taken":7,"max_hp_gain":0,"max_hp_loss":0,"event_name":"Golden Wing","floor":3,"gold_loss":0},{"damage_healed":0,"gold_gain":0,"player_choice":"Grow","damage_taken":0,"max_hp_gain":0,"max_hp_loss":0,"event_name":"Living Wall","floor":6,"gold_loss":0,"cards_upgraded":["Body Slam"]},{"damage_healed":0,"gold_gain":0,"player_choice":"Read","damage_taken":0,"max_hp_gain":0,"max_hp_loss":0,"event_name":"The Library","floor":21,"gold_loss":0,"cards_obtained":["Disarm"]},{"damage_healed":0,"gold_gain":0,"player_choice":"Ignored","damage_taken":0,"max_hp_gain":0,"max_hp_loss":0,"event_name":"Ghosts","floor":22,"gold_loss":0}],"is_beta":false,"boss_relics":[{"not_picked":["Snecko Eye","SacredBark"],"picked":"Runic Pyramid"}],"items_purged_floors":[20],"is_endless":false,"potions_floor_spawned":[4,7,13,19,23,24],"killed_by":"Cultist and Chosen","ascension_level":2}}