{"host":"Troy","time":1610125480,"event":{"mods":["BaseMod","Colored Map","Highlight Path","Minty Spire (QoL Compilation)","Permanent Neow"],"gold_per_floor":[112,112,112,37,53,53,67,67,94,112,147,161,161,184,184,184,184],"floor_reached":16,"playtime":633,"items_purged":[],"score":204,"play_id":"7473dce6-b3ce-4958-b7f6-d8bbb1877d4b","local_time":"20210108120440","is_ascension_mode":true,"campfire_choices":[{"data":"Dash","floor":6.0,"key":"SMITH"},{"data":"Concentrate","floor":8.0,"key":"SMITH"},{"data":"Blur","floor":13,"key":"SMITH"},{"data":"Neutralize","floor":15,"key":"SMITH"}],"circlet_count":0,"master_deck":["AscendersBane","Strike_G","Strike_G","Strike_G","Strike_G","Strike_G","Defend_G","Defend_G","Defend_G","Defend_G","Defend_G","Survivor","Neutralize+1","Dash+1","Injury","Blur+1","Concentrate+1","Quick Slash","Dagger Spray+1","All Out Attack+1","Underhanded Strike+1"],"relics":["Ring of the Snake","Lizard Tail","Golden Idol","MealTicket","Potion Belt","Molten Egg 2"],"acts_visited":["Exordium"],"potions_floor_usage":[11,16],"damage_taken":[{"damage":8.0,"enemies":"Small Slimes","floor":1.0,"turns":6.0},{"damage":1.0,"enemies":"Jaw Worm","floor":5.0,"turns":5.0},{"damage":0.0,"enemies":"2 Louse","floor":7.0,"turns":3.0},{"damage":6.0,"enemies":"Blue Slaver","floor":10.0,"turns":5.0},{"damage":60,"enemies":"Lagavulin","floor":11,"turns":10},{"damage":0,"enemies":"2 Fungi Beasts","floor":12,"turns":3},{"damage":0,"enemies":"Red Slaver","floor":14,"turns":3},{"damage":30,"enemies":"Hexaghost","floor":16,"turns":9}],"seed_played":"8848428299989759433","potions_obtained":[{"floor":5.0,"key":"GamblersBrew"},{"floor":10.0,"key":"FearPotion"},{"floor":11,"key":"Energy Potion"}],"is_trial":false,"path_per_floor":["M","?","?","?","M","R","M","R","T","M","E","M","R","M","R","B"],"character_chosen":"THE_SILENT","items_purchased":[],"campfire_rested":0,"item_purchase_floors":[],"current_hp_per_floor":[51,51,51,51,50,50,50,50,50,44,30,30,30,30,30,0,0],"gold":184,"neow_bonus":"ONE_RARE_RELIC","is_daily":false,"chose_seed":false,"campfire_upgraded":4,"win_rate":0.0,"timestamp":1610125480,"path_taken":["M","?","?","?","M","R","M","R","T","M","E","M","R","M","R","BOSS"],"items_purchased_type":[],"build_version":"2020-12-18","purchased_purges":0,"victory":false,"max_hp_per_floor":[60,60,60,60,60,60,60,60,60,60,60,60,60,60,60,60,60],"card_choices":[{"not_picked":["Outmaneuver","Quick Slash"],"picked":"Dash","floor":1.0},{"not_picked":["Poisoned Stab","Backflip"],"picked":"Blur","floor":5.0},{"not_picked":["Deflect","Setup"],"picked":"Concentrate","floor":7.0},{"not_picked":["Dodge and Roll","Prepared"],"picked":"Quick Slash","floor":10.0},{"not_picked":["Flying Knee+1","Flechettes+1"],"picked":"Dagger Spray+1","floor":11},{"not_picked":["Dodge and Roll","Bane+1"],"picked":"All Out Attack+1","floor":12},{"not_picked":["Slice+1","Catalyst"],"picked":"Underhanded Strike+1","floor":14}],"player_experience":4075284,"relics_obtained":[{"floor":9.0,"key":"Potion Belt"},{"floor":11,"key":"Molten Egg 2"}],"event_choices":[{"damage_healed":0.0,"max_hp_gain":0.0,"max_hp_loss":0.0,"gold_gain":0.0,"event_name":"Golden Idol","player_choice":"Take Wound","floor":2.0,"gold_loss":0.0,"damage_taken":0.0,"relics_obtained":["Golden Idol"],"cards_obtained":["Injury"]},{"damage_healed":0.0,"max_hp_gain":0.0,"max_hp_loss":0.0,"gold_gain":0.0,"event_name":"Big Fish","player_choice":"Box","floor":3.0,"gold_loss":0.0,"damage_taken":0.0,"relics_obtained":["MealTicket"],"cards_obtained":["Regret"]},{"cards_removed":["Regret"],"damage_healed":0.0,"max_hp_gain":0.0,"max_hp_loss":0.0,"gold_gain":0.0,"event_name":"The Cleric","player_choice":"Card Removal","floor":4.0,"gold_loss":75.0,"damage_taken":0.0}],"is_beta":true,"boss_relics":[],"items_purged_floors":[],"is_endless":false,"potions_floor_spawned":[5,10,11],"killed_by":"Hexaghost","ascension_level":20}}