{"host":"6gnv7me3tk2udb7q","time":1610128226,"event":{"mods":["BaseMod","Bestiary","Colored Map","Minty Spire (QoL Compilation)"],"gold_per_floor":[112,112,42,42,58,58,90,90,116,170,203,203,234,244,244,244,244],"floor_reached":16,"playtime":1835,"items_purged":[],"score":168,"play_id":"906b49af-c360-470d-a7ea-cbaa1555f2d5","local_time":"20210108125026","is_ascension_mode":true,"campfire_choices":[{"floor":6,"key":"REST"},{"data":"Defragment","floor":8,"key":"SMITH"},{"data":"Double Energy","floor":12,"key":"SMITH"},{"data":"Chaos","floor":15,"key":"SMITH"}],"circlet_count":0,"master_deck":["Strike_B","Strike_B","Strike_B","Strike_B","Defend_B","Defend_B+1","Defend_B+1","Defend_B","Zap","Dualcast+1","Storm","Glacier","Defragment+1","Coolheaded","Double Energy+1","FTL","Chaos+1"],"relics":["Philosopher\u0027s Stone","Ancient Tea Set","Potion Belt","Kunai","Oddly Smooth Stone"],"acts_visited":["Exordium"],"potions_floor_usage":[13,13],"damage_taken":[{"damage":6,"enemies":"Small Slimes","floor":1,"turns":4},{"damage":16,"enemies":"Jaw Worm","floor":5,"turns":5},{"damage":6,"enemies":"Lagavulin","floor":7,"turns":9},{"damage":18,"enemies":"Gremlin Nob","floor":11,"turns":5},{"damage":11,"enemies":"3 Sentries","floor":13,"turns":7},{"damage":0,"enemies":"Cultist","floor":14,"turns":4},{"damage":33,"enemies":"Hexaghost","floor":16,"turns":9}],"seed_played":"-679161391216757304","potions_obtained":[{"floor":7,"key":"Regen Potion"},{"floor":11,"key":"LiquidBronze"}],"is_trial":false,"path_per_floor":["M","?","$","?","M","R","E","R","T","T","E","R","E","M","R","B"],"character_chosen":"DEFECT","items_purchased":["Glacier"],"campfire_rested":1,"item_purchase_floors":[3],"current_hp_per_floor":[62,62,62,47,31,53,47,47,47,47,29,29,33,33,33,0,0],"gold":244,"neow_bonus":"BOSS_RELIC","is_daily":false,"chose_seed":false,"campfire_upgraded":3,"win_rate":0.0,"timestamp":1610128226,"path_taken":["M","?","$","?","?","R","E","R","T","?","E","R","E","M","R","BOSS"],"items_purchased_type":["Card"],"build_version":"2020-12-22","purchased_purges":0,"victory":false,"max_hp_per_floor":[75,75,75,75,75,75,75,75,75,75,75,75,75,75,75,75,75],"card_choices":[{"not_picked":["Leap","Redo"],"picked":"Storm","floor":1},{"not_picked":["Leap","Conserve Battery"],"picked":"Defragment","floor":5},{"not_picked":["Sweeping Beam","Self Repair"],"picked":"Coolheaded","floor":7},{"not_picked":["Hologram","Multi-Cast"],"picked":"Double Energy","floor":11},{"not_picked":["Steam","Steam Power"],"picked":"FTL","floor":13},{"not_picked":["Turbo","Lockon"],"picked":"Chaos","floor":14}],"player_experience":623302,"relics_obtained":[{"floor":7,"key":"Ancient Tea Set"},{"floor":9,"key":"Potion Belt"},{"floor":11,"key":"Kunai"},{"floor":13,"key":"Oddly Smooth Stone"}],"event_choices":[{"damage_healed":0,"gold_gain":0,"player_choice":"Grow","damage_taken":0,"max_hp_gain":0,"max_hp_loss":0,"event_name":"Living Wall","floor":2,"gold_loss":0,"cards_upgraded":["Dualcast"]},{"damage_healed":0,"gold_gain":0,"player_choice":"Entered Light","damage_taken":15,"max_hp_gain":0,"max_hp_loss":0,"event_name":"Shining Light","floor":4,"gold_loss":0,"cards_upgraded":["Defend_B","Defend_B"]}],"is_beta":false,"boss_relics":[],"items_purged_floors":[],"is_endless":false,"potions_floor_spawned":[7,11],"killed_by":"Hexaghost","ascension_level":9}}