{"host":"amk01rs45492rldv","time":1610115364,"event":{"mods":["Act Like it!","Arknights The Spire","BaseMod","Gensokyo","GifTheSpireLib","KinomotoSakuraMod(ƒæ÷Æ±æ”£)","Marisa£®ÏF”Í°°ƒß¿Ì…≥£©","Minty Spire (QoL Compilation)","Quick Restart","Reimu£®≤©¿ˆ¡È√Œ£©","Remilia£®¿Ÿ√◊¿Ú—«£©","Replay The Spire","StSLib","The Administrix","The Servant 0.9.4","vexMod"],"gold_per_floor":[110,126,126,144,144,170,170,180,253,268,280,306,8,35,35,137,803,820,820,839,849,849,849],"floor_reached":22,"playtime":1332,"items_purged":[],"score":223,"play_id":"6363cd2f-9ce6-49a6-ac6b-3fd50928a9ba","local_time":"20210108221604","is_ascension_mode":false,"campfire_choices":[{"floor":7,"key":"REST"},{"data":"ats:Neurotoxin","floor":15,"key":"SMITH"}],"circlet_count":0,"master_deck":["ats:Strike C","ats:Strike G+1","ats:Strike S","ats:Armor Crushing Shot","ats:Defend","ats:Defend","ats:Defend","ats:Defend","ats:Emotion Absorption+1","ats:Neurotoxin+1","ats:Shell Defense","ats:Hammer On+1","ats:Sword Rain","ats:Collapsing Strike","ats:Apocalypse","ats:Ignite","ats:Poison Spread","ats:Flexible Camouflage","ats:Soul Rend","ats:Cat Scratch","Voices","ats:True Silver Slash"],"relics":["ats:Sanity","ats:Originium","Unceasing Top","Garlic","ats:Rhine Circuitry","Strawberry","ats:Defend","Lantern","vexMod:RockOfEvil","RuthlessExorcism:ReiMu"],"acts_visited":["Exordium","TheCity"],"potions_floor_usage":[6,14,16,18,20],"damage_taken":[{"damage":4,"enemies":"Jaw Worm","floor":1,"turns":6},{"damage":5,"enemies":"Cultist","floor":2,"turns":4},{"damage":8,"enemies":"Small Slimes","floor":4,"turns":12},{"damage":32,"enemies":"Lagavulin","floor":6,"turns":9},{"damage":11,"enemies":"Exordium Wildlife","floor":8,"turns":4},{"damage":10,"enemies":"Blue Slaver","floor":10,"turns":9},{"damage":7,"enemies":"2 Fungi Beasts","floor":11,"turns":4},{"damage":3,"enemies":"3 Sentries","floor":14,"turns":5},{"damage":35,"enemies":"Hexaghost","floor":16,"turns":9},{"damage":7,"enemies":"Shell Parasite","floor":18,"turns":5},{"damage":9,"enemies":"Chosen","floor":20,"turns":4},{"damage":30,"enemies":"Shelled Parasite and Fungi","floor":21,"turns":7},{"damage":72,"enemies":"Sentry and Sphere","floor":22,"turns":7}],"seed_played":"-2438854677160330427","potions_obtained":[{"floor":1,"key":"DistilledChaos"},{"floor":2,"key":"Languid Potion"},{"floor":10,"key":"Languid Potion"},{"floor":14,"key":"Block Potion"},{"floor":18,"key":"ColorlessPotion"}],"is_trial":false,"path_per_floor":["M","M","?","M","?","E","R","M","T","M","M","T","$","E","R","B",null,"M","?","M","M","M"],"character_chosen":"DOCTOR_CLASS","items_purchased":["Strawberry","ats:Defend"],"campfire_rested":1,"item_purchase_floors":[13,13],"current_hp_per_floor":[68,63,63,72,58,38,59,48,48,56,56,56,63,71,71,54,79,75,75,71,54,0,0],"gold":849,"neow_bonus":"UPGRADE_CARD","is_daily":false,"chose_seed":false,"campfire_upgraded":1,"win_rate":0.0,"timestamp":1610115364,"path_taken":["M","M","?","?","?","E","R","M","T","M","M","?","$","E","R","BOSS","M","?","M","M","M"],"items_purchased_type":["Relic","Card"],"build_version":"2020-12-22","purchased_purges":0,"victory":false,"max_hp_per_floor":[72,72,72,72,72,72,72,72,72,72,72,72,79,79,79,79,79,79,79,79,79,79,79],"card_choices":[{"not_picked":["ats:Overload","ats:Curse Doll"],"picked":"ats:Neurotoxin","floor":1},{"not_picked":["ats:Assault Order","ats:Revitalization"],"picked":"ats:Shell Defense","floor":2},{"not_picked":["ats:Spore Proliferation","ats:Neurotoxin"],"picked":"ats:Sword Rain","floor":4},{"not_picked":["ats:Steam Pump","ats:Healing Drone"],"picked":"ats:Collapsing Strike","floor":6},{"not_picked":["ats:Consecutive Shot Auto","ats:Revitalization"],"picked":"ats:Apocalypse","floor":8},{"not_picked":["ats:Childhood Dance","ats:Assault Order"],"picked":"ats:Ignite","floor":10},{"not_picked":["ats:Consecutive Shot Auto","ats:Sword Rain"],"picked":"ats:Poison Spread","floor":11},{"not_picked":["ats:Explosion Area Strengthen","ats:Shell Defense"],"picked":"ats:Flexible Camouflage","floor":14},{"not_picked":["ats:Ambush","ats:Roar Of Ursus"],"picked":"ats:Soul Rend","floor":16},{"not_picked":["ats:Explosion Area Strengthen","ats:Assault Order"],"picked":"ats:Cat Scratch","floor":18},{"not_picked":["ats:Beaten Up","ats:Shell Defense"],"picked":"ats:True Silver Slash","floor":20},{"not_picked":["ats:Cat Scratch","ats:Demon Strength","ats:Consecutive Shot Auto"],"picked":"SKIP","floor":21}],"player_experience":933138,"relics_obtained":[{"floor":6,"key":"ats:Originium"},{"floor":6,"key":"Unceasing Top"},{"floor":9,"key":"Garlic"},{"floor":12,"key":"ats:Rhine Circuitry"},{"floor":14,"key":"ats:Originium"},{"floor":14,"key":"Lantern"}],"event_choices":[{"damage_healed":0,"gold_gain":0,"cards_transformed":["ats:Strike V"],"player_choice":"Transformed","damage_taken":0,"max_hp_gain":0,"max_hp_loss":0,"event_name":"Transmorgrifier","floor":3,"gold_loss":0,"cards_obtained":["ats:Hammer On"]},{"damage_healed":0,"gold_gain":0,"player_choice":"Entered Light","damage_taken":14,"max_hp_gain":0,"max_hp_loss":0,"event_name":"Shining Light","floor":5,"gold_loss":0,"cards_upgraded":["ats:Hammer On","ats:Strike G"]}],"is_beta":false,"boss_relics":[{"not_picked":["ChewingGum","Fusion Hammer"],"picked":"vexMod:RockOfEvil"}],"items_purged_floors":[],"is_endless":false,"potions_floor_spawned":[1,2,10,14,18],"killed_by":"Sentry and Sphere","ascension_level":0}}