{"host":"egwexuw5uvnxf11j","time":1610069295,"event":{"mods":["2.2 Compatiblity","Aspiration","BaseMod","Better Altar","Better Note","Better Sensory Stone","Better Third Choice","Displayed Cursed Tome","Downfall","Hermit","Key Reminder","Koishi","Marisa????????","Minty Spire (QoL Compilation)","Quick Restart","Shade Mod","Spicy Shops","StSLib","The Construct","The Cursed","The Hierophant","The Runesmith","The Senshi","The Servant 0.9.4","Transform Curses"],"gold_per_floor":[117,117,0,20,20,20,51,51,51,66,96,96,96,116,116,217,217,237,237,152,172,172,197,197,228,228,188,202,235,2,16,16,113,113,123,5,31,42,57,57,71,71,96,96,124,124,174,192,192,192,192,192,2,27,27,27],"floor_reached":55,"playtime":4190,"items_purged":["Burn","Writhe"],"score":890,"play_id":"8253471a-749e-4bc0-af9f-c7a6444b25cd","local_time":"20210107202815","is_ascension_mode":true,"campfire_choices":[{"data":"Runesmith:CraftFirestone","floor":6.0,"key":"SMITH"},{"floor":12.0,"key":"REST"},{"floor":15.0,"key":"REST"},{"floor":24.0,"key":"REST"},{"floor":32.0,"key":"REST"},{"floor":40.0,"key":"REST"},{"floor":42.0,"key":"REST"},{"floor":44.0,"key":"REST"},{"floor":46.0,"key":"RECALL"},{"floor":49.0,"key":"REST"},{"data":"Runesmith:CreatorForm","floor":52.0,"key":"SMITH"}],"circlet_count":0,"master_deck":["Runesmith:Strike_RS","Runesmith:Strike_RS","Runesmith:Strike_RS+1","Runesmith:Strike_RS","Runesmith:Defend_RS","Runesmith:Defend_RS","Runesmith:Defend_RS","Runesmith:Defend_RS","Runesmith:CraftFirestone+1","Runesmith:Fortify","Runesmith:CraftProtectio","Enlightenment+1","Runesmith:CraftProtectio","Runesmith:CraftVitae","Runesmith:CraftMagma","Runesmith:EarthShield","Runesmith:Terraform","Runesmith:Supernova","Runesmith:BackupBattery+1","Slimebound:CheckThePlaybook","Runesmith:PerfectChisel","Runesmith:RuneHurl","Runesmith:Grindstone+1","Runesmith:CraftObretio+1","Runesmith:Refine+1","Runesmith:StaticCage","Runesmith:CreatorForm+1","Runesmith:CraftMagma+1","Runesmith:PoweredAnvil","Runesmith:Reinforce+1","Runesmith:Repurpose","Runesmith:CraftMagma","Runesmith:HammerAndChisel+1","Runesmith:Reinforce+1","Runesmith:HammerThrow","Flash of Steel","Runesmith:ShiftingStrike"],"relics":["Runesmith:BrokenRuby","PreservedInsect","Runesmith:Nanobots","Mummified Hand","Anchor","SacredBark","Runesmith:MiniCore","theSenshi:SuperSailorFukuRelic","Matryoshka","Bottled Flame","Juzu Bracelet","Sundial","The Courier","Bronze Scales","Runesmith:AutoHammer","Black Star","Potion Belt","Oddly Smooth Stone","Bag of Marbles","StoneCalendar","Bird Faced Urn","Incense Burner","Torii"],"acts_visited":["Exordium","TheCity","TheBeyond","TheEnding"],"potions_floor_usage":[55,55],"damage_taken":[{"damage":0.0,"enemies":"Cultist","floor":1.0,"turns":4.0},{"damage":13.0,"enemies":"2 Louse","floor":4.0,"turns":3.0},{"damage":28.0,"enemies":"Lagavulin","floor":7.0,"turns":8.0},{"damage":9.0,"enemies":"Jaw Worm","floor":10.0,"turns":5.0},{"damage":16.0,"enemies":"3 Sentries","floor":11.0,"turns":8.0},{"damage":0.0,"enemies":"Looter","floor":14.0,"turns":4.0},{"damage":24.0,"enemies":"Hexaghost","floor":16.0,"turns":12.0},{"damage":15.0,"enemies":"Shell Parasite","floor":18.0,"turns":11.0},{"damage":4.0,"enemies":"Spheric Guardian","floor":21.0,"turns":5.0},{"damage":19.0,"enemies":"Slavers","floor":23.0,"turns":7.0},{"damage":8.0,"enemies":"Book of Stabbing","floor":25.0,"turns":8.0},{"damage":8.0,"enemies":"Centurion and Healer","floor":28.0,"turns":8.0},{"damage":0.0,"enemies":"Slavers","floor":29.0,"turns":5.0},{"damage":6.0,"enemies":"Shelled Parasite and Fungi","floor":31.0,"turns":6.0},{"damage":52.0,"enemies":"Collector","floor":33.0,"turns":15.0},{"damage":12.0,"enemies":"3 Shapes","floor":35.0,"turns":6.0},{"damage":36.0,"enemies":"3 Darklings","floor":38.0,"turns":7.0},{"damage":0.0,"enemies":"4 Shapes","floor":39.0,"turns":7.0},{"damage":20.0,"enemies":"Writhing Mass","floor":41.0,"turns":8.0},{"damage":0.0,"enemies":"Nemesis","floor":45.0,"turns":8.0},{"damage":0.0,"enemies":"Mind Bloom Boss Battle","floor":47.0,"turns":7.0},{"damage":21.0,"enemies":"3 Darklings","floor":48.0,"turns":7.0},{"damage":11.0,"enemies":"Time Eater","floor":50.0,"turns":10.0},{"damage":31.0,"enemies":"Shield and Spear","floor":54.0,"turns":7.0},{"damage":54,"enemies":"The Heart","floor":55,"turns":9}],"seed_played":"-7032853139953896648","potions_obtained":[{"floor":7.0,"key":"EntropicBrew"},{"floor":11.0,"key":"Strength Potion"},{"floor":14.0,"key":"Energy Potion"},{"floor":16.0,"key":"SteroidPotion"},{"floor":25.0,"key":"PowerPotion"},{"floor":31.0,"key":"LiquidMemories"},{"floor":33.0,"key":"CultistPotion"},{"floor":35.0,"key":"Dexterity Potion"},{"floor":41.0,"key":"Slimebound:ThreeZeroPotion"},{"floor":45.0,"key":"champ:CounterPotion"},{"floor":48.0,"key":"ColorlessPotion"}],"is_trial":false,"path_per_floor":["M","?","?","M","?","R","E","$","T","M","E","R","?","M","R","B",null,"M","?","?","M","?","E","R","E","T","?","M","E","$","M","R","B",null,"M","$","T","M","M","R","M","R","T","R","E","R","?","M","R","B",null,"R","$","E","B"],"character_chosen":"RUNESMITH_CLASS","items_purchased":["Bronze Scales","Runesmith:AutoHammer","Runesmith:PoweredAnvil","PowerPotion","Flash of Steel"],"campfire_rested":8,"item_purchase_floors":[30,30,36,53,53],"current_hp_per_floor":[77,77,83,70,70,70,42,42,42,33,17,41,41,41,65,41,83,68,68,68,64,64,45,67,59,59,59,51,51,51,45,67,15,75,63,63,63,27,27,49,29,51,51,73,73,73,73,56,75,64,75,75,75,44,0,0],"gold":27,"neow_bonus":"TEN_PERCENT_HP_BONUS","is_daily":false,"chose_seed":false,"campfire_upgraded":2,"win_rate":0.0,"timestamp":1610069295,"path_taken":["M","?","?","M","?","R","E","$","T","M","E","R","?","M","R","BOSS","M","?","?","M","?","E","R","E","T","?","M","E","$","M","R","BOSS","M","$","?","M","M","R","M","R","T","R","E","R","?","M","R","BOSS","R","$","E","BOSS"],"items_purchased_type":["Relic","Relic","Card","Potion","Card"],"build_version":"2020-12-22","purchased_purges":2,"victory":false,"max_hp_per_floor":[77,77,83,83,83,83,83,83,83,83,83,83,83,83,83,83,83,83,75,75,75,75,75,75,75,75,75,75,75,75,75,75,75,75,75,75,75,75,75,75,75,75,75,75,75,75,75,75,75,75,75,75,75,75,75,75],"card_choices":[{"not_picked":["Runesmith:Augment","Runesmith:RuneHurl"],"picked":"Runesmith:CraftProtectio","floor":1.0},{"not_picked":["Runesmith:HeatExchange","Runesmith:Empowerment"],"picked":"Runesmith:CraftProtectio","floor":4.0},{"not_picked":["Runesmith:UnstableHammer","Runesmith:RuneHurl"],"picked":"Runesmith:CraftVitae","floor":7.0},{"not_picked":["Runesmith:Attraction","Runesmith:HammerTime","Runesmith:Augment"],"picked":"SKIP","floor":10.0},{"not_picked":["Runesmith:NanitesCloud","Runesmith:ChiselStab"],"picked":"Runesmith:CraftMagma","floor":11.0},{"not_picked":["Runesmith:LastStand","Runesmith:NanitesCloud"],"picked":"Runesmith:Terraform","floor":14.0},{"not_picked":["Runesmith:CraftIndustria","Runesmith:DuctTape"],"picked":"Runesmith:Supernova","floor":16.0},{"not_picked":["Runesmith:EnergizedChisel","Runesmith:UnstableHammer+1"],"picked":"Runesmith:BackupBattery+1","floor":18.0},{"not_picked":["Runesmith:ChiselStab","Runesmith:Repurpose"],"picked":"Runesmith:PerfectChisel","floor":21.0},{"not_picked":["Runesmith:Firestorm","Runesmith:DoubleUp"],"picked":"Runesmith:RuneHurl","floor":23.0},{"not_picked":["Runesmith:GenerateForcefield","Runesmith:CraftProtectio"],"picked":"Runesmith:Grindstone+1","floor":25.0},{"not_picked":["Runesmith:Superposition+1","Runesmith:OneForEveryone"],"picked":"Runesmith:CraftObretio+1","floor":28.0},{"not_picked":["Runesmith:OneForEveryone","Runesmith:WhiteBalance+1"],"picked":"Runesmith:Refine+1","floor":29.0},{"not_picked":["Runesmith:UnstableHammer","Runesmith:Firewall"],"picked":"Runesmith:StaticCage","floor":31.0},{"not_picked":["Runesmith:ReplicatingBarrier","Runesmith:FissionHammer"],"picked":"Runesmith:CreatorForm","floor":33.0},{"not_picked":["Runesmith:Malloc","Runesmith:UnstableHammer+1"],"picked":"Runesmith:CraftMagma+1","floor":35.0},{"not_picked":["Runesmith:ChaoticBlast","Runesmith:BackupBattery"],"picked":"Runesmith:Reinforce+1","floor":38.0},{"not_picked":["Runesmith:CraftProtectio+1","Runesmith:Augment"],"picked":"Runesmith:Repurpose","floor":39.0},{"not_picked":["Runesmith:Refine","Runesmith:Permafrost"],"picked":"Runesmith:CraftMagma","floor":41.0},{"not_picked":["Runesmith:OneForEveryone+1","Runesmith:Firewall"],"picked":"Runesmith:HammerAndChisel+1","floor":45.0},{"not_picked":["Runesmith:StaticCage","Runesmith:Overpower+1"],"picked":"Runesmith:Reinforce+1","floor":47.0},{"not_picked":["Runesmith:Reinforce+1","Runesmith:EarthShield"],"picked":"Runesmith:HammerThrow","floor":48.0},{"not_picked":["Runesmith:UnlimitedPower","Runesmith:FieryHammer+1"],"picked":"Runesmith:ShiftingStrike","floor":54.0}],"player_experience":2154438,"relics_obtained":[{"floor":7.0,"key":"Runesmith:Nanobots"},{"floor":9.0,"key":"Mummified Hand"},{"floor":11.0,"key":"Anchor"},{"floor":23.0,"key":"Matryoshka"},{"floor":25.0,"key":"Bottled Flame"},{"floor":26.0,"key":"Juzu Bracelet"},{"floor":26.0,"key":"Sundial"},{"floor":29.0,"key":"The Courier"},{"floor":37.0,"key":"Potion Belt"},{"floor":43.0,"key":"Oddly Smooth Stone"},{"floor":45.0,"key":"Bag of Marbles"},{"floor":45.0,"key":"StoneCalendar"},{"floor":47.0,"key":"Bird Faced Urn"},{"floor":54.0,"key":"Incense Burner"},{"floor":54.0,"key":"Torii"}],"event_choices":[{"damage_healed":77.0,"max_hp_gain":0.0,"max_hp_loss":77.0,"gold_gain":0.0,"event_name":"betterThird:BetterShining","player_choice":"Embrace Burn","floor":2.0,"gold_loss":0.0,"damage_taken":0.0},{"damage_healed":0.0,"max_hp_gain":0.0,"max_hp_loss":0.0,"gold_gain":0.0,"event_name":"betterThird:BetterSerpent","player_choice":"RENOUNCE","floor":3.0,"gold_loss":117.0,"damage_taken":117.0,"cards_obtained":["Enlightenment"]},{"damage_healed":0.0,"max_hp_gain":0.0,"max_hp_loss":0.0,"gold_gain":0.0,"event_name":"Big Fish","player_choice":"Box","floor":5.0,"gold_loss":0.0,"damage_taken":0.0,"relics_obtained":["PreservedInsect"],"cards_obtained":["Regret"]},{"damage_healed":0.0,"max_hp_gain":0.0,"max_hp_loss":0.0,"gold_gain":0.0,"cards_transformed":["Regret"],"event_name":"Living Wall","player_choice":"Change","floor":13.0,"gold_loss":0.0,"damage_taken":0.0,"cards_obtained":["Runesmith:EarthShield"]},{"damage_healed":0.0,"max_hp_gain":0.0,"max_hp_loss":0.0,"gold_gain":0.0,"event_name":"Addict","player_choice":"Obtained Relic","floor":20.0,"gold_loss":85.0,"damage_taken":0.0,"relics_obtained":["Runesmith:MiniCore"]},{"damage_healed":0.0,"max_hp_gain":0.0,"max_hp_loss":0.0,"gold_gain":0.0,"event_name":"The Mausoleum","player_choice":"Opened","floor":22.0,"gold_loss":0.0,"damage_taken":0.0,"relics_obtained":["theSenshi:SuperSailorFukuRelic"],"cards_obtained":["Writhe"]},{"damage_healed":0.0,"max_hp_gain":0.0,"max_hp_loss":0.0,"gold_gain":0.0,"event_name":"Designer","player_choice":"Upgraded Two","floor":27.0,"gold_loss":40.0,"damage_taken":0.0,"cards_upgraded":["Runesmith:Strike_RS","Enlightenment"]},{"damage_healed":0.0,"max_hp_gain":0.0,"max_hp_loss":0.0,"gold_gain":0.0,"event_name":"MindBloom","player_choice":"Fight","floor":47.0,"gold_loss":0.0,"damage_taken":0.0}],"is_beta":false,"boss_relics":[{"not_picked":["Fusion Hammer","Runic Pyramid"],"picked":"SacredBark"},{"not_picked":["aspiration:RunicSpoon","aspiration:WatcherSkillbook"],"picked":"Black Star"}],"items_purged_floors":[36,53],"is_endless":false,"potions_floor_spawned":[7,11,14,16,25,31,33,35,41,45,48],"killed_by":"The Heart","ascension_level":2}}