{"host":"dhtq6diq1v6cnmza","time":1610068569,"event":{"mods":["Act Like it!","BaseMod","BetterRewards","Colored Map","Colored Powertips","Downfall","Highlight Path","Hubris","Infinite Spire","Minty Spire (QoL Compilation)","Replay The Spire","Shop Mod","StSLib","The Jungle"],"gold_per_floor":[116,116,132,59,59,92,92,127,127,156,62,89,89,89,89,191,191,204,154,2,19,19,19,48,48,101,128,140,240,240,252,252,350,350,369,26,26,26,80,92,109,109,141,141,141,168,180,198,43,60,60,60,60,60,2,37,37],"floor_reached":58,"playtime":4642,"items_purged":[],"score":2128,"play_id":"cebbd48c-1ebf-4af1-8e49-e6acd1675ee3","local_time":"20210107201609","is_ascension_mode":true,"campfire_choices":[{"data":"Evolve","floor":15.0,"key":"SMITH"},{"data":"Metallicize","floor":23.0,"key":"SMITH"},{"data":"Slimebound:CheckThePlaybook","floor":32.0,"key":"SMITH"},{"floor":42.0,"key":"DIG"},{"floor":51.0,"key":"RECALL"},{"floor":54.0,"key":"DIG"}],"circlet_count":0,"master_deck":["Strike_R","Strike_R","Strike_R","Strike_R","Defend_R","Defend_R","Defend_R","Defend_R","Bash","infinitespire:OneForAll+1","Evolve+1","True Grit","infinitespire:Punishment","Blood for Blood","Shrug It Off","Warcry","Evolve","Metallicize+1","Double Tap","Perfected Strike","Headbutt+1","Ghostly","Ghostly","Ghostly","Ghostly","Ghostly","Hemogenesis","Slimebound:CheckThePlaybook+1","Slimebound:Icky","Disarm","hubris:ReadiedAction+1","Warcry","Anger","Barricade","Perfected Strike+1","Chrysalis","Armaments","Perfected Strike+1","Anger","Exhume","Madness","Madness","Headbutt+1","Armaments","Perfected Strike","Thunderclap","hubris:Ssssneak","True Grit","Armaments+1","Armaments","ReplayTheSpireMod:LeadingStrike+1","Headbutt"],"relics":["Black Blood","NeowsBlessing","hubris:Towel","Orichalcum","InkBottle","Darkstone Periapt","hubris:ToyBattleship","hubris:CuriousFeather","hubris:Icosahedron","MerchantsRug","CaptainsWheel","Juzu Bracelet","Du-Vu Doll","TungstenRod","Bottled Flame","hubris:BottledHeart","Snecko Heart","Pet Ghost","Shovel","Omamori","Replay:PocketPolymizer","Another Sword","Quantum Egg","Ice Cream"],"acts_visited":["Exordium","TheCity","TheBeyond","TheEnding"],"potions_floor_usage":[57],"damage_taken":[{"damage":0.0,"enemies":"Small Slimes","floor":1.0,"turns":1.0},{"damage":0.0,"enemies":"2 Louse","floor":3.0,"turns":1.0},{"damage":0.0,"enemies":"3 Sentries","floor":6.0,"turns":1.0},{"damage":12.0,"enemies":"Gremlin Nob","floor":8.0,"turns":4.0},{"damage":12.0,"enemies":"3 Sentries","floor":10.0,"turns":6.0},{"damage":5.0,"enemies":"Gremlin Nob","floor":12.0,"turns":3.0},{"damage":0.0,"enemies":"Slime Boss","floor":16.0,"turns":9.0},{"damage":6.0,"enemies":"Shell Parasite","floor":18.0,"turns":4.0},{"damage":17.0,"enemies":"3 Byrds","floor":21.0,"turns":5.0},{"damage":0.0,"enemies":"Gremlin Leader","floor":24.0,"turns":4.0},{"damage":0.0,"enemies":"Replay:Snechameleon","floor":27.0,"turns":3.0},{"damage":4.0,"enemies":"3 Cultists","floor":28.0,"turns":5.0},{"damage":2.0,"enemies":"Colosseum Slavers","floor":29.0,"turns":3.0},{"damage":14.0,"enemies":"Colosseum Nobs","floor":29.0,"turns":6.0},{"damage":0.0,"enemies":"Snake Plant","floor":31.0,"turns":1.0},{"damage":0.0,"enemies":"Champ","floor":33.0,"turns":7.0},{"damage":0.0,"enemies":"3 Shapes","floor":35.0,"turns":3.0},{"damage":0.0,"enemies":"2 Orb Walkers","floor":39.0,"turns":1.0},{"damage":0.0,"enemies":"3 Darklings","floor":40.0,"turns":13.0},{"damage":0.0,"enemies":"4 Shapes","floor":41.0,"turns":6.0},{"damage":0.0,"enemies":"Giant Head","floor":43.0,"turns":6.0},{"damage":0.0,"enemies":"Reptomancer","floor":46.0,"turns":3.0},{"damage":0.0,"enemies":"Jaw Worm Horde","floor":47.0,"turns":4.0},{"damage":0.0,"enemies":"Spire Growth","floor":48.0,"turns":1.0},{"damage":0.0,"enemies":"Maw","floor":50.0,"turns":3.0},{"damage":0.0,"enemies":"Awakened One","floor":52.0,"turns":6.0},{"damage":0.0,"enemies":"Shield and Spear","floor":56.0,"turns":4.0},{"damage":0,"enemies":"The Heart","floor":57,"turns":8}],"seed_played":"-7615672010627990598","potions_obtained":[{"floor":1.0,"key":"SpeedPotion"},{"floor":6.0,"key":"Explosive Potion"},{"floor":21.0,"key":"Venom Potion"},{"floor":28.0,"key":"Weak Potion"},{"floor":31.0,"key":"Reflective Coating"},{"floor":33.0,"key":"Guardian:BlockOnCardUsePotion"},{"floor":47.0,"key":"SkillPotion"},{"floor":56.0,"key":"sneckomod:MuddlingPotion"}],"is_trial":false,"path_per_floor":["M","?","M","$","?","E","?","E","T","E","$","E","?","?","R","B",null,"M","?","$","M","?","R","E","?","T","E","M","?","?","M","R","B",null,"M","$","PTL","PTL","?","M","M","R","E","?","T","E","M","M","$","M","R_BF","B",null,"R","$","E","B",null],"character_chosen":"IRONCLAD","items_purchased":["Evolve","Warcry","Evolve","MerchantsRug","Chrysalis","Pet Ghost","Thunderclap","hubris:Ssssneak","True Grit","ReplayTheSpireMod:LeadingStrike+1"],"campfire_rested":0,"item_purchase_floors":[4,11,11,20,36,36,49,49,49,55],"current_hp_per_floor":[78,78,80,80,80,80,60,54,54,48,48,49,49,49,49,55,74,80,80,80,75,40,40,40,46,46,46,46,44,1,1,1,1,1,1,1,1,1,1,1,1,1,1,1,1,1,1,1,1,1,1,1,1,1,1,1,1],"gold":37,"neow_bonus":"THREE_ENEMY_KILL","is_daily":false,"chose_seed":false,"campfire_upgraded":3,"win_rate":0.0,"timestamp":1610068569,"path_taken":["M","?","M","$","?","E","?","E","T","E","?","E","?","?","R","BOSS","M","?","$","?","?","R","E","?","T","E","M","?","?","M","R","BOSS","M","$","PTL","PTL","?","M","M","R","E","?","T","E","M","M","?","M","R_BF","BOSS","R","$","E","BOSS"],"items_purchased_type":["Card","Card","Card","Relic","Card","Relic","Card","Card","Card","Card"],"build_version":"2020-12-22","purchased_purges":0,"victory":true,"max_hp_per_floor":[80,80,80,80,80,80,80,80,80,80,80,80,80,80,80,80,80,80,80,80,80,40,40,40,46,46,46,46,46,1,1,1,1,1,1,1,1,1,1,1,1,1,1,1,1,1,1,1,1,1,1,1,1,1,1,1,1],"card_choices":[{"not_picked":["Iron Wave","Sword Boomerang","Flex"],"picked":"SKIP","floor":1.0},{"not_picked":["Perfected Strike","Heavy Blade"],"picked":"infinitespire:OneForAll","floor":3.0},{"not_picked":["Dual Wield","ReplayTheSpireMod:Corrosion Curse"],"picked":"True Grit","floor":6.0},{"not_picked":["infinitespire:Execution","ReplayTheSpireMod:Black Plague"],"picked":"infinitespire:Punishment","floor":7.0},{"not_picked":["Hemokinesis","Clash"],"picked":"Blood for Blood","floor":8.0},{"not_picked":["Heavy Blade","Flame Barrier"],"picked":"Shrug It Off","floor":10.0},{"not_picked":["ReplayTheSpireMod:Strike From Hell","Cleave"],"picked":"Metallicize","floor":12.0},{"not_picked":["Eclipse","Offering"],"picked":"Double Tap","floor":16.0},{"not_picked":["Heavy Blade+1","Havoc"],"picked":"Perfected Strike","floor":18.0},{"not_picked":["Demon Form","Run Through"],"picked":"Headbutt+1","floor":21.0},{"not_picked":["ReplayTheSpireMod:Stacked+1","Sword Boomerang"],"picked":"Hemogenesis","floor":24.0},{"not_picked":["Sever Soul","Clash+1"],"picked":"Disarm","floor":27.0},{"not_picked":["Flex","Wild Strike"],"picked":"hubris:ReadiedAction+1","floor":28.0},{"not_picked":["Twin Strike","Clothesline"],"picked":"Warcry","floor":29.0},{"not_picked":["Flame Barrier","Juggernaut"],"picked":"Anger","floor":31.0},{"not_picked":["Eclipse","Demonic Infusion"],"picked":"Barricade","floor":33.0},{"not_picked":["Shrug It Off+1","Rampage"],"picked":"Perfected Strike+1","floor":35.0},{"not_picked":["Flame Barrier","Iron Wave"],"picked":"Armaments","floor":39.0},{"not_picked":["Anger+1","Clothesline"],"picked":"Perfected Strike+1","floor":40.0},{"not_picked":["Body Slam+1","Clash+1"],"picked":"Anger","floor":41.0},{"not_picked":["Twin Strike+1","Anger"],"picked":"Exhume","floor":43.0},{"not_picked":["Inflame+1","Whirlwind+1"],"picked":"Headbutt+1","floor":46.0},{"not_picked":["True Grit+1","Havoc"],"picked":"Armaments","floor":47.0},{"not_picked":["Anger","Warcry"],"picked":"Perfected Strike","floor":48.0},{"not_picked":["Battle Trance","Anger"],"picked":"Armaments+1","floor":50.0},{"not_picked":["Dual Wield","Clothesline+1"],"picked":"Headbutt","floor":56.0}],"player_experience":203348,"relics_obtained":[{"floor":6.0,"key":"Orichalcum"},{"floor":8.0,"key":"InkBottle"},{"floor":9.0,"key":"Darkstone Periapt"},{"floor":10.0,"key":"hubris:ToyBattleship"},{"floor":12.0,"key":"hubris:CuriousFeather"},{"floor":24.0,"key":"CaptainsWheel"},{"floor":26.0,"key":"Juzu Bracelet"},{"floor":27.0,"key":"Du-Vu Doll"},{"floor":29.0,"key":"TungstenRod"},{"floor":29.0,"key":"Bottled Flame"},{"floor":39.0,"key":"Shovel"},{"floor":42.0,"key":"Omamori"},{"floor":43.0,"key":"Replay:PocketPolymizer"},{"floor":46.0,"key":"Another Sword"},{"floor":54.0,"key":"Quantum Egg"},{"floor":56.0,"key":"Ice Cream"}],"event_choices":[{"damage_healed":0.0,"max_hp_gain":0.0,"max_hp_loss":0.0,"gold_gain":0.0,"event_name":"Liars Game","player_choice":"Ignored","floor":5.0,"gold_loss":0.0,"damage_taken":0.0},{"damage_healed":0.0,"max_hp_gain":0.0,"max_hp_loss":0.0,"gold_gain":0.0,"event_name":"Living Wall","player_choice":"Grow","floor":14.0,"gold_loss":0.0,"damage_taken":0.0,"cards_upgraded":["infinitespire:OneForAll"]},{"damage_healed":0.0,"max_hp_gain":0.0,"max_hp_loss":0.0,"gold_gain":0.0,"event_name":"The Joust","player_choice":"Bet on Murderer","floor":19.0,"gold_loss":50.0,"damage_taken":0.0},{"damage_healed":0.0,"max_hp_gain":0.0,"max_hp_loss":40.0,"gold_gain":0.0,"event_name":"Ghosts","player_choice":"Became a Ghost","floor":22.0,"gold_loss":0.0,"damage_taken":0.0,"cards_obtained":["Ghostly","Ghostly","Ghostly","Ghostly","Ghostly"]},{"damage_healed":0.0,"max_hp_gain":0.0,"max_hp_loss":0.0,"gold_gain":0.0,"event_name":"Colosseum","player_choice":"Fight","floor":29.0,"gold_loss":0.0,"damage_taken":0.0},{"damage_healed":0.0,"max_hp_gain":0.0,"max_hp_loss":0.0,"gold_gain":0.0,"event_name":"Colosseum","player_choice":"Fought Nobs","floor":29.0,"gold_loss":0.0,"damage_taken":0.0},{"damage_healed":0.0,"max_hp_gain":0.0,"max_hp_loss":0.0,"gold_gain":0.0,"event_name":"Mysterious Sphere","player_choice":"Fight","floor":39.0,"gold_loss":0.0,"damage_taken":0.0},{"damage_healed":0.0,"max_hp_gain":0.0,"max_hp_loss":0.0,"gold_gain":0.0,"event_name":"Winding Halls","player_choice":"Embrace Madness","floor":44.0,"gold_loss":0.0,"damage_taken":0.0,"cards_obtained":["Madness","Madness"]}],"is_beta":false,"boss_relics":[{"not_picked":["Busted Crown","Electric Blood"],"picked":"Black Blood"},{"not_picked":["Replay:Drink Me","Runic Dome"],"picked":"Snecko Heart"}],"items_purged_floors":[],"is_endless":false,"potions_floor_spawned":[1,6,21,28,31,33,41,46,47,48,50,56],"ascension_level":6}}