{"host":"qfskrnw3pl1q86j0","time":1610102229,"event":{"mods":["BaseMod","Block Reminder","Hermit","Marisa????????","Minty Spire (QoL Compilation)","Quick Restart","Random Character Button","Relic Stats","StSLib","The Poker Player","slay the spire mod where everything is the same but ironclad has a cowboy hat"],"gold_per_floor":[119,135,135,166,182,182,205,205,229,229,74,24,24,46,46,176,176,209,245,274,302,401,401,439,286,286,286,298,298,128,158,158,289,289,319,559,153,153,177,177,212,212,235,235,285,308,363,363,363,363],"floor_reached":51,"playtime":1896,"items_purged":["Strike_MRS","Defend_MRS","Defend_MRS","Defend_MRS"],"score":741,"play_id":"5db1312f-eb65-4a5b-aa43-f3496f663324","local_time":"20210108113709","is_ascension_mode":false,"campfire_choices":[{"data":"MasterSpark","floor":6.0,"key":"SMITH"},{"data":"OortCloud","floor":8.0,"key":"SMITH"},{"data":"UpSweep","floor":10.0,"key":"SMITH"},{"data":"GrandCross","floor":15.0,"key":"SMITH"},{"data":"MilkyWay","floor":23,"key":"SMITH"},{"data":"MilkyWay","floor":27,"key":"SMITH"},{"data":"GalacticHalo","floor":29,"key":"SMITH"},{"data":"MilkyWay","floor":32,"key":"SMITH"},{"data":"MillisecondPulsars","floor":40,"key":"SMITH"},{"data":"DeepEcoloBomb","floor":42,"key":"SMITH"},{"floor":44,"key":"REST"},{"floor":49,"key":"REST"}],"circlet_count":0,"master_deck":["MasterSpark+1","UpSweep+1","OortCloud+1","ShootTheMoon","Robbery","AlicesGift","GrandCross+1","DeepEcoloBomb+1","GalacticHalo+1","PowerUp","SporeBomb+1","MilkyWay+1","MilkyWay+1","SprinkleStarSeal","MilkyWay+1","MillisecondPulsars+1","AlicesGift","MachineGunSpark"],"relics":["MiniHakkero","Potion Belt","Philosopher\u0027s Stone","Thread and Needle","Sozu","CatCart","Shuriken","War Paint","StoneCalendar"],"acts_visited":["Exordium","TheCity","TheBeyond"],"potions_floor_usage":[28,28,33,33,36],"damage_taken":[{"damage":0.0,"enemies":"Small Slimes","floor":1.0,"turns":3.0},{"damage":0.0,"enemies":"Cultist","floor":2.0,"turns":3.0},{"damage":1.0,"enemies":"2 Louse","floor":4.0,"turns":4.0},{"damage":2.0,"enemies":"Exordium Wildlife","floor":5.0,"turns":4.0},{"damage":0.0,"enemies":"Lots of Slimes","floor":7.0,"turns":5.0},{"damage":4.0,"enemies":"Blue Slaver","floor":14.0,"turns":2.0},{"damage":0.0,"enemies":"The Guardian","floor":16.0,"turns":8.0},{"damage":0.0,"enemies":"Shell Parasite","floor":18.0,"turns":4.0},{"damage":0.0,"enemies":"Chosen","floor":19.0,"turns":3.0},{"damage":20.0,"enemies":"Centurion and Healer","floor":20.0,"turns":4.0},{"damage":8,"enemies":"Chosen and Byrds","floor":21,"turns":3},{"damage":3,"enemies":"Shelled Parasite and Fungi","floor":24,"turns":4},{"damage":0,"enemies":"3 Cultists","floor":28,"turns":3},{"damage":0,"enemies":"Snake Plant","floor":31,"turns":3},{"damage":3,"enemies":"Collector","floor":33,"turns":6},{"damage":4,"enemies":"3 Shapes","floor":35,"turns":4},{"damage":35,"enemies":"Orin","floor":36,"turns":6},{"damage":4,"enemies":"Orb Walker","floor":39,"turns":2},{"damage":12,"enemies":"Jaw Worm Horde","floor":41,"turns":3},{"damage":3,"enemies":"Mind Bloom Boss Battle","floor":45,"turns":3},{"damage":6,"enemies":"Writhing Mass","floor":46,"turns":4},{"damage":2,"enemies":"4 Shapes","floor":47,"turns":5},{"damage":9,"enemies":"Time Eater","floor":50,"turns":7}],"seed_played":"7463605762064761324","potions_obtained":[{"floor":2.0,"key":"SpeedPotion"},{"floor":4.0,"key":"SkillPotion"},{"floor":7.0,"key":"Fire Potion"},{"floor":16.0,"key":"Explosive Potion"},{"floor":20.0,"key":"FearPotion"},{"floor":24,"key":"PowerPotion"},{"floor":28,"key":"PowerPotion"}],"is_trial":false,"path_per_floor":["M","M","?","M","M","R","M","R","T","R","$","?","$","M","R","B",null,"M","M","M","M","?","R","M","$","T","R","M","R","$","M","R","B",null,"M","?","$","?","M","R","M","R","T","R","?","M","M","?","R","B",null],"character_chosen":"MARISA","items_purchased":["DeepEcoloBomb","MilkyWay","MilkyWay","Shuriken"],"campfire_rested":2,"item_purchase_floors":[11,25,30,37],"current_hp_per_floor":[68,68,68,67,65,65,65,65,65,65,65,65,65,61,61,61,68,68,68,48,40,40,40,37,37,37,37,37,37,37,37,37,34,68,64,29,29,29,25,25,13,13,13,33,30,24,22,22,42,33],"gold":363,"neow_bonus":"REMOVE_TWO","is_daily":false,"chose_seed":false,"campfire_upgraded":10,"win_rate":0.0,"timestamp":1610102229,"path_taken":["M","M","?","?","?","R","M","R","T","R","$","?","?","M","R","BOSS","M","M","?","M","?","R","M","?","T","R","M","R","$","M","R","BOSS","M","?","$","?","M","R","M","R","T","R","?","M","M","?","R","BOSS"],"items_purchased_type":["Card","Card","Card","Relic"],"build_version":"2020-12-22","purchased_purges":4,"victory":true,"max_hp_per_floor":[68,68,68,68,68,68,68,68,68,68,68,68,68,68,68,68,68,68,68,68,68,68,68,68,68,68,68,68,68,68,68,68,68,68,68,68,68,68,68,68,68,68,68,68,68,68,68,68,68,68],"relic_stats":{"Sozu":3,"counters":[23,93],"Shuriken":[6],"StoneCalendar":[0],"War Paint":["SporeBomb","PulseMagic"],"obtain_stats":[{"Potion Belt":9,"Sozu":34,"Shuriken":37,"Philosopher\u0027s Stone":17,"Thread and Needle":26,"StoneCalendar":45,"MiniHakkero":0,"CatCart":36,"War Paint":43},{"Potion Belt":5,"Sozu":15,"Shuriken":17,"Philosopher\u0027s Stone":7,"Thread and Needle":12,"StoneCalendar":20,"MiniHakkero":0,"CatCart":17,"War Paint":19},{"Potion Belt":19,"Sozu":59,"Shuriken":69,"Philosopher\u0027s Stone":29,"Thread and Needle":47,"StoneCalendar":77,"MiniHakkero":0,"CatCart":69,"War Paint":74}]},"card_choices":[{"not_picked":["UnstableBomb","OrrerysSun"],"picked":"OortCloud","floor":1.0},{"not_picked":["UnstableBomb","MagicChant"],"picked":"ShootTheMoon","floor":2.0},{"not_picked":["EnergyRecoil","DeepEcoloBomb"],"picked":"PulseMagic","floor":4.0},{"not_picked":["SprinkleStarSeal","ShootingEcho"],"picked":"AlicesGift","floor":5.0},{"not_picked":["DoubleSpark","MysteriousBeam"],"picked":"GrandCross","floor":7.0},{"not_picked":["DarkMatter","6A"],"picked":"GalacticHalo","floor":14.0},{"not_picked":["LuminesStrike","ManaConvection"],"picked":"PowerUp","floor":18.0},{"not_picked":["Acceleration","EnergyFlow"],"picked":"SporeBomb","floor":19.0},{"not_picked":["Acceleration","DoubleSpark","ShootTheMoon"],"picked":"SKIP","floor":20.0},{"not_picked":["GravityBeat","NonDirectionalLaser"],"picked":"MilkyWay","floor":21},{"not_picked":["SuperPerseids","GasGiant","ShootingEcho"],"picked":"SKIP","floor":24},{"not_picked":["LuminesStrike+1","DoubleSpark+1"],"picked":"SprinkleStarSeal","floor":28},{"not_picked":["ShootingEcho+1","ManaRampage","GrandCross"],"picked":"SKIP","floor":31},{"not_picked":["BinaryStars","FinalSpark"],"picked":"MillisecondPulsars","floor":33},{"not_picked":["Orbital","SporeBomb+1","IllusionStar+1"],"picked":"SKIP","floor":35},{"not_picked":["DeepEcoloBomb","GasGiant+1"],"picked":"AlicesGift","floor":36},{"not_picked":["MagicChant","GasGiant+1","NonDirectionalLaser"],"picked":"SKIP","floor":39},{"not_picked":["Acceleration+1","EventHorizon+1","DC+1"],"picked":"SKIP","floor":41},{"not_picked":["SuperPerseids","OpenUniverse+1"],"picked":"MachineGunSpark","floor":45},{"not_picked":["Robbery+1","StarlightTyphoon+1","AsteroidBelt"],"picked":"SKIP","floor":46},{"not_picked":["ShootingEcho","AsteroidBelt+1","OpenUniverse"],"picked":"SKIP","floor":47}],"player_experience":931779,"relics_obtained":[{"floor":9.0,"key":"Potion Belt"},{"floor":26,"key":"Thread and Needle"},{"floor":36,"key":"CatCart"},{"floor":43,"key":"War Paint"},{"floor":45,"key":"StoneCalendar"}],"event_choices":[{"damage_healed":0.0,"max_hp_gain":0.0,"max_hp_loss":0.0,"gold_gain":0.0,"cards_transformed":["Strike_MRS"],"event_name":"Transmorgrifier","player_choice":"Transformed","floor":3.0,"gold_loss":0.0,"damage_taken":0.0,"cards_obtained":["Robbery"]},{"cards_removed":["Strike_MRS"],"damage_healed":0.0,"max_hp_gain":0.0,"max_hp_loss":0.0,"gold_gain":0.0,"event_name":"The Cleric","player_choice":"Card Removal","floor":12.0,"gold_loss":50.0,"damage_taken":0.0},{"damage_healed":0,"gold_gain":99,"player_choice":"Stole From Cult","damage_taken":0,"max_hp_gain":0,"max_hp_loss":0,"event_name":"Nest","floor":22,"gold_loss":0},{"damage_healed":0,"gold_gain":0,"player_choice":"Fight","damage_taken":0,"max_hp_gain":0,"max_hp_loss":0,"event_name":"OrinTheCat","floor":36,"gold_loss":0},{"damage_healed":0,"gold_gain":0,"player_choice":"Memory 1","damage_taken":0,"max_hp_gain":0,"max_hp_loss":0,"event_name":"SensoryStone","floor":38,"gold_loss":0},{"damage_healed":0,"gold_gain":0,"player_choice":"Fight","damage_taken":0,"max_hp_gain":0,"max_hp_loss":0,"event_name":"MindBloom","floor":45,"gold_loss":0},{"cards_removed":["PulseMagic"],"damage_healed":0,"gold_gain":0,"player_choice":"Removed Skill","damage_taken":0,"max_hp_gain":0,"max_hp_loss":0,"event_name":"Falling","floor":48,"gold_loss":0}],"is_beta":false,"boss_relics":[{"not_picked":["SlaversCollar","SacredBark"],"picked":"Philosopher\u0027s Stone"},{"not_picked":["BewitchedHakkero","Velvet Choker"],"picked":"Sozu"}],"items_purged_floors":[11,25,30,37],"is_endless":false,"potions_floor_spawned":[2,4,7,16,20,24,28,39,46,47],"ascension_level":0}}