{"host":"icrrc9b69c1a6188","time":1610079942,"event":{"mods":["Act Like it!","BaseMod","Bestiary","Block Reminder","CapriCore","Colored Map","Colored Powertips","Curses Come First","Dark Map","Displayed Cursed Tome","Evolution","Faster Ascension Climbing","Friendly Minions","HexUI Lib","Minty Spire (QoL Compilation)","Quick Restart","RNG Fix","Random Character Button","Random Character Mod","Rare Cards Sparkle","Relic Filter","Relic Stats","StSLib","The Blue Laboratory","The Edgeheg","Unceasing Turn Reminder"],"gold_per_floor":[84,95,110,110,110,136,136,170,170,170,1,11,31,86,86,161,161,171,141,159,175,47,80,80,108,160,176,176,226,226,257,257,328,328,348,348,358,406,217,217,217,246,246,246,264,291,317,335,335,335,335],"floor_reached":52,"playtime":9897,"items_purged":["theEdgeheg:StarterShootAttack","theEdgeheg:RandomChaosCard"],"score":2312,"play_id":"84cc37eb-1c50-4088-9e21-4bf99e45a95b","local_time":"20210107222542","is_ascension_mode":true,"campfire_choices":[{"data":"theEdgeheg:RuleOfCool","floor":15,"key":"SMITH"},{"data":"theEdgeheg:BetterDodge","floor":24,"key":"SMITH"},{"data":"theEdgeheg:PerfectAim","floor":30,"key":"SMITH"},{"data":"theEdgeheg:Fastness","floor":32,"key":"SMITH"},{"data":"theEdgeheg:Heh","floor":40,"key":"SMITH"},{"data":"theEdgeheg:StarterDodgeSkill","floor":41,"key":"SMITH"},{"data":"theEdgeheg:SoulSiphon","floor":44,"key":"SMITH"},{"data":"theEdgeheg:TeleportsBehind","floor":49,"key":"SMITH"}],"circlet_count":0,"master_deck":["theEdgeheg:StarterDodgeSkill+1","theEdgeheg:StarterDodgeSkill","theEdgeheg:StarterDodgeSkill","theEdgeheg:BloodyKatana","theEdgeheg:ChaosControlSkill+1","theEdgeheg:GatherChaos","theEdgeheg:Heh+1","theEdgeheg:Birthday","theEdgeheg:BetterDodge","theEdgeheg:RuleOfCool+1","theEdgeheg:Heh+1","theEdgeheg:BetterDodge+1","theEdgeheg:BloodyNodachi","theEdgeheg:PerfectAim+1","theEdgeheg:Fastness","theEdgeheg:BlowCover","theEdgeheg:ChaosControlSkill+1","theEdgeheg:Sniper+1","theEdgeheg:Knives","theEdgeheg:Fastness+1","theEdgeheg:HappyTimmy","theEdgeheg:SoulSiphon+1","theEdgeheg:Shotgun","theEdgeheg:ChaosEnergyKatana","Parasite","theEdgeheg:TeleportsBehind+1"],"relics":["theEdgeheg:UltimateLifeformRelic","theEdgeheg:CSGunRelic","EVO:Axolotl","NeowsBlessing","Happy Flower","Potion Belt","Bag of Marbles","theEdgeheg:GreenEmeraldRelic","Orichalcum","Philosopher\u0027s Stone","Bottled Lightning","Letter Opener","theEdgeheg:BlueEmeraldRelic","Empty Cage","WingedGreaves","Incense Burner","Mercury Hourglass","Darkstone Periapt","Ornamental Fan"],"acts_visited":["Exordium","TheCity","TheBeyond"],"potions_floor_usage":[8,14,21,23,23,31,38,45,50],"damage_taken":[{"damage":0,"enemies":"Small Slimes","floor":1,"turns":1},{"damage":0,"enemies":"Jaw Worm","floor":2,"turns":2},{"damage":0,"enemies":"2 Louse","floor":3,"turns":1},{"damage":4,"enemies":"3 Sentries","floor":6,"turns":17},{"damage":0,"enemies":"Lagavulin","floor":8,"turns":8},{"damage":0,"enemies":"Large Slime","floor":12,"turns":10},{"damage":0,"enemies":"Red Slaver","floor":13,"turns":6},{"damage":0,"enemies":"Lagavulin Event","floor":14,"turns":11},{"damage":0,"enemies":"The Guardian","floor":16,"turns":17},{"damage":1,"enemies":"2 Thieves","floor":18,"turns":5},{"damage":0,"enemies":"Spheric Guardian","floor":20,"turns":8},{"damage":0,"enemies":"Shelled Parasite and Fungi","floor":21,"turns":4},{"damage":5,"enemies":"Slavers","floor":23,"turns":8},{"damage":3,"enemies":"Book of Stabbing","floor":25,"turns":8},{"damage":0,"enemies":"Centurion and Healer","floor":27,"turns":9},{"damage":1,"enemies":"Colosseum Slavers","floor":28,"turns":7},{"damage":0,"enemies":"Slavers","floor":31,"turns":3},{"damage":0,"enemies":"Automaton","floor":33,"turns":13},{"damage":0,"enemies":"Orb Walker","floor":35,"turns":5},{"damage":2,"enemies":"3 Darklings","floor":37,"turns":6},{"damage":2,"enemies":"2 Orb Walkers","floor":38,"turns":10},{"damage":0,"enemies":"Giant Head","floor":42,"turns":16},{"damage":2,"enemies":"Writhing Mass","floor":45,"turns":5},{"damage":2,"enemies":"Nemesis","floor":46,"turns":10},{"damage":1,"enemies":"Giant Head","floor":47,"turns":13},{"damage":0,"enemies":"4 Shapes","floor":48,"turns":9},{"damage":3,"enemies":"Donu and Deca","floor":50,"turns":14},{"damage":4,"enemies":"Awakened One","floor":51,"turns":21}],"seed_played":"-446961063258552805","potions_obtained":[{"floor":1,"key":"blueLaboratory:ImpenetrablePotion"},{"floor":6,"key":"blueLaboratory:FruitPunch"},{"floor":12,"key":"blueLaboratory:Moonshine"},{"floor":13,"key":"blueLaboratory:Moonshine"},{"floor":19,"key":"GamblersBrew"},{"floor":19,"key":"blueLaboratory:AbyssPotion"},{"floor":20,"key":"Fruit Juice"},{"floor":21,"key":"Weak Potion"},{"floor":25,"key":"blueLaboratory:ImpenetrablePotion"},{"floor":33,"key":"Regen Potion"},{"floor":35,"key":"FearPotion"},{"floor":37,"key":"Swift Potion"},{"floor":47,"key":"SmokeBomb"}],"is_trial":false,"path_per_floor":["M","M","M","?","?","E","?","E","T","?","$","M","M","?","R","B",null,"M","?","M","M","$","E","R","E","T","M","?","?","R","E","R","B",null,"M","?","M","?","$","R","R","E","T","R","M","E","E","M","R","B","B",null],"character_chosen":"THE_DEFAULT","items_purchased":["theEdgeheg:GreenEmeraldRelic","theEdgeheg:Fastness","theEdgeheg:ChaosEnergyKatana"],"campfire_rested":0,"item_purchase_floors":[11,22,39],"current_hp_per_floor":[4,5,5,5,4,3,3,5,5,5,5,7,7,7,7,7,7,7,7,7,8,8,4,4,2,2,3,3,3,3,3,3,5,6,6,6,5,3,3,3,3,4,4,4,6,5,5,8,8,6,3],"gold":335,"neow_bonus":"THREE_ENEMY_KILL","is_daily":false,"chose_seed":false,"campfire_upgraded":8,"win_rate":0.0,"timestamp":1610079942,"path_taken":["M","M","M","?","?","E","?","E","T","?","$","M","M","?","R","BOSS","M","?","M","M","$","E","R","E","T","M","?","?","R","E","R","BOSS","M","?","M","?","$","R","R","E","T","R","M","E","E","M","R","BOSS","BOSS"],"items_purchased_type":["Relic","Card","Card"],"build_version":"2020-12-22","purchased_purges":2,"victory":true,"max_hp_per_floor":[5,5,5,5,5,5,5,7,7,7,7,7,7,7,7,7,7,7,7,7,12,12,12,12,12,12,12,12,12,12,12,12,12,12,12,12,12,12,12,12,12,12,12,12,12,12,12,12,12,12,12],"relic_stats":{"Darkstone Periapt":0,"Happy Flower":[75],"counters":[28,247],"Ornamental Fan":[16],"Letter Opener":[183],"Orichalcum":[834],"obtain_stats":[{"Potion Belt":8,"Darkstone Periapt":46,"theEdgeheg:BlueEmeraldRelic":31,"NeowsBlessing":0,"Happy Flower":6,"theEdgeheg:CSGunRelic":0,"Incense Burner":42,"EVO:Axolotl":0,"Letter Opener":25,"Orichalcum":14,"Empty Cage":34,"Mercury Hourglass":43,"theEdgeheg:UltimateLifeformRelic":0,"Ornamental Fan":47,"theEdgeheg:GreenEmeraldRelic":11,"Philosopher\u0027s Stone":17,"WingedGreaves":38,"Bag of Marbles":9,"Bottled Lightning":23},{"Potion Belt":5,"Darkstone Periapt":24,"theEdgeheg:BlueEmeraldRelic":17,"NeowsBlessing":0,"Happy Flower":4,"theEdgeheg:CSGunRelic":0,"Incense Burner":22,"EVO:Axolotl":0,"Letter Opener":14,"Orichalcum":8,"Empty Cage":18,"Mercury Hourglass":22,"theEdgeheg:UltimateLifeformRelic":0,"Ornamental Fan":25,"theEdgeheg:GreenEmeraldRelic":5,"Philosopher\u0027s Stone":9,"WingedGreaves":21,"Bag of Marbles":5,"Bottled Lightning":13},{"Potion Belt":29,"Darkstone Periapt":190,"theEdgeheg:BlueEmeraldRelic":125,"NeowsBlessing":0,"Happy Flower":21,"theEdgeheg:CSGunRelic":0,"Incense Burner":175,"EVO:Axolotl":0,"Letter Opener":106,"Orichalcum":56,"Empty Cage":138,"Mercury Hourglass":175,"theEdgeheg:UltimateLifeformRelic":0,"Ornamental Fan":203,"theEdgeheg:GreenEmeraldRelic":29,"Philosopher\u0027s Stone":73,"WingedGreaves":159,"Bag of Marbles":29,"Bottled Lightning":98}],"Mercury Hourglass":[249]},"card_choices":[{"not_picked":["theEdgeheg:Grr","theEdgeheg:BloodyKatana"],"picked":"theEdgeheg:Heh","floor":1},{"not_picked":["theEdgeheg:PlayRandomCard","theEdgeheg:BlankCard"],"picked":"theEdgeheg:Birthday","floor":2},{"not_picked":["theEdgeheg:QuickKatana","theEdgeheg:BlackKatana"],"picked":"theEdgeheg:BetterDodge","floor":3},{"not_picked":["theEdgeheg:MasterEmerald","theEdgeheg:GirlWithGun"],"picked":"theEdgeheg:RuleOfCool","floor":6},{"not_picked":["theEdgeheg:DashKatana","theEdgeheg:BlackKatana"],"picked":"theEdgeheg:Heh","floor":8},{"not_picked":["theEdgeheg:TeleportsAbove","theEdgeheg:Heh"],"picked":"theEdgeheg:BetterDodge","floor":12},{"not_picked":["theEdgeheg:RollAndShoot","theEdgeheg:Butt"],"picked":"theEdgeheg:RandomChaosCard","floor":13},{"not_picked":["theEdgeheg:BloodyKatana","theEdgeheg:RandomChaosCard"],"picked":"theEdgeheg:BloodyNodachi","floor":14},{"not_picked":["theEdgeheg:ArtOfTheBlade","theEdgeheg:CSGun"],"picked":"theEdgeheg:PerfectAim","floor":16},{"not_picked":["theEdgeheg:RollAndShoot","theEdgeheg:ChaosWhip+1"],"picked":"theEdgeheg:Fastness","floor":18},{"not_picked":["theEdgeheg:TimmyBackflip","theEdgeheg:CrazyGirlfriend"],"picked":"theEdgeheg:BlowCover","floor":20},{"not_picked":["theEdgeheg:DrawBlade","theEdgeheg:BloodyKatana"],"picked":"theEdgeheg:ChaosControlSkill+1","floor":21},{"not_picked":["theEdgeheg:Butt","theEdgeheg:MachineGun"],"picked":"theEdgeheg:Sniper+1","floor":23},{"not_picked":["theEdgeheg:DualPistols","theEdgeheg:Butt"],"picked":"theEdgeheg:Knives","floor":25},{"not_picked":["theEdgeheg:CrazyGirlfriend","theEdgeheg:BadassArsenal"],"picked":"theEdgeheg:Fastness","floor":27},{"not_picked":["theEdgeheg:Heh","theEdgeheg:BetterShoot"],"picked":"theEdgeheg:HappyTimmy","floor":31},{"not_picked":["theEdgeheg:SephirotKatana","theEdgeheg:RocketLauncher"],"picked":"theEdgeheg:SoulSiphon","floor":33},{"not_picked":["theEdgeheg:Sniper","theEdgeheg:MachineGun","theEdgeheg:ChaosWhip+1"],"picked":"SKIP","floor":35},{"not_picked":["theEdgeheg:Glare","theEdgeheg:BetterShoot"],"picked":"theEdgeheg:Shotgun","floor":37},{"not_picked":["theEdgeheg:SkateboardTrick","theEdgeheg:Knives","theEdgeheg:RocketLauncher"],"picked":"SKIP","floor":42},{"not_picked":["theEdgeheg:ChaosBlast","theEdgeheg:QuickKatana","theEdgeheg:Butt"],"picked":"SKIP","floor":45},{"not_picked":["theEdgeheg:Shotgun","theEdgeheg:ChaosKatana+1"],"picked":"theEdgeheg:TeleportsBehind","floor":46},{"not_picked":["theEdgeheg:Disrobe","theEdgeheg:TeleportsAbove","theEdgeheg:BloodyNodachi"],"picked":"SKIP","floor":47},{"not_picked":["theEdgeheg:Grr","theEdgeheg:GirlWithGun","theEdgeheg:SelfHarmIsNotCool"],"picked":"SKIP","floor":48}],"player_experience":682515,"relics_obtained":[{"floor":6,"key":"Happy Flower"},{"floor":8,"key":"Potion Belt"},{"floor":9,"key":"Bag of Marbles"},{"floor":14,"key":"Orichalcum"},{"floor":23,"key":"Bottled Lightning"},{"floor":25,"key":"Letter Opener"},{"floor":31,"key":"theEdgeheg:BlueEmeraldRelic"},{"floor":38,"key":"WingedGreaves"},{"floor":42,"key":"Incense Burner"},{"floor":43,"key":"Mercury Hourglass"},{"floor":46,"key":"Darkstone Periapt"},{"floor":47,"key":"Ornamental Fan"}],"event_choices":[{"damage_healed":0,"gold_gain":0,"player_choice":"Grow","damage_taken":0,"max_hp_gain":0,"max_hp_loss":0,"event_name":"Living Wall","floor":4,"gold_loss":0,"cards_upgraded":["theEdgeheg:ChaosControlSkill"]},{"damage_healed":0,"gold_gain":0,"player_choice":"Entered Light","damage_taken":2,"max_hp_gain":0,"max_hp_loss":0,"event_name":"Shining Light","floor":5,"gold_loss":0,"cards_upgraded":["theEdgeheg:StarterShootAttack","theEdgeheg:Heh"]},{"cards_removed":["theEdgeheg:StarterShootAttack"],"damage_healed":0,"gold_gain":0,"player_choice":"Purged","damage_taken":0,"max_hp_gain":0,"max_hp_loss":0,"event_name":"Purifier","floor":10,"gold_loss":0},{"damage_healed":0,"gold_gain":0,"player_choice":"Searched \u00271\u0027 times","damage_taken":0,"max_hp_gain":0,"max_hp_loss":0,"event_name":"Dead Adventurer","floor":14,"gold_loss":0},{"damage_healed":0,"gold_gain":0,"player_choice":"Bought 2 Potions","damage_taken":0,"max_hp_gain":0,"max_hp_loss":0,"event_name":"The Woman in Blue","floor":19,"gold_loss":0},{"damage_healed":0,"gold_gain":0,"player_choice":"Fight","damage_taken":0,"max_hp_gain":0,"max_hp_loss":0,"event_name":"Colosseum","floor":28,"gold_loss":0},{"damage_healed":0,"gold_gain":0,"player_choice":"Fled From Nobs","damage_taken":0,"max_hp_gain":0,"max_hp_loss":0,"event_name":"Colosseum","floor":28,"gold_loss":0},{"damage_healed":0,"gold_gain":50,"player_choice":"Stole From Cult","damage_taken":0,"max_hp_gain":0,"max_hp_loss":0,"event_name":"Nest","floor":29,"gold_loss":0},{"cards_removed":["theEdgeheg:Fastness"],"damage_healed":0,"gold_gain":0,"player_choice":"Removed Power","damage_taken":0,"max_hp_gain":0,"max_hp_loss":0,"event_name":"Falling","floor":36,"gold_loss":0},{"damage_healed":0,"gold_gain":0,"player_choice":"Fight","damage_taken":0,"max_hp_gain":0,"max_hp_loss":0,"event_name":"Mysterious Sphere","floor":38,"gold_loss":0}],"is_beta":false,"boss_relics":[{"not_picked":["Black Star","Runic Pyramid"],"picked":"Philosopher\u0027s Stone"},{"not_picked":["Tiny House","Cursed Key"],"picked":"Empty Cage"}],"items_purged_floors":[22,39],"is_endless":false,"potions_floor_spawned":[1,6,12,13,20,21,25,33,35,37,47],"ascension_level":20}}