{"host":"sav7uxregyirlf69","time":1610116223,"event":{"mods":["AchievementEnabler","BaseMod","Colored Map","DeckTracker","Keyboard Shortcuts","Minty Spire (QoL Compilation)","READ ME - Guardian Mod","StSLib","SuperFastMode"],"gold_per_floor":[109,109,126,126,176,209,209,224,270,270,289,303,303,303,303,303,303],"floor_reached":16,"playtime":173,"items_purged":[],"score":250,"play_id":"c2c7bcfc-6a5d-49a2-a723-5f5e961d447a","local_time":"20210108233023","is_ascension_mode":true,"campfire_choices":[{"data":"Tactician","floor":7,"key":"SMITH"},{"data":"Prepared","floor":10,"key":"SMITH"},{"data":"Crippling Poison","floor":15,"key":"SMITH"}],"circlet_count":0,"master_deck":["AscendersBane","Strike_G","Strike_G","Strike_G","Strike_G","Defend_G","Defend_G","Defend_G","Defend_G","Defend_G","Survivor","Neutralize","Tactician+1","Footwork+1","Prepared+1","Crippling Poison+1","Escape Plan","Footwork+1"],"relics":["Ring of the Snake","NeowsBlessing","Frozen Egg 2","Tough Bandages","Bronze Scales","Sundial"],"acts_visited":["Exordium"],"potions_floor_usage":[12,16],"damage_taken":[{"damage":0,"enemies":"Small Slimes","floor":1,"turns":1},{"damage":0,"enemies":"Jaw Worm","floor":3,"turns":1},{"damage":0,"enemies":"Gremlin Nob","floor":6,"turns":1},{"damage":0,"enemies":"Cultist","floor":8,"turns":5},{"damage":1,"enemies":"Blue Slaver","floor":11,"turns":3},{"damage":0,"enemies":"Looter","floor":12,"turns":4},{"damage":39,"enemies":"Hexaghost","floor":16,"turns":11}],"seed_played":"-8056108484150637269","potions_obtained":[{"floor":8,"key":"Energy Potion"},{"floor":11,"key":"SkillPotion"},{"floor":12,"key":"Explosive Potion"}],"is_trial":false,"path_per_floor":["M","?","M","T","?","E","R","M","T","R","M","M","?","?","R","B"],"character_chosen":"THE_SILENT","items_purchased":[],"campfire_rested":0,"item_purchase_floors":[],"current_hp_per_floor":[59,64,64,64,64,64,64,64,64,64,63,63,37,37,37,0,0],"gold":303,"neow_bonus":"THREE_ENEMY_KILL","is_daily":false,"chose_seed":true,"campfire_upgraded":3,"win_rate":0.0,"timestamp":1610116223,"path_taken":["M","?","M","?","?","E","R","M","T","R","M","?","?","?","R","BOSS"],"items_purchased_type":[],"build_version":"2020-12-22","purchased_purges":0,"victory":false,"max_hp_per_floor":[66,71,71,71,71,71,71,71,71,71,71,71,71,71,71,71,71],"card_choices":[{"not_picked":["PiercingWail","Sucker Punch","Choke"],"picked":"SKIP","floor":1},{"not_picked":["Flechettes","Flying Knee"],"picked":"Tactician","floor":3},{"not_picked":["Underhanded Strike","Night Terror"],"picked":"Footwork+1","floor":6},{"not_picked":["Setup","Dagger Spray"],"picked":"Prepared","floor":8},{"not_picked":["Dagger Spray","Deflect"],"picked":"Crippling Poison","floor":11},{"not_picked":["Cloak And Dagger","Blade Dance"],"picked":"Escape Plan","floor":12}],"player_experience":1204321,"relics_obtained":[{"floor":4,"key":"Frozen Egg 2"},{"floor":6,"key":"Tough Bandages"},{"floor":9,"key":"Bronze Scales"}],"event_choices":[{"damage_healed":0,"gold_gain":0,"player_choice":"Donut","damage_taken":0,"max_hp_gain":5,"max_hp_loss":0,"event_name":"Big Fish","floor":2,"gold_loss":0},{"damage_healed":0,"gold_gain":50,"player_choice":"Pray","damage_taken":0,"max_hp_gain":0,"max_hp_loss":0,"event_name":"Golden Shrine","floor":5,"gold_loss":0},{"damage_healed":0,"gold_gain":0,"player_choice":"Success","damage_taken":26,"relics_obtained":["Sundial"],"max_hp_gain":0,"max_hp_loss":0,"event_name":"Scrap Ooze","floor":13,"gold_loss":0},{"damage_healed":0,"gold_gain":0,"cards_transformed":["Strike_G"],"player_choice":"Change","damage_taken":0,"max_hp_gain":0,"max_hp_loss":0,"event_name":"Living Wall","floor":14,"gold_loss":0,"cards_obtained":["Footwork"]}],"is_beta":false,"boss_relics":[],"items_purged_floors":[],"is_endless":false,"potions_floor_spawned":[8,11,12],"killed_by":"Hexaghost","ascension_level":20}}