{"host":"vrsxkkch9ccrec7k","time":1610116811,"event":{"mods":["Act Like it!","BaseMod","Bestiary","Better Third Choice","Better Vampires","Hallownest","Minty Spire (QoL Compilation)","Permanent Neow","Relic Stats","Spicy Shops","StSLib"],"gold_per_floor":[118,132,144,144,144,144,170,184,184,213,213,16,42,54,66,174,186,218,230,262,6,6,6,31,31,55,55,74,109,109,135,135,231,231,248,408,165,184,4,38,38,38,38,54,89,30,43,78,78,78,78,78,7,35,35,35],"floor_reached":55,"playtime":5163,"items_purged":["Strike_R","Strike_R","Twin Strike"],"score":1208,"play_id":"6e5c64f5-4e43-40aa-a4ba-517ec3fbef13","local_time":"20210108094011","is_ascension_mode":true,"campfire_choices":[{"data":"Bash","floor":6,"key":"SMITH"},{"data":"Whirlwind","floor":15,"key":"SMITH"},{"data":"Offering","floor":23,"key":"SMITH"},{"data":"Disarm","floor":32,"key":"SMITH"},{"data":"Anger","floor":41,"key":"SMITH"},{"floor":49,"key":"RECALL"},{"data":"Anger","floor":52,"key":"SMITH"}],"circlet_count":0,"master_deck":["Defend_R+1","Defend_R","Defend_R","Defend_R","Bash+1","Pommel Strike+1","Anger+1","Impervious","Anger+1","Combust+1","Fiend Fire+1","Shrug It Off","Whirlwind+1","Offering+1","Rupture+1","Armaments+1","Battle Trance+1","Shrug It Off","Disarm+1","Demon Form+1","Shrug It Off+1","Battle Trance+1","Metallicize+1","Metallicize+1","Feel No Pain+1","Heavy Blade+1","Feel No Pain+1","True Grit+1"],"relics":["Burning Blood","Toy Ornithopter","Hallownest:DreamNailRelic","Kunai","Frozen Egg 2","HornCleat","MawBank","SlaversCollar","Membership Card","Gambling Chip","Meat on the Bone","Anchor","Hallownest:WatcherSealRelic","Bag of Preparation","Blue Candle","Coffee Dripper","Hallownest:GodTamersBeastRelic","DollysMirror","Hallownest:StagBellRelic1","Strawberry","Regal Pillow","Potion Belt","Torii"],"acts_visited":["Exordium","Hallownest:Greenpath","Hallownest:CityofTears","TheEnding"],"potions_floor_usage":[36,50,55,55,55],"damage_taken":[{"damage":0,"enemies":"Hallownest:2_Baldur","floor":1,"turns":4},{"damage":17,"enemies":"2_ Uuma","floor":2,"turns":6},{"damage":3,"enemies":"Hallownest:monsterHuskWarrior","floor":3,"turns":3},{"damage":5,"enemies":"Hallownest:eliteCrystalGuardian","floor":7,"turns":5},{"damage":0,"enemies":"Hallownest:monsterMossCharger","floor":8,"turns":6},{"damage":12,"enemies":"Hallownest:eliteVengeflyKing","floor":10,"turns":7},{"damage":0,"enemies":"Hallownest:eliteCrystalGuardian","floor":13,"turns":5},{"damage":32,"enemies":"Hallownest:BossHornet","floor":16,"turns":9},{"damage":8,"enemies":"Hallownest:Flukemon_and_Top","floor":18,"turns":4},{"damage":6,"enemies":"Hallownest:Guard_and_Sentry","floor":20,"turns":4},{"damage":9,"enemies":"Hallownest:eliteSoulWarrior","floor":24,"turns":5},{"damage":4,"enemies":"Hallownest:Master_and_Novice","floor":28,"turns":3},{"damage":7,"enemies":"Hallownest:Nosk","floor":29,"turns":2},{"damage":7,"enemies":"Hallownest:eliteSoulWarrior","floor":31,"turns":3},{"damage":16,"enemies":"Hallownest:BossSoulMaster","floor":33,"turns":6},{"damage":15,"enemies":"Hallownest:3_Siblings","floor":35,"turns":4},{"damage":6,"enemies":"Hallownest:3_Siblings","floor":36,"turns":3},{"damage":0,"enemies":"Hallownest:3_Siblings","floor":36,"turns":4},{"damage":16,"enemies":"Hallownest:3_Siblings","floor":36,"turns":5},{"damage":0,"enemies":"Hallownest:3_Siblings","floor":36,"turns":2},{"damage":11,"enemies":"Hallownest:Shield_Heavy","floor":38,"turns":6},{"damage":6,"enemies":"Hallownest:eliteCollector","floor":40,"turns":5},{"damage":10,"enemies":"Hallownest:Shield_Sturdy","floor":44,"turns":5},{"damage":0,"enemies":"Hallownest:StalkingDevout","floor":45,"turns":4},{"damage":0,"enemies":"Hallownest:monsterPrimalAspid","floor":47,"turns":6},{"damage":11,"enemies":"Hallownest:eliteHiveKnight","floor":48,"turns":6},{"damage":0,"enemies":"Hallownest:BossHollowKnight","floor":50,"turns":6},{"damage":24,"enemies":"Shield and Spear","floor":54,"turns":5},{"damage":88,"enemies":"The Heart","floor":55,"turns":11}],"seed_played":"7972643344448261123","potions_obtained":[{"floor":2,"key":"ColorlessPotion"},{"floor":8,"key":"LiquidBronze"},{"floor":13,"key":"Block Potion"},{"floor":18,"key":"Swift Potion"},{"floor":29,"key":"HeartOfIron"},{"floor":33,"key":"PowerPotion"},{"floor":38,"key":"LiquidMemories"},{"floor":48,"key":"FearPotion"}],"is_trial":false,"path_per_floor":["M","M","M","?","?","R","E","M","T","E","?","$","E","?","R","B",null,"M","?","M","$","?","R","E","?","T","?","M","E","?","E","R","B",null,"M","?","$","M","?","E","R","$","T","M","E","$","M","E","R","B",null,"R","$","E","B"],"character_chosen":"IRONCLAD","items_purchased":["Fiend Fire","Shrug It Off","Membership Card","Gambling Chip","DollysMirror","Metallicize+1","Weak Potion","Feel No Pain+1","Feel No Pain+1"],"campfire_rested":0,"item_purchase_floors":[12,12,21,21,37,37,37,46,53],"current_hp_per_floor":[80,69,72,72,72,72,73,79,79,73,73,73,79,79,79,53,80,78,74,74,74,74,74,71,71,71,71,73,72,72,71,71,61,80,71,78,78,73,73,80,80,80,80,76,82,82,87,82,82,87,87,87,87,69,0,0],"gold":35,"neow_bonus":"RANDOM_COMMON_RELIC","is_daily":false,"chose_seed":false,"campfire_upgraded":6,"win_rate":0.0,"timestamp":1610116811,"path_taken":["M","M","M","?","?","R","E","?","T","E","?","?","E","?","R","BOSS","M","?","M","$","?","R","E","?","T","?","?","E","?","E","R","BOSS","M","?","$","M","?","E","R","?","T","M","E","$","M","E","R","BOSS","R","$","E","BOSS"],"items_purchased_type":["Card","Card","Relic","Relic","Relic","Card","Potion","Card","Card"],"build_version":"2020-12-22","purchased_purges":3,"victory":false,"max_hp_per_floor":[80,80,80,80,80,80,80,80,80,80,80,80,80,80,80,80,80,80,80,80,80,80,80,80,80,80,80,80,80,80,80,80,80,80,80,80,80,80,80,87,87,87,87,87,87,87,87,87,87,87,87,87,87,87,87,87],"relic_stats":{"Regal Pillow":0,"Torii":0,"counters":[29,144],"Gambling Chip":[88],"Blue Candle":[0],"Bag of Preparation":[32],"Kunai":[50],"MawBank":96,"obtain_stats":[{"Potion Belt":48,"Hallownest:StagBellRelic1":39,"Regal Pillow":45,"Torii":54,"Blue Candle":31,"Hallownest:DreamNailRelic":5,"Bag of Preparation":29,"Frozen Egg 2":9,"MawBank":13,"Hallownest:GodTamersBeastRelic":36,"Burning Blood":0,"SlaversCollar":17,"Anchor":26,"Hallownest:WatcherSealRelic":27,"HornCleat":10,"DollysMirror":37,"Gambling Chip":21,"Strawberry":40,"Coffee Dripper":34,"Kunai":7,"Membership Card":21,"Toy Ornithopter":0,"Meat on the Bone":24},{"Potion Belt":26,"Hallownest:StagBellRelic1":21,"Regal Pillow":24,"Torii":28,"Blue Candle":14,"Hallownest:DreamNailRelic":3,"Bag of Preparation":13,"Frozen Egg 2":5,"MawBank":7,"Hallownest:GodTamersBeastRelic":20,"Burning Blood":0,"SlaversCollar":8,"Anchor":11,"Hallownest:WatcherSealRelic":11,"HornCleat":6,"DollysMirror":20,"Gambling Chip":10,"Strawberry":22,"Coffee Dripper":15,"Kunai":4,"Membership Card":10,"Toy Ornithopter":0,"Meat on the Bone":11},{"Potion Belt":122,"Hallownest:StagBellRelic1":96,"Regal Pillow":110,"Torii":133,"Blue Candle":66,"Hallownest:DreamNailRelic":13,"Bag of Preparation":63,"Frozen Egg 2":24,"MawBank":36,"Hallownest:GodTamersBeastRelic":90,"Burning Blood":0,"SlaversCollar":45,"Anchor":58,"Hallownest:WatcherSealRelic":58,"HornCleat":31,"DollysMirror":90,"Gambling Chip":53,"Strawberry":101,"Coffee Dripper":72,"Kunai":18,"Membership Card":53,"Toy Ornithopter":0,"Meat on the Bone":58}],"Burning Blood":155,"Toy Ornithopter":25,"Meat on the Bone":0},"card_choices":[{"not_picked":["Shrug It Off","Bloodletting"],"picked":"Pommel Strike","floor":1},{"not_picked":["Inflame","Bloodletting"],"picked":"Anger","floor":2},{"not_picked":["Armaments","Heavy Blade"],"picked":"Twin Strike","floor":3},{"not_picked":["Seeing Red","Twin Strike"],"picked":"Impervious","floor":7},{"not_picked":["Thunderclap","Flex"],"picked":"Anger","floor":8},{"not_picked":["Reckless Charge","Inflame+1"],"picked":"Combust+1","floor":10},{"not_picked":["Iron Wave","Power Through"],"picked":"Whirlwind","floor":13},{"not_picked":["Fiend Fire","Feed"],"picked":"Offering","floor":16},{"not_picked":["Wild Strike","Body Slam","Twin Strike"],"picked":"SKIP","floor":18},{"not_picked":["Dropkick","Cleave"],"picked":"Rupture+1","floor":20},{"not_picked":["Carnage","Ghostly Armor"],"picked":"Armaments+1","floor":24},{"not_picked":["Warcry+1","Heavy Blade"],"picked":"Battle Trance+1","floor":28},{"not_picked":["Hemokinesis","Perfected Strike"],"picked":"Shrug It Off","floor":29},{"not_picked":["Fiend Fire","Clash"],"picked":"Disarm","floor":31},{"not_picked":["Immolate","Exhume"],"picked":"Demon Form+1","floor":33},{"not_picked":["Fire Breathing+1","Body Slam+1"],"picked":"Shrug It Off+1","floor":35},{"not_picked":["Burning Pact","Clash","Thunderclap"],"picked":"SKIP","floor":38},{"not_picked":["Pommel Strike","Berserk+1","Perfected Strike"],"picked":"SKIP","floor":40},{"not_picked":["Anger+1","Havoc+1"],"picked":"Metallicize+1","floor":44},{"not_picked":["Bludgeon","Shrug It Off","Pummel"],"picked":"SKIP","floor":45},{"not_picked":["Warcry","Thunderclap","Shockwave"],"picked":"SKIP","floor":47},{"not_picked":["Whirlwind+1","Brutality+1"],"picked":"Heavy Blade+1","floor":48},{"not_picked":["Flex+1","Metallicize+1"],"picked":"True Grit+1","floor":54}],"player_experience":1334549,"relics_obtained":[{"floor":7,"key":"Kunai"},{"floor":9,"key":"Frozen Egg 2"},{"floor":10,"key":"HornCleat"},{"floor":13,"key":"MawBank"},{"floor":24,"key":"Meat on the Bone"},{"floor":26,"key":"Anchor"},{"floor":29,"key":"Bag of Preparation"},{"floor":31,"key":"Blue Candle"},{"floor":40,"key":"Strawberry"},{"floor":45,"key":"Regal Pillow"},{"floor":48,"key":"Potion Belt"},{"floor":54,"key":"Torii"}],"event_choices":[],"is_beta":false,"boss_relics":[{"not_picked":["Velvet Choker","Pandora\u0027s Box"],"picked":"SlaversCollar"},{"not_picked":["Runic Dome","Mark of Pain"],"picked":"Coffee Dripper"}],"items_purged_floors":[21,37,37],"is_endless":false,"potions_floor_spawned":[2,8,13,18,29,33,35,38,45,47,48],"killed_by":"The Heart","ascension_level":3}}