{"host":"6p0attdrtjqaih7v","time":1610133171,"event":{"mods":["2.2 Compatiblity","AchievementEnabler","Bard","BaseMod","Better Skull","Better Third Choice","Colored Powertips","Hermit","Highlight Path","Jorbs\u0027s Wanderer Trilogy","Key Reminder","Minty Spire (QoL Compilation)","Permanent Neow","Quick Restart","Random Character Button","Relic Stats","Replay The Spire","StSLib","The Servant 0.9.4"],"gold_per_floor":[119,119,137,157,169,169,187,187,241,254,254,254,286,306,306,410,410,420,106,124,324,336,370,382,150,150,160,190,209,228,245,245,350,450,468,487,532,532,548,548,548,548,623,638,665,665,681,716,716,716],"floor_reached":51,"playtime":2383,"items_purged":["Strike_S","Strike_S"],"score":878,"play_id":"8274174f-66e6-46e7-8640-7ac9177864cb","local_time":"20210108141251","is_ascension_mode":false,"campfire_choices":[{"data":"MurderousAura","floor":6,"key":"SMITH"},{"data":"Ricochet","floor":8,"key":"SMITH"},{"data":"Comet","floor":11,"key":"SMITH"},{"data":"FloweringNight","floor":15,"key":"SMITH"},{"data":"SilverBlades","floor":24,"key":"SMITH"},{"floor":32,"key":"REST"},{"data":"Alleviate","floor":41,"key":"SMITH"},{"data":"Starlight","floor":46,"key":"SMITH"},{"data":"1","floor":49,"key":"LIFT"}],"circlet_count":0,"master_deck":["Strike_S","Strike_S","Defend_S","Defend_S","Defend_S","Defend_S","KidneyShot","Exchange","Swift Strike","FastForward","ShatteredReality","Starlight+1","MurderousAura+1","Ricochet+1","Comet+1","FloweringNight+1","SoulSculpture+1","TimeWarp+1","Master of Strategy","Starlight+1","SilverBlades+1","Alleviate+1","ShatteredReality+1","TimeWarp+1","SoulSculpture+1","Sunlight+1","Barrier+1","Rewind+1","Flash of Steel+1","FastForward+1","Potential+1","Gouge+1"],"relics":["SplendidAttire","Nunchaku","Molten Egg 2","Sozu","MawBank","Oddly Smooth Stone","Iron Hammer","Girya","Replay:Grab Bag","Replay:Wanted Poster","Torii","Snack Pack","Shuriken","Replay:Ringing Soul"],"acts_visited":["Exordium","TheCity","TheBeyond"],"potions_floor_usage":[16,23],"damage_taken":[{"damage":6,"enemies":"Jaw Worm","floor":1,"turns":4},{"damage":1,"enemies":"Cultist","floor":3,"turns":3},{"damage":0,"enemies":"Small Slimes","floor":4,"turns":3},{"damage":4,"enemies":"3 Louse","floor":5,"turns":3},{"damage":7,"enemies":"Blue Slaver","floor":7,"turns":3},{"damage":0,"enemies":"Gremlin Gang","floor":10,"turns":3},{"damage":4,"enemies":"Gremlin Nob","floor":13,"turns":3},{"damage":8,"enemies":"Lots of Slimes","floor":14,"turns":3},{"damage":0,"enemies":"Slime Boss","floor":16,"turns":5},{"damage":6,"enemies":"Chosen","floor":18,"turns":3},{"damage":1,"enemies":"3 Byrds","floor":20,"turns":3},{"damage":2,"enemies":"Centurion and Healer","floor":22,"turns":3},{"damage":7,"enemies":"Slavers","floor":23,"turns":4},{"damage":9,"enemies":"Snake Plant","floor":27,"turns":3},{"damage":9,"enemies":"Gremlin Leader","floor":28,"turns":4},{"damage":3,"enemies":"Shelled Parasite and Fungi","floor":29,"turns":3},{"damage":0,"enemies":"Centurion and Healer","floor":30,"turns":3},{"damage":9,"enemies":"Snake Plant","floor":31,"turns":3},{"damage":2,"enemies":"Automaton","floor":33,"turns":5},{"damage":0,"enemies":"3 Darklings","floor":35,"turns":2},{"damage":0,"enemies":"3 Shapes","floor":36,"turns":1},{"damage":15,"enemies":"2 Orb Walkers","floor":37,"turns":3},{"damage":0,"enemies":"Writhing Mass","floor":39,"turns":4},{"damage":0,"enemies":"Jaw Worm Horde","floor":44,"turns":2},{"damage":0,"enemies":"Giant Head","floor":45,"turns":5},{"damage":0,"enemies":"Maw","floor":47,"turns":3},{"damage":0,"enemies":"Reptomancer","floor":48,"turns":3},{"damage":21,"enemies":"Time Eater","floor":50,"turns":6}],"seed_played":"1071162425803256821","potions_obtained":[{"floor":1,"key":"SpeedPotion"},{"floor":7,"key":"Flashbang"},{"floor":14,"key":"Milkshake"},{"floor":16,"key":"SpeedPotion"}],"is_trial":false,"path_per_floor":["M","?","M","M","M","R","M","R","T","M","R","?","E","M","R","B",null,"M","$","M","?","M","E","R","$","T","M","E","M","M","M","R","B",null,"M","M","?","?","M","?","R","?","T","M","E","R","M","E","R","B",null],"character_chosen":"THE_SERVANT","items_purchased":["TimeWarp+1","Master of Strategy","Oddly Smooth Stone"],"campfire_rested":1,"item_purchase_floors":[19,19,25],"current_hp_per_floor":[59,59,58,58,54,54,47,47,47,47,47,47,43,35,35,35,65,59,59,58,58,56,49,49,49,49,40,31,28,28,19,38,36,65,65,65,50,50,50,50,50,50,50,54,62,62,62,65,65,52],"gold":716,"neow_bonus":"RANDOM_COLORLESS","is_daily":false,"chose_seed":false,"campfire_upgraded":7,"win_rate":0.0,"timestamp":1610133171,"path_taken":["M","?","M","M","M","R","M","R","T","M","R","?","E","M","R","BOSS","M","$","M","?","M","E","R","$","T","M","E","M","M","?","R","BOSS","M","M","?","?","M","?","R","?","T","?","E","R","M","E","R","BOSS"],"items_purchased_type":["Card","Card","Relic"],"build_version":"2020-12-22","purchased_purges":2,"victory":true,"max_hp_per_floor":[65,65,65,65,65,65,65,65,65,65,65,65,65,65,65,65,65,65,65,65,65,65,65,65,65,65,65,65,65,65,65,65,65,65,65,65,65,65,65,62,62,62,62,62,62,62,62,65,65,65],"relic_stats":{"Sozu":10,"Nunchaku":[26],"Torii":2,"counters":[28,93],"Shuriken":[14],"MawBank":24,"obtain_stats":[{"Girya":28,"SplendidAttire":34,"Torii":37,"Replay:Grab Bag":34,"Oddly Smooth Stone":25,"Uniform":0,"MawBank":23,"Sozu":17,"Replay:Wanted Poster":34,"Replay:Ringing Soul":48,"Nunchaku":9,"Shuriken":45,"Molten Egg 2":13,"Iron Hammer":26,"Snack Pack":43},{"Girya":15,"SplendidAttire":19,"Torii":22,"Replay:Grab Bag":19,"Oddly Smooth Stone":13,"Uniform":0,"MawBank":13,"Sozu":9,"Replay:Wanted Poster":19,"Replay:Ringing Soul":27,"Nunchaku":5,"Shuriken":25,"Molten Egg 2":7,"Iron Hammer":13,"Snack Pack":23},{"Girya":50,"SplendidAttire":64,"Torii":70,"Replay:Grab Bag":64,"Oddly Smooth Stone":43,"Uniform":0,"MawBank":43,"Sozu":30,"Replay:Wanted Poster":64,"Replay:Ringing Soul":87,"Nunchaku":16,"Shuriken":81,"Molten Egg 2":22,"Iron Hammer":43,"Snack Pack":74}]},"card_choices":[{"not_picked":["Jack Of All Trades","ReplayTheSpireMod:Private Reserves"],"picked":"Swift Strike","floor":0},{"not_picked":["Defy","Spin"],"picked":"FastForward","floor":1},{"not_picked":["Misdirection","Revamp"],"picked":"ShatteredReality","floor":3},{"not_picked":["Snipe","Potential"],"picked":"Starlight","floor":4},{"not_picked":["Revamp","BottledTime"],"picked":"MurderousAura","floor":5},{"not_picked":["Unruled","Advance"],"picked":"Ricochet","floor":7},{"not_picked":["Shuttle","WasteNot"],"picked":"Comet","floor":10},{"not_picked":["Unruled+1","Revamp","Foresight"],"picked":"SKIP","floor":13},{"not_picked":["Replace","Potential+1"],"picked":"FloweringNight","floor":14},{"not_picked":["LightFlow+1","Solidify"],"picked":"SoulSculpture+1","floor":16},{"not_picked":["InstantArmor","Contraction+1","Spin+1"],"picked":"SKIP","floor":18},{"not_picked":["Unruled+1","ReturningBlade+1"],"picked":"Starlight+1","floor":20},{"not_picked":["TimeWarp+1","Contraction"],"picked":"SilverBlades","floor":22},{"not_picked":["Hightail","Foresight+1","Collapse+1"],"picked":"SKIP","floor":23},{"not_picked":["TimeWarp+1","FastForward"],"picked":"Alleviate","floor":27},{"not_picked":["Rewind","Luminosity"],"picked":"ShatteredReality+1","floor":28},{"not_picked":["Spin+1","Moonlight+1"],"picked":"TimeWarp+1","floor":29},{"not_picked":["Rearm","ShatteredReality+1"],"picked":"SoulSculpture+1","floor":30},{"not_picked":["TimeWarp+1","Replace+1","Potential+1"],"picked":"SKIP","floor":31},{"not_picked":["Solidify","PendulumOfEternity+1"],"picked":"Sunlight+1","floor":33},{"not_picked":["Alleviate","Spin+1","Rearm"],"picked":"SKIP","floor":35},{"not_picked":["Unruled+1","BestPractice+1","Rearm"],"picked":"SKIP","floor":36},{"not_picked":["Potential+1","Spin+1"],"picked":"Barrier+1","floor":37},{"not_picked":["DualDimension","Deny"],"picked":"Rewind+1","floor":39},{"not_picked":["Forethought","Metamorphosis"],"picked":"Flash of Steel+1","floor":42},{"not_picked":["Ricochet+1","Unruled+1"],"picked":"FastForward+1","floor":44},{"not_picked":["FastForward","Deny"],"picked":"Potential+1","floor":45},{"not_picked":["Reset+1","SilverBlades","Spin+1"],"picked":"SKIP","floor":47},{"not_picked":["Revamp+1","Ricochet+1"],"picked":"Gouge+1","floor":48}],"player_experience":793752,"relics_obtained":[{"floor":9,"key":"Nunchaku"},{"floor":13,"key":"Molten Egg 2"},{"floor":23,"key":"MawBank"},{"floor":26,"key":"Iron Hammer"},{"floor":28,"key":"Girya"},{"floor":37,"key":"Torii"},{"floor":43,"key":"Snack Pack"},{"floor":45,"key":"Shuriken"},{"floor":48,"key":"Replay:Ringing Soul"}],"event_choices":[{"damage_healed":0,"gold_gain":0,"player_choice":"Ignored","damage_taken":0,"max_hp_gain":0,"max_hp_loss":0,"event_name":"Liars Game","floor":12,"gold_loss":0},{"damage_healed":0,"gold_gain":250,"player_choice":"Bet on Owner","damage_taken":0,"max_hp_gain":0,"max_hp_loss":0,"event_name":"The Joust","floor":21,"gold_loss":50},{"damage_healed":0,"gold_gain":0,"player_choice":"Fight","damage_taken":0,"max_hp_gain":0,"max_hp_loss":0,"event_name":"Mysterious Sphere","floor":37,"gold_loss":0},{"damage_healed":0,"gold_gain":0,"player_choice":"Ignored","damage_taken":0,"max_hp_gain":0,"max_hp_loss":0,"event_name":"Tomb of Lord Red Mask","floor":38,"gold_loss":0},{"damage_healed":0,"gold_gain":0,"player_choice":"Max HP","damage_taken":0,"max_hp_gain":0,"max_hp_loss":3,"event_name":"Winding Halls","floor":40,"gold_loss":0},{"damage_healed":0,"gold_gain":0,"player_choice":"Memory 1","damage_taken":0,"max_hp_gain":0,"max_hp_loss":0,"event_name":"SensoryStone","floor":42,"gold_loss":0}],"is_beta":false,"boss_relics":[{"not_picked":["Busted Crown","Runic Pyramid"],"picked":"Sozu"},{"not_picked":["Replay:Drink Me","ChewingGum"],"picked":"Replay:Grab Bag"},{"not_picked":["ReplayTheSpireMod:DimensionalGlitch","Runic Dome"],"picked":"Replay:Wanted Poster"},{"not_picked":["Pandora\u0027s Box","Snecko Eye"],"picked":"SplendidAttire"}],"items_purged_floors":[19,25],"is_endless":false,"potions_floor_spawned":[1,7,14,16,20,22,27,28,31,33,35,36,37,45],"ascension_level":0}}