{"host":"627up2rvtmm0cf0r","time":1610117287,"event":{"mods":["ATMod(阿瑾Mod)","Act Like it!","BaseMod","Better Vampires","CapriCore","Card Filter","Card Forge","Colored Powertips","DeckTracker","Dota2Spire","Friendly Minions","Highlight Path","Infinite Spire","Jedi Mod","Marked Mod","Mimic Mod","Minty Spire (QoL Compilation)","MostiFishMod","Permanent Neow","Practice Mode","Quick Restart","Relic Stats","Shop Mod","Spicy Shops","StSLib","SuperFastMode","TestMod","The Marked","【遗物卡牌】REMEMod","残留之物","篝火指南"],"gold_per_floor":[111,111,111,121,121,121,152,77,128,128,140,167,67,77,77,179,179,197,197,215,90,90,90,119,119,169,198,212,224,252,271,121,226,226,246,246,246,266,277,308,308,326,352,365,365,375,375,405,417,429],"floor_reached":51,"playtime":1212,"items_purged":["Strike_G","Strike_G","Strike_G","Defend_G","MarkedMod:GracefulMovements","Survivor"],"score":1203,"play_id":"95bf13fb-392b-4e91-ae6b-1990fcefc054","local_time":"20210108224807","is_ascension_mode":true,"campfire_choices":[{"data":"MostiFishMod:VineMother","floor":6,"key":"SMITH"},{"data":"AT_ShadowStep","floor":10,"key":"SMITH"},{"data":"AT_FocusSwordFire","floor":15,"key":"SMITH"},{"data":"AT_EssenceShift","floor":23,"key":"SMITH"},{"data":"Venomology","floor":25,"key":"SMITH"},{"data":"Adrenaline","floor":45,"key":"SMITH"},{"floor":49,"key":"RECALL"}],"circlet_count":0,"master_deck":["Defend_G","Defend_G","Defend_G","Defend_G","Neutralize+1","Venomology+1","AT_ShadowStep+1","MostiFishMod:VineMother+1","AT_FocusSwordFire+1","AT_EssenceShift+1","AT_ShadowStep+1","Adrenaline+1","AT_FocusSwordFire+1"],"relics":["Ring of the Snake","Hammer of Thor","Seething Fire","Anvil of the Gods","DaveBox","testmod-TestBox","REME_ComplimentaryCards","AT_ATBox","testmod-PortableAltar","HaiYi:Twilight","SynthV:TestCard","Blue Candle","Boot","infinitespire:EmpoweringShard","WristBlade","Paper Crane","MealTicket","Whetstone","Bronze Scales","Omamori","ShadowXiaoBlade","jedi:angrymask","PlaceholderMod:SoulofChaos","AT_BellDemon","AT_EbonyIvory","testmod-ArcanaOfDestiny","infinitespire:Beetle Shell","Ornamental Fan","MawBank"],"acts_visited":["Exordium","TheCity","TheBeyond"],"potions_floor_usage":[7,11,12,12,12,12,16,18,27,28,29,29,35,39,42,44,44,50],"damage_taken":[{"damage":9,"enemies":"2 Louse","floor":1,"turns":3},{"damage":6,"enemies":"Small Slimes","floor":4,"turns":4},{"damage":5,"enemies":"3 Sentries","floor":7,"turns":6},{"damage":3,"enemies":"Cultist","floor":11,"turns":3},{"damage":16,"enemies":"Gremlin Nob","floor":12,"turns":4},{"damage":0,"enemies":"Large Slime","floor":14,"turns":2},{"damage":2,"enemies":"Hexaghost","floor":16,"turns":5},{"damage":15,"enemies":"Shell Parasite","floor":18,"turns":3},{"damage":0,"enemies":"3 Byrds","floor":20,"turns":3},{"damage":8,"enemies":"Book of Stabbing","floor":24,"turns":3},{"damage":6,"enemies":"Slavers","floor":27,"turns":4},{"damage":1,"enemies":"Cultist and Chosen","floor":28,"turns":3},{"damage":0,"enemies":"Centurion and Healer","floor":29,"turns":4},{"damage":0,"enemies":"Book of Stabbing","floor":30,"turns":1},{"damage":0,"enemies":"Snecko","floor":31,"turns":3},{"damage":0,"enemies":"Automaton","floor":33,"turns":3},{"damage":0,"enemies":"Orb Walker","floor":35,"turns":1},{"damage":0,"enemies":"3 Darklings","floor":38,"turns":1},{"damage":7,"enemies":"Transient","floor":39,"turns":4},{"damage":0,"enemies":"Nemesis","floor":40,"turns":2},{"damage":0,"enemies":"4 Shapes","floor":42,"turns":2},{"damage":10,"enemies":"Writhing Mass","floor":44,"turns":2},{"damage":0,"enemies":"3 Darklings","floor":46,"turns":1},{"damage":0,"enemies":"Reptomancer","floor":48,"turns":1},{"damage":0,"enemies":"Donu and Deca","floor":50,"turns":2}],"seed_played":"-6526133690083462148","potions_obtained":[{"floor":4,"key":"BlessingOfTheForge"},{"floor":12,"key":"SkillPotion"},{"floor":33,"key":"ColorlessPotion"}],"is_trial":false,"path_per_floor":["M","?","?","M","?","R","E","$","T","R","M","E","$","M","R","B",null,"M","AVR","M","$","?","R","E","R","T","E","M","M","E","M","R","B",null,"M","?","?","M","M","E","T","M","T","M","R","M","AVR","E","R","B",null],"character_chosen":"THE_SILENT","items_purchased":[],"campfire_rested":0,"item_purchase_floors":[],"current_hp_per_floor":[60,53,53,47,52,52,47,47,47,47,44,28,28,28,28,26,58,42,42,42,42,42,42,34,34,34,28,27,27,27,27,27,27,41,40,39,38,37,29,29,29,32,32,25,25,25,25,25,25,25],"gold":441,"neow_bonus":"ONE_RANDOM_RARE_CARD","is_daily":false,"chose_seed":false,"campfire_upgraded":6,"win_rate":0.0,"timestamp":1610117287,"path_taken":["M","?","?","?","?","R","E","?","T","R","M","E","$","M","R","BOSS","M","AVR","M","$","?","R","E","R","T","E","M","M","E","M","R","BOSS","M","?","?","?","M","E","?","?","T","?","R","M","AVR","E","R","BOSS"],"items_purchased_type":[],"build_version":"2020-12-22","purchased_purges":6,"victory":true,"max_hp_per_floor":[69,68,67,66,70,69,68,67,66,65,64,63,62,61,60,59,58,57,56,55,54,53,52,51,50,49,48,47,46,45,44,43,42,41,40,39,38,37,36,35,34,36,35,37,36,35,34,33,32,31],"relic_stats":{"counters":[25,70],"Ornamental Fan":[16],"Blue Candle":[0],"Bronze Scales":[36],"MealTicket":0,"Whetstone":["Neutralize"],"Boot":[8],"MawBank":36,"obtain_stats":[{"AT_BellDemon":43,"jedi:angrymask":40,"AT_ATBox":0,"DaveBox":0,"Hammer of Thor":0,"testmod-PortableAltar":0,"Whetstone":26,"Boot":9,"WristBlade":17,"MealTicket":24,"testmod-ArcanaOfDestiny":46,"Ring of the Snake":0,"testmod-TestBox":0,"Blue Candle":7,"ShadowXiaoBlade":34,"AT_EbonyIvory":44,"infinitespire:Beetle Shell":47,"Omamori":30,"Seething Fire":0,"Paper Crane":19,"MawBank":48,"SynthV:TestCard":1,"HaiYi:Twilight":0,"Anvil of the Gods":0,"Ornamental Fan":48,"Bronze Scales":27,"infinitespire:EmpoweringShard":12,"PlaceholderMod:SoulofChaos":41,"REME_ComplimentaryCards":0},{"AT_BellDemon":21,"jedi:angrymask":20,"AT_ATBox":0,"DaveBox":0,"Hammer of Thor":0,"testmod-PortableAltar":0,"Whetstone":10,"Boot":3,"WristBlade":7,"MealTicket":10,"testmod-ArcanaOfDestiny":23,"Ring of the Snake":0,"testmod-TestBox":0,"Blue Candle":3,"ShadowXiaoBlade":16,"AT_EbonyIvory":22,"infinitespire:Beetle Shell":23,"Omamori":14,"Seething Fire":0,"Paper Crane":8,"MawBank":24,"SynthV:TestCard":1,"HaiYi:Twilight":0,"Anvil of the Gods":0,"Ornamental Fan":24,"Bronze Scales":11,"infinitespire:EmpoweringShard":5,"PlaceholderMod:SoulofChaos":20,"REME_ComplimentaryCards":0},{"AT_BellDemon":64,"jedi:angrymask":62,"AT_ATBox":0,"DaveBox":0,"Hammer of Thor":0,"testmod-PortableAltar":0,"Whetstone":36,"Boot":13,"WristBlade":27,"MealTicket":36,"testmod-ArcanaOfDestiny":67,"Ring of the Snake":0,"testmod-TestBox":0,"Blue Candle":13,"ShadowXiaoBlade":54,"AT_EbonyIvory":66,"infinitespire:Beetle Shell":67,"Omamori":48,"Seething Fire":0,"Paper Crane":30,"MawBank":68,"SynthV:TestCard":3,"HaiYi:Twilight":0,"Anvil of the Gods":0,"Ornamental Fan":68,"Bronze Scales":40,"infinitespire:EmpoweringShard":20,"PlaceholderMod:SoulofChaos":62,"REME_ComplimentaryCards":0}],"Ring of the Snake":[50]},"card_choices":[{"not_picked":["Flechettes","jedi:collectorvenom","Dagger Spray"],"picked":"SKIP","floor":1},{"not_picked":["AT_WindFlip","Backstab","REME_ShadowStrike","jedi:pocketpoison","Blur"],"picked":"SKIP","floor":4},{"not_picked":["Well Laid Plans","Bouncing Flask","MostiFishMod:InvigoratingSolution","Quick Slash","Dagger Spray"],"picked":"SKIP","floor":7},{"not_picked":["Outmaneuver","Predator","Prepared","REME_ShadowStrike","Sucker Punch"],"picked":"SKIP","floor":11},{"not_picked":["Predator","jedi:acidrain","MostiFishMod:PoisonShield","AT_WindRun"],"picked":"AT_FocusSwordFire","floor":12},{"not_picked":["Bane","Sucker Punch","Slice","jedi:poisonivy","Backflip"],"picked":"SKIP","floor":14},{"not_picked":["Burst","Wraith Form v2","MostiFishMod:GrandStart","Venomology"],"picked":"AT_EssenceShift","floor":16},{"not_picked":["Noxious Fumes+1","Dagger Spray+1","Expertise","AT_WindFlip","Blade Dance"],"picked":"SKIP","floor":18},{"not_picked":["Bane","Backflip","Poisoned Stab","MostiFishMod:PerfectParry","Dagger Spray"],"picked":"SKIP","floor":20},{"not_picked":["AT_WindFlip","Poisoned Stab","Wraith Form v2","Backflip","Masterful Stab"],"picked":"SKIP","floor":24},{"not_picked":["Deadly Poison","jedi:pocketpoison","Slice","Quick Slash+1","Noxious Fumes"],"picked":"SKIP","floor":27},{"not_picked":["MostiFishMod:PerfectParry","AT_ShadowStep+1","Masterful Stab","AT_WindFlip","Infinite Blades"],"picked":"SKIP","floor":28},{"not_picked":["MostiFishMod:PerfectParry","Masterful Stab","AT_WindFlip","Infinite Blades"],"picked":"AT_ShadowStep+1","floor":28},{"not_picked":["Dagger Spray","PiercingWail","jedi:pocketpoison","Blade Dance","REME_SpectralBlade"],"picked":"SKIP","floor":29},{"not_picked":["Riddle With Holes+1","Burst","Heel Hook+1","Prepared+1","Blade Dance"],"picked":"SKIP","floor":30},{"not_picked":["Deflect","Bane+1","Slice+1","Underhanded Strike","Blade Dance"],"picked":"SKIP","floor":31},{"not_picked":["infinitespire:Neurotoxin","REME_ShadowForm","REME_LeechingPoison","jedi:studypoison"],"picked":"Adrenaline","floor":33},{"not_picked":["Acrobatics","Blade Dance+1","PiercingWail+1","Dodge and Roll","Deadly Poison+1"],"picked":"SKIP","floor":35},{"not_picked":["Flying Knee+1","Die Die Die","Quick Slash+1","Acrobatics+1"],"picked":"AT_FocusSwordFire+1","floor":38},{"not_picked":["Blur","Prepared","Caltrops+1","MostiFishMod:Dislodge","PiercingWail+1"],"picked":"SKIP","floor":39},{"not_picked":["Deflect+1","Dodge and Roll+1","Burst","Acrobatics","Terror"],"picked":"SKIP","floor":40},{"not_picked":["Dagger Throw+1","Footwork","jedi:pocketpoison+1","Tactician","Bouncing Flask+1"],"picked":"SKIP","floor":42},{"not_picked":["Blade Dance","PiercingWail+1","Flying Knee","Burst","MostiFishMod:PreservedThorns"],"picked":"SKIP","floor":44},{"not_picked":["Caltrops","MostiFishMod:PerfectParry+1","Dagger Throw+1","Acrobatics","Bane"],"picked":"SKIP","floor":46},{"not_picked":["MostiFishMod:InvigoratingSolution","Backstab+1","Bane+1","jedi:pocketpoison+1","Deadly Poison+1"],"picked":"SKIP","floor":48}],"player_experience":78758,"relics_obtained":[{"floor":1,"key":"SynthV:TestCard"},{"floor":7,"key":"Blue Candle"},{"floor":9,"key":"Boot"},{"floor":12,"key":"infinitespire:EmpoweringShard"},{"floor":24,"key":"MealTicket"},{"floor":26,"key":"Whetstone"},{"floor":27,"key":"Bronze Scales"},{"floor":30,"key":"Omamori"},{"floor":40,"key":"jedi:angrymask"},{"floor":41,"key":"PlaceholderMod:SoulofChaos"},{"floor":43,"key":"AT_BellDemon"},{"floor":44,"key":"AT_EbonyIvory"},{"floor":46,"key":"testmod-ArcanaOfDestiny"},{"floor":48,"key":"Ornamental Fan"},{"floor":48,"key":"MawBank"}],"event_choices":[{"cards_removed":["Strike_G"],"damage_healed":0,"gold_gain":0,"player_choice":"Card Removal","damage_taken":7,"max_hp_gain":0,"max_hp_loss":0,"event_name":"Golden Wing","floor":2,"gold_loss":0},{"damage_healed":0,"gold_gain":0,"cards_transformed":["Strike_G"],"player_choice":"Transformed","damage_taken":0,"max_hp_gain":0,"max_hp_loss":0,"event_name":"Transmorgrifier","floor":3,"gold_loss":0,"cards_obtained":["MostiFishMod:VineMother"]},{"damage_healed":0,"gold_gain":0,"player_choice":"Donut","damage_taken":0,"max_hp_gain":5,"max_hp_loss":0,"event_name":"Big Fish","floor":5,"gold_loss":0},{"damage_healed":0,"gold_gain":0,"player_choice":"Ignored","damage_taken":0,"max_hp_gain":0,"max_hp_loss":0,"event_name":"给自己的盒子","floor":22,"gold_loss":0},{"damage_healed":0,"gold_gain":0,"player_choice":"Got Potions","damage_taken":0,"max_hp_gain":0,"max_hp_loss":0,"event_name":"Lab","floor":37,"gold_loss":0}],"is_beta":false,"boss_relics":[{"not_picked":["Tiny House","Fusion Hammer"],"picked":"WristBlade"},{"not_picked":["ExusiaiGun","testmod-KeyOfTheVoid"],"picked":"ShadowXiaoBlade"}],"items_purged_floors":[8,13,19,21,32,47],"is_endless":false,"potions_floor_spawned":[4,11,12,24,29,30,33,35,39,48],"ascension_level":1}}