{"host":"12","time":1610081952,"event":{"mods":["Act Like it!","BaseMod","Colored Powertips","Marisa£®ÏF”Í°°ƒß¿Ì…≥£©","Minty Spire (QoL Compilation)","StSLib","°æπ¶ƒ‹Mod°øªÏ„Á÷Æª∑–ﬁ∏¥≤π∂°"],"gold_per_floor":[115,115,135,203,213,213,233,90,115,170,40,76,76,196,196,337,337,388,618,713,735,48,48,48],"floor_reached":23,"playtime":786,"items_purged":["Strike_MRS","Strike_MRS"],"score":232,"play_id":"f36259ea-c14e-409d-8117-a639840c9acb","local_time":"20210108125912","is_ascension_mode":true,"campfire_choices":[{"data":"MasterSpark","floor":6.0,"key":"SMITH"},{"data":"TreasureHunter","floor":13.0,"key":"SMITH"},{"data":"UpSweep","floor":15.0,"key":"SMITH"}],"circlet_count":0,"master_deck":["Strike_MRS","Defend_MRS","Defend_MRS","Defend_MRS","Defend_MRS","MasterSpark+1","UpSweep+1","ShootingEcho","WitchLeyline","EarthLightRay","Robbery","TreasureHunter+1","Singularity","Parasite","Parasite","ManaConvection","EscapeVelocity","6A","OrrerysSun"],"relics":["MiniHakkero","SsserpentHead","Bronze Scales","CeramicFish","ShroomBag","Sozu","Pantograph","Sling","Gambling Chip"],"acts_visited":["Exordium","TheCity"],"potions_floor_usage":[],"damage_taken":[{"damage":1.0,"enemies":"2 Louse","floor":1.0,"turns":3.0},{"damage":1.0,"enemies":"Cultist","floor":3.0,"turns":3.0},{"damage":2.0,"enemies":"Jaw Worm","floor":4.0,"turns":3.0},{"damage":14.0,"enemies":"Exordium Thugs","floor":5.0,"turns":5.0},{"damage":1.0,"enemies":"Red Slaver","floor":7.0,"turns":2.0},{"damage":19.0,"enemies":"3 Sentries","floor":10.0,"turns":4.0},{"damage":1.0,"enemies":"Exordium Wildlife","floor":12.0,"turns":2.0},{"damage":0.0,"enemies":"The Mushroom Lair","floor":14.0,"turns":2.0},{"damage":33.0,"enemies":"Slime Boss","floor":16.0,"turns":5.0},{"damage":28.0,"enemies":"2 Thieves","floor":18.0,"turns":3.0},{"damage":13.0,"enemies":"3 Byrds","floor":20.0,"turns":3.0},{"damage":14.0,"enemies":"Snake Plant","floor":21.0,"turns":4.0},{"damage":33,"enemies":"Book of Stabbing","floor":23,"turns":4}],"seed_played":"7384125458764982481","potions_obtained":[{"floor":4.0,"key":"Block Potion"},{"floor":5.0,"key":"DuplicationPotion"},{"floor":12.0,"key":"Fire Potion"},{"floor":16.0,"key":"Strength Potion"}],"is_trial":false,"path_per_floor":["M","?","M","M","M","R","M","$","T","E","$","M","R","?","R","B",null,"M","?","M","M","$","E"],"character_chosen":"MARISA","items_purchased":["Robbery","Singularity","Pantograph","Sling","Gambling Chip"],"campfire_rested":0,"item_purchase_floors":[8,11,22,22,22],"current_hp_per_floor":[74,74,73,71,57,57,56,56,56,41,41,44,44,44,44,19,75,53,34,29,23,23,0,0],"gold":48,"neow_bonus":"REMOVE_CARD","is_daily":false,"chose_seed":false,"campfire_upgraded":3,"win_rate":0.0,"timestamp":1610081952,"path_taken":["M","?","M","?","M","R","M","$","T","E","$","M","R","?","R","BOSS","M","?","?","M","$","E"],"items_purchased_type":["Card","Card","Relic","Relic","Relic"],"build_version":"2020-12-18","purchased_purges":2,"victory":false,"max_hp_per_floor":[75,75,75,75,75,75,75,75,75,75,75,75,75,75,75,75,75,75,75,75,75,75,75,75],"card_choices":[{"not_picked":["DC","MagicChant"],"picked":"ShootingEcho","floor":1.0},{"not_picked":["StarlightTyphoon","MachineGunSpark","GrandCross"],"picked":"SKIP","floor":3.0},{"not_picked":["ShootingEcho","DC","SporeBomb"],"picked":"SKIP","floor":4.0},{"not_picked":["WitchOfGreed","MysteriousBeam"],"picked":"WitchLeyline","floor":5.0},{"not_picked":["LuminesStrike","IllusionStar"],"picked":"EarthLightRay","floor":7.0},{"not_picked":["StarlightTyphoon","EarthLightRay"],"picked":"TreasureHunter","floor":10.0},{"not_picked":["GalacticHalo","ShootingEcho","Acceleration"],"picked":"SKIP","floor":12.0},{"not_picked":["DC","MachineGunSpark"],"picked":"ManaConvection","floor":14.0},{"not_picked":["CollectingQuirk","SatelliteIllusion"],"picked":"EscapeVelocity","floor":16.0},{"not_picked":["NonDirectionalLaser","DragonMeteor","OpenUniverse"],"picked":"SKIP","floor":18.0},{"not_picked":["NonDirectionalLaser","WitchOfGreed+1"],"picked":"6A","floor":20.0},{"not_picked":["Acceleration","SporeBomb+1"],"picked":"OrrerysSun","floor":21.0}],"player_experience":595830,"relics_obtained":[{"floor":9.0,"key":"Bronze Scales"},{"floor":10.0,"key":"CeramicFish"},{"floor":14.0,"key":"ShroomBag"}],"event_choices":[{"damage_healed":0.0,"max_hp_gain":0.0,"max_hp_loss":0.0,"gold_gain":0.0,"event_name":"FaceTrader","player_choice":"Trade","floor":2.0,"gold_loss":0.0,"damage_taken":0.0,"relics_obtained":["SsserpentHead"]},{"damage_healed":0.0,"max_hp_gain":0.0,"max_hp_loss":0.0,"gold_gain":0.0,"event_name":"Mushrooms_MRS","player_choice":"Fought Mushrooms","floor":14.0,"gold_loss":0.0,"damage_taken":0.0},{"damage_healed":0.0,"max_hp_gain":0.0,"max_hp_loss":0.0,"gold_gain":180.0,"event_name":"Knowing Skull","player_choice":"GOLD GOLD ","floor":19.0,"potions_obtained":[],"gold_loss":0.0,"damage_taken":19.0,"cards_obtained":[]}],"is_beta":true,"boss_relics":[{"not_picked":["Fusion Hammer","RampagingMagicTools"],"picked":"Sozu"}],"items_purged_floors":[8,11],"is_endless":false,"potions_floor_spawned":[4,5,12,16],"killed_by":"Book of Stabbing","ascension_level":4}}