{"host":"acczert1kscx59ut","time":1610090656,"event":{"mods":["AchievementEnabler","Act Like it!","Aspiration","Astrologer","BaseMod","Beaked The Cultist","Bestiary","BetterRewards","ChefMod","Clockwork Mod","Conspire","Decade(???)","Dio Mod","Downfall","Duelist Mod","Elementarium","Gensokyo","GifTheSpireLib","Glutton Mod","Gold Saver","Gremlin Mod","GungeonMod","Hallownest","Hermit","Hero for Fun","Hubris","Infinite Spire","Jedi Mod","Jorbs\u0027s Wanderer Trilogy","Koishi","Lobotomy","LobotomyExtend","Mad Scientist","Magitek Elite","Melee Mod","Minty Spire (QoL Compilation)","Quick Restart","Replay The Spire","Robot Space Explorer","Shade Mod","Shedinja","Shop Mod","Somnambulant","Spicy Shops","Spikes Relics","StSLib","Stuff the Spire","SuperFastMode","Td1madao Mod","The Animator","The Blackbeard","The Bug Knight","The Clintock","The Construct","The Cursed","The Death Knight","The Disciple","The Dragon Tamer","The Exalted","The Factory","The Forsaken","The Gatherer","The Hayseed","The Hierophant","The Judge","The Jungle","The Kombatant","The Necromancer","The Problem Sleuth","The Runesmith","The Sage","The Showman","The Trickster","The Valiant","The Vixen","The Wild Card","TheFirefly","Transform Curses","Wandering Minibosses","[IsaacMod]????","thorton","vexMod"],"gold_per_floor":[1191,410,420,23,35,66,66,101,101,32,32,32,32,46,46,148,148,166,182,199,199,210,242,242,242,291,291,307,325,356,373,373,478,1144,1162,1162,685,685,697,697,730,750,775,790,802,542,559,579,579,579],"floor_reached":51,"playtime":4912,"items_purged":["MadScienceMod:Detonate"],"score":1406,"play_id":"882dbd6f-21c6-42e0-b06a-678b672f8fcf","local_time":"20210108022416","is_ascension_mode":false,"campfire_choices":[{"data":"MadScienceMod:Lightbulb","floor":12,"key":"SMITH"},{"floor":15,"key":"REST"},{"data":"MadScienceMod:LightOnFire","floor":27,"key":"SMITH"},{"data":"MadScienceMod:Refine","floor":32,"key":"SMITH"},{"floor":49,"key":"REST"}],"circlet_count":0,"master_deck":["MadScienceMod:Strike_MadScience","MadScienceMod:Strike_MadScience","MadScienceMod:Strike_MadScience","MadScienceMod:Defend_MadScience","MadScienceMod:Defend_MadScience","MadScienceMod:Defend_MadScience","MadScienceMod:Defend_MadScience","MadScienceMod:PoweredStrike","MadScienceMod:HideBehindJunk","MadScienceMod:LightOnFire+1","MadScienceMod:Refuel+1","MadScienceMod:NowOrNever","MadScienceMod:Lightbulb+1","MadScienceMod:GatherParts","MadScienceMod:MindControlBeam","hubris:Rewind","MadScienceMod:LightOnFire","MadScienceMod:Lightbulb","MadScienceMod:Refuel","MadScienceMod:Generator","MadScienceMod:FlameThrower","MadScienceMod:Strafe+1","MadScienceMod:FlameCannon","MadScienceMod:Bayonet+1","MadScienceMod:RadioactiveSword","MadScienceMod:Redesign","Shedinja:CoughCurse","Shedinja:CoughCurse","Ghostly","Ghostly","Ghostly","Ghostly","Ghostly","MadScienceMod:EnergyBarrier","MadScienceMod:FumeBlast","MadScienceMod:Sprocket+1","MadScienceMod:Refine+1","MadScienceMod:Automate","EpicFetus","MadScienceMod:GattlingGun","MadScienceMod:FragmentationGrenade","MadScienceMod:RadioactiveSword","MadScienceMod:BoxOfScraps+1","infinitespire:FutureSight","MadScienceMod:AcidSpray","MadScienceMod:Browse","MadScienceMod:FumeBlast+1","MadScienceMod:Postpone","Pot Of Greed","Pot Of Greed","Pot Of Greed","Pot Of Greed","Pot Of Greed","MadScienceMod:JunkLaser","MadScienceMod:OmniHammer+1","MadScienceMod:FlammableWall+1"],"relics":["MadScienceMod:FuelTank","HushsDoor","aspiration:Nostalgia","DeathBook","LetterFromLob","Toolbox","Onion Ring","ReplayFunnel","Bromod:ArcaneConsequence","hubris:MysteriousPyramids","DemoMod:VorpalBullet","StuffTheSpire:EmeraldSignet","aspiration:Lifesprig","hubris:HollowSoul","GuppysHairball","wanderingMiniBosses:ThiefScarf","sneckomod:SneckoSoul","Honey Jar","infinitespire:Golems Mask","jedi:cryingmask","Enchiridion","Boot","hubris:Metronome","vexMod:RockOfEvil","ClockworkSouvenir","conspire:BottledYoYo","vexMod:Cooldron","MadScienceMod:PolishingWheel","DeathKnight:PutricidesVial","Grinning Jar","Frozen Eye","ReplayTheSpireMod:Shallot","Shovel","jedi:archwizardhat","SpikesRelics:DaevaFist","Toy Ornithopter","hubris:CrystalStatue","infinitespire:FocusingShard","StuffTheSpire:Tea","aspiration:VileToxins"],"acts_visited":["Exordium","TheCity","TheBeyond"],"potions_floor_usage":[16,20,20,30,33,42,44,48,50,50,50,50,50,51,51,51,51,51,51,51],"damage_taken":[{"damage":0,"enemies":"Small Slimes","floor":1,"turns":4},{"damage":0,"enemies":"2 Louse","floor":3,"turns":2},{"damage":0,"enemies":"Cultist","floor":5,"turns":3},{"damage":0,"enemies":"HollowMod:MossKnight","floor":6,"turns":6},{"damage":16,"enemies":"3 Sentries","floor":8,"turns":4},{"damage":0,"enemies":"3 Louse","floor":14,"turns":1},{"damage":0,"enemies":"Fading Forest","floor":16,"turns":11},{"damage":0,"enemies":"Chosen","floor":18,"turns":1},{"damage":0,"enemies":"Shell Parasite","floor":19,"turns":2},{"damage":0,"enemies":"Centurion and Healer","floor":20,"turns":9},{"damage":0,"enemies":"3 Cultists","floor":22,"turns":3},{"damage":0,"enemies":"Book of Stabbing","floor":23,"turns":3},{"damage":0,"enemies":"Sentry and Sphere","floor":28,"turns":4},{"damage":0,"enemies":"Snake Plant","floor":29,"turns":3},{"damage":0,"enemies":"Slavers","floor":30,"turns":6},{"damage":0,"enemies":"Snecko","floor":31,"turns":3},{"damage":0,"enemies":"Pondfish","floor":33,"turns":9},{"damage":12,"enemies":"3 Shapes","floor":35,"turns":3},{"damage":0,"enemies":"Orb Walker","floor":39,"turns":2},{"damage":0,"enemies":"beaked:SuperParasite","floor":41,"turns":5},{"damage":0,"enemies":"Writhing Mass","floor":42,"turns":4},{"damage":0,"enemies":"Transient","floor":44,"turns":5},{"damage":0,"enemies":"Maw","floor":45,"turns":3},{"damage":0,"enemies":"Writhing Mass","floor":47,"turns":2},{"damage":0,"enemies":"4 Shapes","floor":48,"turns":4},{"damage":0,"enemies":"Awakened One","floor":50,"turns":9},{"damage":0,"enemies":"Malkuth","floor":51,"turns":4},{"damage":0,"enemies":"Hod","floor":51,"turns":6},{"damage":0,"enemies":"Chesed","floor":51,"turns":4}],"seed_played":"7549187599099676783","potions_obtained":[{"floor":3,"key":"Strength Potion"},{"floor":8,"key":"jedi:tentaclejuice"},{"floor":11,"key":"Toxic Potion"},{"floor":14,"key":"ColorlessPotion"},{"floor":18,"key":"SteroidPotion"},{"floor":19,"key":"Milkshake"},{"floor":22,"key":"jedi:wingpotion"},{"floor":28,"key":"Fire Potion"},{"floor":29,"key":"SmokeBomb"},{"floor":42,"key":"EntropicBrew"},{"floor":47,"key":"EntropicBrew"},{"floor":48,"key":"EntropicBrew"}],"is_trial":false,"path_per_floor":["M","$","M","$","M","E","?","E","T","$","?","R","M","M","R","B",null,"M","M","M","AVR","M","E","?","?","T","R","M","M","E","M","R","B",null,"M","?","$","?","M","AVR","E","M","T","M","M","$","M","M","R","B",null],"character_chosen":"MAD_SCIENTIST","items_purchased":["MadScienceMod:Refuel+1","Toolbox","Onion Ring","ReplayFunnel","Bromod:ArcaneConsequence","MadScienceMod:NowOrNever","hubris:MysteriousPyramids","MadScienceMod:GatherParts","MadScienceMod:Lightbulb","MadScienceMod:FlameThrower","GuppysHairball","EpicFetus","ClockworkSouvenir","conspire:BottledYoYo","MadScienceMod:FragmentationGrenade","MadScienceMod:RadioactiveSword","Grinning Jar","MadScienceMod:JunkLaser"],"campfire_rested":2,"item_purchase_floors":[2,2,2,2,2,2,4,4,10,17,17,34,37,37,37,37,46,46],"current_hp_per_floor":[75,75,75,75,75,75,57,41,41,41,41,41,41,41,63,75,62,62,62,62,62,62,62,46,46,46,46,46,48,50,50,50,56,57,45,45,45,45,45,45,47,47,47,47,49,49,49,49,57,57],"gold":579,"neow_bonus":"NOSTALGIA","is_daily":false,"chose_seed":false,"campfire_upgraded":3,"win_rate":0.0,"timestamp":1610090656,"path_taken":["M","$","M","$","M","E","?","E","T","$","?","R","M","M","R","BOSS","M","M","M","AVR","M","E","?","?","T","R","M","M","E","?","R","BOSS","M","?","?","?","M","AVR","E","M","T","M","M","$","M","?","R","BOSS"],"items_purchased_type":["Card","Relic","Relic","Relic","Relic","Card","Relic","Card","Card","Card","Relic","Card","Relic","Relic","Card","Card","Relic","Card"],"build_version":"2020-12-22","purchased_purges":1,"victory":true,"max_hp_per_floor":[75,75,75,75,75,75,75,75,75,75,75,75,75,75,75,75,62,62,62,62,62,62,62,62,62,62,62,62,62,62,62,62,62,57,57,57,57,57,57,57,57,57,57,57,57,57,57,57,57,57],"card_choices":[{"not_picked":[],"picked":"ChaosCard","floor":0},{"not_picked":["MadScienceMod:ShrinkRay","Bomb"],"picked":"MadScienceMod:LightOnFire","floor":1},{"not_picked":["MadScienceMod:AssemblyLine","MadScienceMod:EnergyBarrier"],"picked":"MadScienceMod:Lightbulb","floor":3},{"not_picked":["MadScienceMod:ShrinkRay","MadScienceMod:AutoStrike"],"picked":"MadScienceMod:MindControlBeam","floor":5},{"not_picked":["MadScienceMod:Retarget","MadScienceMod:Tune"],"picked":"MadScienceMod:Detonate","floor":6},{"not_picked":["infinitespire:SealOfDarkness+","ReplayTheSpireMod:Book of Names"],"picked":"hubris:Rewind","floor":7},{"not_picked":["Bomb","MadScienceMod:Detonate"],"picked":"MadScienceMod:LightOnFire","floor":8},{"not_picked":["MadScienceMod:Assemble","MadScienceMod:FragmentationGrenade"],"picked":"MadScienceMod:Refuel","floor":14},{"not_picked":["MadScienceMod:MechanicalSnecko","MadScienceMod:GlassCannon"],"picked":"MadScienceMod:Generator","floor":16},{"not_picked":["MadScienceMod:MechanicalClaw","MadScienceMod:SoftenUp"],"picked":"MadScienceMod:Strafe+1","floor":18},{"not_picked":["MadScienceMod:NowOrNever","MadScienceMod:Detonate"],"picked":"MadScienceMod:FlameCannon","floor":19},{"not_picked":["MadScienceMod:EnergyBarrier+1","MadScienceMod:CaptureMomentum+1"],"picked":"MadScienceMod:Bayonet+1","floor":20},{"not_picked":["MadScienceMod:MindControlBeam","MadScienceMod:FlammableWall","MadScienceMod:MechanicalClaw+1"],"picked":"MadScienceMod:RadioactiveSword","floor":22},{"not_picked":["MadScienceMod:Retarget+1","MadScienceMod:ShrinkRay","MadScienceMod:GlassCannon"],"picked":"MadScienceMod:Redesign","floor":23},{"not_picked":["MadScienceMod:Sprocket","MadScienceMod:ShrinkRay+1","MadScienceMod:FragmentationGrenade"],"picked":"MadScienceMod:EnergyBarrier","floor":28},{"not_picked":["MadScienceMod:FlameCannon","MadScienceMod:OilDrum","MadScienceMod:MechanicalClaw+1"],"picked":"MadScienceMod:FumeBlast","floor":29},{"not_picked":["MadScienceMod:FlameThrower+1","MadScienceMod:NowOrNever","MadScienceMod:Redesign"],"picked":"MadScienceMod:Sprocket+1","floor":30},{"not_picked":["MadScienceMod:Retarget+1","MadScienceMod:Probe+1","MadScienceMod:FumeBlast"],"picked":"MadScienceMod:Refine","floor":31},{"not_picked":["MadScienceMod:CondenseVapors","MadScienceMod:ClockworkAssistant","MadScienceMod:Assemble"],"picked":"MadScienceMod:Automate","floor":33},{"not_picked":["MadScienceMod:RecyclingStation","MadScienceMod:EnergyBarrier+1","MadScienceMod:Retarget+1"],"picked":"MadScienceMod:GattlingGun","floor":35},{"not_picked":["MadScienceMod:ParticleBeam+1","MadScienceMod:AntimatterBomb+1","MadScienceMod:Mechanize"],"picked":"MadScienceMod:BoxOfScraps+1","floor":39},{"not_picked":["MadScienceMod:Refuel","MadScienceMod:AutoStrike","MadScienceMod:OilDrum"],"picked":"MadScienceMod:AcidSpray","floor":41},{"not_picked":["MadScienceMod:OilDrum","MadScienceMod:AntimatterBomb+1","MadScienceMod:EnergyBarrier"],"picked":"MadScienceMod:Browse","floor":42},{"not_picked":["MadScienceMod:AcidSpray","MadScienceMod:Sprocket","MadScienceMod:FlameCannon+1"],"picked":"MadScienceMod:FumeBlast+1","floor":44},{"not_picked":["MadScienceMod:Detonate","MadScienceMod:FragmentationGrenade","MadScienceMod:ParticleBeam+1"],"picked":"MadScienceMod:Postpone","floor":45},{"not_picked":["MadScienceMod:ShrinkRay","MadScienceMod:SoftenUp+1","MadScienceMod:PowerArmor"],"picked":"MadScienceMod:OmniHammer+1","floor":47},{"not_picked":["MadScienceMod:FlameCannon","MadScienceMod:Virus","MadScienceMod:AntimatterBomb"],"picked":"MadScienceMod:FlammableWall+1","floor":48}],"player_experience":216297,"relics_obtained":[{"floor":1,"key":"LetterFromLob"},{"floor":6,"key":"DemoMod:VorpalBullet"},{"floor":8,"key":"StuffTheSpire:EmeraldSignet"},{"floor":9,"key":"aspiration:Lifesprig"},{"floor":20,"key":"wanderingMiniBosses:ThiefScarf"},{"floor":20,"key":"sneckomod:SneckoSoul"},{"floor":23,"key":"jedi:cryingmask"},{"floor":24,"key":"Enchiridion"},{"floor":26,"key":"Boot"},{"floor":30,"key":"hubris:Metronome"},{"floor":41,"key":"MadScienceMod:PolishingWheel"},{"floor":43,"key":"DeathKnight:PutricidesVial"}],"event_choices":[{"damage_healed":0,"gold_gain":0,"player_choice":"Obtained Book","damage_taken":16,"max_hp_gain":0,"max_hp_loss":0,"event_name":"Cursed Tome","floor":24,"gold_loss":0},{"cards_removed":["MadScienceMod:Strike_MadScience"],"damage_healed":0,"gold_gain":0,"player_choice":"Card Removal","damage_taken":0,"max_hp_gain":0,"max_hp_loss":0,"event_name":"Wheel of Change","floor":38,"gold_loss":0}],"is_beta":false,"boss_relics":[{"not_picked":["aspiration:RitualDagger","Cursed Key"],"picked":"hubris:HollowSoul"},{"not_picked":[]},{"not_picked":["Replay:Cursed D8","aspiration:WatcherSkillbook"],"picked":"vexMod:RockOfEvil"},{"not_picked":[]}],"items_purged_floors":[37],"is_endless":false,"potions_floor_spawned":[3,8,14,18,19,22,28,29,42,47,48],"ascension_level":0}}