{"host":"ln76an1o32p2wxtf","time":1610128551,"event":{"mods":["AchievementEnabler","Act Like it!","BaseMod","BetterRewards","Colored Powertips","Energized Spire","GifTheSpireLib","Infinite Spire","Minty Spire (QoL Compilation)","Shop Mod","StSLib"],"gold_per_floor":[110,15,27,38,38,73,73,106,132,132,147,164,164,178,178,277,277,242,242,260,272,272,272,272],"floor_reached":23,"playtime":1381,"items_purged":["Defend_G"],"score":213,"play_id":"350b8a31-2401-4fbc-9889-73bfcf67657b","local_time":"20210109015551","is_ascension_mode":true,"campfire_choices":[{"floor":7,"key":"REST"},{"floor":10,"key":"REST"},{"floor":15,"key":"REST"}],"circlet_count":0,"master_deck":["Strike_G","Strike_G","Strike_G","Strike_G","Strike_G","Defend_G","Defend_G","Defend_G+1","Defend_G","Survivor","Neutralize","Footwork","Noxious Fumes","Deadly Poison","Deadly Poison","Prepared","Backflip+1","Envenom","Backflip","Night Terror","Deadly Poison","Dodge and Roll","PiercingWail+1"],"relics":["energizedSpire:DeadBattery","Vajra","Bag of Preparation","Velvet Choker","SsserpentHead"],"acts_visited":["Exordium","TheCity"],"potions_floor_usage":[14,23],"damage_taken":[{"damage":0,"enemies":"Jaw Worm","floor":1,"turns":4},{"damage":0,"enemies":"2 Louse","floor":3,"turns":3},{"damage":2,"enemies":"Cultist","floor":4,"turns":5},{"damage":38,"enemies":"Gremlin Nob","floor":6,"turns":5},{"damage":30,"enemies":"3 Sentries","floor":8,"turns":8},{"damage":6,"enemies":"Lots of Slimes","floor":11,"turns":4},{"damage":5,"enemies":"2 Fungi Beasts","floor":12,"turns":4},{"damage":7,"enemies":"Large Slime","floor":14,"turns":4},{"damage":8,"enemies":"The Guardian","floor":16,"turns":9},{"damage":10,"enemies":"2 Thieves","floor":18,"turns":5},{"damage":5,"enemies":"3 Byrds","floor":20,"turns":6},{"damage":9,"enemies":"Snecko","floor":21,"turns":6},{"damage":57,"enemies":"Slavers","floor":23,"turns":5}],"seed_played":"-727395547738457697","potions_obtained":[{"floor":3,"key":"LiquidMemories"},{"floor":11,"key":"SteroidPotion"},{"floor":12,"key":"Poison Potion"},{"floor":14,"key":"GamblersBrew"},{"floor":18,"key":"DuplicationPotion"},{"floor":21,"key":"AttackPotion"}],"is_trial":false,"path_per_floor":["M","$","M","M","$","E","R","E","T","R","M","M","?","M","R","B",null,"M","AVR","M","M","?","E"],"character_chosen":"THE_SILENT","items_purchased":["Noxious Fumes","Deadly Poison"],"campfire_rested":3,"item_purchase_floors":[2,2],"current_hp_per_floor":[70,70,70,68,68,30,51,21,21,42,36,31,17,10,31,23,70,60,60,55,46,46,0,0],"gold":272,"neow_bonus":"BOSS_RELIC","is_daily":false,"chose_seed":false,"campfire_upgraded":0,"win_rate":0.0,"timestamp":1610128551,"path_taken":["M","$","M","M","$","E","R","E","T","R","M","M","?","M","R","BOSS","M","AVR","M","M","?","E"],"items_purchased_type":["Card","Card"],"build_version":"2020-12-22","purchased_purges":1,"victory":false,"max_hp_per_floor":[70,70,70,70,70,70,70,70,70,70,70,70,70,70,70,70,70,70,70,70,70,70,70,70],"card_choices":[{"not_picked":["Dagger Spray","Terror"],"picked":"Footwork","floor":1},{"not_picked":["Choke","Accuracy","Finisher"],"picked":"SKIP","floor":3},{"not_picked":["All Out Attack","Sucker Punch"],"picked":"Deadly Poison","floor":4},{"not_picked":["Blade Dance","Dagger Spray"],"picked":"Prepared","floor":6},{"not_picked":["Deflect","Predator"],"picked":"Backflip","floor":8},{"not_picked":["All Out Attack","Cloak And Dagger","Quick Slash"],"picked":"SKIP","floor":11},{"not_picked":["Accuracy","Skewer"],"picked":"Envenom","floor":12},{"not_picked":["Blade Dance","Dash"],"picked":"Backflip","floor":14},{"not_picked":["Burst","Glass Knife"],"picked":"Night Terror","floor":16},{"not_picked":["Concentrate+1","Deflect"],"picked":"Deadly Poison","floor":18},{"not_picked":["Infinite Blades","Backstab"],"picked":"Dodge and Roll","floor":20},{"not_picked":["Blade Dance","Flying Knee"],"picked":"PiercingWail+1","floor":21}],"player_experience":712554,"relics_obtained":[{"floor":6,"key":"Vajra"},{"floor":8,"key":"Bag of Preparation"}],"event_choices":[{"damage_healed":0,"gold_gain":0,"player_choice":"Entered Light","damage_taken":14,"max_hp_gain":0,"max_hp_loss":0,"event_name":"Shining Light","floor":13,"gold_loss":0,"cards_upgraded":["Defend_G","Backflip"]},{"damage_healed":0,"gold_gain":0,"player_choice":"Trade","damage_taken":0,"relics_obtained":["SsserpentHead"],"max_hp_gain":0,"max_hp_loss":0,"event_name":"FaceTrader","floor":22,"gold_loss":0}],"is_beta":false,"boss_relics":[{"not_picked":["energizedSpire:EnergizedDie","Busted Crown"],"picked":"Velvet Choker"}],"items_purged_floors":[19],"is_endless":false,"potions_floor_spawned":[3,11,12,14,18,21],"killed_by":"Slavers","ascension_level":1}}