{"host":"hm18vdih9r0bxrsc","time":1610119300,"event":{"mods":["BaseMod","Colored Map","Colored Powertips","Minty Spire (QoL Compilation)","StSLib"],"gold_per_floor":[118,118,135,135,59,102,102,102,102,67,81,56,75,98,98,221,221,239,239,239,264,283,283,283,283,283,283,283],"floor_reached":27,"playtime":1255,"items_purged":[],"score":211,"play_id":"ffd79c13-8d49-4d34-86bf-21b3077d727e","local_time":"20210108162140","is_ascension_mode":false,"campfire_choices":[{"floor":7,"key":"RECALL"},{"floor":15,"key":"REST"},{"data":"Barricade","floor":23,"key":"SMITH"},{"floor":25,"key":"REST"}],"circlet_count":0,"master_deck":["Strike_R+1","Strike_R+1","Strike_R+1","Strike_R+1","Strike_R+1","Defend_R+1","Defend_R+1","Defend_R+1","Defend_R+1","Bash","Cleave","Thunderclap","Double Tap","Disarm","Body Slam","True Grit","Clash","Barricade+1","Iron Wave+1","Armaments","Dark Shackles","Dropkick","Twin Strike+1"],"relics":["Burning Blood","Omamori","Golden Idol","Red Skull","Blood Vial","Sozu","Enchiridion"],"acts_visited":["Exordium","TheCity"],"potions_floor_usage":[22],"damage_taken":[{"damage":15,"enemies":"Jaw Worm","floor":1,"turns":4},{"damage":10,"enemies":"Small Slimes","floor":3,"turns":3},{"damage":35,"enemies":"Gremlin Nob","floor":6,"turns":4},{"damage":5,"enemies":"2 Louse","floor":11,"turns":3},{"damage":12,"enemies":"Blue Slaver","floor":13,"turns":4},{"damage":19,"enemies":"Gremlin Gang","floor":14,"turns":4},{"damage":67,"enemies":"Slime Boss","floor":16,"turns":9},{"damage":41,"enemies":"Shell Parasite","floor":18,"turns":7},{"damage":5,"enemies":"3 Byrds","floor":21,"turns":4},{"damage":21,"enemies":"Centurion and Healer","floor":22,"turns":8},{"damage":49,"enemies":"Slavers","floor":27,"turns":2}],"seed_played":"-8029476052010784764","potions_obtained":[{"floor":1,"key":"Swift Potion"},{"floor":13,"key":"Ancient Potion"},{"floor":14,"key":"FearPotion"}],"is_trial":false,"path_per_floor":["M","?","M","?","$","E","R","?","T","?","M","$","M","M","R","B",null,"M","?","?","M","M","R","?","R","T","E"],"character_chosen":"IRONCLAD","items_purchased":["Double Tap","True Grit"],"campfire_rested":2,"item_purchase_floors":[5,12],"current_hp_per_floor":[71,71,67,67,67,38,38,38,38,58,61,61,57,46,70,11,80,45,29,29,32,19,19,19,43,43,0,0],"gold":283,"neow_bonus":"RANDOM_COMMON_RELIC","is_daily":false,"chose_seed":false,"campfire_upgraded":1,"win_rate":0.0,"timestamp":1610119300,"path_taken":["M","?","M","?","$","E","R","?","T","?","M","$","?","?","R","BOSS","M","?","?","M","?","R","?","R","T","E"],"items_purchased_type":["Card","Card"],"build_version":"2020-12-22","purchased_purges":0,"victory":false,"max_hp_per_floor":[80,80,80,80,80,80,80,80,80,80,80,80,80,80,80,80,80,80,80,80,80,80,80,80,80,80,80,80],"card_choices":[{"not_picked":["Inflame","Perfected Strike"],"picked":"Cleave","floor":1},{"not_picked":["Havoc","Carnage"],"picked":"Thunderclap","floor":3},{"not_picked":["Combust","Sword Boomerang"],"picked":"Disarm","floor":6},{"not_picked":["Headbutt","Uppercut"],"picked":"Body Slam","floor":11},{"not_picked":["Wild Strike","Disarm"],"picked":"Clash","floor":13},{"not_picked":["Power Through","Flex","Havoc"],"picked":"SKIP","floor":14},{"not_picked":["Reaper","Exhume"],"picked":"Barricade","floor":16},{"not_picked":["Clothesline+1","Sword Boomerang"],"picked":"Iron Wave+1","floor":18},{"not_picked":["Clothesline+1","Battle Trance"],"picked":"Dropkick","floor":21},{"not_picked":["Warcry","Burning Pact"],"picked":"Twin Strike+1","floor":22}],"player_experience":320546,"relics_obtained":[{"floor":6,"key":"Red Skull"},{"floor":9,"key":"Blood Vial"},{"floor":19,"key":"Enchiridion"}],"event_choices":[{"damage_healed":0,"gold_gain":0,"player_choice":"Ignored","damage_taken":0,"max_hp_gain":0,"max_hp_loss":0,"event_name":"Golden Wing","floor":2,"gold_loss":0},{"damage_healed":0,"gold_gain":0,"player_choice":"Take Wound","damage_taken":0,"relics_obtained":["Golden Idol"],"max_hp_gain":0,"max_hp_loss":0,"event_name":"Golden Idol","floor":4,"gold_loss":0,"cards_obtained":["Injury"]},{"damage_healed":0,"gold_gain":0,"player_choice":"Ignored","damage_taken":0,"max_hp_gain":0,"max_hp_loss":0,"event_name":"Shining Light","floor":8,"gold_loss":0},{"damage_healed":20,"gold_gain":0,"player_choice":"Healed","damage_taken":0,"max_hp_gain":0,"max_hp_loss":0,"event_name":"The Cleric","floor":10,"gold_loss":35},{"damage_healed":0,"gold_gain":0,"player_choice":"Obtained Book","damage_taken":16,"max_hp_gain":0,"max_hp_loss":0,"event_name":"Cursed Tome","floor":19,"gold_loss":0},{"damage_healed":0,"gold_gain":0,"player_choice":"2 cards matched","damage_taken":0,"max_hp_gain":0,"max_hp_loss":0,"event_name":"Match and Keep!","floor":20,"gold_loss":0,"cards_obtained":["Armaments","Dark Shackles"]},{"damage_healed":0,"gold_gain":0,"player_choice":"Simplicity","damage_taken":0,"max_hp_gain":0,"max_hp_loss":0,"event_name":"Back to Basics","floor":24,"gold_loss":0,"cards_upgraded":["Strike_R","Strike_R","Strike_R","Strike_R","Strike_R","Defend_R","Defend_R","Defend_R","Defend_R"]}],"is_beta":false,"boss_relics":[{"not_picked":["Fusion Hammer","Ectoplasm"],"picked":"Sozu"}],"items_purged_floors":[],"is_endless":false,"potions_floor_spawned":[1,13,14,22],"killed_by":"Slavers","ascension_level":0}}