{"host":"2i0myh7fqij2ti1z","time":1610117436,"event":{"mods":["Aspiration","BaseMod","Better Third Choice","Colored Powertips","FoggyMod","GifTheSpireLib","Highlight Path","Minty Spire (QoL Compilation)","Permanent Neow","Quick Restart","Random Character Button","Random Character Mod","Relic Sorter","Replay The Spire","Shop Mod","Spicy Shops","StSLib","Stuff the Spire","Transform Curses","Wandering Minibosses","vexMod"],"gold_per_floor":[119,9268,9279,9254,7977,8011,8111,8146,8146,8164,8164,8190,8207,7676,7676,7777,8443,8463,8413,7848,7874,7890,7915,7915,7925,7948,7228,7228,7259,6554,6554,6554,6654,6654,6673,5800,4908,4908,4908,4942,4023,4075,4075,4075,4116,4116,4152,4162,4162,4162],"floor_reached":51,"playtime":3732,"items_purged":["Strike_B","Strike_B","Strike_B","Defend_B","Pride","Defend_B","Defend_B","Defend_B","Dualcast","StuffTheSpire:ShieldGenerator","Gash","Gash","Gash+1"],"score":1107,"play_id":"864bb3b0-9c9f-47d1-b2af-d2af9e6f8533","local_time":"20210108225036","daily_mods":["Specialized","Blue Cards","Terminal"],"is_ascension_mode":true,"campfire_choices":[{"data":"StuffTheSpire:Ambrosia","floor":32,"key":"SMITH"},{"data":"FIFO Queue","floor":44,"key":"SMITH"}],"circlet_count":0,"master_deck":["Zap","White Noise+1","White Noise","White Noise","White Noise","White Noise","Redo","aspiration:Polymerization","Crow Ritual","Panic Button","Amplify","StuffTheSpire:Plugnplay+1","Machine Learning","Redo","StuffTheSpire:Ambrosia+1","Panacea","ReplayUltimateDefense","ReplayUltimateDefense","Core Surge","FIFO Queue+1","aspiration:Polymerization","StuffTheSpire:BrainWave","Redo+1","StuffTheSpire:Snapshot+1","Fusion+1","Seek","StuffTheSpire:Snapshot"],"relics":["Cracked Core","Ring of Chaos","Symbiotic Virus","aspiration:Lifesprig","Strange Spoon","Pocketwatch","aspiration:HummingbirdHeart","aspiration:EnhancedActuators","BargainBundle","StuffTheSpire:GrapeVine","TheAbacus","StuffTheSpire:SapphireSignet","aspiration:FaultyCoupler","Pen Nib","Geode","Membership Card","Singing Bowl","Omamori","Raider\u0027s Mask","Thread and Needle","vexMod:RockOfEvil","ReplayTheSpireMod:Shallot","Frozen Eye","Sling","Gremlin Horn","Bag of Marbles","wanderingMiniBosses:CarrionFlame","StuffTheSpire:Barrel","vexMod:MemoryStick","StuffTheSpire:DarkSteelAnvil","Cables","aspiration:FrozenJewel","StuffTheSpire:Gunfinga","Orrery","Replay:Mystery Machine","StuffTheSpire:Saxophone","StuffTheSpire:NeowsTribute","ReplayTheSpireMod:ShopPack","Anchor","Ancient Tea Set","StuffTheSpire:Expresso","Replay:Bronze Core","aspiration:MysteriousAuxiliaryCore","WingedGreaves","Medical Kit","HandDrill","Dream Catcher","aspiration:SeaSaltIceCream","vexMod:InvisibilityCloak","vexMod:Cooldron","Mango","Toolbox","Centennial Puzzle","ReplayFunnel","StuffTheSpire:Rhapsscallions","Nunchaku","Runic Capacitor","ClockworkSouvenir","Bag of Preparation","CeramicFish","Oddly Smooth Stone","Replay:Multitool","Frozen Egg 2","Bronze Scales","Akabeko"],"acts_visited":["Exordium","TheCity","TheBeyond"],"potions_floor_usage":[12,22,22,22,22,29,33,33,42,42,45,45],"damage_taken":[{"damage":1,"enemies":"Jaw Worm","floor":1,"turns":3},{"damage":0,"enemies":"Small Slimes","floor":3,"turns":2},{"damage":29,"enemies":"Gremlin Nob","floor":6,"turns":4},{"damage":10,"enemies":"Lagavulin","floor":8,"turns":4},{"damage":0,"enemies":"Cultist","floor":10,"turns":3},{"damage":1,"enemies":"Gremlin Nob","floor":12,"turns":3},{"damage":0,"enemies":"Large Slime","floor":13,"turns":3},{"damage":0,"enemies":"Hexaghost","floor":16,"turns":5},{"damage":0,"enemies":"3 Byrds","floor":18,"turns":3},{"damage":0,"enemies":"Spheric Guardian","floor":22,"turns":7},{"damage":0,"enemies":"Book of Stabbing","floor":23,"turns":4},{"damage":0,"enemies":"Centurion and Healer","floor":25,"turns":3},{"damage":9,"enemies":"Gremlin Leader","floor":29,"turns":2},{"damage":0,"enemies":"Champ","floor":33,"turns":9},{"damage":0,"enemies":"Orb Walker","floor":35,"turns":5},{"damage":0,"enemies":"Giant Head","floor":40,"turns":7},{"damage":0,"enemies":"Reptomancer","floor":42,"turns":5},{"damage":0,"enemies":"Nemesis","floor":45,"turns":3},{"damage":0,"enemies":"R_Hoarder","floor":47,"turns":5},{"damage":0,"enemies":"3 Darklings","floor":48,"turns":4},{"damage":0,"enemies":"Replay:Hell Engine","floor":50,"turns":6}],"seed_played":"2595378944201100459","potions_obtained":[{"floor":3,"key":"PotionOfCapacity"},{"floor":6,"key":"EntropicBrew"},{"floor":8,"key":"AttackPotion"},{"floor":13,"key":"SkillPotion"},{"floor":23,"key":"Weak Potion"},{"floor":24,"key":"Death Potion"},{"floor":24,"key":"EssenceOfSteel"},{"floor":29,"key":"FocusPotion"},{"floor":42,"key":"EntropicBrew"},{"floor":47,"key":"EntropicBrew"}],"is_trial":true,"path_per_floor":["M","$","M","?","$","E","?","E","T","M","?","E","M","$","R","B",null,"M","?","$","T","M","E","?","M","T","$","?","E","$","?","R","B",null,"M","$","$","?","?","E","$","E","T","R","E","?","E","M","R","B",null],"character_chosen":"DEFECT","items_purchased":["Redo","Symbiotic Virus","aspiration:Lifesprig","Strange Spoon","Pocketwatch","aspiration:HummingbirdHeart","aspiration:EnhancedActuators","BargainBundle","StuffTheSpire:GrapeVine","TheAbacus","aspiration:Polymerization","StuffTheSpire:ShieldGenerator","Crow Ritual","Membership Card","Singing Bowl","Omamori","Raider\u0027s Mask","Thread and Needle","ReplayTheSpireMod:Shallot","Frozen Eye","Sling","Gremlin Horn","StuffTheSpire:DarkSteelAnvil","Cables","aspiration:FrozenJewel","StuffTheSpire:Gunfinga","Machine Learning","Orrery","StuffTheSpire:Saxophone","StuffTheSpire:NeowsTribute","ReplayTheSpireMod:ShopPack","Anchor","Ancient Tea Set","StuffTheSpire:Expresso","aspiration:MysteriousAuxiliaryCore","WingedGreaves","Medical Kit","HandDrill","Dream Catcher","FIFO Queue","aspiration:SeaSaltIceCream","aspiration:Polymerization","vexMod:Cooldron","Mango","Toolbox","Centennial Puzzle","ReplayFunnel","StuffTheSpire:Rhapsscallions","Runic Capacitor","ClockworkSouvenir","Bag of Preparation","CeramicFish","Oddly Smooth Stone","StuffTheSpire:SnapShoot","EntropicBrew","EntropicBrew"],"campfire_rested":0,"item_purchase_floors":[2,2,2,2,2,5,5,5,5,5,5,5,5,14,14,14,14,14,20,20,20,20,27,27,27,27,27,27,30,30,30,30,30,30,36,36,36,36,36,36,36,36,37,37,37,37,37,37,41,41,41,41,41,41,41,41],"current_hp_per_floor":[73,72,71,70,69,40,40,30,30,30,30,29,29,29,47,47,57,58,57,56,55,54,55,54,55,54,57,56,49,49,49,49,56,55,59,58,73,65,61,64,64,67,67,67,70,72,76,80,81,83],"gold":4162,"neow_bonus":"","is_daily":false,"chose_seed":false,"campfire_upgraded":2,"win_rate":0.0,"timestamp":1610117436,"path_taken":["M","$","?","?","$","E","?","E","T","?","?","E","?","$","R","BOSS","M","?","$","?","?","E","?","?","T","$","?","E","?","?","R","BOSS","M","?","$","?","?","E","$","E","T","R","E","?","E","?","R","BOSS"],"items_purchased_type":["Card","Relic","Relic","Relic","Relic","Relic","Relic","Relic","Relic","Relic","Card","Card","Card","Relic","Relic","Relic","Relic","Relic","Relic","Relic","Relic","Relic","Relic","Relic","Relic","Relic","Card","Relic","Relic","Relic","Relic","Relic","Relic","Relic","Relic","Relic","Relic","Relic","Relic","Card","Relic","Card","Relic","Relic","Relic","Relic","Relic","Relic","Relic","Relic","Relic","Relic","Relic","Card","Potion","Potion"],"build_version":"2020-12-22","purchased_purges":13,"victory":true,"max_hp_per_floor":[73,72,71,70,69,68,67,66,65,64,63,62,61,60,59,58,57,58,57,56,55,54,55,54,55,54,57,56,57,56,55,54,56,55,59,58,73,65,70,72,71,73,72,71,73,72,76,80,81,83],"card_choices":[{"not_picked":["Ball Lightning","ReplayTheSpireMod:GoodbyeWorld"],"picked":"Gash","floor":1},{"not_picked":["Leap","Barrage","Redo"],"picked":"SKIP","floor":3},{"not_picked":["StuffTheSpire:Coldhearted","Self Repair"],"picked":"Gash","floor":6},{"not_picked":["StuffTheSpire:Plugnplay","Coolheaded"],"picked":"Gash","floor":8},{"not_picked":["Hologram","BasicCrystalCard"],"picked":"Panic Button","floor":10},{"not_picked":["Cold Snap","StuffTheSpire:EventHorizon","Sweeping Beam"],"picked":"SKIP","floor":12},{"not_picked":["Stack","Undo","BasicCrystalCard"],"picked":"SKIP","floor":13},{"not_picked":["ReplayRNGCard","Seek"],"picked":"Amplify","floor":16},{"not_picked":["StuffTheSpire:NuclearReactor","BasicCrystalCard","Steam"],"picked":"Singing Bowl","floor":18},{"not_picked":["Storm","Redo"],"picked":"StuffTheSpire:Plugnplay+1","floor":22},{"not_picked":["Steam Power","Stack+1","StuffTheSpire:LaunchingStrike"],"picked":"Singing Bowl","floor":23},{"not_picked":["Ball Lightning+1","StuffTheSpire:Plugnplay","Sweeping Beam"],"picked":"Singing Bowl","floor":25},{"not_picked":["Crystallizer","Rip and Tear","Storm"],"picked":"Singing Bowl","floor":27},{"not_picked":["Reinforced Body","Go for the Eyes+1"],"picked":"Gash","floor":27},{"not_picked":["Chill","ReplayTheSpireMod:Omega Cannon"],"picked":"Redo","floor":27},{"not_picked":["StuffTheSpire:Synthwave+1","Leap","StuffTheSpire:NuclearReactor"],"picked":"Singing Bowl","floor":27},{"not_picked":["StuffTheSpire:LoadUp","Coolheaded"],"picked":"StuffTheSpire:SnapShoot+1","floor":27},{"not_picked":["Darkness","Cold Snap","Coolheaded"],"picked":"Singing Bowl","floor":29},{"not_picked":["Purity","Trip"],"picked":"Panacea","floor":30},{"not_picked":["Violence","Crow Ritual"],"picked":"ReplayUltimateDefense","floor":30},{"not_picked":["ReplayTheSpireMod:Trickstab","Purity"],"picked":"ReplayUltimateDefense","floor":30},{"not_picked":["Mirror Shield","Thunder Strike"],"picked":"Core Surge","floor":33},{"not_picked":["Static Discharge","Coolheaded","Beam Cell+1"],"picked":"Singing Bowl","floor":35},{"not_picked":["Bandage Up","Replay:Sssssssssshield","Blind"],"picked":"Singing Bowl","floor":39},{"not_picked":["ReplayTheSpireMod:Uncanny Aura","StuffTheSpire:PlasmaPulse","Bandage Up"],"picked":"Singing Bowl","floor":39},{"not_picked":["Thinking Ahead","Flash of Steel","Enlightenment"],"picked":"Singing Bowl","floor":39},{"not_picked":["ReplayRNGCard","Cold Snap"],"picked":"Redo+1","floor":40},{"not_picked":["Undo+1","Gash+1"],"picked":"Fusion+1","floor":42},{"not_picked":["Panic Button","Sweeping Beam"],"picked":"Seek","floor":45},{"not_picked":["StuffTheSpire:LoadUp","ReplayTheSpireMod:System Scan","Rebound"],"picked":"Singing Bowl","floor":47},{"not_picked":["ReplaySort+1","StuffTheSpire:Plugnplay+1","Rebound"],"picked":"Singing Bowl","floor":48},{"not_picked":["Sweeping Beam","Consume","Stack+1"],"picked":"Singing Bowl","floor":49}],"player_experience":212867,"relics_obtained":[{"floor":6,"key":"StuffTheSpire:SapphireSignet"},{"floor":8,"key":"aspiration:FaultyCoupler"},{"floor":9,"key":"Pen Nib"},{"floor":12,"key":"Geode"},{"floor":21,"key":"Bag of Marbles"},{"floor":22,"key":"wanderingMiniBosses:CarrionFlame"},{"floor":23,"key":"StuffTheSpire:Barrel"},{"floor":26,"key":"vexMod:MemoryStick"},{"floor":29,"key":"Replay:Mystery Machine"},{"floor":40,"key":"Nunchaku"},{"floor":42,"key":"Replay:Multitool"},{"floor":43,"key":"Frozen Egg 2"},{"floor":45,"key":"Bronze Scales"},{"floor":47,"key":"Akabeko"}],"event_choices":[{"damage_healed":0,"gold_gain":100,"player_choice":"Pray","damage_taken":0,"max_hp_gain":0,"max_hp_loss":0,"event_name":"Golden Shrine","floor":7,"gold_loss":0},{"cards_removed":["Strike_B"],"damage_healed":0,"gold_gain":0,"player_choice":"Purged","damage_taken":0,"max_hp_gain":0,"max_hp_loss":0,"event_name":"Purifier","floor":11,"gold_loss":0},{"damage_healed":0,"gold_gain":0,"player_choice":"Bet on Owner","damage_taken":0,"max_hp_gain":0,"max_hp_loss":0,"event_name":"The Joust","floor":19,"gold_loss":50},{"damage_healed":0,"gold_gain":0,"player_choice":"Got Potions","damage_taken":0,"max_hp_gain":0,"max_hp_loss":0,"event_name":"Lab","floor":24,"gold_loss":0},{"damage_healed":0,"gold_gain":0,"player_choice":"Ignored","damage_taken":0,"max_hp_gain":0,"max_hp_loss":0,"event_name":"Ghosts","floor":28,"gold_loss":0},{"cards_removed":["Injury"],"damage_healed":0,"gold_gain":0,"player_choice":"Purged","damage_taken":0,"max_hp_gain":0,"max_hp_loss":0,"event_name":"Purifier","floor":31,"gold_loss":0},{"damage_healed":0,"gold_gain":0,"player_choice":"Memory 3","damage_taken":10,"max_hp_gain":0,"max_hp_loss":0,"event_name":"SensoryStone","floor":39,"gold_loss":0}],"is_beta":false,"boss_relics":[{"not_picked":["Empty Cage","Cursed Key"],"picked":"vexMod:RockOfEvil"},{"not_picked":["Replay:Drink Me","StuffTheSpire:ModemDavis"],"picked":"Replay:Bronze Core"}],"items_purged_floors":[2,5,14,20,20,27,30,30,36,37,37,41,41],"is_endless":false,"potions_floor_spawned":[3,6,8,13,16,23,29,42,47],"ascension_level":1}}