{"host":"t0r9wuv4zaiwets7","time":1610065627,"event":{"mods":["AchievementEnabler","BaseMod","Bestiary","Colored Map","Colored Powertips","Highlight Path","Minty Spire (QoL Compilation)","StSLib"],"gold_per_floor":[109,109,109,120,137,168,168,168,193,217,228,50,50,50,50,148,148,158,158,158,170,182,194,239,280,319,366,31,56,56,66,66,171,171,181,1180,433,446,463,488,499,499,499,510,510,535,535,163,163,163,163,163,23,58,58],"floor_reached":56,"playtime":5281,"items_purged":["Normality","Strike_R"],"score":1483,"play_id":"15444d91-c4aa-4dad-a63c-25eda7967fbe","local_time":"20210107162707","is_ascension_mode":true,"campfire_choices":[{"data":"Immolate","floor":7.0,"key":"SMITH"},{"data":"Apotheosis","floor":13.0,"key":"SMITH"},{"floor":15.0,"key":"REST"},{"floor":23.0,"key":"REST"},{"floor":30.0,"key":"REST"},{"floor":32.0,"key":"REST"},{"data":"Normality","floor":45.0,"key":"PURGE"},{"floor":47.0,"key":"RECALL"},{"data":"Strike_R","floor":49.0,"key":"PURGE"},{"data":"Strike_R","floor":52.0,"key":"PURGE"}],"circlet_count":0,"master_deck":["Strike_R+1","Defend_R","Defend_R","Defend_R","Defend_R","Bash+1","Sadistic Nature","Rage","Dropkick","Cleave","Immolate+1","True Grit+1","Clothesline","Apotheosis+1","Juggernaut","Disarm+1","Ghostly","Ghostly","Ghostly","Ghostly","Ghostly+1","Warcry+1","Armaments+1","Warcry","Shockwave","Brutality","Burning Pact+1","Exhume","Metallicize","Purity","Demon Form","Iron Wave+1","Disarm+1","Demon Form","Secret Technique","Deep Breath","Seeing Red+1"],"relics":["Burning Blood","Bag of Marbles","Lantern","Odd Mushroom","InkBottle","Fusion Hammer","MawBank","Art of War","Nilry\u0027s Codex","Bottled Flame","Red Mask","Orichalcum","War Paint","Incense Burner","Tiny Chest","Empty Cage","Peace Pipe","Red Skull","HandDrill","Blood Vial","Boot","Membership Card","Bronze Scales","Vajra","Bag of Preparation"],"acts_visited":["Exordium","TheCity","TheBeyond","TheEnding"],"potions_floor_usage":[55,55,55],"damage_taken":[{"damage":0.0,"enemies":"Small Slimes","floor":1.0,"turns":3.0},{"damage":9.0,"enemies":"Jaw Worm","floor":4.0,"turns":2.0},{"damage":0.0,"enemies":"2 Louse","floor":5.0,"turns":2.0},{"damage":26.0,"enemies":"3 Sentries","floor":6.0,"turns":8.0},{"damage":0.0,"enemies":"The Mushroom Lair","floor":10.0,"turns":2.0},{"damage":0.0,"enemies":"2 Fungi Beasts","floor":11.0,"turns":3.0},{"damage":46.0,"enemies":"The Guardian","floor":16.0,"turns":13.0},{"damage":0.0,"enemies":"Chosen","floor":18.0,"turns":2.0},{"damage":18.0,"enemies":"Book of Stabbing","floor":24.0,"turns":7.0},{"damage":0.0,"enemies":"Masked Bandits","floor":25.0,"turns":1.0},{"damage":15.0,"enemies":"Slavers","floor":27.0,"turns":4.0},{"damage":0.0,"enemies":"Book of Stabbing","floor":29.0,"turns":6.0},{"damage":0.0,"enemies":"Shell Parasite","floor":31.0,"turns":5.0},{"damage":12.0,"enemies":"Collector","floor":33.0,"turns":11.0},{"damage":1.0,"enemies":"3 Shapes","floor":35.0,"turns":5.0},{"damage":2.0,"enemies":"3 Darklings","floor":38.0,"turns":4.0},{"damage":6.0,"enemies":"Transient","floor":39.0,"turns":5.0},{"damage":12.0,"enemies":"Giant Head","floor":40.0,"turns":9.0},{"damage":5.0,"enemies":"Spire Growth","floor":41.0,"turns":7.0},{"damage":7.0,"enemies":"Writhing Mass","floor":44.0,"turns":6.0},{"damage":7.0,"enemies":"Reptomancer","floor":46.0,"turns":9.0},{"damage":35.0,"enemies":"Awakened One","floor":50.0,"turns":12.0},{"damage":9.0,"enemies":"Shield and Spear","floor":54.0,"turns":8.0},{"damage":22,"enemies":"The Heart","floor":55,"turns":10}],"seed_played":"-1971597278552791230","potions_obtained":[{"floor":4.0,"key":"Explosive Potion"},{"floor":5.0,"key":"BlessingOfTheForge"},{"floor":6.0,"key":"Strength Potion"},{"floor":24.0,"key":"HeartOfIron"},{"floor":33.0,"key":"LiquidMemories"},{"floor":40.0,"key":"Swift Potion"},{"floor":42.0,"key":"LiquidMemories"},{"floor":42.0,"key":"Regen Potion"},{"floor":46.0,"key":"Strength Potion"}],"is_trial":false,"path_per_floor":["M","?","?","M","M","E","R","?","T","?","M","$","R","?","R","B",null,"M","?","?","?","?","R","E","?","T","E","$","E","R","M","R","B",null,"M","?","$","M","M","E","M","?","T","M","R","E","R","$","R","B",null,"R","$","E","B",null],"character_chosen":"IRONCLAD","items_purchased":["Apotheosis","Incense Burner","Shockwave","Peace Pipe","Red Skull","HandDrill","Purity","Membership Card","Bronze Scales","Secret Technique","Vajra","PowerPotion","Deep Breath"],"campfire_rested":4,"item_purchase_floors":[12,28,28,37,37,37,37,48,48,48,53,53,53],"current_hp_per_floor":[62,46,46,43,49,29,29,29,29,35,41,41,41,29,53,13,80,80,40,40,40,24,36,24,30,30,21,21,27,39,40,40,34,40,40,40,40,40,40,34,37,37,37,38,38,39,39,39,39,20,40,40,40,37,23],"gold":58,"neow_bonus":"RANDOM_COLORLESS_2","is_daily":false,"chose_seed":false,"campfire_upgraded":2,"win_rate":0.0,"timestamp":1610065627,"path_taken":["M","?","?","M","M","E","R","?","T","?","M","$","R","?","R","BOSS","M","?","?","?","?","R","E","?","T","E","$","E","R","?","R","BOSS","M","?","$","M","M","E","M","?","T","M","R","E","R","$","R","BOSS","R","$","E","BOSS"],"items_purchased_type":["Card","Relic","Card","Relic","Relic","Relic","Card","Relic","Relic","Card","Relic","Potion","Card"],"build_version":"2020-12-22","purchased_purges":2,"victory":true,"max_hp_per_floor":[80,80,80,80,80,80,80,80,80,80,80,80,80,80,80,80,80,80,40,40,40,40,40,40,40,40,40,40,40,40,40,40,40,40,40,40,40,40,40,40,40,40,40,40,40,40,40,40,40,40,40,40,40,40,40],"card_choices":[{"not_picked":["Panache","Thinking Ahead"],"picked":"Sadistic Nature","floor":0.0},{"not_picked":["True Grit","Clash"],"picked":"Rage","floor":1.0},{"not_picked":["Evolve","Hemokinesis"],"picked":"Anger","floor":4.0},{"not_picked":["Shrug It Off","Twin Strike"],"picked":"Cleave","floor":5.0},{"not_picked":["Infernal Blade","Fire Breathing"],"picked":"Immolate","floor":6.0},{"not_picked":["Flex","Fire Breathing"],"picked":"True Grit","floor":10.0},{"not_picked":["Entrench","Body Slam"],"picked":"Clothesline","floor":11.0},{"not_picked":["Reaper","Immolate"],"picked":"Juggernaut","floor":16.0},{"not_picked":["Rupture","Clothesline"],"picked":"Disarm+1","floor":18.0},{"not_picked":["Reaper","Anger"],"picked":"Warcry+1","floor":24.0},{"not_picked":["Perfected Strike","Ghostly Armor"],"picked":"Armaments+1","floor":25.0},{"not_picked":["Rampage","Headbutt"],"picked":"Warcry","floor":27.0},{"not_picked":["Rupture","Sword Boomerang"],"picked":"Brutality","floor":29.0},{"not_picked":["Hemokinesis","Intimidate"],"picked":"Burning Pact+1","floor":31.0},{"not_picked":["Offering","Berserk"],"picked":"Exhume","floor":33.0},{"not_picked":["Twin Strike+1","Pommel Strike"],"picked":"Metallicize","floor":35.0},{"not_picked":["Pommel Strike","Thunderclap","Clothesline+1"],"picked":"SKIP","floor":38.0},{"not_picked":["Warcry+1","Cleave+1"],"picked":"Demon Form","floor":39.0},{"not_picked":["Wild Strike","Corruption","Searing Blow+1"],"picked":"SKIP","floor":40.0},{"not_picked":["Pummel+1","Pommel Strike+1"],"picked":"Iron Wave+1","floor":41.0},{"not_picked":["True Grit","Iron Wave+1"],"picked":"Disarm+1","floor":44.0},{"not_picked":["Pommel Strike+1","Evolve+1"],"picked":"Demon Form","floor":46.0},{"not_picked":["Havoc+1","Reckless Charge+1"],"picked":"Seeing Red+1","floor":54.0}],"player_experience":152186,"relics_obtained":[{"floor":6.0,"key":"Bag of Marbles"},{"floor":9.0,"key":"Lantern"},{"floor":10.0,"key":"Odd Mushroom"},{"floor":22.0,"key":"Nilry\u0027s Codex"},{"floor":24.0,"key":"Bottled Flame"},{"floor":25.0,"key":"Red Mask"},{"floor":26.0,"key":"Orichalcum"},{"floor":27.0,"key":"War Paint"},{"floor":29.0,"key":"Tiny Chest"},{"floor":40.0,"key":"Blood Vial"},{"floor":46.0,"key":"Boot"},{"floor":54.0,"key":"Bag of Preparation"}],"event_choices":[{"damage_healed":0.0,"max_hp_gain":0.0,"max_hp_loss":0.0,"gold_gain":0.0,"event_name":"Shining Light","player_choice":"Entered Light","floor":2.0,"gold_loss":0.0,"damage_taken":16.0,"cards_upgraded":["Bash","Strike_R"]},{"damage_healed":0.0,"max_hp_gain":0.0,"max_hp_loss":0.0,"gold_gain":0.0,"cards_transformed":["Strike_R"],"event_name":"Living Wall","player_choice":"Change","floor":3.0,"gold_loss":0.0,"damage_taken":0.0,"cards_obtained":["Dropkick"]},{"damage_healed":0.0,"max_hp_gain":0.0,"max_hp_loss":0.0,"gold_gain":0.0,"event_name":"The Cleric","player_choice":"Leave","floor":8.0,"gold_loss":0.0,"damage_taken":0.0},{"damage_healed":0.0,"max_hp_gain":0.0,"max_hp_loss":0.0,"gold_gain":0.0,"event_name":"Mushrooms","player_choice":"Fought Mushrooms","floor":10.0,"gold_loss":0.0,"damage_taken":0.0},{"damage_healed":0.0,"max_hp_gain":0.0,"max_hp_loss":0.0,"gold_gain":0.0,"event_name":"Scrap Ooze","player_choice":"Success","floor":14.0,"gold_loss":0.0,"damage_taken":12.0,"relics_obtained":["InkBottle"]},{"damage_healed":0.0,"max_hp_gain":0.0,"max_hp_loss":40.0,"gold_gain":0.0,"event_name":"Ghosts","player_choice":"Became a Ghost","floor":19.0,"gold_loss":0.0,"damage_taken":0.0,"cards_obtained":["Ghostly","Ghostly","Ghostly","Ghostly","Ghostly"]},{"damage_healed":0.0,"max_hp_gain":0.0,"max_hp_loss":0.0,"gold_gain":0.0,"event_name":"Addict","player_choice":"Stole Relic","floor":20.0,"gold_loss":0.0,"damage_taken":0.0,"relics_obtained":["MawBank"],"cards_obtained":["Shame"]},{"damage_healed":0.0,"max_hp_gain":0.0,"max_hp_loss":0.0,"gold_gain":0.0,"event_name":"The Mausoleum","player_choice":"Opened","floor":21.0,"gold_loss":0.0,"damage_taken":0.0,"relics_obtained":["Art of War"]},{"damage_healed":0.0,"max_hp_gain":0.0,"max_hp_loss":0.0,"gold_gain":0.0,"event_name":"Cursed Tome","player_choice":"Obtained Book","floor":22.0,"gold_loss":0.0,"damage_taken":16.0},{"damage_healed":0.0,"max_hp_gain":0.0,"max_hp_loss":0.0,"gold_gain":0.0,"event_name":"Masked Bandits","player_choice":"Fought Bandits","floor":25.0,"gold_loss":0.0,"damage_taken":0.0},{"damage_healed":0.0,"max_hp_gain":0.0,"max_hp_loss":0.0,"gold_gain":999.0,"event_name":"MindBloom","player_choice":"Gold","floor":36.0,"gold_loss":0.0,"damage_taken":0.0,"cards_obtained":["Normality","Normality"]},{"damage_healed":0.0,"max_hp_gain":0.0,"max_hp_loss":0.0,"gold_gain":0.0,"event_name":"Lab","player_choice":"Got Potions","floor":42.0,"gold_loss":0.0,"damage_taken":0.0}],"is_beta":false,"boss_relics":[{"not_picked":["Cursed Key","Runic Pyramid"],"picked":"Fusion Hammer"},{"not_picked":["Astrolabe","Velvet Choker"],"picked":"Empty Cage"}],"items_purged_floors":[37,48],"is_endless":false,"potions_floor_spawned":[4,5,6,24,29,33,38,40,44,46],"ascension_level":2}}