{"host":"npubv26u89aif4fa","time":1610093998,"event":{"mods":["Astrologer","BaseMod","Better Vampires","Better-Laid Plans","Colored Powertips","GifTheSpireLib","GungeonMod","HornydragonMod","Hubris","Jedi Mod","Minty Spire (QoL Compilation)","Quick Restart","Remilia（蕾米莉亚）","Replay The Spire","StSLib","Td1madao Mod","The Administrix","The Alterego","The Bug Knight","The Cursed","The Runesmith","Yuri Mod","残留之物"],"gold_per_floor":[115,115,115,127,138,169,169,187,232,40,40,74,86,97,97,201,201,220,220,234,251,264,290,308,333,333,345,10,10,24,82,82,187,187,203,253,253,233,249,279,294,305,330,346,346,374,374,390,390,390,390,390,37,63,63],"floor_reached":56,"playtime":4358,"items_purged":["Strike_G","Strike_G","Strike_G"],"score":1238,"play_id":"e7beb349-92e0-49fd-ab83-722b54c0a7a0","local_time":"20210108161958","is_ascension_mode":false,"campfire_choices":[{"floor":7.0,"key":"RECALL"},{"data":"Footwork","floor":15.0,"key":"SMITH"},{"floor":29.0,"key":"REST"},{"floor":32.0,"key":"REST"},{"floor":45.0,"key":"REST"},{"floor":49,"key":"REST"},{"data":"Draining Mist","floor":52,"key":"SMITH"}],"circlet_count":0,"master_deck":["Defend_G","Defend_G","Defend_G","Defend_G+1","Defend_G","Survivor+1","Neutralize","Poison Darts+1","Leg Sweep","Poisoned Stab","Bane+1","Draining Mist+1","Flash of Steel+1","Footwork+1","Adrenaline","Poisoned Stab","Bouncing Flask","ReplayTheSpireMod:Private Reserves+1","Backstab","Metamorphosis+1","jedi:forcepush+1","Fluid Movement","Deflect+1","Malaise+1","Replay:Bag of Tricks+1","Toxin Wave+1","Burst+1","Toxin Wave+1"],"relics":["Ring of the Snake","yuri:PortableGlitches","Oddly Smooth Stone","BargainBundle","Bag of Preparation","SacredBark","hubris:Icosahedron","hubris:SphereOfDissonance","StoneCalendar","Toxic Egg 2","Gremlin Food","Pear","hubris:GrandSneckoEye","Durian","hubris:MysteriousPyramids","ReplayFunnel","Runesmith:AutoHammer","Strawberry"],"acts_visited":["Exordium","TheCity","TheBeyond","TheEnding"],"potions_floor_usage":[50,55,55,55],"damage_taken":[{"damage":0.0,"enemies":"2 Louse","floor":1.0,"turns":2.0},{"damage":0.0,"enemies":"Small Slimes","floor":4.0,"turns":3.0},{"damage":0.0,"enemies":"Jaw Worm","floor":5.0,"turns":2.0},{"damage":22.0,"enemies":"Gremlin Nob","floor":6.0,"turns":4.0},{"damage":0.0,"enemies":"Looter","floor":8.0,"turns":3.0},{"damage":17.0,"enemies":"Lagavulin","floor":12.0,"turns":6.0},{"damage":0.0,"enemies":"Blue Slaver","floor":13.0,"turns":2.0},{"damage":0.0,"enemies":"Lots of Slimes","floor":14.0,"turns":3.0},{"damage":17.0,"enemies":"Fading Forest","floor":16.0,"turns":11.0},{"damage":0.0,"enemies":"3 Byrds","floor":18.0,"turns":5.0},{"damage":0.0,"enemies":"Shell Parasite","floor":20.0,"turns":3.0},{"damage":0.0,"enemies":"Snake Plant","floor":21.0,"turns":4.0},{"damage":0.0,"enemies":"Shelled Parasite and Fungi","floor":22.0,"turns":5.0},{"damage":22.0,"enemies":"Slavers","floor":23.0,"turns":6.0},{"damage":0.0,"enemies":"Snecko","floor":24.0,"turns":3.0},{"damage":0.0,"enemies":"Book of Stabbing","floor":25.0,"turns":5.0},{"damage":5.0,"enemies":"Centurion and Healer","floor":27.0,"turns":4.0},{"damage":0.0,"enemies":"Cultist and Chosen","floor":30.0,"turns":6.0},{"damage":25.0,"enemies":"Champ","floor":33.0,"turns":9.0},{"damage":0.0,"enemies":"3 Shapes","floor":35.0,"turns":3.0},{"damage":0.0,"enemies":"Mind Bloom Boss Battle","floor":36.0,"turns":2.0},{"damage":0.0,"enemies":"Orb Walker","floor":39.0,"turns":2.0},{"damage":17.0,"enemies":"Nemesis","floor":40.0,"turns":7.0},{"damage":0.0,"enemies":"Transient","floor":41.0,"turns":5.0},{"damage":0.0,"enemies":"Writhing Mass","floor":42.0,"turns":6.0},{"damage":0.0,"enemies":"Jaw Worm Horde","floor":44.0,"turns":2.0},{"damage":26.0,"enemies":"Reptomancer","floor":46.0,"turns":6.0},{"damage":6.0,"enemies":"4 Shapes","floor":48.0,"turns":4.0},{"damage":17,"enemies":"Donu and Deca","floor":50,"turns":9},{"damage":4,"enemies":"Shield and Spear","floor":54,"turns":6},{"damage":15,"enemies":"The Heart","floor":55,"turns":9}],"seed_played":"7860638948151182433","potions_obtained":[{"floor":1.0,"key":"Fire Potion"},{"floor":6.0,"key":"Energy Potion"},{"floor":8.0,"key":"jedi:tentaclejuice"},{"floor":13.0,"key":"Dexterity Potion"},{"floor":16.0,"key":"Poison Potion"},{"floor":23.0,"key":"Reflective Coating"},{"floor":25.0,"key":"PowerPotion"},{"floor":33.0,"key":"AttackPotion"},{"floor":38.0,"key":"LiquidMemories"},{"floor":39.0,"key":"DemoMod:LeadSkinPotion"},{"floor":46.0,"key":"Strength Potion"},{"floor":48.0,"key":"Explosive Potion"},{"floor":54,"key":"FearPotion"}],"is_trial":false,"path_per_floor":["M","?","?","M","M","E","R","M","T","$","$","E","M","M","R","B",null,"M","?","M","M","M","E","M","E","T","M","$","R","M","?","R","B",null,"M","?","?","?","M","E","M","M","T","M","R","E","?","M","R","B",null,"R","$","E","B",null],"character_chosen":"THE_SILENT","items_purchased":["BargainBundle","Flash of Steel","CultistPotion","Gremlin Food","ReplayTheSpireMod:Private Reserves+1","Toxin Wave+1","Runesmith:AutoHammer"],"campfire_rested":4,"item_purchase_floors":[10,10,10,28,28,53,53],"current_hp_per_floor":[63,56,56,56,56,34,34,34,34,34,34,17,17,17,17,10,63,63,63,63,63,63,41,41,41,41,36,36,54,54,49,70,45,73,73,78,73,73,73,56,56,56,56,56,78,52,52,46,69,52,78,78,78,81,66],"gold":63,"neow_bonus":"THREE_RARE_CARDS","is_daily":false,"chose_seed":false,"campfire_upgraded":2,"win_rate":0.0,"timestamp":1610093998,"path_taken":["M","?","?","M","M","E","R","M","T","?","$","E","?","?","R","BOSS","M","?","M","M","M","E","M","E","T","M","$","R","M","?","R","BOSS","M","?","?","?","?","E","M","M","T","?","R","E","?","?","R","BOSS","R","$","E","BOSS"],"items_purchased_type":["Relic","Card","Potion","Relic","Card","Card","Relic"],"build_version":"2020-12-22","purchased_purges":3,"victory":true,"max_hp_per_floor":[63,63,63,63,63,63,63,63,63,63,63,63,63,63,63,63,63,63,63,63,63,63,63,63,63,63,63,63,63,63,73,73,73,73,73,78,78,78,78,78,78,78,78,78,78,78,78,78,78,78,78,78,78,85,85],"card_choices":[{"not_picked":["jedi:rejectivetoxin","Corpse Explosion"],"picked":"Poison Darts","floor":0.0},{"not_picked":["Quick Slash","Endless Agony"],"picked":"Leg Sweep","floor":1.0},{"not_picked":["ReplayTheSpireMod:Tripwire","Sucker Punch"],"picked":"Poisoned Stab","floor":4.0},{"not_picked":["ReplayTheSpireMod:Scrap Shanks","Slice","ReplayTheSpireMod:Shiv Toss"],"picked":"SKIP","floor":5.0},{"not_picked":["Dagger Throw","Poisoned Stab"],"picked":"Bane","floor":6.0},{"not_picked":["PiercingWail","Bane"],"picked":"Draining Mist","floor":8.0},{"not_picked":["Cloak And Dagger","Outmaneuver"],"picked":"Footwork","floor":12.0},{"not_picked":["Finisher","Quick Slash","Draining Mist"],"picked":"SKIP","floor":13.0},{"not_picked":["Flying Knee","Underhanded Strike","Finisher"],"picked":"SKIP","floor":14.0},{"not_picked":["Malaise","ReplayTheSpireMod:From All Sides"],"picked":"Adrenaline","floor":16.0},{"not_picked":["Acrobatics","Outmaneuver","Expertise"],"picked":"SKIP","floor":18.0},{"not_picked":["Slice","Acrobatics+1"],"picked":"Poisoned Stab","floor":20.0},{"not_picked":["Acrobatics","Quick Slash+1","Sucker Punch"],"picked":"SKIP","floor":21.0},{"not_picked":["Caltrops","Slice"],"picked":"Bouncing Flask","floor":22.0},{"not_picked":["Sucker Punch","ReplayTheSpireMod:Exploit Weakness+1","Dagger Spray"],"picked":"SKIP","floor":23.0},{"not_picked":["Caltrops","Infinite Blades","Calculated Gamble"],"picked":"SKIP","floor":24.0},{"not_picked":["ReplayTheSpireMod:The Works","Prepared+1","Dagger Throw"],"picked":"SKIP","floor":25.0},{"not_picked":["PiercingWail+1","Choke","Heel Hook"],"picked":"SKIP","floor":27.0},{"not_picked":["Cloak And Dagger+1","Sucker Punch","Prepared+1"],"picked":"SKIP","floor":30.0},{"not_picked":["Underhanded Strike","Blade Dance+1"],"picked":"Backstab","floor":35.0},{"not_picked":["DemoMod:Deposit+1","DemoMod:Spice+1"],"picked":"Metamorphosis+1","floor":37.0},{"not_picked":["Deep Breath+1","PanicButton+1"],"picked":"jedi:forcepush+1","floor":37.0},{"not_picked":["Fluid Movement","Underhanded Strike+1","Poisoned Stab"],"picked":"SKIP","floor":39.0},{"not_picked":["Underhanded Strike+1","Poisoned Stab"],"picked":"Fluid Movement","floor":39.0},{"not_picked":["Sucker Punch","Slice"],"picked":"Deflect+1","floor":40.0},{"not_picked":["Cloak And Dagger+1","Blur+1"],"picked":"Malaise+1","floor":41.0},{"not_picked":["Dodge and Roll+1","ReplayTheSpireMod:The Works+1"],"picked":"Replay:Bag of Tricks+1","floor":42.0},{"not_picked":["Backstab","PiercingWail+1"],"picked":"Toxin Wave+1","floor":44.0},{"not_picked":["Underhanded Strike","Riddle With Holes"],"picked":"Burst+1","floor":46.0},{"not_picked":["Backstab+1","Calculated Gamble+1","Underhanded Strike+1"],"picked":"SKIP","floor":48.0},{"not_picked":["hubris:Counter+1","Flying Knee+1","Predator+1"],"picked":"SKIP","floor":54}],"player_experience":237404,"relics_obtained":[{"floor":6.0,"key":"yuri:PortableGlitches"},{"floor":9.0,"key":"Oddly Smooth Stone"},{"floor":12.0,"key":"Bag of Preparation"},{"floor":23.0,"key":"hubris:SphereOfDissonance"},{"floor":25.0,"key":"StoneCalendar"},{"floor":26.0,"key":"Toxic Egg 2"},{"floor":31.0,"key":"Pear"},{"floor":36.0,"key":"Durian"},{"floor":40.0,"key":"hubris:MysteriousPyramids"},{"floor":46.0,"key":"ReplayFunnel"},{"floor":54,"key":"Strawberry"}],"event_choices":[{"cards_removed":["Strike_G"],"damage_healed":0.0,"max_hp_gain":0.0,"max_hp_loss":0.0,"gold_gain":0.0,"event_name":"Golden Wing","player_choice":"Card Removal","floor":2.0,"gold_loss":0.0,"damage_taken":7.0},{"damage_healed":0.0,"max_hp_gain":0.0,"max_hp_loss":0.0,"gold_gain":0.0,"event_name":"Living Wall","player_choice":"Grow","floor":3.0,"gold_loss":0.0,"damage_taken":0.0,"cards_upgraded":["Poison Darts"]},{"damage_healed":0.0,"max_hp_gain":0.0,"max_hp_loss":0.0,"gold_gain":0.0,"event_name":"MindBloom","player_choice":"Fight","floor":36.0,"gold_loss":0.0,"damage_taken":0.0},{"damage_healed":0.0,"max_hp_gain":0.0,"max_hp_loss":0.0,"gold_gain":0.0,"event_name":"SensoryStone","player_choice":"Memory 2","floor":37.0,"gold_loss":0.0,"damage_taken":5.0},{"damage_healed":0.0,"max_hp_gain":0.0,"max_hp_loss":0.0,"gold_gain":0.0,"event_name":"The Woman in Blue","player_choice":"Bought 1 Potion","floor":38.0,"gold_loss":0.0,"damage_taken":0.0},{"cards_removed":["Strike_G"],"damage_healed":0.0,"max_hp_gain":0.0,"max_hp_loss":0.0,"gold_gain":0.0,"event_name":"Purifier","player_choice":"Purged","floor":47.0,"gold_loss":0.0,"damage_taken":0.0}],"is_beta":false,"boss_relics":[{"not_picked":["Replay:Bronze Core","hubris:Stopwatch"],"picked":"SacredBark"},{"not_picked":["hubris:BlackHole","WristBlade"],"picked":"hubris:GrandSneckoEye"}],"items_purged_floors":[10,28,53],"is_endless":false,"potions_floor_spawned":[1,6,8,13,16,23,24,25,30,33,39,42,46,48,54],"ascension_level":0}}