{"host":"3ykswgue17e1ycc2","time":1610118388,"event":{"mods":["BaseMod","Colored Powertips","Dark Map","Minty Spire (QoL Compilation)","Quick Restart","Rare Cards Sparkle","StSLib"],"gold_per_floor":[110,126,140,213,225,225,258,277,300,332,332,367,367,0,0,102,102,116,92,106,122,140,174,174,205,205,215,13,13,44,44,44,44,44],"floor_reached":33,"playtime":1027,"items_purged":["Strike_R","Strike_R"],"score":508,"play_id":"a86159f5-09d8-498f-b39c-a8e3f380d850","local_time":"20210108220628","is_ascension_mode":true,"campfire_choices":[{"data":"Bash","floor":6,"key":"SMITH"},{"data":"Whirlwind","floor":13,"key":"SMITH"},{"floor":15,"key":"REST"},{"data":"Limit Break","floor":24,"key":"SMITH"},{"data":"Flex","floor":29,"key":"SMITH"},{"floor":32,"key":"REST"}],"circlet_count":0,"master_deck":["Strike_R","Defend_R","Defend_R","Defend_R","Defend_R","Bash+1","Ghostly Armor","Twin Strike","Hemokinesis","Pommel Strike","Disarm","Whirlwind+1","Cleave","Limit Break+1","Thunderclap","Shrug It Off","Rampage+1","True Grit+1","Flex+1","Demon Form"],"relics":["Burning Blood","Shuriken","Centennial Puzzle","Orichalcum","Gremlin Horn","Pen Nib","OrangePellets","Happy Flower","Snecko Eye","Bag of Marbles","Juzu Bracelet","Potion Belt","Membership Card","Omamori"],"acts_visited":["Exordium","TheCity"],"potions_floor_usage":[7,12,12,16,21,23,23,30,33],"damage_taken":[{"damage":1,"enemies":"Cultist","floor":1,"turns":4},{"damage":7,"enemies":"Jaw Worm","floor":2,"turns":3},{"damage":0,"enemies":"Small Slimes","floor":3,"turns":3},{"damage":8,"enemies":"2 Fungi Beasts","floor":5,"turns":3},{"damage":49,"enemies":"3 Sentries","floor":7,"turns":7},{"damage":28,"enemies":"Exordium Wildlife","floor":8,"turns":4},{"damage":24,"enemies":"Lagavulin","floor":10,"turns":5},{"damage":10,"enemies":"Gremlin Nob","floor":12,"turns":3},{"damage":26,"enemies":"Slime Boss","floor":16,"turns":9},{"damage":18,"enemies":"Shell Parasite","floor":18,"turns":6},{"damage":2,"enemies":"3 Byrds","floor":20,"turns":2},{"damage":12,"enemies":"Snake Plant","floor":21,"turns":3},{"damage":0,"enemies":"Centurion and Healer","floor":22,"turns":2},{"damage":8,"enemies":"Slavers","floor":23,"turns":2},{"damage":0,"enemies":"Gremlin Leader","floor":25,"turns":3},{"damage":4,"enemies":"Shelled Parasite and Fungi","floor":27,"turns":2},{"damage":39,"enemies":"Book of Stabbing","floor":30,"turns":6},{"damage":64,"enemies":"Automaton","floor":33,"turns":6}],"seed_played":"-114391251301942001","potions_obtained":[{"floor":1,"key":"PowerPotion"},{"floor":2,"key":"Strength Potion"},{"floor":3,"key":"Regen Potion"},{"floor":8,"key":"Ancient Potion"},{"floor":16,"key":"SteroidPotion"},{"floor":18,"key":"Block Potion"},{"floor":20,"key":"Block Potion"},{"floor":27,"key":"GamblersBrew"},{"floor":30,"key":"SteroidPotion"}],"is_trial":false,"path_per_floor":["M","M","M","T","M","R","E","M","T","E","?","E","R","$","R","B",null,"M","$","M","M","M","E","R","E","T","M","$","R","E","?","R","B"],"character_chosen":"IRONCLAD","items_purchased":["OrangePellets","Happy Flower","Shrug It Off","Membership Card"],"campfire_rested":2,"item_purchase_floors":[14,14,19,28],"current_hp_per_floor":[85,84,88,88,86,86,58,36,36,18,18,14,14,14,40,20,71,59,59,63,57,63,61,61,67,67,69,69,69,36,36,62,0,0],"gold":44,"neow_bonus":"TEN_PERCENT_HP_BONUS","is_daily":false,"chose_seed":false,"campfire_upgraded":4,"win_rate":0.0,"timestamp":1610118388,"path_taken":["M","?","M","?","M","R","E","M","T","E","?","E","R","$","R","BOSS","M","?","M","M","?","E","R","E","T","M","$","R","E","?","R","BOSS"],"items_purchased_type":["Relic","Relic","Card","Relic"],"build_version":"2020-12-22","purchased_purges":2,"victory":false,"max_hp_per_floor":[88,88,88,88,88,88,88,88,88,88,88,88,88,88,88,88,88,88,88,88,88,88,88,88,88,88,88,88,88,88,88,88,88,88],"card_choices":[{"not_picked":["Burning Pact","Perfected Strike"],"picked":"Ghostly Armor","floor":1},{"not_picked":["Burning Pact","Perfected Strike"],"picked":"Twin Strike","floor":2},{"not_picked":["True Grit","Dual Wield"],"picked":"Hemokinesis","floor":3},{"not_picked":["Searing Blow","Body Slam"],"picked":"Pommel Strike","floor":5},{"not_picked":["Dual Wield","Burning Pact"],"picked":"Disarm","floor":7},{"not_picked":["Combust","Disarm"],"picked":"Whirlwind","floor":8},{"not_picked":["Sever Soul","Pommel Strike","Bloodletting"],"picked":"SKIP","floor":10},{"not_picked":["Flex","Wild Strike"],"picked":"Cleave","floor":12},{"not_picked":["Immolate","Feed"],"picked":"Limit Break","floor":16},{"not_picked":["Rage","Twin Strike"],"picked":"Thunderclap","floor":18},{"not_picked":["Body Slam","Pommel Strike+1"],"picked":"Rampage+1","floor":20},{"not_picked":["Wild Strike","Cleave"],"picked":"True Grit+1","floor":21},{"not_picked":["Thunderclap","Hemokinesis","Body Slam"],"picked":"SKIP","floor":22},{"not_picked":["Disarm+1","Exhume","Sever Soul"],"picked":"SKIP","floor":23},{"not_picked":["Sword Boomerang","Wild Strike+1","Hemokinesis+1"],"picked":"SKIP","floor":25},{"not_picked":["Dual Wield","Cleave"],"picked":"Flex","floor":27},{"not_picked":["Combust","Perfected Strike"],"picked":"Demon Form","floor":30}],"player_experience":315597,"relics_obtained":[{"floor":4,"key":"Shuriken"},{"floor":7,"key":"Centennial Puzzle"},{"floor":9,"key":"Orichalcum"},{"floor":10,"key":"Gremlin Horn"},{"floor":12,"key":"Pen Nib"},{"floor":23,"key":"Bag of Marbles"},{"floor":25,"key":"Juzu Bracelet"},{"floor":26,"key":"Potion Belt"},{"floor":30,"key":"Omamori"}],"event_choices":[{"cards_removed":["Strike_R"],"damage_healed":0,"gold_gain":0,"player_choice":"Purged","damage_taken":0,"max_hp_gain":0,"max_hp_loss":0,"event_name":"Purifier","floor":11,"gold_loss":0},{"cards_removed":["Strike_R"],"damage_healed":0,"gold_gain":0,"player_choice":"Elegance","damage_taken":0,"max_hp_gain":0,"max_hp_loss":0,"event_name":"Back to Basics","floor":31,"gold_loss":0}],"is_beta":false,"boss_relics":[{"not_picked":["Calling Bell","Empty Cage"],"picked":"Snecko Eye"}],"items_purged_floors":[14,28],"is_endless":false,"potions_floor_spawned":[1,2,3,8,16,18,20,27,30],"killed_by":"Automaton","ascension_level":9}}