{"host":"wwo1kwxjf4eyz37q","time":1610101497,"event":{"mods":["AchievementEnabler","BaseMod","Colored Map","Minty Spire (QoL Compilation)","Quick Restart","SuperFastMode"],"gold_per_floor":[109,259,259,279,290,290,308,45,45,45,64,64,397,134,134,134,134],"floor_reached":16,"playtime":587,"items_purged":["Strike_R","Strike_R"],"score":180,"play_id":"24cba09a-1aac-4237-b932-5674b8b69bf8","local_time":"20210108192457","is_ascension_mode":true,"campfire_choices":[{"data":"Bash","floor":6.0,"key":"SMITH"},{"data":"Flex","floor":10.0,"key":"SMITH"},{"data":"Second Wind","floor":12.0,"key":"SMITH"},{"data":"Body Slam","floor":15.0,"key":"SMITH"}],"circlet_count":0,"master_deck":["AscendersBane","Strike_R","Strike_R","Strike_R","Defend_R","Defend_R","Defend_R","Defend_R","Bash+1","Carnage","Second Wind+1","Cleave","Shrug It Off","Flex+1","Feel No Pain","Ghostly Armor","Body Slam+1","Entrench","Shrug It Off"],"relics":["Burning Blood","CaptainsWheel","Paper Frog","Old Coin"],"acts_visited":["Exordium"],"potions_floor_usage":[16],"damage_taken":[{"damage":9.0,"enemies":"Jaw Worm","floor":1.0,"turns":4.0},{"damage":3.0,"enemies":"2 Louse","floor":4.0,"turns":3.0},{"damage":1.0,"enemies":"Cultist","floor":5.0,"turns":3.0},{"damage":10.0,"enemies":"Exordium Thugs","floor":7.0,"turns":5.0},{"damage":2.0,"enemies":"Large Slime","floor":11.0,"turns":4.0},{"damage":16.0,"enemies":"Gremlin Nob","floor":13.0,"turns":4.0},{"damage":52,"enemies":"The Guardian","floor":16,"turns":11}],"seed_played":"5991709792968174002","potions_obtained":[{"floor":11.0,"key":"Swift Potion"},{"floor":13.0,"key":"Fruit Juice"}],"is_trial":false,"path_per_floor":["M","?","?","M","M","R","M","$","T","R","M","R","E","$","R","B"],"character_chosen":"IRONCLAD","items_purchased":["Shrug It Off","Flex","Feel No Pain","Body Slam","Entrench","Shrug It Off"],"campfire_rested":0,"item_purchase_floors":[8,8,8,14,14,14],"current_hp_per_floor":[65,65,65,68,68,68,64,64,64,64,68,68,63,63,63,11,11],"gold":134,"neow_bonus":"ONE_RARE_RELIC","is_daily":false,"chose_seed":false,"campfire_upgraded":4,"win_rate":0.0,"timestamp":1610101497,"path_taken":["M","?","?","M","M","R","M","$","T","R","M","R","E","$","R","BOSS"],"items_purchased_type":["Card","Card","Card","Card","Card","Card"],"build_version":"2020-12-22","purchased_purges":2,"victory":false,"max_hp_per_floor":[68,68,68,68,68,68,68,68,68,68,68,68,73,73,73,73,73],"card_choices":[{"not_picked":["Warcry","Iron Wave","Wild Strike"],"picked":"SKIP","floor":1.0},{"not_picked":["Headbutt","Heavy Blade"],"picked":"Carnage","floor":4.0},{"not_picked":["Havoc","Rage"],"picked":"Second Wind","floor":5.0},{"not_picked":["Heavy Blade","Flex"],"picked":"Cleave","floor":7.0},{"not_picked":["Combust","Exhume","Thunderclap"],"picked":"SKIP","floor":11.0},{"not_picked":["Headbutt","Power Through"],"picked":"Ghostly Armor","floor":13.0}],"player_experience":195462,"relics_obtained":[{"floor":9.0,"key":"Paper Frog"},{"floor":13.0,"key":"Old Coin"}],"event_choices":[{"damage_healed":0.0,"max_hp_gain":0.0,"max_hp_loss":0.0,"gold_gain":150.0,"event_name":"Liars Game","player_choice":"AGREE","floor":2.0,"gold_loss":0.0,"damage_taken":0.0,"cards_obtained":["Doubt"]},{"cards_removed":["Doubt"],"damage_healed":0.0,"max_hp_gain":0.0,"max_hp_loss":0.0,"gold_gain":0.0,"event_name":"Fountain of Cleansing","player_choice":"Removed Curses","floor":3.0,"gold_loss":0.0,"damage_taken":0.0}],"is_beta":false,"boss_relics":[],"items_purged_floors":[8,14],"is_endless":false,"potions_floor_spawned":[11,13],"killed_by":"The Guardian","ascension_level":16}}