{"host":"3qkmyeoym75lj4wn","time":1610133219,"event":{"mods":["2.2 Compatiblity","BaseMod","Block Reminder","Colored Powertips","Highlight Path","Minty Spire (QoL Compilation)","Permanent Neow","Potion Indicator Mod","Rare Cards Sparkle","Relic Stats","StSLib"],"gold_per_floor":[122,122,24,50,69,101,101,140,140,160,160,125,144,164,164,164,164],"floor_reached":16,"playtime":685,"items_purged":[],"score":224,"play_id":"14816809-e748-4832-981f-c5c0f3eca097","local_time":"20210108191339","is_ascension_mode":true,"campfire_choices":[{"floor":11,"key":"REST"},{"data":"Defragment","floor":15,"key":"SMITH"}],"circlet_count":0,"master_deck":["AscendersBane","Strike_B","Strike_B","Strike_B","Strike_B","Defend_B","Defend_B","Defend_B","Defend_B","Zap","Dualcast","Leap","Cold Snap","Glacier","Defragment+1","Gash","Defragment","Consume","Coolheaded"],"relics":["Cracked Core","CeramicFish","Eternal Feather","PreservedInsect","The Courier"],"acts_visited":["Exordium"],"potions_floor_usage":[6,8,8,14,16],"damage_taken":[{"damage":1,"enemies":"Cultist","floor":1,"turns":3},{"damage":12,"enemies":"Small Slimes","floor":4,"turns":4},{"damage":0,"enemies":"2 Louse","floor":5,"turns":3},{"damage":24,"enemies":"Gremlin Nob","floor":6,"turns":6},{"damage":12,"enemies":"Lagavulin","floor":8,"turns":9},{"damage":6,"enemies":"Looter","floor":10,"turns":3},{"damage":4,"enemies":"Exordium Wildlife","floor":13,"turns":7},{"damage":18,"enemies":"3 Louse","floor":14,"turns":4},{"damage":51,"enemies":"Slime Boss","floor":16,"turns":21}],"seed_played":"8437588942863865679","potions_obtained":[{"floor":4,"key":"SkillPotion"},{"floor":6,"key":"DistilledChaos"},{"floor":8,"key":"FearPotion"},{"floor":13,"key":"ColorlessPotion"}],"is_trial":false,"path_per_floor":["M","?","$","M","M","E","?","E","T","M","R","?","M","M","R","B"],"character_chosen":"DEFECT","items_purchased":["Cold Snap","FocusPotion"],"campfire_rested":1,"item_purchase_floors":[3,3],"current_hp_per_floor":[63,68,68,56,56,32,32,20,20,14,45,64,60,42,51,0,0],"gold":164,"neow_bonus":"RANDOM_COMMON_RELIC","is_daily":false,"chose_seed":false,"campfire_upgraded":1,"win_rate":0.0,"timestamp":1610133219,"path_taken":["M","?","$","M","M","E","?","E","T","M","R","?","M","M","R","BOSS"],"items_purchased_type":["Card","Potion"],"build_version":"2020-12-22","purchased_purges":0,"victory":false,"max_hp_per_floor":[71,76,76,76,76,76,76,76,76,76,76,76,76,76,76,76,76],"relic_stats":{"counters":[9,60],"CeramicFish":72,"Eternal Feather":18,"PreservedInsect":0,"obtain_stats":[{"CeramicFish":0,"Eternal Feather":6,"PreservedInsect":8,"The Courier":9,"Cracked Core":0},{"CeramicFish":0,"Eternal Feather":4,"PreservedInsect":5,"The Courier":5,"Cracked Core":0},{"CeramicFish":0,"Eternal Feather":16,"PreservedInsect":25,"The Courier":25,"Cracked Core":0}]},"card_choices":[{"not_picked":["Barrage","Beam Cell"],"picked":"Leap","floor":1},{"not_picked":["Auto Shields","Fusion"],"picked":"Glacier","floor":4},{"not_picked":["Blizzard","Steam"],"picked":"Defragment","floor":5},{"not_picked":["Aggregate","Heatsinks","Meteor Strike"],"picked":"SKIP","floor":6},{"not_picked":["Leap","Turbo"],"picked":"Gash","floor":8},{"not_picked":["Steam","Cold Snap"],"picked":"Defragment","floor":10},{"not_picked":["Rip and Tear","Static Discharge"],"picked":"Consume","floor":13},{"not_picked":["Hologram","FTL"],"picked":"Coolheaded","floor":14}],"player_experience":1650762,"relics_obtained":[{"floor":6,"key":"Eternal Feather"},{"floor":8,"key":"PreservedInsect"},{"floor":9,"key":"The Courier"}],"event_choices":[{"damage_healed":0,"gold_gain":0,"player_choice":"Donut","damage_taken":0,"max_hp_gain":5,"max_hp_loss":0,"event_name":"Big Fish","floor":2,"gold_loss":0},{"damage_healed":0,"gold_gain":0,"player_choice":"Ignored","damage_taken":0,"max_hp_gain":0,"max_hp_loss":0,"event_name":"Shining Light","floor":7,"gold_loss":0},{"damage_healed":19,"gold_gain":0,"player_choice":"Healed","damage_taken":0,"max_hp_gain":0,"max_hp_loss":0,"event_name":"The Cleric","floor":12,"gold_loss":35}],"is_beta":false,"boss_relics":[],"items_purged_floors":[],"is_endless":false,"potions_floor_spawned":[4,6,8,13],"killed_by":"Slime Boss","ascension_level":20}}