{"host":"xkmvu47k9fdstweo","time":1610136616,"event":{"mods":["BaseMod","Colored Map","Conspire","Hubris","Minty Spire (QoL Compilation)","Quick Restart","Railgun Mod","Shop Mod","StSLib","The Alterego","The Servant 0.9.4","The Wild Card","TheBandit","WarShipGirlsR/??è≠èóR mod","vexMod"],"gold_per_floor":[117,117,144,162,13,40,40,70,97,97,97],"floor_reached":10,"playtime":290,"items_purged":[],"score":115,"play_id":"3b6239c8-c7de-4fcc-bec7-d0ce5dac6326","local_time":"20210108151016","is_ascension_mode":true,"campfire_choices":[],"circlet_count":0,"master_deck":["AscendersBane","Strike_G","Strike_G","Strike_G","Strike_G+1","Defend_G","Defend_G","Defend_G","Defend_G","Defend_G","Survivor","Neutralize+1","Bouncing Flask","Blur","Bullet Time","Doppelganger","All Out Attack"],"relics":["Ring of the Snake","NeowsBlessing","Bag of Marbles","Whetstone","Vajra","Tough Bandages","Blood Vial"],"acts_visited":["Exordium"],"potions_floor_usage":[6,8,10],"damage_taken":[{"damage":0,"enemies":"Jaw Worm","floor":1,"turns":1},{"damage":0,"enemies":"conspire:MimicChest","floor":3,"turns":1},{"damage":0,"enemies":"2 Louse","floor":4,"turns":1},{"damage":27,"enemies":"3 Sentries","floor":6,"turns":12},{"damage":13,"enemies":"Lagavulin","floor":8,"turns":7},{"damage":27,"enemies":"3 Sentries","floor":10,"turns":6}],"seed_played":"-3960396437514100641","potions_obtained":[{"floor":1,"key":"Strength Potion"},{"floor":2,"key":"Swift Potion"},{"floor":8,"key":"SkillPotion"}],"is_trial":false,"path_per_floor":["M","?","?","M","$","E","?","E","T","E"],"character_chosen":"THE_SILENT","items_purchased":["Whetstone"],"campfire_rested":0,"item_purchase_floors":[5],"current_hp_per_floor":[63,63,63,63,63,36,36,23,23,0,0],"gold":97,"neow_bonus":"THREE_ENEMY_KILL","is_daily":false,"chose_seed":false,"campfire_upgraded":0,"win_rate":0.0,"timestamp":1610136616,"path_taken":["M","?","?","M","$","E","?","E","T","E"],"items_purchased_type":["Relic"],"build_version":"2020-12-22","purchased_purges":0,"victory":false,"max_hp_per_floor":[70,70,70,70,70,70,70,70,70,70,70],"card_choices":[{"not_picked":["Backflip","Prepared"],"picked":"Bouncing Flask","floor":1},{"not_picked":["Outmaneuver","Prepared"],"picked":"Blur","floor":4},{"not_picked":["Dagger Throw","PiercingWail"],"picked":"Bullet Time","floor":6},{"not_picked":["Bullet Time","Blur"],"picked":"All Out Attack","floor":8}],"player_experience":359206,"relics_obtained":[{"floor":3,"key":"Bag of Marbles"},{"floor":6,"key":"Vajra"},{"floor":8,"key":"Tough Bandages"},{"floor":9,"key":"Blood Vial"}],"event_choices":[{"damage_healed":0,"gold_gain":0,"cards_transformed":["Strike_G"],"player_choice":"Transformed","damage_taken":0,"max_hp_gain":0,"max_hp_loss":0,"event_name":"Transmorgrifier","floor":7,"gold_loss":0,"cards_obtained":["Doppelganger"]}],"is_beta":false,"boss_relics":[],"items_purged_floors":[],"is_endless":false,"potions_floor_spawned":[1,4,8],"killed_by":"3 Sentries","ascension_level":11}}