{"host":"18wi9kpcl4eah7pe","time":1610089382,"event":{"mods":["BaseMod","Colored Powertips","Downfall","Minty Spire (QoL Compilation)","StSLib"],"gold_per_floor":[99,99,99,99,109,173,199,49,224,248,348,382,382,396,415,516,516,516,527,540,540,540,540,540],"floor_reached":22,"playtime":757,"items_purged":[],"score":232,"play_id":"d7870e92-aa3b-49c6-af10-7cf8bef0e3c0","local_time":"20210108010302","is_ascension_mode":true,"campfire_choices":[{"floor":1,"key":"RECALL"},{"floor":8,"key":"REST"},{"floor":13,"key":"REST"},{"data":"Slimebound:LevelUp","floor":18,"key":"SMITH"}],"circlet_count":0,"master_deck":["Slimebound:Strike_Slimebound","Slimebound:Strike_Slimebound","Slimebound:Strike_Slimebound","Slimebound:Tackle","Slimebound:Defend_Slimebound","Slimebound:Defend_Slimebound","Slimebound:Defend_Slimebound","Slimebound:Defend_Slimebound","Slimebound:Split","Slimebound:CorrosiveSpit","Slimebound:Gluttony","Slimebound:HauntingLick","Slimebound:LevelUp+1","Slimebound:RollThrough","Slimebound:SplitBruiser","Doubt","Slimebound:FinishingTackle","Slimebound:LeechLife","Slimebound:MegaLick","Slimebound:LeechEnergy","Slimebound:Darklings","Slimebound:LeechingTouch","Slimebound:Schlurp"],"relics":["Slimebound:AbsorbEndCombat","downfall:HeartsMalice","Sundial","downfall:HeartBlessingBlue","downfall:HeartBlessingRed","Odd Mushroom","Strawberry","SlaversCollar"],"acts_visited":["Exordium","TheCity"],"potions_floor_usage":[6,12,16,20,22],"damage_taken":[{"damage":0,"enemies":"Jaw Worm","floor":2,"turns":1},{"damage":0,"enemies":"2 Louse","floor":3,"turns":1},{"damage":0,"enemies":"Cultist","floor":4,"turns":1},{"damage":15,"enemies":"Blue Slaver","floor":5,"turns":4},{"damage":34,"enemies":"3 Sentries","floor":6,"turns":6},{"damage":11,"enemies":"The Mushroom Lair","floor":10,"turns":3},{"damage":38,"enemies":"Lagavulin","floor":12,"turns":5},{"damage":5,"enemies":"Exordium Wildlife","floor":14,"turns":3},{"damage":11,"enemies":"2 Fungi Beasts","floor":15,"turns":3},{"damage":82,"enemies":"downfall:Defect","floor":16,"turns":7},{"damage":41,"enemies":"Spheric Guardian","floor":19,"turns":4},{"damage":52,"enemies":"3 Byrds","floor":20,"turns":4},{"damage":19,"enemies":"Cultist and Chosen","floor":22,"turns":2}],"seed_played":"-5897220245778919399","potions_obtained":[{"floor":5,"key":"CultistPotion"},{"floor":6,"key":"SpeedPotion"},{"floor":10,"key":"Strength Potion"},{"floor":12,"key":"Block Potion"},{"floor":15,"key":"Block Potion"},{"floor":19,"key":"SneckoOil"}],"is_trial":false,"path_per_floor":["R","M","M","M","M","?","T","R","?","?","?","E","R","M","M","B",null,"R","M","M","?","M"],"character_chosen":"SLIMEBOUND","items_purchased":[],"campfire_rested":2,"item_purchase_floors":[],"current_hp_per_floor":[60,60,60,60,53,29,29,60,60,55,55,42,65,68,69,19,77,77,50,16,16,0,0,0],"gold":540,"neow_bonus":"THREE_ENEMY_KILL","is_daily":false,"chose_seed":false,"campfire_upgraded":1,"win_rate":0.0,"timestamp":1610089382,"path_taken":["R","M","M","M","M","?","T","R","?","?","?","E","R","M","M","BOSS","R","M","M","?","M"],"items_purchased_type":[],"build_version":"2020-12-22","purchased_purges":0,"victory":false,"max_hp_per_floor":[60,60,60,60,60,60,60,70,70,70,70,77,77,77,77,77,77,77,77,77,77,77,77,77],"card_choices":[{"not_picked":["Slimebound:ForwardTackle","Slimebound:PressTheAttack"],"picked":"Slimebound:Gluttony","floor":2},{"not_picked":["Slimebound:TongueLash","Slimebound:Grow"],"picked":"Slimebound:HauntingLick","floor":3},{"not_picked":["Slimebound:AcidTongue","Slimebound:Chomp"],"picked":"Slimebound:LevelUp","floor":4},{"not_picked":["Slimebound:FinishingTackle","Slimebound:FormOfPuddle"],"picked":"Slimebound:RollThrough","floor":5},{"not_picked":["Slimebound:PressTheAttack","Slimebound:DisruptingSlam"],"picked":"Slimebound:SplitBruiser","floor":6},{"not_picked":["Slimebound:MegaLick","Slimebound:GoopSpray"],"picked":"Slimebound:FinishingTackle","floor":10},{"not_picked":["Slimebound:RollThrough","Slimebound:FirmFortitude"],"picked":"Slimebound:LeechLife","floor":12},{"not_picked":["Slimebound:GoopSpray","Slimebound:Schlurp"],"picked":"Slimebound:MegaLick","floor":14},{"not_picked":["Slimebound:RallyTheTroops","Slimebound:ComboTackle"],"picked":"Slimebound:LeechEnergy","floor":15},{"not_picked":["Slimebound:LeechLife","Slimebound:DouseInSlime"],"picked":"Slimebound:Darklings","floor":16},{"not_picked":["Slimebound:RollThrough+1","Slimebound:ServeAndProtect"],"picked":"Slimebound:LeechingTouch","floor":19},{"not_picked":["Slimebound:DivideAndConquer","Slimebound:Chomp"],"picked":"Slimebound:Schlurp","floor":20}],"player_experience":888193,"relics_obtained":[{"floor":6,"key":"Sundial"},{"floor":10,"key":"Odd Mushroom"},{"floor":12,"key":"Strawberry"}],"event_choices":[{"damage_healed":0,"gold_gain":0,"player_choice":"Fought Mushrooms","damage_taken":0,"max_hp_gain":0,"max_hp_loss":0,"event_name":"Mushrooms","floor":10,"gold_loss":0}],"is_beta":false,"boss_relics":[{"not_picked":["Pandora\u0027s Box","Coffee Dripper"],"picked":"SlaversCollar"}],"items_purged_floors":[],"is_endless":false,"potions_floor_spawned":[5,6,10,12,15,19],"killed_by":"Cultist and Chosen","ascension_level":3}}