{"host":"iphsb0ccnjx0pfn6","time":1610080977,"event":{"mods":["2.2 Compatiblity","AchievementEnabler","BaseMod","Colored Map","DeckTracker","Keyboard Shortcuts","Minty Spire (QoL Compilation)","Permanent Neow","Quick Restart","Relic Stats","StSLib","SuperFastMode","Uncapped","everything is the same but u backflip on backflip"],"gold_per_floor":[111,111,261,281,281,281,312,312,363,381,381,306,306,319,319,414,414,392,392,292,292,292,292,331,331,331,347,367,405,420,420,420],"floor_reached":31,"playtime":589,"items_purged":["Strike_G","Strike_G"],"score":592,"play_id":"55e05820-9b0a-40fc-a6f3-51879703822f","local_time":"20210108134257","is_ascension_mode":true,"campfire_choices":[{"data":"Terror","floor":6.0,"key":"SMITH"},{"data":"Footwork","floor":11.0,"key":"SMITH"},{"floor":13.0,"key":"REST"},{"data":"Skewer","floor":15.0,"key":"SMITH"},{"floor":23,"key":"REST"},{"floor":25,"key":"REST"}],"circlet_count":0,"master_deck":["AscendersBane","Strike_G","Strike_G","Strike_G","Defend_G","Defend_G","Defend_G","Defend_G","Defend_G","Survivor","Neutralize","Terror+1","Flying Knee","Footwork+1","Skewer+1","Venomology","Bouncing Flask+1","Ghostly","Ghostly","Ghostly","Shame","Catalyst+1","Acrobatics"],"relics":["Ring of the Snake","NeowsBlessing","Darkstone Periapt","Pen Nib","Golden Idol","Dream Catcher","Fusion Hammer","Potion Belt","Enchiridion","Matryoshka","PreservedInsect","Frozen Egg 2","TungstenRod"],"acts_visited":["Exordium","TheCity"],"potions_floor_usage":[16,18,29,30,31],"damage_taken":[{"damage":0.0,"enemies":"Jaw Worm","floor":1.0,"turns":1.0},{"damage":0.0,"enemies":"2 Louse","floor":4.0,"turns":1.0},{"damage":0.0,"enemies":"Lagavulin","floor":7.0,"turns":1.0},{"damage":8.0,"enemies":"Small Slimes","floor":10.0,"turns":4.0},{"damage":3.0,"enemies":"Looter","floor":14.0,"turns":3.0},{"damage":21,"enemies":"The Guardian","floor":16,"turns":10},{"damage":21,"enemies":"2 Thieves","floor":18,"turns":4},{"damage":5,"enemies":"Gremlin Leader","floor":24,"turns":3},{"damage":0,"enemies":"Spheric Guardian","floor":27,"turns":3},{"damage":13,"enemies":"Centurion and Healer","floor":28,"turns":8},{"damage":3,"enemies":"Book of Stabbing","floor":29,"turns":4},{"damage":13,"enemies":"Snecko","floor":30,"turns":5},{"damage":0,"enemies":"Cultist and Chosen","floor":31,"turns":3}],"seed_played":"-3152375155928957397","potions_obtained":[{"floor":1.0,"key":"Fruit Juice"},{"floor":7.0,"key":"LiquidMemories"},{"floor":10.0,"key":"DuplicationPotion"},{"floor":16,"key":"Poison Potion"},{"floor":18,"key":"DistilledChaos"},{"floor":27,"key":"CultistPotion"}],"is_trial":false,"path_per_floor":["M","?","?","M","?","R","E","?","T","M","R","$","R","M","R","B",null,"M","?","$","?","?","R","E","R","T","M","M","E","M","M"],"character_chosen":"THE_SILENT","items_purchased":[],"campfire_rested":3,"item_purchase_floors":[],"current_hp_per_floor":[59,41,47,47,40,40,40,40,40,37,37,37,58,55,55,34,61,40,35,35,41,20,32,27,39,39,39,26,23,10,10,10],"gold":420,"neow_bonus":"THREE_ENEMY_KILL","is_daily":false,"chose_seed":false,"campfire_upgraded":3,"win_rate":0.0,"timestamp":1610080977,"path_taken":["M","?","?","M","?","R","E","?","T","M","R","$","R","M","R","BOSS","M","?","$","?","?","R","E","R","T","M","?","E","M","M"],"items_purchased_type":[],"build_version":"2020-12-22","purchased_purges":2,"victory":false,"max_hp_per_floor":[66,66,72,72,72,72,72,65,65,70,70,70,70,70,70,70,70,70,35,35,41,41,41,41,41,41,41,41,41,41,41,41],"relic_stats":{"Darkstone Periapt":12,"Dream Catcher":3,"counters":[13,50],"Golden Idol":56,"Pen Nib":[5],"PreservedInsect":43,"obtain_stats":[{"Darkstone Periapt":2,"Potion Belt":21,"NeowsBlessing":0,"Golden Idol":8,"Enchiridion":22,"Pen Nib":7,"PreservedInsect":26,"Frozen Egg 2":26,"Dream Catcher":9,"Matryoshka":24,"Fusion Hammer":17,"TungstenRod":29,"Ring of the Snake":0},{"Darkstone Periapt":1,"Potion Belt":7,"NeowsBlessing":0,"Golden Idol":3,"Enchiridion":7,"Pen Nib":3,"PreservedInsect":8,"Frozen Egg 2":8,"Dream Catcher":3,"Matryoshka":8,"Fusion Hammer":6,"TungstenRod":11,"Ring of the Snake":0},{"Darkstone Periapt":1,"Potion Belt":24,"NeowsBlessing":0,"Golden Idol":3,"Enchiridion":24,"Pen Nib":3,"PreservedInsect":27,"Frozen Egg 2":27,"Dream Catcher":3,"Matryoshka":27,"Fusion Hammer":20,"TungstenRod":42,"Ring of the Snake":0}],"TungstenRod":3,"Ring of the Snake":[26]},"card_choices":[{"not_picked":["Predator","Flechettes"],"picked":"Terror","floor":1.0},{"not_picked":["Riddle With Holes","Choke"],"picked":"Flying Knee","floor":4.0},{"not_picked":["Endless Agony","Dodge and Roll"],"picked":"Footwork","floor":7.0},{"not_picked":["Deflect","Choke","Acrobatics"],"picked":"SKIP","floor":10.0},{"not_picked":["Crippling Poison","Bane"],"picked":"Skewer","floor":13.0},{"not_picked":["Prepared","Deadly Poison","Sucker Punch"],"picked":"SKIP","floor":14.0},{"not_picked":["Glass Knife","After Image"],"picked":"Venomology","floor":16},{"not_picked":["Sucker Punch","Flying Knee"],"picked":"Bouncing Flask+1","floor":18},{"not_picked":["PiercingWail","Dagger Spray+1"],"picked":"Catalyst+1","floor":23},{"not_picked":["Deflect","Prepared","Expertise"],"picked":"SKIP","floor":24},{"not_picked":["Backflip","Reflex"],"picked":"Acrobatics","floor":25},{"not_picked":["Concentrate+1","Bouncing Flask","Flechettes"],"picked":"SKIP","floor":27},{"not_picked":["Heel Hook+1","Prepared","Dodge and Roll"],"picked":"SKIP","floor":28},{"not_picked":["Bouncing Flask","Corpse Explosion","Infinite Blades+1"],"picked":"SKIP","floor":29},{"not_picked":["Choke","Sucker Punch+1","All Out Attack"],"picked":"SKIP","floor":30}],"player_experience":1263105,"relics_obtained":[{"floor":7.0,"key":"Pen Nib"},{"floor":9.0,"key":"Dream Catcher"},{"floor":22,"key":"Enchiridion"},{"floor":24,"key":"Matryoshka"},{"floor":26,"key":"PreservedInsect"},{"floor":26,"key":"Frozen Egg 2"},{"floor":29,"key":"TungstenRod"}],"event_choices":[{"damage_healed":0.0,"max_hp_gain":0.0,"max_hp_loss":0.0,"gold_gain":0.0,"event_name":"Scrap Ooze","player_choice":"Success","floor":2.0,"gold_loss":0.0,"damage_taken":18.0,"relics_obtained":["Darkstone Periapt"]},{"damage_healed":0.0,"max_hp_gain":0.0,"max_hp_loss":0.0,"gold_gain":150.0,"event_name":"Liars Game","player_choice":"AGREE","floor":3.0,"gold_loss":0.0,"damage_taken":0.0,"cards_obtained":["Doubt"]},{"cards_removed":["Doubt"],"damage_healed":0.0,"max_hp_gain":0.0,"max_hp_loss":0.0,"gold_gain":0.0,"event_name":"Golden Wing","player_choice":"Card Removal","floor":5.0,"gold_loss":0.0,"damage_taken":7.0},{"damage_healed":0.0,"max_hp_gain":0.0,"max_hp_loss":7.0,"gold_gain":0.0,"event_name":"Golden Idol","player_choice":"Lose Max HP","floor":8.0,"gold_loss":0.0,"damage_taken":0.0,"relics_obtained":["Golden Idol"]},{"damage_healed":0,"gold_gain":0,"player_choice":"Became a Ghost","damage_taken":0,"max_hp_gain":0,"max_hp_loss":35,"event_name":"Ghosts","floor":19,"gold_loss":0,"cards_obtained":["Ghostly","Ghostly","Ghostly"]},{"damage_healed":0,"gold_gain":0,"player_choice":"Stole Relic","damage_taken":0,"relics_obtained":["Potion Belt"],"max_hp_gain":0,"max_hp_loss":0,"event_name":"Addict","floor":21,"gold_loss":0,"cards_obtained":["Shame"]},{"damage_healed":0,"gold_gain":0,"player_choice":"Obtained Book","damage_taken":21,"max_hp_gain":0,"max_hp_loss":0,"event_name":"Cursed Tome","floor":22,"gold_loss":0}],"is_beta":false,"boss_relics":[{"not_picked":["Sozu","Ectoplasm"],"picked":"Fusion Hammer"}],"items_purged_floors":[12,20],"is_endless":false,"potions_floor_spawned":[1,7,10,16,18,27],"killed_by":"Cultist and Chosen","ascension_level":20}}