{"host":"b995t17pt6d05w8c","time":1610129707,"event":{"mods":["AchievementEnabler","BaseMod","Colored Map","Minty Spire (QoL Compilation)","SuperFastMode"],"gold_per_floor":[119,130,130,146,146,177,177,190,190,190,45,70,81,31,31,129,129,139,153,153,103,113,113,141,141,166,198,198,223,223,255,255,353,353,372,372,302,352,352,352,379,402,428,439,439,454,488,262,262,262],"floor_reached":51,"playtime":1313,"items_purged":["Strike_R","Strike_R","Strike_R+1","Rampage+1"],"score":1247,"play_id":"bb4dca50-9381-4d53-8740-6792d756e06a","local_time":"20210109031507","is_ascension_mode":true,"campfire_choices":[{"data":"Immolate","floor":7.0,"key":"SMITH"},{"data":"Power Through","floor":15.0,"key":"SMITH"},{"data":"Impervious","floor":23.0,"key":"SMITH"},{"data":"Feel No Pain","floor":25.0,"key":"SMITH"},{"floor":28.0,"key":"REST"},{"floor":32.0,"key":"REST"},{"data":"Second Wind","floor":40,"key":"SMITH"},{"floor":45,"key":"REST"},{"floor":49,"key":"REST"}],"circlet_count":0,"master_deck":["Defend_R","Defend_R","Defend_R","Defend_R","Bash","Feel No Pain+1","Immolate+1","Uppercut+1","Power Through+1","Impervious+1","Evolve+1","Dark Embrace","Entrench+1","Barricade","Body Slam+1","Second Wind+1","Feel No Pain"],"relics":["Burning Blood","Smiling Mask","Mercury Hourglass","Happy Flower","Membership Card","Calipers","Snecko Eye","Enchiridion","Boot","Whetstone","Dream Catcher","MealTicket","StrikeDummy","Tiny Chest","Velvet Choker","Turnip","Nunchaku","Blood Vial","Oddly Smooth Stone","Centennial Puzzle","Vajra","ClockworkSouvenir"],"acts_visited":["Exordium","TheCity","TheBeyond"],"potions_floor_usage":[50,50],"damage_taken":[{"damage":11.0,"enemies":"Jaw Worm","floor":1.0,"turns":4.0},{"damage":0.0,"enemies":"Small Slimes","floor":2.0,"turns":3.0},{"damage":6.0,"enemies":"Cultist","floor":4.0,"turns":3.0},{"damage":36.0,"enemies":"3 Sentries","floor":6.0,"turns":10.0},{"damage":7.0,"enemies":"Large Slime","floor":8.0,"turns":4.0},{"damage":25.0,"enemies":"Lagavulin","floor":12.0,"turns":4.0},{"damage":7.0,"enemies":"Exordium Wildlife","floor":13.0,"turns":2.0},{"damage":21.0,"enemies":"Hexaghost","floor":16.0,"turns":10.0},{"damage":1.0,"enemies":"Shell Parasite","floor":18.0,"turns":3.0},{"damage":0.0,"enemies":"3 Byrds","floor":19.0,"turns":3.0},{"damage":0.0,"enemies":"Centurion and Healer","floor":22.0,"turns":3.0},{"damage":0.0,"enemies":"Gremlin Leader","floor":24.0,"turns":3.0},{"damage":0.0,"enemies":"Book of Stabbing","floor":27.0,"turns":4.0},{"damage":20.0,"enemies":"Slavers","floor":29.0,"turns":3.0},{"damage":0.0,"enemies":"Book of Stabbing","floor":31.0,"turns":6.0},{"damage":35.0,"enemies":"Collector","floor":33.0,"turns":8.0},{"damage":0.0,"enemies":"3 Shapes","floor":35.0,"turns":3.0},{"damage":0,"enemies":"Mind Bloom Boss Battle","floor":38,"turns":5},{"damage":3,"enemies":"Giant Head","floor":41,"turns":6},{"damage":21,"enemies":"3 Darklings","floor":44,"turns":6},{"damage":0,"enemies":"Jaw Worm Horde","floor":46,"turns":3},{"damage":15,"enemies":"Nemesis","floor":47,"turns":7},{"damage":0,"enemies":"Donu and Deca","floor":50,"turns":6}],"seed_played":"-5017393257710504288","potions_obtained":[{"floor":0.0,"key":"EntropicBrew"},{"floor":0.0,"key":"ElixirPotion"},{"floor":0.0,"key":"Fruit Juice"},{"floor":4.0,"key":"BloodPotion"},{"floor":6.0,"key":"ColorlessPotion"},{"floor":13.0,"key":"Weak Potion"},{"floor":19.0,"key":"Ancient Potion"},{"floor":24.0,"key":"DistilledChaos"},{"floor":27.0,"key":"GamblersBrew"},{"floor":31.0,"key":"HeartOfIron"},{"floor":33.0,"key":"DistilledChaos"},{"floor":47,"key":"Regen Potion"}],"is_trial":false,"path_per_floor":["M","M","?","M","?","E","R","M","T","?","$","E","M","$","R","B",null,"M","M","?","$","M","R","E","R","T","E","R","E","T","E","R","B",null,"M","?","$","?","?","R","E","T","T","M","R","M","E","$","R","B",null],"character_chosen":"IRONCLAD","items_purchased":["Membership Card","Second Wind","Vajra","ClockworkSouvenir","Block Potion"],"campfire_rested":4,"item_purchase_floors":[11,37,48,48,48],"current_hp_per_floor":[67,73,61,66,66,53,53,52,52,52,52,33,32,32,32,17,68,73,79,63,63,69,69,75,75,75,81,85,71,71,77,85,56,78,84,84,85,85,85,85,85,85,85,70,85,85,76,85,85,85],"gold":262,"neow_bonus":"THREE_SMALL_POTIONS","is_daily":false,"chose_seed":false,"campfire_upgraded":5,"win_rate":0.0,"timestamp":1610129707,"path_taken":["M","M","?","M","?","E","R","?","T","?","?","E","M","$","R","BOSS","M","M","?","$","M","R","E","R","T","E","R","E","?","E","R","BOSS","M","?","$","?","?","R","E","?","T","M","R","M","E","$","R","BOSS"],"items_purchased_type":["Relic","Card","Relic","Relic","Potion"],"build_version":"2020-12-22","purchased_purges":4,"victory":true,"max_hp_per_floor":[80,80,80,85,85,85,85,85,85,85,85,85,85,85,85,85,85,85,85,85,85,85,85,85,85,85,85,85,85,85,85,85,85,85,85,85,85,85,85,85,85,85,85,85,85,85,85,85,85,85],"card_choices":[{"not_picked":["Uppercut","Clothesline"],"picked":"Feel No Pain","floor":1.0},{"not_picked":["Body Slam","Warcry"],"picked":"Rampage","floor":2.0},{"not_picked":["Heavy Blade","Entrench","Flex"],"picked":"SKIP","floor":4.0},{"not_picked":["Inflame","Battle Trance"],"picked":"Immolate","floor":6.0},{"not_picked":["Dropkick","Clothesline"],"picked":"Uppercut","floor":8.0},{"not_picked":["Hemokinesis","Headbutt","Sword Boomerang"],"picked":"SKIP","floor":12.0},{"not_picked":["Hemokinesis","Headbutt","Sword Boomerang"],"picked":"SKIP","floor":12.0},{"not_picked":["Hemokinesis","Headbutt","Sword Boomerang"],"picked":"SKIP","floor":12.0},{"not_picked":["Wild Strike","Pummel"],"picked":"Power Through","floor":13.0},{"not_picked":["Double Tap","Immolate"],"picked":"Impervious","floor":16.0},{"not_picked":["Clothesline","Perfected Strike","Heavy Blade+1"],"picked":"SKIP","floor":18.0},{"not_picked":["True Grit","Sword Boomerang"],"picked":"Evolve+1","floor":19.0},{"not_picked":["Body Slam","Brutality","Dual Wield"],"picked":"SKIP","floor":22.0},{"not_picked":["Power Through+1","Iron Wave","Clash"],"picked":"SKIP","floor":24.0},{"not_picked":["Havoc","Headbutt","Limit Break"],"picked":"SKIP","floor":27.0},{"not_picked":["Shrug It Off","Heavy Blade"],"picked":"Dark Embrace","floor":28.0},{"not_picked":["Clothesline+1","Flame Barrier"],"picked":"Entrench+1","floor":29.0},{"not_picked":["Pommel Strike+1","Iron Wave","Rupture"],"picked":"SKIP","floor":31.0},{"not_picked":["Brutality","Bludgeon"],"picked":"Barricade","floor":33.0},{"not_picked":["Twin Strike+1","Flex"],"picked":"Body Slam+1","floor":35.0},{"not_picked":["Headbutt","Sever Soul+1","Cleave"],"picked":"SKIP","floor":41},{"not_picked":["True Grit","Wild Strike","Body Slam+1"],"picked":"SKIP","floor":44},{"not_picked":["Battle Trance+1","True Grit+1","Metallicize"],"picked":"SKIP","floor":46},{"not_picked":["Sword Boomerang","Berserk","Uppercut"],"picked":"SKIP","floor":47},{"not_picked":["Anger","Cleave"],"picked":"Feel No Pain","floor":49}],"player_experience":58983,"relics_obtained":[{"floor":6.0,"key":"Mercury Hourglass"},{"floor":9.0,"key":"Happy Flower"},{"floor":12.0,"key":"Calipers"},{"floor":20.0,"key":"Enchiridion"},{"floor":24.0,"key":"Boot"},{"floor":26.0,"key":"Whetstone"},{"floor":27.0,"key":"Dream Catcher"},{"floor":29.0,"key":"MealTicket"},{"floor":30.0,"key":"StrikeDummy"},{"floor":31.0,"key":"Tiny Chest"},{"floor":38,"key":"Turnip"},{"floor":41,"key":"Nunchaku"},{"floor":42,"key":"Blood Vial"},{"floor":43,"key":"Oddly Smooth Stone"},{"floor":47,"key":"Centennial Puzzle"}],"event_choices":[{"damage_healed":0.0,"max_hp_gain":0.0,"max_hp_loss":0.0,"gold_gain":0.0,"event_name":"Scrap Ooze","player_choice":"Success","floor":3.0,"gold_loss":0.0,"damage_taken":12.0,"relics_obtained":["Smiling Mask"]},{"cards_removed":["Strike_R"],"damage_healed":0.0,"max_hp_gain":0.0,"max_hp_loss":0.0,"gold_gain":0.0,"event_name":"Bonfire Elementals","player_choice":"Offered Basic","floor":5.0,"gold_loss":0.0,"damage_taken":0.0},{"damage_healed":0.0,"max_hp_gain":0.0,"max_hp_loss":0.0,"gold_gain":0.0,"event_name":"Living Wall","player_choice":"Grow","floor":10.0,"gold_loss":0.0,"damage_taken":0.0,"cards_upgraded":["Uppercut"]},{"damage_healed":0.0,"max_hp_gain":0.0,"max_hp_loss":0.0,"gold_gain":0.0,"event_name":"Cursed Tome","player_choice":"Obtained Book","floor":20.0,"gold_loss":0.0,"damage_taken":16.0},{"cards_removed":["Strike_R"],"damage_healed":0.0,"max_hp_gain":0.0,"max_hp_loss":0.0,"gold_gain":0.0,"event_name":"Falling","player_choice":"Removed Attack","floor":36.0,"gold_loss":0.0,"damage_taken":0.0},{"damage_healed":0,"gold_gain":0,"player_choice":"Fight","damage_taken":0,"max_hp_gain":0,"max_hp_loss":0,"event_name":"MindBloom","floor":38,"gold_loss":0},{"damage_healed":0,"gold_gain":0,"player_choice":"Ignored","damage_taken":0,"max_hp_gain":0,"max_hp_loss":0,"event_name":"SecretPortal","floor":39,"gold_loss":0}],"is_beta":false,"boss_relics":[{"not_picked":["SacredBark","Pandora\u0027s Box"],"picked":"Snecko Eye"},{"not_picked":["Runic Cube","Cursed Key"],"picked":"Velvet Choker"}],"items_purged_floors":[14,21,37,48],"is_endless":false,"potions_floor_spawned":[4,6,13,19,24,27,31,33,47],"ascension_level":7}}