{"host":"sav7uxregyirlf69","time":1610087171,"event":{"mods":["AchievementEnabler","BaseMod","Colored Map","DeckTracker","Keyboard Shortcuts","Minty Spire (QoL Compilation)","READ ME - Guardian Mod","StSLib","SuperFastMode"],"gold_per_floor":[363,22,37,55,73,73,98,120,120,136,165,165,165,175,175,175,175],"floor_reached":16,"playtime":295,"items_purged":["Streamline"],"score":224,"play_id":"f5af56ef-64ce-43dd-a05f-80a44a2c7db4","local_time":"20210108152611","is_ascension_mode":true,"campfire_choices":[{"data":"Zap","floor":6,"key":"SMITH"},{"floor":15,"key":"REST"}],"circlet_count":0,"master_deck":["AscendersBane","Strike_B","Strike_B","Strike_B","Strike_B","Defend_B","Defend_B","Defend_B","Defend_B","Zap+1","Dualcast","Reinforced Body+1","Gash","Gash","Cold Snap","Self Repair","Steam+1","Defragment","Hologram+1","Defragment"],"relics":["Cracked Core","Toxic Egg 2","Juzu Bracelet","Odd Mushroom","Question Card","Ornamental Fan"],"acts_visited":["Exordium"],"potions_floor_usage":[7,11,15],"damage_taken":[{"damage":0,"enemies":"2 Louse","floor":1,"turns":2},{"damage":1,"enemies":"Cultist","floor":3,"turns":3},{"damage":2,"enemies":"Small Slimes","floor":4,"turns":4},{"damage":7,"enemies":"3 Louse","floor":5,"turns":5},{"damage":25,"enemies":"3 Sentries","floor":7,"turns":10},{"damage":21,"enemies":"The Mushroom Lair","floor":8,"turns":5},{"damage":4,"enemies":"Red Slaver","floor":10,"turns":3},{"damage":9,"enemies":"Lagavulin","floor":11,"turns":9},{"damage":0,"enemies":"2 Fungi Beasts","floor":14,"turns":3},{"damage":47,"enemies":"Slime Boss","floor":16,"turns":7}],"seed_played":"-2848693226413432596","potions_obtained":[{"floor":1,"key":"EssenceOfSteel"},{"floor":3,"key":"PotionOfCapacity"},{"floor":10,"key":"PowerPotion"},{"floor":11,"key":"Fruit Juice"}],"is_trial":false,"path_per_floor":["M","$","M","M","M","R","E","?","T","M","E","?","?","M","R","B"],"character_chosen":"DEFECT","items_purchased":["Toxic Egg 2"],"campfire_rested":1,"item_purchase_floors":[2],"current_hp_per_floor":[64,64,63,61,54,54,29,8,8,11,9,9,9,9,36,0,0],"gold":175,"neow_bonus":"TWO_FIFTY_GOLD","is_daily":false,"chose_seed":false,"campfire_upgraded":1,"win_rate":0.0,"timestamp":1610087171,"path_taken":["M","$","M","M","M","R","E","?","T","M","E","?","?","M","R","BOSS"],"items_purchased_type":["Relic"],"build_version":"2020-12-22","purchased_purges":1,"victory":false,"max_hp_per_floor":[71,71,71,71,71,71,71,71,71,71,71,71,71,71,76,76,76],"card_choices":[{"not_picked":["Conserve Battery","Blizzard"],"picked":"Streamline","floor":1},{"not_picked":["Lockon","Gash"],"picked":"Reinforced Body+1","floor":3},{"not_picked":["All For One","Barrage"],"picked":"Gash","floor":4},{"not_picked":["Hello World","Go for the Eyes"],"picked":"Gash","floor":5},{"not_picked":["Tempest+1","Hologram+1"],"picked":"Cold Snap","floor":7},{"not_picked":["Compile Driver","Storm"],"picked":"Self Repair","floor":8},{"not_picked":["Rebound","Ball Lightning","Hologram+1"],"picked":"Steam+1","floor":10},{"not_picked":["Recycle+1","Buffer","Auto Shields+1"],"picked":"Defragment","floor":11},{"not_picked":["Rebound","Gash","Go for the Eyes"],"picked":"Defragment","floor":14}],"player_experience":1197047,"relics_obtained":[{"floor":7,"key":"Juzu Bracelet"},{"floor":8,"key":"Odd Mushroom"},{"floor":9,"key":"Question Card"},{"floor":11,"key":"Ornamental Fan"}],"event_choices":[{"damage_healed":0,"gold_gain":0,"player_choice":"Fought Mushrooms","damage_taken":0,"max_hp_gain":0,"max_hp_loss":0,"event_name":"Mushrooms","floor":8,"gold_loss":0},{"damage_healed":0,"gold_gain":0,"player_choice":"1 cards matched","damage_taken":0,"max_hp_gain":0,"max_hp_loss":0,"event_name":"Match and Keep!","floor":12,"gold_loss":0,"cards_obtained":["Hologram"]},{"cards_removed":["Injury"],"damage_healed":0,"gold_gain":0,"player_choice":"Forget","damage_taken":0,"max_hp_gain":0,"max_hp_loss":0,"event_name":"Living Wall","floor":13,"gold_loss":0}],"is_beta":false,"boss_relics":[],"items_purged_floors":[2],"is_endless":false,"potions_floor_spawned":[1,3,10,11],"killed_by":"Slime Boss","ascension_level":20}}