{"host":"2t5wqx5om8wmj2wi","time":1610076268,"event":{"mods":["2.2 Compatiblity","Abigail Mod","Act Like it!","Arknights The Spire","Aspiration","BaseMod","Better-Laid Plans","Conspire","Downfall","Friendly Minions","Gensokyo","Kiyohime¡]²M®V¡^","Marisa¡]Ãú«B¡@Å]²z¨F¡^","Minty Spire (QoL Compilation)","MostiFishMod","Pale of the Ancients","Prisma Mod","Rare Cards Sparkle","Remilia¡]Á¢¦Ì²ú?¡^","Replay The Spire","RumiaBox-ÅS¦Ì?ªº¯«¯µ²°¤l","StSLib","The Animator","Yuri Mod","Yuyuko","¡i?ª«¥dµP¡jREMEMod"],"gold_per_floor":[114,64,76,76,1,1,21,21,21,21,48,48,48,60,60,178,178,198,38,69,89,89,89,145,145,170,170,219,249,249,264,264,385,385,385,385],"floor_reached":35,"playtime":1585,"items_purged":["Clumsy"],"score":365,"play_id":"1f439086-6dff-4886-9b31-425607c15c92","local_time":"20210108112428","is_ascension_mode":false,"campfire_choices":[{"data":"ReplayTheSpireMod:Scrap Shanks","floor":6.0,"key":"SMITH"},{"data":"Cloak And Dagger","floor":8.0,"key":"SMITH"},{"data":"Blade Dance","floor":12.0,"key":"SMITH"},{"data":"MostiFishMod:Neurotoxin","floor":15.0,"key":"SMITH"},{"data":"MostiFishMod:WinterMarkForm","floor":23.0,"key":"SMITH"},{"floor":25.0,"key":"REST"},{"data":"MostiFishMod:AdrenalineArouse","floor":27.0,"key":"SMITH"},{"floor":32.0,"key":"REST"}],"circlet_count":0,"master_deck":["Strike_G","Strike_G","Strike_G","Strike_G","Defend_G","Defend_G","Defend_G","Defend_G","Defend_G","Survivor+1","Neutralize","Cloak And Dagger+1","conspire:SpireCoStock","ReplayTheSpireMod:Scrap Shanks+1","Blade Dance+1","Prepared","MostiFishMod:Neurotoxin+1","MostiFishMod:WinterMarkForm+1","conspire:DoublingDagger","Blade Dance+1","Die Die Die","MostiFishMod:AdrenalineArouse+1","Terror+1","MostiFishMod:LethalBlade","Adrenaline"],"relics":["Ring of the Snake","DaveBox","REME_ComplimentaryCards","NeowsBlessing","SynthV:TestCard","Gensokyo:NagashiBinaDoll","Pantograph","conspire:RunicOctahedron","SynthV","ReplayTheSpireMod:Shallot","Pet Ghost","aspiration:VileToxins","RhineSuit"],"acts_visited":["Gensokyo:Gensokyo","Gensokyo:Gensokyoer","TheBeyond"],"potions_floor_usage":[],"damage_taken":[{"damage":0.0,"enemies":"Gensokyo:3_Fairies","floor":1.0,"turns":1.0},{"damage":0.0,"enemies":"Gensokyo:Python","floor":3.0,"turns":1.0},{"damage":0.0,"enemies":"Gensokyo:2_Kodama","floor":7.0,"turns":1.0},{"damage":10.0,"enemies":"Gensokyo:Kitsune","floor":11.0,"turns":5.0},{"damage":4.0,"enemies":"Gensokyo:Gryphon_and_Rabbit","floor":14.0,"turns":6.0},{"damage":13.0,"enemies":"Gensokyo:Reimu","floor":16.0,"turns":7.0},{"damage":7.0,"enemies":"Gensokyo:Chomper","floor":18.0,"turns":4.0},{"damage":1.0,"enemies":"Gensokyo:CosmicMonolith","floor":20.0,"turns":6.0},{"damage":19.0,"enemies":"Gensokyo:Mirror_and_Dog","floor":21.0,"turns":3.0},{"damage":17.0,"enemies":"Gensokyo:Reisen","floor":24.0,"turns":5.0},{"damage":0.0,"enemies":"conspire:MimicChest","floor":28.0,"turns":6.0},{"damage":11.0,"enemies":"Gensokyo:Wraith","floor":29.0,"turns":4.0},{"damage":16.0,"enemies":"Gensokyo:Swordslinger","floor":31.0,"turns":5.0},{"damage":3,"enemies":"Gensokyo:Eternal_Rivals","floor":33,"turns":6},{"damage":0,"enemies":"3 Darklings","floor":35,"turns":1}],"seed_played":"1469783515383179568","potions_obtained":[{"floor":7.0,"key":"Venom Potion"},{"floor":14.0,"key":"Energy Potion"},{"floor":16.0,"key":"SneckoOil"},{"floor":21.0,"key":"Adrenaline Potion"},{"floor":24.0,"key":"Regen Potion"},{"floor":29.0,"key":"DuplicationPotion"}],"is_trial":false,"path_per_floor":["M","?","M","?","$","R","M","R","T","COS","M","R","?","M","R","B",null,"M","COS","M","M","?","R","E","R","T","R","?","M","?","M","R","B",null,"M"],"character_chosen":"THE_SILENT","items_purchased":[],"campfire_rested":2,"item_purchase_floors":[],"current_hp_per_floor":[70,70,70,70,70,70,70,70,70,70,60,60,60,56,56,57,70,63,63,62,43,43,43,26,47,47,47,47,36,36,20,41,63,70,70,70],"gold":385,"neow_bonus":"THREE_ENEMY_KILL","is_daily":false,"chose_seed":false,"campfire_upgraded":6,"win_rate":0.0,"timestamp":1610076268,"path_taken":["M","?","?","?","$","R","M","R","T","COS","M","R","?","M","R","BOSS","M","COS","M","?","?","R","E","R","T","R","?","M","?","M","R","BOSS","M"],"items_purchased_type":[],"build_version":"2020-12-22","purchased_purges":1,"victory":false,"max_hp_per_floor":[70,70,70,70,70,70,70,70,70,70,70,70,70,70,70,70,70,70,70,70,70,70,70,70,70,70,70,70,70,70,70,70,70,70,70,70],"card_choices":[{"not_picked":["Hidden Blade","Poisoned Stab"],"picked":"Cloak And Dagger","floor":1.0},{"not_picked":["Underhanded Strike","Quick Slash","Finisher","Slice"],"picked":"ReplayTheSpireMod:Scrap Shanks","floor":3.0},{"not_picked":["Acrobatics","Outmaneuver","Dodge and Roll","Dagger Throw"],"picked":"Blade Dance","floor":7.0},{"not_picked":["Blur","Blade Dance","Quick Slash","MostiFishMod:ThornCasing"],"picked":"Prepared","floor":11.0},{"not_picked":["Deflect","Acrobatics","Dash","Slice"],"picked":"MostiFishMod:Neurotoxin","floor":14.0},{"not_picked":["Tools of the Trade","Die Die Die","MostiFishMod:Wind","REME_CopyPotion"],"picked":"MostiFishMod:WinterMarkForm","floor":16.0},{"not_picked":["Quick Slash","Blade Dance","Sucker Punch","Sneak Up"],"picked":"conspire:DoublingDagger","floor":18.0},{"not_picked":["Sucker Punch","Heel Hook","Quick Slash","Dagger Spray"],"picked":"Blade Dance+1","floor":20.0},{"not_picked":["Crippling Poison+1","Noxious Fumes","Quick Slash+1","Blade Dance"],"picked":"Die Die Die","floor":21.0},{"not_picked":["Tactician","Backstab","Flying Knee","Predator"],"picked":"MostiFishMod:AdrenalineArouse","floor":24.0},{"not_picked":["Deadly Poison","Prepared","Flechettes","Bane"],"picked":"Deflect","floor":28.0},{"not_picked":["Dagger Spray","Slice","Prepared+1","Blade Dance"],"picked":"Terror+1","floor":29.0},{"not_picked":["Choke","Slice","Dash+1","Bouncing Flask+1","Replay:Bag of Tricks"],"picked":"SKIP","floor":31.0},{"not_picked":["MostiFishMod:WinterMarkForm","MostiFishMod:VineMother","Glass Knife","Unload"],"picked":"Adrenaline","floor":33}],"player_experience":275202,"relics_obtained":[{"floor":1.0,"key":"SynthV:TestCard"},{"floor":9.0,"key":"Pantograph"},{"floor":24.0,"key":"ReplayTheSpireMod:Shallot"},{"floor":26.0,"key":"Pet Ghost"},{"floor":28.0,"key":"aspiration:VileToxins"}],"event_choices":[{"damage_healed":0.0,"max_hp_gain":0.0,"max_hp_loss":0.0,"gold_gain":0.0,"event_name":"conspire:Investor","player_choice":"Invest 1","floor":2.0,"gold_loss":0.0,"damage_taken":0.0}],"is_beta":false,"boss_relics":[{"not_picked":["EasyGame_NEW","conspire:SlowCooker"],"picked":"conspire:RunicOctahedron"},{"not_picked":["GuanYuAspect","REME_DemonsWealth"],"picked":"RhineSuit"}],"items_purged_floors":[5],"is_endless":false,"potions_floor_spawned":[7,14,16,21,24,29],"killed_by":"3 Darklings","ascension_level":0}}