{"host":"873t0y8ybyo38pfq","time":1610104978,"event":{"mods":["BaseMod","Bestiary","Colored Map","Colored Powertips","Highlight Path","Minty Spire (QoL Compilation)","Quick Restart","RNG Fix","Rare Cards Sparkle","Relic Stats","StSLib"],"gold_per_floor":[117,117,42,42,0,0,34,34,34,34,67,81,106,124,124,201,201,201,201,201,201,201,201,121,121,121,121,6,6,6,6,6,6,6],"floor_reached":33,"playtime":884,"items_purged":["Writhe"],"score":598,"play_id":"55dd21d4-433b-4b34-866c-9cad0cc213a4","local_time":"20210108062258","is_ascension_mode":true,"campfire_choices":[{"data":"Zap","floor":6,"key":"SMITH"},{"data":"Self Repair","floor":8,"key":"SMITH"},{"floor":10,"key":"REST"},{"data":"Machine Learning","floor":15,"key":"SMITH"},{"data":"Echo Form","floor":23,"key":"SMITH"},{"data":"Ghostly","floor":29,"key":"SMITH"},{"data":"Ghostly","floor":32,"key":"SMITH"}],"circlet_count":0,"master_deck":["AscendersBane","Strike_B","Strike_B","Strike_B","Defend_B","Defend_B","Defend_B","Zap+1","Dualcast","Self Repair+1","Lockon","Redo","Capacitor","Machine Learning+1","Echo Form+1","White Noise","RitualDagger","Ghostly","Ghostly+1","Ghostly+1","Turbo","Reinforced Body+1","Chill","Recycle"],"relics":["Cracked Core","Thread and Needle","Centennial Puzzle","Symbiotic Virus","Vajra","Nunchaku","Ectoplasm","Bronze Scales","HornCleat","Akabeko"],"acts_visited":["Exordium","TheCity"],"potions_floor_usage":[16,25,27],"damage_taken":[{"damage":3,"enemies":"Jaw Worm","floor":1,"turns":3},{"damage":43,"enemies":"Lagavulin","floor":7,"turns":9},{"damage":7,"enemies":"Gremlin Nob","floor":11,"turns":3},{"damage":0,"enemies":"2 Louse","floor":12,"turns":2},{"damage":13,"enemies":"Lagavulin","floor":13,"turns":5},{"damage":4,"enemies":"Small Slimes","floor":14,"turns":3},{"damage":24,"enemies":"Slime Boss","floor":16,"turns":6},{"damage":36,"enemies":"Shell Parasite","floor":18,"turns":6},{"damage":2,"enemies":"2 Thieves","floor":24,"turns":4},{"damage":22,"enemies":"Snake Plant","floor":25,"turns":5},{"damage":19,"enemies":"Gremlin Leader","floor":27,"turns":7},{"damage":0,"enemies":"Snecko","floor":30,"turns":5},{"damage":7,"enemies":"Book of Stabbing","floor":31,"turns":5},{"damage":59,"enemies":"Automaton","floor":33,"turns":12}],"seed_played":"-8451939529049273172","potions_obtained":[{"floor":11,"key":"CultistPotion"},{"floor":14,"key":"Fruit Juice"},{"floor":25,"key":"LiquidMemories"}],"is_trial":false,"path_per_floor":["M","?","?","?","$","R","E","R","T","R","E","M","E","M","R","B",null,"M","?","?","?","?","R","M","M","T","E","$","R","M","E","R","B"],"character_chosen":"DEFECT","items_purchased":["Self Repair","Recycle"],"campfire_rested":1,"item_purchase_floors":[5,28],"current_hp_per_floor":[43,66,66,66,66,66,30,30,30,51,54,64,61,67,67,58,72,56,50,38,38,38,38,36,24,24,15,15,15,25,28,28,0,0],"gold":6,"neow_bonus":"ONE_RARE_RELIC","is_daily":false,"chose_seed":false,"campfire_upgraded":6,"win_rate":0.0,"timestamp":1610104978,"path_taken":["M","?","?","?","$","R","E","R","T","R","E","M","E","M","R","BOSS","M","?","?","?","?","R","?","M","T","E","$","R","M","E","R","BOSS"],"items_purchased_type":["Card","Card"],"build_version":"2020-12-22","purchased_purges":1,"victory":false,"max_hp_per_floor":[71,71,71,71,71,71,71,71,71,71,71,71,71,71,71,76,76,76,76,38,38,38,38,38,38,38,38,38,38,38,38,38,38,38],"relic_stats":{"Centennial Puzzle":[30],"Nunchaku":[4],"counters":[14,75],"Bronze Scales":[107],"Ectoplasm":247,"obtain_stats":[{"Centennial Puzzle":7,"Nunchaku":13,"HornCleat":27,"Bronze Scales":21,"Vajra":11,"Thread and Needle":0,"Ectoplasm":17,"Cracked Core":0,"Symbiotic Virus":9,"Akabeko":31},{"Centennial Puzzle":2,"Nunchaku":5,"HornCleat":11,"Bronze Scales":8,"Vajra":3,"Thread and Needle":0,"Ectoplasm":7,"Cracked Core":0,"Symbiotic Virus":2,"Akabeko":13},{"Centennial Puzzle":12,"Nunchaku":22,"HornCleat":53,"Bronze Scales":37,"Vajra":15,"Thread and Needle":0,"Ectoplasm":31,"Cracked Core":0,"Symbiotic Virus":12,"Akabeko":63}]},"card_choices":[{"not_picked":["Turbo","Barrage","Streamline"],"picked":"SKIP","floor":1},{"not_picked":["Barrage","Hologram"],"picked":"Lockon","floor":7},{"not_picked":["Recycle","Rebound","Meteor Strike"],"picked":"SKIP","floor":11},{"not_picked":["Sweeping Beam","Stack"],"picked":"Redo","floor":12},{"not_picked":["Go for the Eyes","Turbo"],"picked":"Capacitor","floor":13},{"not_picked":["Streamline","Force Field"],"picked":"Machine Learning","floor":14},{"not_picked":["Hyperbeam","Fission"],"picked":"Echo Form","floor":16},{"not_picked":["Compile Driver","Gash"],"picked":"White Noise","floor":18},{"not_picked":["Ball Lightning","Go for the Eyes"],"picked":"Turbo","floor":24},{"not_picked":["Capacitor","Streamline+1"],"picked":"Reinforced Body+1","floor":25},{"not_picked":["Thunder Strike","Doom and Gloom"],"picked":"Chill","floor":27},{"not_picked":["Streamline+1","Stack","Redo"],"picked":"SKIP","floor":30},{"not_picked":["Loop","Rip and Tear","Beam Cell"],"picked":"SKIP","floor":31}],"player_experience":1544881,"relics_obtained":[{"floor":7,"key":"Centennial Puzzle"},{"floor":9,"key":"Symbiotic Virus"},{"floor":11,"key":"Vajra"},{"floor":13,"key":"Nunchaku"},{"floor":27,"key":"HornCleat"},{"floor":31,"key":"Akabeko"}],"event_choices":[{"damage_healed":23,"gold_gain":0,"player_choice":"Banana","damage_taken":0,"max_hp_gain":0,"max_hp_loss":0,"event_name":"Big Fish","floor":2,"gold_loss":0},{"cards_removed":["Strike_B"],"damage_healed":0,"gold_gain":0,"player_choice":"Card Removal","damage_taken":0,"max_hp_gain":0,"max_hp_loss":0,"event_name":"The Cleric","floor":3,"gold_loss":75},{"cards_removed":["Defend_B"],"damage_healed":0,"gold_gain":0,"player_choice":"Offered Basic","damage_taken":0,"max_hp_gain":0,"max_hp_loss":0,"event_name":"Bonfire Elementals","floor":4,"gold_loss":0},{"damage_healed":0,"gold_gain":0,"player_choice":"Joined the Cult","damage_taken":6,"max_hp_gain":0,"max_hp_loss":0,"event_name":"Nest","floor":19,"gold_loss":0,"cards_obtained":["RitualDagger"]},{"damage_healed":0,"gold_gain":0,"player_choice":"Became a Ghost","damage_taken":0,"max_hp_gain":0,"max_hp_loss":38,"event_name":"Ghosts","floor":20,"gold_loss":0,"cards_obtained":["Ghostly","Ghostly","Ghostly"]},{"damage_healed":0,"gold_gain":0,"player_choice":"Opened","damage_taken":0,"relics_obtained":["Bronze Scales"],"max_hp_gain":0,"max_hp_loss":0,"event_name":"The Mausoleum","floor":21,"gold_loss":0,"cards_obtained":["Writhe"]},{"damage_healed":0,"gold_gain":0,"player_choice":"Ignored","damage_taken":0,"max_hp_gain":0,"max_hp_loss":0,"event_name":"Vampires","floor":22,"gold_loss":0}],"is_beta":false,"boss_relics":[{"not_picked":["Snecko Eye","Empty Cage"],"picked":"Ectoplasm"}],"items_purged_floors":[28],"is_endless":false,"potions_floor_spawned":[11,14,25],"killed_by":"Automaton","ascension_level":20}}