{"host":"htqwg582tjjtn9p7","time":1610134940,"event":{"mods":["2.2 Compatiblity","AchievementEnabler","Act Like it!","Aspiration","BaseMod","Better Third Choice","Colored Map","Conspire","Curses Come First","Displayed Cursed Tome","Energized Spire","Force Act Four","GifTheSpireLib","Hermit","Highlight Path","JesterMod","Mad Scientist","Minty Spire (QoL Compilation)","Pale of the Ancients","Permanent Neow","Random Character Button","Relic Stats","Replay The Spire","Robot Space Explorer","Somnambulant","Spicy Shops","Spikes Relics","StSLib","Stuff the Spire","The Blue Laboratory","The Bug Knight","The Forsaken","The Gatherer","The Judge","The Jungle","The Marked","The Runesmith","The Servant 0.9.4","Uncapped"],"gold_per_floor":[112,43,60,8,26,52,68,88,113,113,113,133,133,149,149,220,220,203,153,168,187,187,187,222,222,245,245,78,111,111,111],"floor_reached":30,"playtime":1187,"items_purged":[],"score":516,"play_id":"b0d4e0b5-b08d-4fae-82f9-90ba83094097","local_time":"20210108204220","is_ascension_mode":true,"campfire_choices":[{"floor":11,"key":"REST"},{"floor":13,"key":"REST"},{"data":"True Grit","floor":15,"key":"SMITH"},{"floor":23,"key":"REST"},{"floor":25,"key":"REST"},{"data":"Body Slam","floor":27,"key":"SMITH"}],"circlet_count":0,"master_deck":["AscendersBane","Strike_R+1","Defend_R+1","Defend_R+1","Bash+1","Wild Strike","conspire:Purge+1","conspire:ExplosiveBarrier+1","Shrug It Off","True Grit+1","Offering","Body Slam+1","Armaments","conspire:ExplosiveBarrier"],"relics":["Busted Crown","Mango","Blue Doll","Empty Cage","Replay:Towering Pillar of Hats","Orichalcum","War Paint","Meat on the Bone"],"acts_visited":["Exordium","TheCity"],"potions_floor_usage":[7,8,16,16,29],"damage_taken":[{"damage":0,"enemies":"Small Slimes","floor":1,"turns":3},{"damage":5,"enemies":"2 Louse","floor":3,"turns":2},{"damage":1,"enemies":"Cultist","floor":5,"turns":3},{"damage":18,"enemies":"Replay:BlueRogue","floor":6,"turns":8},{"damage":14,"enemies":"conspire:2 RoseBushes","floor":7,"turns":5},{"damage":8,"enemies":"2 Fungi Beasts","floor":8,"turns":4},{"damage":6,"enemies":"Looter","floor":12,"turns":4},{"damage":6,"enemies":"conspire:2 RoseBushes","floor":14,"turns":6},{"damage":61,"enemies":"Fading Forest","floor":16,"turns":11},{"damage":11,"enemies":"2 Thieves","floor":18,"turns":4},{"damage":0,"enemies":"Shell Parasite","floor":20,"turns":9},{"damage":55,"enemies":"3 Cultists","floor":21,"turns":7},{"damage":6,"enemies":"HollowMod:Nosk","floor":24,"turns":12},{"damage":38,"enemies":"Gremlin Leader","floor":29,"turns":8},{"damage":16,"enemies":"Chosen and Byrds","floor":30,"turns":4}],"seed_played":"7085078444083788626","potions_obtained":[{"floor":5,"key":"blueLaboratory:PhilterOfMotion"},{"floor":6,"key":"SkillPotion"},{"floor":7,"key":"blueLaboratory:HorrorPotion"},{"floor":8,"key":"blueLaboratory:BottleOfRum"},{"floor":18,"key":"Energy Potion"},{"floor":20,"key":"blueLaboratory:PhilterOfMotion"}],"is_trial":false,"path_per_floor":["M","$","M","$","M","E","M","M","T","?","R","M","R","M","R","B",null,"M","?","M","M","?","R","E","R","T","R","$","E","M"],"character_chosen":"IRONCLAD","items_purchased":["conspire:Purge","BloodPotion","War Paint","Armaments"],"campfire_rested":4,"item_purchase_floors":[2,4,28,28],"current_hp_per_floor":[68,68,63,63,62,58,44,36,36,9,35,29,55,49,49,19,72,61,61,61,6,6,32,26,52,52,52,52,14,0,0],"gold":111,"neow_bonus":"BOSS_RELIC","is_daily":false,"chose_seed":false,"campfire_upgraded":2,"win_rate":0.0,"timestamp":1610134940,"path_taken":["M","$","M","$","M","E","M","M","T","?","R","M","R","M","R","BOSS","M","?","M","?","?","R","E","R","T","R","$","E","M"],"items_purchased_type":["Card","Potion","Relic","Card"],"build_version":"2020-12-22","purchased_purges":0,"victory":false,"max_hp_per_floor":[75,75,75,75,75,89,89,89,89,89,89,89,89,89,89,89,89,89,89,89,89,89,89,89,89,89,89,89,89,89,89],"relic_stats":{"Busted Crown":28,"counters":[15,90],"Orichalcum":[0],"War Paint":["conspire:ExplosiveBarrier","Defend_R"],"obtain_stats":[{"Busted Crown":0,"Replay:Towering Pillar of Hats":24,"Mango":6,"Blue Doll":9,"Orichalcum":26,"War Paint":28,"Empty Cage":17,"Burning Blood":0,"Meat on the Bone":29},{"Busted Crown":0,"Replay:Towering Pillar of Hats":13,"Mango":4,"Blue Doll":6,"Orichalcum":13,"War Paint":13,"Empty Cage":9,"Burning Blood":0,"Meat on the Bone":14},{"Busted Crown":0,"Replay:Towering Pillar of Hats":78,"Mango":16,"Blue Doll":25,"Orichalcum":78,"War Paint":78,"Empty Cage":46,"Burning Blood":0,"Meat on the Bone":86}],"Meat on the Bone":0},"card_choices":[{"not_picked":[],"picked":"Wild Strike","floor":1},{"not_picked":[],"picked":"conspire:ExplosiveBarrier","floor":3},{"not_picked":[],"picked":"Shrug It Off","floor":5},{"not_picked":["Sword Boomerang"],"picked":"SKIP","floor":6},{"not_picked":["BarbarianYell"],"picked":"SKIP","floor":7},{"not_picked":["StuffTheSpire:RockThrow"],"picked":"SKIP","floor":8},{"not_picked":[],"picked":"True Grit","floor":12},{"not_picked":["Exhume"],"picked":"SKIP","floor":14},{"not_picked":[],"picked":"Offering","floor":16},{"not_picked":[],"picked":"Body Slam","floor":18},{"not_picked":["Wild Strike"],"picked":"SKIP","floor":20},{"not_picked":["StuffTheSpire:Pyroclast"],"picked":"SKIP","floor":21},{"not_picked":["ReplayTheSpireMod:Muscle Training"],"picked":"SKIP","floor":24},{"not_picked":[],"picked":"conspire:ExplosiveBarrier","floor":29}],"player_experience":1905643,"relics_obtained":[{"floor":6,"key":"Mango"},{"floor":9,"key":"Blue Doll"},{"floor":24,"key":"Replay:Towering Pillar of Hats"},{"floor":26,"key":"Orichalcum"},{"floor":29,"key":"Meat on the Bone"}],"event_choices":[{"damage_healed":36,"gold_gain":0,"player_choice":"Upgrade","damage_taken":27,"max_hp_gain":0,"max_hp_loss":89,"event_name":"betterThird:BetterShining","floor":10,"gold_loss":0,"cards_upgraded":["Bash","Defend_R"]},{"damage_healed":0,"gold_gain":0,"player_choice":"Upgraded Two","damage_taken":0,"max_hp_gain":0,"max_hp_loss":0,"event_name":"Designer","floor":19,"gold_loss":50,"cards_upgraded":["conspire:Purge","Strike_R"]}],"is_beta":false,"boss_relics":[{"not_picked":["conspire:RoyalGoblet","Ring of Chaos"],"picked":"Empty Cage"}],"items_purged_floors":[],"is_endless":false,"potions_floor_spawned":[5,6,7,8,18,20],"killed_by":"Chosen and Byrds","ascension_level":15}}