{"host":"daa8jqyg4gqfaysm","time":1610134894,"event":{"mods":["BaseMod","Colored Powertips","Minty Spire (QoL Compilation)","StSLib"],"gold_per_floor":[111,129,129,29,43,74,88,114,114,114,134,147,147,147,147,246,246,266,119,133,133,145,145,174,188,211,211,229,260,260,275,275,375,375,390,140,159,7,27,56,70,70,70,103,103,122,122,135,135,135,135,135,35,65,65],"floor_reached":56,"playtime":2427,"items_purged":["Strike_B","Defend_B","Dualcast"],"score":1311,"play_id":"9b743104-cf8f-4f29-9df2-b37f94effaa6","local_time":"20210109034134","is_ascension_mode":false,"campfire_choices":[{"data":"Go for the Eyes","floor":10.0,"key":"SMITH"},{"data":"Gash","floor":13.0,"key":"SMITH"},{"data":"Gash","floor":15.0,"key":"SMITH"},{"data":"Buffer","floor":23.0,"key":"SMITH"},{"data":"Hologram","floor":27.0,"key":"SMITH"},{"data":"Reprogram","floor":32.0,"key":"SMITH"},{"floor":42.0,"key":"RECALL"},{"data":"Hyperbeam","floor":45.0,"key":"SMITH"},{"data":"Steam Power","floor":49.0,"key":"SMITH"},{"data":"All For One","floor":52.0,"key":"SMITH"}],"circlet_count":0,"master_deck":["Defend_B","Defend_B","Defend_B","Zap","Sweeping Beam","Gash+1","All For One+1","Gash+1","Go for the Eyes+1","Melter","Rebound","Genetic Algorithm","Conserve Battery","Buffer+1","Hologram+1","Leap","Reprogram+1","Hyperbeam+1","BootSequence","Gash+1","Steam Power+1"],"relics":["Cracked Core","Toy Ornithopter","Kunai","Matryoshka","Akabeko","Black Star","Gambling Chip","Potion Belt","MealTicket","Pen Nib","White Beast Statue","Regal Pillow","Nuclear Battery","Vajra","ClockworkSouvenir","Meat on the Bone","The Courier","Question Card","PreservedInsect","Lantern","InkBottle","HornCleat"],"acts_visited":["Exordium","TheCity","TheBeyond","TheEnding"],"potions_floor_usage":[55,55,55],"damage_taken":[{"damage":4.0,"enemies":"Small Slimes","floor":1.0,"turns":3.0},{"damage":1.0,"enemies":"Cultist","floor":2.0,"turns":3.0},{"damage":0.0,"enemies":"Jaw Worm","floor":5.0,"turns":2.0},{"damage":10.0,"enemies":"Gremlin Nob","floor":6.0,"turns":3.0},{"damage":4.0,"enemies":"Looter","floor":7.0,"turns":3.0},{"damage":9.0,"enemies":"3 Sentries","floor":8.0,"turns":4.0},{"damage":6.0,"enemies":"Lots of Slimes","floor":11.0,"turns":2.0},{"damage":7.0,"enemies":"Blue Slaver","floor":12.0,"turns":3.0},{"damage":15.0,"enemies":"Hexaghost","floor":16.0,"turns":7.0},{"damage":0.0,"enemies":"Spheric Guardian","floor":18.0,"turns":2.0},{"damage":0.0,"enemies":"Shell Parasite","floor":20.0,"turns":3.0},{"damage":12.0,"enemies":"Centurion and Healer","floor":22.0,"turns":9.0},{"damage":11.0,"enemies":"Slavers","floor":24.0,"turns":5.0},{"damage":0.0,"enemies":"Sentry and Sphere","floor":25.0,"turns":3.0},{"damage":0.0,"enemies":"Snecko","floor":28.0,"turns":5.0},{"damage":2.0,"enemies":"Gremlin Leader","floor":29.0,"turns":4.0},{"damage":0.0,"enemies":"Centurion and Healer","floor":31.0,"turns":4.0},{"damage":28.0,"enemies":"Automaton","floor":33.0,"turns":10.0},{"damage":0.0,"enemies":"3 Darklings","floor":35.0,"turns":4.0},{"damage":0.0,"enemies":"3 Shapes","floor":37.0,"turns":2.0},{"damage":0.0,"enemies":"Jaw Worm Horde","floor":39.0,"turns":4.0},{"damage":0.0,"enemies":"Reptomancer","floor":40.0,"turns":7.0},{"damage":3.0,"enemies":"4 Shapes","floor":41.0,"turns":5.0},{"damage":0.0,"enemies":"Nemesis","floor":44.0,"turns":5.0},{"damage":0.0,"enemies":"3 Darklings","floor":46.0,"turns":2.0},{"damage":0.0,"enemies":"Writhing Mass","floor":48.0,"turns":6.0},{"damage":12.0,"enemies":"Awakened One","floor":50.0,"turns":11.0},{"damage":0.0,"enemies":"Shield and Spear","floor":54.0,"turns":2.0},{"damage":54,"enemies":"The Heart","floor":55,"turns":8}],"seed_played":"-3624322337578492781","potions_obtained":[{"floor":2.0,"key":"SpeedPotion"},{"floor":7.0,"key":"LiquidBronze"},{"floor":12.0,"key":"Block Potion"},{"floor":25.0,"key":"SkillPotion"},{"floor":29.0,"key":"Fire Potion"},{"floor":31.0,"key":"Strength Potion"},{"floor":33.0,"key":"SpeedPotion"},{"floor":35.0,"key":"SteroidPotion"},{"floor":40.0,"key":"LiquidMemories"},{"floor":44.0,"key":"SpeedPotion"},{"floor":48.0,"key":"DuplicationPotion"},{"floor":54.0,"key":"Energy Potion"}],"is_trial":false,"path_per_floor":["M","M","?","$","M","E","M","E","T","R","M","M","R","?","R","B",null,"M","$","M","?","M","R","E","M","T","R","M","E","?","M","R","B",null,"M","$","M","$","M","E","M","R","T","E","R","M","?","M","R","B",null,"R","$","E","B",null],"character_chosen":"DEFECT","items_purchased":["Gash","Go for the Eyes","Hologram","FearPotion","Vajra","ClockworkSouvenir"],"campfire_rested":0,"item_purchase_floors":[4,4,19,19,36,38],"current_hp_per_floor":[71,70,70,70,70,60,56,47,47,47,41,34,34,27,27,17,75,75,75,75,75,63,63,57,57,57,57,57,55,55,55,55,32,75,75,75,75,75,75,75,72,72,72,75,75,75,75,75,75,63,75,75,75,75,33],"gold":65,"neow_bonus":"RANDOM_COMMON_RELIC","is_daily":false,"chose_seed":false,"campfire_upgraded":9,"win_rate":0.0,"timestamp":1610134894,"path_taken":["M","M","?","$","M","E","M","E","T","R","M","?","R","?","R","BOSS","M","$","M","?","M","R","E","M","T","R","?","E","?","M","R","BOSS","M","?","M","$","M","E","M","R","T","E","R","M","?","M","R","BOSS","R","$","E","BOSS"],"items_purchased_type":["Card","Card","Card","Potion","Relic","Relic"],"build_version":"2020-12-22","purchased_purges":3,"victory":true,"max_hp_per_floor":[75,75,75,75,75,75,75,75,75,75,75,75,75,75,75,75,75,75,75,75,75,75,75,75,75,75,75,75,75,75,75,75,75,75,75,75,75,75,75,75,75,75,75,75,75,75,75,75,75,75,75,75,75,75,75],"card_choices":[{"not_picked":["Turbo","White Noise"],"picked":"Sweeping Beam","floor":1.0},{"not_picked":["Steam","Go for the Eyes"],"picked":"Gash","floor":2.0},{"not_picked":["Streamline","Go for the Eyes","Stack"],"picked":"SKIP","floor":5.0},{"not_picked":["Compile Driver","Biased Cognition"],"picked":"Melter","floor":6.0},{"not_picked":["Turbo","Conserve Battery"],"picked":"Rebound","floor":7.0},{"not_picked":["Go for the Eyes","Doom and Gloom"],"picked":"Genetic Algorithm","floor":8.0},{"not_picked":["Consume","Loop"],"picked":"Conserve Battery","floor":11.0},{"not_picked":["Chill","Barrage","Turbo"],"picked":"SKIP","floor":12.0},{"not_picked":["Chill","Barrage","Turbo"],"picked":"SKIP","floor":12.0},{"not_picked":["Multi-Cast","Thunder Strike"],"picked":"Buffer","floor":16.0},{"not_picked":["Heatsinks","Stack","Cold Snap"],"picked":"SKIP","floor":18.0},{"not_picked":["Ball Lightning","Streamline","Barrage+1"],"picked":"SKIP","floor":20.0},{"not_picked":["Loop","Compile Driver+1","Stack"],"picked":"SKIP","floor":22.0},{"not_picked":["Barrage","White Noise","Rebound"],"picked":"SKIP","floor":24.0},{"not_picked":["Chaos","Sweeping Beam"],"picked":"Leap","floor":25.0},{"not_picked":["Compile Driver+1","Defragment","Ball Lightning"],"picked":"SKIP","floor":28.0},{"not_picked":["Hologram","Amplify"],"picked":"Reprogram","floor":29.0},{"not_picked":["Conserve Battery","Turbo","Melter"],"picked":"SKIP","floor":31.0},{"not_picked":["Electrodynamics","Meteor Strike"],"picked":"Hyperbeam","floor":33.0},{"not_picked":["Aggregate","Turbo"],"picked":"BootSequence","floor":35.0},{"not_picked":["Steam","Lockon","Melter"],"picked":"SKIP","floor":37.0},{"not_picked":["BootSequence","Conserve Battery","Stack+1"],"picked":"SKIP","floor":39.0},{"not_picked":["Reinforced Body","Conserve Battery","Capacitor"],"picked":"SKIP","floor":40.0},{"not_picked":["Cold Snap+1","Steam+1","Stack+1"],"picked":"SKIP","floor":41.0},{"not_picked":["Rip and Tear","Barrage+1","Turbo+1","Leap"],"picked":"SKIP","floor":44.0},{"not_picked":["Consume+1","Redo+1","Force Field+1"],"picked":"Gash+1","floor":46.0},{"not_picked":["Ball Lightning+1","Force Field","Cold Snap"],"picked":"Steam Power","floor":48.0},{"not_picked":["Recycle","Electrodynamics","Static Discharge+1","Conserve Battery+1"],"picked":"SKIP","floor":54.0}],"player_experience":794642,"relics_obtained":[{"floor":6.0,"key":"Kunai"},{"floor":8.0,"key":"Matryoshka"},{"floor":9.0,"key":"Akabeko"},{"floor":24.0,"key":"Gambling Chip"},{"floor":24.0,"key":"Potion Belt"},{"floor":26.0,"key":"MealTicket"},{"floor":26.0,"key":"Pen Nib"},{"floor":29.0,"key":"White Beast Statue"},{"floor":29.0,"key":"Regal Pillow"},{"floor":40.0,"key":"Meat on the Bone"},{"floor":40.0,"key":"The Courier"},{"floor":43.0,"key":"Question Card"},{"floor":44.0,"key":"PreservedInsect"},{"floor":44.0,"key":"Lantern"},{"floor":54.0,"key":"InkBottle"},{"floor":54.0,"key":"HornCleat"}],"event_choices":[{"damage_healed":0.0,"max_hp_gain":0.0,"max_hp_loss":0.0,"gold_gain":0.0,"cards_transformed":["Strike_B"],"event_name":"Transmorgrifier","player_choice":"Transformed","floor":3.0,"gold_loss":0.0,"damage_taken":0.0,"cards_obtained":["All For One"]},{"cards_removed":["Strike_B"],"damage_healed":0.0,"max_hp_gain":0.0,"max_hp_loss":0.0,"gold_gain":0.0,"event_name":"Golden Wing","player_choice":"Card Removal","floor":14.0,"gold_loss":0.0,"damage_taken":7.0},{"damage_healed":0.0,"max_hp_gain":0.0,"max_hp_loss":0.0,"gold_gain":0.0,"event_name":"NoteForYourself","player_choice":"Ignored","floor":21.0,"gold_loss":0.0,"damage_taken":0.0},{"cards_removed":["Strike_B"],"damage_healed":0.0,"max_hp_gain":0.0,"max_hp_loss":0.0,"gold_gain":0.0,"event_name":"Bonfire Elementals","player_choice":"Offered Basic","floor":30.0,"gold_loss":0.0,"damage_taken":0.0},{"damage_healed":0.0,"max_hp_gain":0.0,"max_hp_loss":0.0,"gold_gain":0.0,"event_name":"Transmorgrifier","player_choice":"Ignored","floor":47.0,"gold_loss":0.0,"damage_taken":0.0}],"is_beta":false,"boss_relics":[{"not_picked":["Pandora\u0027s Box","Cursed Key"],"picked":"Black Star"},{"not_picked":["SacredBark","FrozenCore"],"picked":"Nuclear Battery"}],"items_purged_floors":[19,36,53],"is_endless":false,"potions_floor_spawned":[2,7,12,20,25,29,31,33,35,37,39,40,41,44,46,48,54],"ascension_level":0}}