{"host":"1a32ffxog1zcqoh0","time":1610091387,"event":{"mods":["BaseMod","Block Reminder","Colored Map","Colored Powertips","Googly Eyes","Minty Spire (QoL Compilation)","Quick Restart","Rare Cards Sparkle","Relic Stats","StSLib","Unceasing Turn Reminder","everything is the same but u backflip on backflip","slay the spire mod where everything is the same but ironclad has a cowboy hat"],"gold_per_floor":[114,289,304,46,58,74,109,109,109,171,203,217,250,250,250,250,250],"floor_reached":16,"playtime":794,"items_purged":["Doubt"],"score":156,"play_id":"3d9e5165-57de-42d5-a099-3c43f0b4c908","local_time":"20210108023627","is_ascension_mode":true,"campfire_choices":[{"data":"Blade Dance","floor":8,"key":"SMITH"},{"floor":15,"key":"REST"}],"circlet_count":0,"master_deck":["Strike_G","Strike_G","Strike_G","Strike_G","Strike_G","Defend_G","Defend_G","Defend_G","Defend_G","Defend_G","Survivor","Neutralize","Choke","Deflect","Blade Dance+1","Dagger Throw","Finisher","Sucker Punch","Prepared","Poisoned Stab+1","Unload+1","Sucker Punch+1","Prepared"],"relics":["Ring of the Snake","Orichalcum","Membership Card","Snake Skull","Molten Egg 2","Unceasing Top","Bag of Preparation","Centennial Puzzle","Golden Idol"],"acts_visited":["Exordium"],"potions_floor_usage":[10,13],"damage_taken":[{"damage":6,"enemies":"Jaw Worm","floor":1,"turns":7},{"damage":4,"enemies":"Small Slimes","floor":3,"turns":5},{"damage":0,"enemies":"Cultist","floor":5,"turns":3},{"damage":0,"enemies":"Blue Slaver","floor":6,"turns":3},{"damage":6,"enemies":"Gremlin Nob","floor":7,"turns":3},{"damage":7,"enemies":"Lagavulin Event","floor":10,"turns":3},{"damage":8,"enemies":"3 Sentries","floor":11,"turns":7},{"damage":2,"enemies":"Exordium Thugs","floor":12,"turns":2},{"damage":14,"enemies":"Lagavulin","floor":13,"turns":4},{"damage":7,"enemies":"The Guardian","floor":16,"turns":4}],"seed_played":"1848962761877896095","potions_obtained":[{"floor":1,"key":"DistilledChaos"},{"floor":3,"key":"DistilledChaos"},{"floor":13,"key":"BlessingOfTheForge"}],"is_trial":false,"path_per_floor":["M","?","M","$","M","M","E","R","T","?","E","M","E","?","R","B"],"character_chosen":"THE_SILENT","items_purchased":["Blade Dance","Membership Card","Dagger Throw"],"campfire_rested":1,"item_purchase_floors":[4,4,4],"current_hp_per_floor":[57,57,53,53,53,53,47,47,47,40,32,30,16,16,35,28,28],"gold":250,"neow_bonus":"RANDOM_COMMON_RELIC","is_daily":false,"chose_seed":false,"campfire_upgraded":1,"win_rate":0.0,"timestamp":1610091387,"path_taken":["M","?","M","$","M","M","E","R","T","?","E","M","E","?","R","BOSS"],"items_purchased_type":["Card","Relic","Card"],"build_version":"2020-12-22","purchased_purges":1,"victory":false,"max_hp_per_floor":[70,70,70,70,70,70,70,70,70,70,70,70,70,65,65,65,65],"relic_stats":{"Centennial Puzzle":[3],"counters":[10,41],"Golden Idol":0,"Snake Skull":[4],"Bag of Preparation":[6],"Orichalcum":[114],"obtain_stats":[{"Centennial Puzzle":13,"Golden Idol":14,"Molten Egg 2":9,"Snake Skull":7,"Bag of Preparation":11,"Membership Card":4,"Orichalcum":0,"Unceasing Top":10,"Ring of the Snake":0},{"Centennial Puzzle":9,"Golden Idol":9,"Molten Egg 2":5,"Snake Skull":5,"Bag of Preparation":7,"Membership Card":2,"Orichalcum":0,"Unceasing Top":6,"Ring of the Snake":0},{"Centennial Puzzle":37,"Golden Idol":37,"Molten Egg 2":21,"Snake Skull":21,"Bag of Preparation":31,"Membership Card":12,"Orichalcum":0,"Unceasing Top":24,"Ring of the Snake":0}],"Unceasing Top":[1],"Ring of the Snake":[20]},"card_choices":[{"not_picked":["Caltrops","Setup"],"picked":"Choke","floor":1},{"not_picked":["Riddle With Holes","Quick Slash"],"picked":"Deflect","floor":3},{"not_picked":["Dodge and Roll","Noxious Fumes"],"picked":"Finisher","floor":5},{"not_picked":["PiercingWail","Masterful Stab"],"picked":"Sucker Punch","floor":6},{"not_picked":["Backflip","Eviscerate"],"picked":"Prepared","floor":7},{"not_picked":["Bouncing Flask","Riddle With Holes+1"],"picked":"Poisoned Stab+1","floor":10},{"not_picked":["Deadly Poison","Concentrate"],"picked":"Unload+1","floor":11},{"not_picked":["Backflip","Terror"],"picked":"Sucker Punch+1","floor":12},{"not_picked":["Quick Slash+1","Cloak And Dagger"],"picked":"Prepared","floor":13}],"player_experience":272838,"relics_obtained":[{"floor":7,"key":"Snake Skull"},{"floor":9,"key":"Molten Egg 2"},{"floor":10,"key":"Unceasing Top"},{"floor":11,"key":"Bag of Preparation"},{"floor":13,"key":"Centennial Puzzle"}],"event_choices":[{"damage_healed":0,"gold_gain":175,"player_choice":"AGREE","damage_taken":0,"max_hp_gain":0,"max_hp_loss":0,"event_name":"Liars Game","floor":2,"gold_loss":0,"cards_obtained":["Doubt"]},{"damage_healed":0,"gold_gain":0,"player_choice":"Searched \u00271\u0027 times","damage_taken":0,"max_hp_gain":0,"max_hp_loss":0,"event_name":"Dead Adventurer","floor":10,"gold_loss":0},{"damage_healed":0,"gold_gain":0,"player_choice":"Lose Max HP","damage_taken":0,"relics_obtained":["Golden Idol"],"max_hp_gain":0,"max_hp_loss":5,"event_name":"Golden Idol","floor":14,"gold_loss":0}],"is_beta":false,"boss_relics":[],"items_purged_floors":[4],"is_endless":false,"potions_floor_spawned":[1,3,13],"killed_by":"The Guardian","ascension_level":6}}