{"host":"k6u7q08ihsmpx7o5","time":1610129520,"event":{"mods":["BaseMod","Bestiary","Filter the Spire","Minty Spire (QoL Compilation)","Permanent Neow","Relic Stats","StSLib"],"gold_per_floor":[117,128,278,278,1,1,16,16,16,35,35,65,65,65,65,139,139,153,163,163,188,103,103,120,120,147,178,178,195,220,220,220],"floor_reached":31,"playtime":1096,"items_purged":["Doubt"],"score":592,"play_id":"d0e09ad9-a7d5-4d52-8174-18dd716cda3e","local_time":"20210108191200","is_ascension_mode":true,"campfire_choices":[{"data":"Hello World","floor":6,"key":"SMITH"},{"data":"Double Energy","floor":8,"key":"SMITH"},{"floor":11,"key":"REST"},{"data":"Iron Wave","floor":13,"key":"SMITH"},{"data":"Sweeping Beam","floor":15,"key":"SMITH"},{"data":"Judgement","floor":23,"key":"SMITH"},{"data":"Footwork","floor":25,"key":"SMITH"}],"circlet_count":0,"master_deck":["AscendersBane","Strike_B","Strike_B","Defend_B","Defend_B+1","Defend_B","Zap+1","Dualcast","Sweeping Beam+1","Hello World+1","Double Energy+1","Trip","Iron Wave+1","Barrage","Judgement+1","Redo+1","Electrodynamics","Chaos","Footwork+1","Hologram","Wallop","Blade Dance"],"relics":["SacredBark","PrismaticShard","Shuriken","Anchor","Nuclear Battery","Smiling Mask","Emotion Chip","Nunchaku","Bag of Preparation","Pantograph"],"acts_visited":["Exordium","TheCity"],"potions_floor_usage":[16,27],"damage_taken":[{"damage":7,"enemies":"Cultist","floor":1,"turns":4},{"damage":1,"enemies":"2 Louse","floor":2,"turns":3},{"damage":0,"enemies":"Jaw Worm","floor":7,"turns":4},{"damage":19,"enemies":"3 Louse","floor":10,"turns":3},{"damage":9,"enemies":"Lagavulin","floor":12,"turns":6},{"damage":24,"enemies":"The Guardian","floor":16,"turns":10},{"damage":0,"enemies":"Spheric Guardian","floor":18,"turns":2},{"damage":15,"enemies":"2 Thieves","floor":19,"turns":3},{"damage":9,"enemies":"Centurion and Healer","floor":24,"turns":6},{"damage":0,"enemies":"Gremlin Leader","floor":27,"turns":4},{"damage":17,"enemies":"Shelled Parasite and Fungi","floor":29,"turns":4},{"damage":3,"enemies":"Slavers","floor":30,"turns":5},{"damage":12,"enemies":"3 Cultists","floor":31,"turns":2}],"seed_played":"6694511257232944339","potions_obtained":[{"floor":7,"key":"SteroidPotion"},{"floor":10,"key":"Weak Potion"},{"floor":19,"key":"Strength Potion"},{"floor":29,"key":"EntropicBrew"}],"is_trial":false,"path_per_floor":["M","M","?","?","$","R","M","R","T","M","R","E","R","?","R","B",null,"M","M","?","T","?","R","M","R","T","E","?","M","E","M"],"character_chosen":"DEFECT","items_purchased":["PrismaticShard","Hello World"],"campfire_rested":1,"item_purchase_floors":[5,5],"current_hp_per_floor":[57,56,56,35,35,35,35,35,35,16,37,28,28,28,28,4,54,54,39,39,39,39,39,30,30,30,30,30,13,10,0,0],"gold":220,"neow_bonus":"BOSS_RELIC","is_daily":false,"chose_seed":false,"campfire_upgraded":6,"win_rate":0.0,"timestamp":1610129520,"path_taken":["M","M","?","?","$","R","?","R","T","M","R","E","R","?","R","BOSS","M","M","?","?","?","R","M","R","T","E","?","M","E","M"],"items_purchased_type":["Relic","Card"],"build_version":"2020-12-22","purchased_purges":1,"victory":false,"max_hp_per_floor":[71,71,71,71,71,71,71,71,71,71,71,71,71,71,71,71,71,71,71,71,71,71,71,71,71,71,71,71,71,71,71,71],"relic_stats":{"Emotion Chip":[15,9,1,0,5],"Nunchaku":[2],"counters":[13,56],"Shuriken":[11],"Pantograph":0,"Bag of Preparation":[6],"Smiling Mask":0,"obtain_stats":[{"Anchor":12,"Emotion Chip":22,"Nunchaku":26,"Shuriken":9,"SacredBark":0,"Pantograph":30,"Bag of Preparation":27,"Cracked Core":0,"PrismaticShard":5,"Smiling Mask":21,"Nuclear Battery":17},{"Anchor":5,"Emotion Chip":8,"Nunchaku":9,"Shuriken":3,"SacredBark":0,"Pantograph":12,"Bag of Preparation":10,"Cracked Core":0,"PrismaticShard":2,"Smiling Mask":8,"Nuclear Battery":6},{"Anchor":20,"Emotion Chip":35,"Nunchaku":41,"Shuriken":11,"SacredBark":0,"Pantograph":54,"Bag of Preparation":45,"Cracked Core":0,"PrismaticShard":7,"Smiling Mask":35,"Nuclear Battery":30}]},"card_choices":[{"not_picked":["Barrage","Streamline"],"picked":"Sweeping Beam","floor":1},{"not_picked":["Steam Power","Turbo","Loop"],"picked":"SKIP","floor":2},{"not_picked":["Acrobatics","Havoc"],"picked":"Double Energy","floor":7},{"not_picked":["Backflip","Deadly Poison"],"picked":"Trip","floor":10},{"not_picked":["PathToVictory","Hologram"],"picked":"Iron Wave","floor":12},{"not_picked":["Doppelganger","Hyperbeam"],"picked":"Judgement","floor":16},{"not_picked":["ClearTheMind","Catalyst"],"picked":"Redo+1","floor":18},{"not_picked":["Leap","Slice","Steam"],"picked":"SKIP","floor":19},{"not_picked":["Blind","Leap"],"picked":"Footwork","floor":24},{"not_picked":["Clash","Intimidate"],"picked":"Hologram","floor":27},{"not_picked":["Flying Knee","Flex"],"picked":"Wallop","floor":29},{"not_picked":["Dropkick","Recycle+1"],"picked":"Blade Dance","floor":30}],"player_experience":1969529,"relics_obtained":[{"floor":9,"key":"Shuriken"},{"floor":12,"key":"Anchor"},{"floor":21,"key":"Smiling Mask"},{"floor":26,"key":"Nunchaku"},{"floor":27,"key":"Bag of Preparation"},{"floor":30,"key":"Pantograph"}],"event_choices":[{"damage_healed":0,"gold_gain":150,"player_choice":"AGREE","damage_taken":0,"max_hp_gain":0,"max_hp_loss":0,"event_name":"Liars Game","floor":3,"gold_loss":0,"cards_obtained":["Doubt"]},{"damage_healed":0,"gold_gain":0,"player_choice":"Entered Light","damage_taken":21,"max_hp_gain":0,"max_hp_loss":0,"event_name":"Shining Light","floor":4,"gold_loss":0,"cards_upgraded":["Defend_B","Zap"]},{"damage_healed":0,"gold_gain":0,"cards_transformed":["Strike_B"],"player_choice":"Transformed","damage_taken":0,"max_hp_gain":0,"max_hp_loss":0,"event_name":"Transmorgrifier","floor":14,"gold_loss":0,"cards_obtained":["Barrage"]},{"damage_healed":0,"gold_gain":0,"cards_transformed":["Defend_B","Strike_B"],"player_choice":"Became Test Subject","damage_taken":0,"max_hp_gain":0,"max_hp_loss":0,"event_name":"Drug Dealer","floor":20,"gold_loss":0,"cards_obtained":["Electrodynamics","Chaos"]},{"damage_healed":0,"gold_gain":0,"player_choice":"Obtained Relic","damage_taken":0,"relics_obtained":["Emotion Chip"],"max_hp_gain":0,"max_hp_loss":0,"event_name":"Addict","floor":22,"gold_loss":85},{"damage_healed":0,"gold_gain":0,"player_choice":"Ignored","damage_taken":0,"max_hp_gain":0,"max_hp_loss":0,"event_name":"Vampires","floor":28,"gold_loss":0}],"is_beta":false,"boss_relics":[{"not_picked":["Ectoplasm","Astrolabe"],"picked":"Nuclear Battery"}],"items_purged_floors":[5],"is_endless":false,"potions_floor_spawned":[7,10,19,29],"killed_by":"3 Cultists","ascension_level":20}}