{"host":"wbdly04l9mkn9nrc","time":1610109306,"event":{"mods":["AchievementEnabler","BaseMod","BetterRewards","Minty Spire (QoL Compilation)","Replay The Spire","StSLib","[IsaacMod]ÒÔÈö¼âËþ"],"gold_per_floor":[117,117,117,292,309,309,342,357,357,357,374,305,331,23,23,123,123,142,157,157,157],"floor_reached":20,"playtime":1055,"items_purged":["Strike_B","Defend_B","Doubt"],"score":381,"play_id":"12c9255a-1d42-43f1-84e8-7f16d00b772f","local_time":"20210108203506","is_ascension_mode":true,"campfire_choices":[{"data":"Static Discharge","floor":6.0,"key":"SMITH"},{"data":"Dualcast","floor":10.0,"key":"SMITH"},{"floor":15.0,"key":"REST"}],"circlet_count":0,"master_deck":["Strike_B","Strike_B","Strike_B","Defend_B","Defend_B","Defend_B","Zap+1","Dualcast+1","Ball Lightning","BasicCrystalCard+1","Panic Button+1","Leap","Static Discharge+1","Rebound","Conserve Battery","Capacitor","Fission"],"relics":["Cracked Core","HushsDoor","GuppysTail","Quantum Egg","War Paint","Darkstone Periapt","HornCleat","Chameleon Ring","Art of War","Counterbalance","Runic Capacitor","Coffee Dripper"],"acts_visited":["Exordium","TheCity"],"potions_floor_usage":[],"damage_taken":[{"damage":10.0,"enemies":"2 Louse","floor":1.0,"turns":2.0},{"damage":6.0,"enemies":"Cultist","floor":5.0,"turns":3.0},{"damage":16.0,"enemies":"3 Sentries","floor":7.0,"turns":4.0},{"damage":5.0,"enemies":"Small Slimes","floor":8.0,"turns":2.0},{"damage":1.0,"enemies":"Exordium Thugs","floor":11.0,"turns":3.0},{"damage":25.0,"enemies":"Replay:BlueRogue","floor":13.0,"turns":4.0},{"damage":20.0,"enemies":"The Guardian","floor":16.0,"turns":7.0},{"damage":33,"enemies":"Chosen","floor":18,"turns":6},{"damage":9,"enemies":"2 Thieves","floor":19,"turns":4},{"damage":22,"enemies":"Sentry and Sphere","floor":20,"turns":5}],"seed_played":"-2162502591916608459","potions_obtained":[{"floor":1.0,"key":"PowerPotion"},{"floor":5.0,"key":"DuplicationPotion"},{"floor":13.0,"key":"Weak Potion"}],"is_trial":false,"path_per_floor":["M","?","?","?","M","R","E","M","T","R","M","?","E","$","R","B",null,"M","M","M"],"character_chosen":"DEFECT","items_purchased":["Capacitor","Ball Lightning","BasicCrystalCard+1","Panic Button","Quantum Egg","Leap","War Paint","FearPotion","Runic Capacitor","Capacitor"],"campfire_rested":1,"item_purchase_floors":[0,0,0,0,0,0,0,0,14,14],"current_hp_per_floor":[13,75,72,78,72,72,56,51,51,51,50,50,25,25,49,29,68,35,26,4,4],"gold":157,"neow_bonus":"","is_daily":false,"chose_seed":false,"campfire_upgraded":2,"win_rate":0.0,"timestamp":1610109306,"path_taken":["M","?","?","?","M","R","E","M","T","R","M","?","E","?","R","BOSS","M","M","M"],"items_purchased_type":["Card","Card","Card","Card","Relic","Card","Relic","Potion","Relic","Card"],"build_version":"2020-12-22","purchased_purges":3,"victory":false,"max_hp_per_floor":[75,75,75,81,81,81,81,81,81,81,81,81,81,81,81,81,81,81,81,81,81],"card_choices":[{"not_picked":["Steam","Beam Cell"],"picked":"Static Discharge","floor":1.0},{"not_picked":["Crystallizer","Leap"],"picked":"Rebound","floor":5.0},{"not_picked":["Go for the Eyes","Rebound","Hologram"],"picked":"SKIP","floor":7.0},{"not_picked":["Cancel","Fusion","Gash"],"picked":"SKIP","floor":8.0},{"not_picked":["Panic Button","Buffer","Barrage"],"picked":"SKIP","floor":11.0},{"not_picked":["Steam","Lockon"],"picked":"Conserve Battery","floor":13.0},{"not_picked":["Hyperbeam","Creative AI"],"picked":"Fission","floor":16.0},{"not_picked":["Sweeping Beam","Pulse","Beam Cell"],"picked":"SKIP","floor":18},{"not_picked":["Conserve Battery+1","Leap+1","Redo"],"picked":"SKIP","floor":19}],"player_experience":204741,"relics_obtained":[{"floor":7.0,"key":"HornCleat"},{"floor":9.0,"key":"Chameleon Ring"},{"floor":13.0,"key":"Counterbalance"}],"event_choices":[{"cards_removed":["Capacitor"],"damage_healed":62.0,"max_hp_gain":0.0,"max_hp_loss":0.0,"gold_gain":0.0,"event_name":"Bonfire Elementals","player_choice":"Offered Uncommon","floor":2.0,"gold_loss":0.0,"damage_taken":0.0},{"damage_healed":0.0,"max_hp_gain":0.0,"max_hp_loss":0.0,"gold_gain":0.0,"event_name":"Scrap Ooze","player_choice":"Success","floor":3.0,"gold_loss":0.0,"damage_taken":3.0,"relics_obtained":["Darkstone Periapt"]},{"damage_healed":0.0,"max_hp_gain":0.0,"max_hp_loss":0.0,"gold_gain":175.0,"event_name":"Liars Game","player_choice":"AGREE","floor":4.0,"gold_loss":0.0,"damage_taken":0.0,"cards_obtained":["Doubt"]},{"damage_healed":0.0,"max_hp_gain":0.0,"max_hp_loss":0.0,"gold_gain":0.0,"event_name":"WeMeetAgain","player_choice":"Paid Gold","floor":12.0,"gold_loss":69.0,"damage_taken":0.0,"relics_obtained":["Art of War"]}],"is_beta":false,"boss_relics":[{"not_picked":["Kintsugi","ReplayTheSpireMod:DimensionalGlitch"],"picked":"Coffee Dripper"},{"not_picked":[]}],"items_purged_floors":[0,0,14],"is_endless":false,"potions_floor_spawned":[1,5,13,16,18,19],"killed_by":"Sentry and Sphere","ascension_level":7}}