{"host":"d265sm4b0zub77qp","time":1610095087,"event":{"mods":["AchievementEnabler","BaseMod","BetterRewards","Colored Map","Downfall","GifTheSpireLib","Jorbs\u0027s Wanderer Trilogy","Minty Spire (QoL Compilation)","StSLib","Stuff the Spire","[IsaacMod]????"],"gold_per_floor":[110,120,131,131,149,149,179,97,97,155,155,205,205,225,225,326,326,339,339,609,621,380,415,415,446,446,446,466,494,509,215,215,215,215],"floor_reached":33,"playtime":2613,"items_purged":["Guardian:Aged"],"score":523,"play_id":"28310327-c98a-44be-aa7c-3e427f47fc2d","local_time":"20210108013807","is_ascension_mode":true,"campfire_choices":[{"data":"EpicFetus","floor":6,"key":"SMITH"},{"data":"StuffTheSpire:Snapshot","floor":11,"key":"SMITH"},{"data":"Consume","floor":13,"key":"SMITH"},{"data":"ElectricPowerLearning","floor":15,"key":"SMITH"},{"data":"expansioncontent:Chronoboost","floor":24,"key":"SMITH"},{"data":"StuffTheSpire:Synthwave","floor":32,"key":"SMITH"}],"circlet_count":0,"master_deck":["Strike_B","Strike_B","Strike_B","Strike_B","Defend_B","Defend_B","Defend_B","Zap","Dualcast","EpicFetus+1","expansioncontent:ManipulateTime","Necronomicurse","Sweeping Beam","StuffTheSpire:Plugnplay","Glacier","ElectricPowerLearning+1","Cancel","Self Repair","StuffTheSpire:Snapshot+1","Consume+1","StuffTheSpire:LoadUp","Electrodynamics","StuffTheSpire:Synthwave","StuffTheSpire:LoadUp+1","expansioncontent:Chronoboost+1","Redo+1","Ghostly","Ghostly","Ghostly","Ghostly","Ghostly","Storm","Self Repair","StuffTheSpire:Synthwave+1"],"relics":["Cracked Core","HushsDoor","PunchingBag","Calipers","Necronomicon","Kunai","HornCleat","StuffTheSpire:ColdMirror","Symbiotic Virus","MealTicket","Cursed Key","JudasShadow","BelialBook","Runic Capacitor","The Courier","Girya","StuffTheSpire:OldFever","Chaos","Vajra"],"acts_visited":["Exordium","TheCity"],"potions_floor_usage":[7,10,16,23,33,33],"damage_taken":[{"damage":11,"enemies":"Small Slimes","floor":1,"turns":3},{"damage":1,"enemies":"Cultist","floor":2,"turns":3},{"damage":3,"enemies":"2 Louse","floor":3,"turns":3},{"damage":2,"enemies":"Exordium Wildlife","floor":5,"turns":4},{"damage":19,"enemies":"3 Sentries","floor":7,"turns":3},{"damage":22,"enemies":"Lagavulin Event","floor":10,"turns":9},{"damage":9,"enemies":"Hiden Room Battle","floor":12,"turns":3},{"damage":3,"enemies":"Blue Slaver","floor":14,"turns":3},{"damage":1,"enemies":"Slime Boss","floor":16,"turns":5},{"damage":2,"enemies":"3 Byrds","floor":18,"turns":3},{"damage":1,"enemies":"Shell Parasite","floor":21,"turns":3},{"damage":15,"enemies":"Gremlin Leader","floor":23,"turns":6},{"damage":29,"enemies":"Book of Stabbing","floor":25,"turns":4},{"damage":4,"enemies":"Cultist and Chosen","floor":28,"turns":6},{"damage":24,"enemies":"Slavers","floor":29,"turns":5},{"damage":0,"enemies":"Shelled Parasite and Fungi","floor":30,"turns":3},{"damage":16,"enemies":"Champ","floor":33,"turns":1}],"seed_played":"-8345279335592129400","potions_obtained":[{"floor":3,"key":"SteroidPotion"},{"floor":7,"key":"PotionOfCapacity"},{"floor":14,"key":"EssenceOfDarkness"},{"floor":18,"key":"FocusPotion"},{"floor":23,"key":"PotionOfCapacity"},{"floor":30,"key":"Energy Potion"}],"is_trial":false,"path_per_floor":["M","M","M","?","M","R","E","$","T","?","R","?","R","M","R","B",null,"M","?","?","M","$","E","R","E","T","?","M","E","M","$","R","B"],"character_chosen":"DEFECT","items_purchased":["Sweeping Beam","Self Repair","JudasShadow","StuffTheSpire:Synthwave","BelialBook","Runic Capacitor","expansioncontent:Chronoboost","Chaos","Vajra"],"campfire_rested":0,"item_purchase_floors":[0,8,17,17,17,22,22,31,31],"current_hp_per_floor":[47,46,43,43,41,41,22,22,22,16,16,7,7,11,11,10,49,47,47,20,26,41,33,33,11,11,11,18,1,1,1,1,0,0],"gold":215,"neow_bonus":"","is_daily":false,"chose_seed":false,"campfire_upgraded":6,"win_rate":0.0,"timestamp":1610095087,"path_taken":["M","M","M","?","?","R","E","$","T","?","R","?","R","M","R","BOSS","M","?","?","M","$","E","R","E","T","?","?","E","M","$","R","BOSS"],"items_purchased_type":["Card","Card","Relic","Card","Relic","Relic","Card","Card","Relic"],"build_version":"2020-12-22","purchased_purges":1,"victory":false,"max_hp_per_floor":[75,75,75,75,75,75,75,75,75,75,75,75,75,75,75,75,49,49,49,49,49,49,49,49,49,49,24,24,1,1,1,1,1,1],"card_choices":[{"not_picked":[],"picked":"EpicFetus","floor":0},{"not_picked":["Stack","Leap"],"picked":"StuffTheSpire:Plugnplay","floor":1},{"not_picked":["Gash","StuffTheSpire:Plugnplay"],"picked":"Glacier","floor":2},{"not_picked":["Steam","Static Discharge"],"picked":"ElectricPowerLearning","floor":3},{"not_picked":["Ball Lightning","Force Field"],"picked":"Cancel","floor":5},{"not_picked":["Leap","Reinforced Body"],"picked":"StuffTheSpire:SnapShoot","floor":7},{"not_picked":["Ball Lightning","Redo"],"picked":"Consume","floor":12},{"not_picked":["Steam","Reprogram"],"picked":"StuffTheSpire:LoadUp","floor":14},{"not_picked":["Thunder Strike","ElectricPowerLearning"],"picked":"Electrodynamics","floor":16},{"not_picked":["Go for the Eyes+1","Cold Snap","Rip and Tear"],"picked":"SKIP","floor":18},{"not_picked":["Coolheaded","Beam Cell"],"picked":"StuffTheSpire:LoadUp+1","floor":21},{"not_picked":["Cancel","StuffTheSpire:NuclearReactor"],"picked":"Redo+1","floor":23},{"not_picked":["Coolheaded","Cold Snap","Reprogram"],"picked":"SKIP","floor":25},{"not_picked":["Redo","Conserve Battery"],"picked":"Storm","floor":28},{"not_picked":["StuffTheSpire:LaunchingStrike","StuffTheSpire:CleanHardDrive"],"picked":"Self Repair","floor":29},{"not_picked":["Cold Snap","Hologram+1"],"picked":"StuffTheSpire:Synthwave","floor":30}],"player_experience":265390,"relics_obtained":[{"floor":7,"key":"Kunai"},{"floor":9,"key":"HornCleat"},{"floor":12,"key":"Symbiotic Virus"},{"floor":12,"key":"MealTicket"},{"floor":23,"key":"The Courier"},{"floor":25,"key":"Girya"},{"floor":29,"key":"StuffTheSpire:OldFever"}],"event_choices":[{"damage_healed":0,"gold_gain":0,"player_choice":"Searched \u00272\u0027 times","damage_taken":0,"relics_obtained":["StuffTheSpire:ColdMirror"],"max_hp_gain":0,"max_hp_loss":0,"event_name":"Dead Adventurer","floor":10,"gold_loss":0},{"damage_healed":0,"gold_gain":0,"player_choice":"Fight","damage_taken":0,"max_hp_gain":0,"max_hp_loss":0,"event_name":"HidenRoomEvent","floor":12,"gold_loss":0},{"cards_removed":["Defend_B"],"damage_healed":0,"gold_gain":0,"player_choice":"Card Removal","damage_taken":0,"max_hp_gain":0,"max_hp_loss":0,"event_name":"Wheel of Change","floor":19,"gold_loss":0},{"damage_healed":0,"gold_gain":270,"player_choice":"GOLD GOLD GOLD ","damage_taken":27,"max_hp_gain":0,"max_hp_loss":0,"event_name":"Knowing Skull","floor":20,"potions_obtained":[],"gold_loss":0,"cards_obtained":[]},{"damage_healed":0,"gold_gain":0,"player_choice":"Became a Ghost","damage_taken":0,"max_hp_gain":0,"max_hp_loss":25,"event_name":"Ghosts","floor":27,"gold_loss":0,"cards_obtained":["Ghostly","Ghostly","Ghostly","Ghostly","Ghostly"]}],"is_beta":false,"boss_relics":[{"not_picked":["Philosopher\u0027s Stone","Nuclear Battery"],"picked":"Cursed Key"},{"not_picked":[]}],"items_purged_floors":[31],"is_endless":false,"potions_floor_spawned":[3,7,14,18,23,30],"killed_by":"Champ","ascension_level":2}}