{"host":"m9i7qe3hvz6jihjh","time":1610107223,"event":{"mods":["BaseMod","Colored Powertips","Infinite Spire","Minty Spire (QoL Compilation)","Quick Restart","StSLib","The Animator","Waifu the Spire"],"gold_per_floor":[135,152,152,172,191,191,202,202,202,217,244,244,263,263,263,378,378,396,396,411,473,473,473],"floor_reached":22,"playtime":1227,"items_purged":["animator:Defend"],"score":180,"play_id":"2226cc9d-59f6-465c-996d-3f1328c65f44","local_time":"20210108130023","is_ascension_mode":false,"campfire_choices":[{"data":"animator:YachiyoNanami","floor":6,"key":"SMITH"},{"floor":8,"key":"REST"},{"floor":15,"key":"REST"}],"circlet_count":0,"master_deck":["animator:Strike_MadokaMagica","animator:Defend_MadokaMagica","animator:IrohaTamaki+1","animator:YuiTsuruno","animator:KyokoSakura","animator:Ciel","animator:Ain","animator:YachiyoNanami+1","animator:YuiTsuruno","animator:Togame","animator:MamiTomoe","animator:SayakaMiki+1","animator:Elesis","animator:SuzuneAmano","animator:MamiTomoe","animator:Kyubey","animator:GazelDwargon+1","animator:PandorasActor+1"],"relics":["animator:LivingPicture","animator:TheMissingPiece","animator:RacePiece","Tiny House","Frozen Eye"],"acts_visited":["Exordium","TheCity"],"potions_floor_usage":[5,13,22,22,22],"damage_taken":[{"damage":0,"enemies":"Cultist","floor":1,"turns":4},{"damage":7,"enemies":"infinitespire:Voidling","floor":2,"turns":5},{"damage":0,"enemies":"Small Slimes","floor":4,"turns":3},{"damage":8,"enemies":"3 Louse","floor":5,"turns":3},{"damage":23,"enemies":"Exordium Wildlife","floor":7,"turns":5},{"damage":25,"enemies":"Lots of Slimes","floor":10,"turns":5},{"damage":1,"enemies":"3 Louse","floor":11,"turns":3},{"damage":5,"enemies":"Looter","floor":13,"turns":2},{"damage":27,"enemies":"Slime Boss","floor":16,"turns":12},{"damage":39,"enemies":"3 Byrds","floor":18,"turns":7},{"damage":9,"enemies":"Shell Parasite","floor":20,"turns":12},{"damage":40,"enemies":"3 Cultists","floor":22,"turns":4}],"seed_played":"97723300692151379","potions_obtained":[{"floor":2,"key":"animator:FalseLifePotion"},{"floor":10,"key":"LiquidBronze"},{"floor":16,"key":"PowerPotion"},{"floor":20,"key":"animator:FalseLifePotion"},{"floor":21,"key":"Explosive Potion"}],"is_trial":false,"path_per_floor":["M","M","?","M","M","R","M","R","T","M","M","?","M","?","R","B",null,"M","?","M","AVR","M"],"character_chosen":"THE_ANIMATOR","items_purchased":[],"campfire_rested":2,"item_purchase_floors":[],"current_hp_per_floor":[66,66,66,67,60,60,37,57,57,32,31,36,32,32,54,27,74,35,35,26,31,0,0],"gold":473,"neow_bonus":"THREE_CARDS","is_daily":false,"chose_seed":false,"campfire_upgraded":1,"win_rate":0.0,"timestamp":1610107223,"path_taken":["M","M","?","?","M","R","M","R","T","M","?","?","M","?","R","BOSS","M","?","M","AVR","?"],"items_purchased_type":[],"build_version":"2020-12-22","purchased_purges":1,"victory":false,"max_hp_per_floor":[66,66,66,67,68,68,68,68,68,68,68,73,74,74,74,74,74,74,74,74,79,79,79],"card_choices":[{"not_picked":["animator:Raven","animator:Elsword"],"picked":"animator:KyokoSakura","floor":0},{"not_picked":["animator:UneriGinkaku","animator:Laby"],"picked":"animator:Ciel","floor":1},{"not_picked":["animator:Benimaru","animator:Vesta","animator:DwarfShaman"],"picked":"SKIP","floor":2},{"not_picked":["animator:Shuna","animator:HiiragiShinya"],"picked":"animator:Ain","floor":4},{"not_picked":["animator:KyokoSakura","animator:YuiTsuruno"],"picked":"animator:YachiyoNanami","floor":5},{"not_picked":["animator:Emonzaemon","animator:Nanami"],"picked":"animator:YuiTsuruno","floor":7},{"not_picked":["animator:Millim","animator:Mikaela"],"picked":"animator:Togame","floor":10},{"not_picked":["animator:Ara","animator:YachiyoNanami"],"picked":"animator:MamiTomoe","floor":11},{"not_picked":["animator:MamiTomoe","animator:YuiTsuruno"],"picked":"animator:SayakaMiki","floor":13},{"not_picked":["animator:GoblinSlayer","animator:Albedo"],"picked":"animator:Elesis","floor":16},{"not_picked":["animator:UneriGinkaku","animator:Demiurge"],"picked":"animator:GazelDwargon+1","floor":18},{"not_picked":["animator:Hakurou","animator:Ara","animator:Benimaru"],"picked":"SKIP","floor":20},{"not_picked":["animator:Evileye","animator:Cocytus+1"],"picked":"animator:PandorasActor+1","floor":21}],"player_experience":895165,"relics_obtained":[],"event_choices":[{"cards_removed":["animator:Defend"],"damage_healed":0,"gold_gain":0,"player_choice":"Purged","damage_taken":0,"max_hp_gain":0,"max_hp_loss":0,"event_name":"Purifier","floor":3,"gold_loss":0},{"damage_healed":0,"gold_gain":0,"player_choice":"Donut","damage_taken":0,"max_hp_gain":5,"max_hp_loss":0,"event_name":"Big Fish","floor":12,"gold_loss":0},{"damage_healed":0,"gold_gain":0,"player_choice":"Grow","damage_taken":0,"max_hp_gain":0,"max_hp_loss":0,"event_name":"Living Wall","floor":14,"gold_loss":0,"cards_upgraded":["animator:IrohaTamaki"]},{"cards_removed":["animator:Strike"],"damage_healed":0,"gold_gain":0,"player_choice":"Card Removal","damage_taken":0,"max_hp_gain":0,"max_hp_loss":0,"event_name":"Wheel of Change","floor":19,"gold_loss":0}],"is_beta":false,"boss_relics":[{"not_picked":["animator:CursedBlade","SlaversCollar"],"picked":"animator:RacePiece"}],"items_purged_floors":[21],"is_endless":false,"potions_floor_spawned":[2,10,16,20],"killed_by":"3 Cultists","ascension_level":0}}