{"host":"i09pxcjttd31eh4q","time":1610086340,"event":{"mods":["AchievementEnabler","BaseMod","Colored Map","Keyboard Shortcuts","Minty Spire (QoL Compilation)","StSLib","SuperFastMode"],"gold_per_floor":[116,136,16,36,52,79,92,124,124,124,158,158,175,191,191,265,265,280,290,290,85,85,85],"floor_reached":22,"playtime":773,"items_purged":["Strike_G"],"score":466,"play_id":"c3f2c646-bb06-4d26-b15b-5d7967b9be9c","local_time":"20210108151220","is_ascension_mode":true,"campfire_choices":[{"data":"Riddle With Holes","floor":12.0,"key":"SMITH"},{"data":"Noxious Fumes","floor":15.0,"key":"SMITH"}],"circlet_count":0,"master_deck":["AscendersBane","Strike_G","Strike_G","Strike_G","Strike_G","Defend_G","Defend_G","Defend_G","Defend_G","Defend_G","Survivor","Neutralize+1","Riddle With Holes+1","Deadly Poison","Noxious Fumes+1","Poisoned Stab","Backstab","Acrobatics+1","Backflip","Tools of the Trade","Reflex","Tactician","After Image","Footwork","Outmaneuver"],"relics":["Ring of the Snake","PreservedInsect","FossilizedHelix","Oddly Smooth Stone","Pear","Black Star","Membership Card"],"acts_visited":["Exordium","TheCity"],"potions_floor_usage":[22],"damage_taken":[{"damage":0.0,"enemies":"Small Slimes","floor":1.0,"turns":4.0},{"damage":2.0,"enemies":"2 Louse","floor":2.0,"turns":3.0},{"damage":6.0,"enemies":"Cultist","floor":4.0,"turns":3.0},{"damage":1.0,"enemies":"Red Slaver","floor":5.0,"turns":4.0},{"damage":3.0,"enemies":"3 Sentries","floor":6.0,"turns":8.0},{"damage":0.0,"enemies":"2 Fungi Beasts","floor":7.0,"turns":3.0},{"damage":0.0,"enemies":"Gremlin Nob","floor":8.0,"turns":3.0},{"damage":5.0,"enemies":"3 Sentries","floor":11.0,"turns":7.0},{"damage":0.0,"enemies":"Large Slime","floor":13.0,"turns":5.0},{"damage":0.0,"enemies":"Gremlin Gang","floor":14.0,"turns":4.0},{"damage":7.0,"enemies":"Slime Boss","floor":16.0,"turns":9.0},{"damage":19.0,"enemies":"Chosen","floor":18.0,"turns":5.0},{"damage":32.0,"enemies":"2 Thieves","floor":19.0,"turns":5.0},{"damage":0,"enemies":"Snecko","floor":22,"turns":4}],"seed_played":"-6396779045015906522","potions_obtained":[{"floor":1.0,"key":"GhostInAJar"},{"floor":4.0,"key":"EssenceOfSteel"},{"floor":6.0,"key":"BlessingOfTheForge"},{"floor":7.0,"key":"SkillPotion"},{"floor":14.0,"key":"DistilledChaos"},{"floor":16.0,"key":"ColorlessPotion"},{"floor":20.0,"key":"Weak Potion"}],"is_trial":false,"path_per_floor":["M","M","$","M","M","E","M","E","T","?","E","R","M","M","R","B",null,"M","M","?","$","M"],"character_chosen":"THE_SILENT","items_purchased":["Noxious Fumes","Poisoned Stab","Membership Card"],"campfire_rested":0,"item_purchase_floors":[3,3,21],"current_hp_per_floor":[59,57,57,51,50,47,47,47,47,27,32,32,32,32,32,25,63,44,12,12,12,12,12],"gold":85,"neow_bonus":"RANDOM_COMMON_RELIC","is_daily":false,"chose_seed":false,"campfire_upgraded":2,"win_rate":0.0,"timestamp":1610086340,"path_taken":["M","M","$","M","M","E","M","E","T","?","E","R","M","M","R","BOSS","M","M","?","$","?"],"items_purchased_type":["Card","Card","Relic"],"build_version":"2020-12-22","purchased_purges":1,"victory":false,"max_hp_per_floor":[66,66,66,66,66,66,66,66,66,66,76,76,76,76,76,76,76,76,76,76,76,76,76],"card_choices":[{"not_picked":["Heel Hook","Flying Knee"],"picked":"Riddle With Holes","floor":1.0},{"not_picked":["PiercingWail","Blur"],"picked":"Deadly Poison","floor":2.0},{"not_picked":["Caltrops","Accuracy"],"picked":"Backstab","floor":4.0},{"not_picked":["Flechettes","Expertise"],"picked":"Acrobatics","floor":5.0},{"not_picked":["Quick Slash","Prepared"],"picked":"Backflip","floor":6.0},{"not_picked":["Infinite Blades","Acrobatics"],"picked":"Tools of the Trade","floor":7.0},{"not_picked":["Accuracy","Prepared"],"picked":"Reflex","floor":8.0},{"not_picked":["Heel Hook","Setup","Terror"],"picked":"SKIP","floor":11.0},{"not_picked":["Heel Hook","Setup","Terror"],"picked":"SKIP","floor":11.0},{"not_picked":["Underhanded Strike","Bane","Infinite Blades"],"picked":"SKIP","floor":13.0},{"not_picked":["Leg Sweep","Quick Slash"],"picked":"Tactician","floor":14.0},{"not_picked":["Phantasmal Killer","A Thousand Cuts"],"picked":"After Image","floor":16.0},{"not_picked":["PiercingWail+1","Deadly Poison"],"picked":"Footwork","floor":18.0},{"not_picked":["Underhanded Strike","Flying Knee"],"picked":"Outmaneuver","floor":19.0}],"player_experience":840657,"relics_obtained":[{"floor":6.0,"key":"FossilizedHelix"},{"floor":8.0,"key":"Oddly Smooth Stone"},{"floor":11.0,"key":"Pear"}],"event_choices":[{"damage_healed":0.0,"max_hp_gain":0.0,"max_hp_loss":0.0,"gold_gain":0.0,"event_name":"Shining Light","player_choice":"Entered Light","floor":10.0,"gold_loss":0.0,"damage_taken":20.0,"cards_upgraded":["Neutralize","Acrobatics"]},{"damage_healed":0.0,"max_hp_gain":0.0,"max_hp_loss":0.0,"gold_gain":0.0,"event_name":"Lab","player_choice":"Got Potions","floor":20.0,"gold_loss":0.0,"damage_taken":0.0}],"is_beta":false,"boss_relics":[{"not_picked":["Pandora\u0027s Box","Philosopher\u0027s Stone"],"picked":"Black Star"}],"items_purged_floors":[21],"is_endless":false,"potions_floor_spawned":[1,4,6,7,14,16,18],"killed_by":"Snecko","ascension_level":20}}