{"host":"5p9hybygolzp0efr","time":1610100409,"event":{"mods":["BaseMod","Googly Eyes","Minty Spire (QoL Compilation)","Relic Stats"],"gold_per_floor":[110,185,203,219,81,81,81,109,164,176,211,224,224,259,271,384,396,424,436,308,330,361,373,385,397,459,485,497,497],"floor_reached":28,"playtime":1601,"items_purged":[],"score":321,"play_id":"f552a59a-0a2f-4ae8-ab93-71e5f0fe335d","local_time":"20210108180649","is_ascension_mode":true,"campfire_choices":[{"floor":6,"key":"REST"},{"data":"Reinforced Body","floor":13,"key":"SMITH"},{"floor":15,"key":"REST"},{"data":"Chill","floor":23,"key":"SMITH"},{"floor":25,"key":"REST"}],"circlet_count":0,"master_deck":["Strike_B","Strike_B","Strike_B","Strike_B","Defend_B","Defend_B","Defend_B+1","Defend_B","Zap","Dualcast","Ball Lightning+1","Compile Driver","Sweeping Beam","Darkness+1","Self Repair","Reinforced Body+1","Capacitor","Barrage","Genetic Algorithm","Chill+1","Multi-Cast","Defragment","Turbo","Melter","Beam Cell+1"],"relics":["Cracked Core","Oddly Smooth Stone","Art of War","PreservedInsect","MawBank","Nuclear Battery","War Paint","Juzu Bracelet"],"acts_visited":["Exordium","TheCity"],"potions_floor_usage":[16],"damage_taken":[{"damage":9,"enemies":"Jaw Worm","floor":1,"turns":3},{"damage":5,"enemies":"2 Louse","floor":3,"turns":3},{"damage":1,"enemies":"Cultist","floor":4,"turns":3},{"damage":30,"enemies":"3 Sentries","floor":8,"turns":5},{"damage":5,"enemies":"Red Slaver","floor":10,"turns":4},{"damage":16,"enemies":"Lagavulin","floor":11,"turns":5},{"damage":10,"enemies":"Exordium Wildlife","floor":12,"turns":4},{"damage":24,"enemies":"Gremlin Nob","floor":14,"turns":4},{"damage":31,"enemies":"The Guardian","floor":16,"turns":12},{"damage":22,"enemies":"3 Byrds","floor":18,"turns":7},{"damage":15,"enemies":"Chosen","floor":21,"turns":5},{"damage":13,"enemies":"Centurion and Healer","floor":22,"turns":9},{"damage":43,"enemies":"Snake Plant","floor":27,"turns":4},{"damage":39,"enemies":"3 Cultists","floor":28,"turns":5}],"seed_played":"-2566776721244942345","potions_obtained":[{"floor":3,"key":"Swift Potion"},{"floor":4,"key":"Explosive Potion"},{"floor":8,"key":"FearPotion"},{"floor":16,"key":"Dexterity Potion"}],"is_trial":false,"path_per_floor":["M","?","M","M","$","R","?","E","T","M","E","M","R","E","R","B",null,"M","$","?","M","M","R","$","R","T","M","M"],"character_chosen":"DEFECT","items_purchased":["Darkness","Self Repair"],"campfire_rested":3,"item_purchase_floors":[5,5],"current_hp_per_floor":[55,44,39,38,38,64,64,41,41,43,34,31,31,14,40,16,71,56,56,56,48,42,42,42,68,68,32,0,0],"gold":497,"neow_bonus":"TWENTY_PERCENT_HP_BONUS","is_daily":false,"chose_seed":false,"campfire_upgraded":2,"win_rate":0.0,"timestamp":1610100409,"path_taken":["M","?","M","M","$","R","?","E","T","M","E","M","R","E","R","BOSS","M","$","?","M","?","R","?","R","T","M","M"],"items_purchased_type":["Card","Card"],"build_version":"2020-12-22","purchased_purges":0,"victory":false,"max_hp_per_floor":[89,89,89,89,89,89,89,89,89,89,89,89,89,89,89,89,89,89,89,89,89,89,89,89,89,89,89,89,89],"relic_stats":{"counters":[14,73],"PreservedInsect":21,"Art of War":[14],"Juzu Bracelet":0,"War Paint":["Defend_B","Darkness"],"MawBank":168,"obtain_stats":[{"Oddly Smooth Stone":8,"PreservedInsect":11,"Art of War":9,"Juzu Bracelet":26,"War Paint":20,"Cracked Core":0,"MawBank":14,"Nuclear Battery":17},{"Oddly Smooth Stone":4,"PreservedInsect":6,"Art of War":4,"Juzu Bracelet":12,"War Paint":10,"Cracked Core":0,"MawBank":8,"Nuclear Battery":9},{"Oddly Smooth Stone":14,"PreservedInsect":23,"Art of War":14,"Juzu Bracelet":64,"War Paint":50,"Cracked Core":0,"MawBank":31,"Nuclear Battery":43}]},"card_choices":[{"not_picked":["Cold Snap","Storm"],"picked":"Ball Lightning","floor":1},{"not_picked":["Stack","Leap"],"picked":"Compile Driver","floor":3},{"not_picked":["Scrape","Steam Power"],"picked":"Sweeping Beam","floor":4},{"not_picked":["Hologram","Darkness"],"picked":"Reinforced Body","floor":8},{"not_picked":["Redo","Ball Lightning"],"picked":"Capacitor","floor":10},{"not_picked":["Self Repair","Reprogram"],"picked":"Barrage","floor":11},{"not_picked":["Tempest","Compile Driver"],"picked":"Genetic Algorithm","floor":12},{"not_picked":["Darkness","Lockon"],"picked":"Chill","floor":14},{"not_picked":["Core Surge","Amplify"],"picked":"Multi-Cast","floor":16},{"not_picked":["Rebound","Hologram"],"picked":"Defragment","floor":18},{"not_picked":["Sunder","Steam"],"picked":"Turbo","floor":21},{"not_picked":["Rebound","Leap+1"],"picked":"Melter","floor":22},{"not_picked":["Rebound+1","FTL"],"picked":"Beam Cell+1","floor":27}],"player_experience":432083,"relics_obtained":[{"floor":8,"key":"Oddly Smooth Stone"},{"floor":9,"key":"Art of War"},{"floor":11,"key":"PreservedInsect"},{"floor":14,"key":"MawBank"},{"floor":26,"key":"Juzu Bracelet"}],"event_choices":[{"damage_healed":0,"gold_gain":75,"player_choice":"Gather Gold","damage_taken":11,"max_hp_gain":0,"max_hp_loss":0,"event_name":"World of Goop","floor":2,"gold_loss":0},{"damage_healed":0,"gold_gain":0,"player_choice":"Upgraded","damage_taken":0,"max_hp_gain":0,"max_hp_loss":0,"event_name":"Upgrade Shrine","floor":7,"gold_loss":0,"cards_upgraded":["Ball Lightning"]},{"damage_healed":0,"gold_gain":0,"player_choice":"Paid Gold","damage_taken":0,"relics_obtained":["War Paint"],"max_hp_gain":0,"max_hp_loss":0,"event_name":"WeMeetAgain","floor":20,"gold_loss":140}],"is_beta":false,"boss_relics":[{"not_picked":["Ectoplasm","SacredBark"],"picked":"Nuclear Battery"}],"items_purged_floors":[],"is_endless":false,"potions_floor_spawned":[3,4,8,12,14,16,21,27],"killed_by":"3 Cultists","ascension_level":7}}