{"host":"Connor","time":1610069425,"event":{"mods":["BaseMod","Downfall","Marisa????????","Minty Spire (QoL Compilation)","Replay The Spire","StSLib","The Animator","The Cursed","The Jungle","The Servant 0.9.4"],"gold_per_floor":[112,132,146,321,334,368,368,382,382,401,427,427,442,456,456,456,456],"floor_reached":16,"playtime":676,"items_purged":[],"score":186,"play_id":"84e955f6-50b3-4f1a-9d1c-3fd10bf2e2ed","local_time":"20210107173025","is_ascension_mode":true,"campfire_choices":[{"floor":12,"key":"REST"},{"floor":15,"key":"REST"}],"circlet_count":0,"master_deck":["AscendersBane","Strike_R","Strike_R","Strike_R","Strike_R","Strike_R","Defend_R","Defend_R","Defend_R","Defend_R","Bash","expansioncontent:DefensiveStance","ReplayTheSpireMod:Strike From Hell","Inflame","Bludgeon","Doubt","Twin Strike","Flame Barrier","Sentinel","ReplayTheSpireMod:Strike From Hell","Shrug It Off","Heavy Blade"],"relics":["Burning Blood","Mummified Hand","Bottled Lightning","Quantum Egg"],"acts_visited":["Exordium"],"potions_floor_usage":[16,16,16,16],"damage_taken":[{"damage":13,"enemies":"Cultist","floor":1,"turns":5},{"damage":6,"enemies":"Jaw Worm","floor":2,"turns":5},{"damage":3,"enemies":"Small Slimes","floor":3,"turns":4},{"damage":4,"enemies":"Blue Slaver","floor":5,"turns":5},{"damage":37,"enemies":"Replay:BlueRogue","floor":6,"turns":9},{"damage":3,"enemies":"Exordium Wildlife","floor":8,"turns":4},{"damage":0,"enemies":"Looter","floor":10,"turns":4},{"damage":43,"enemies":"Gremlin Nob","floor":11,"turns":6},{"damage":8,"enemies":"Exordium Thugs","floor":13,"turns":6},{"damage":8,"enemies":"3 Louse","floor":14,"turns":4},{"damage":59,"enemies":"Slime Boss","floor":16,"turns":12}],"seed_played":"-2355347098406841620","potions_obtained":[{"floor":1,"key":"ElixirPotion"},{"floor":6,"key":"Adrenaline Potion"},{"floor":11,"key":"EntropicBrew"}],"is_trial":false,"path_per_floor":["M","M","M","?","M","E","T","M","T","M","E","R","M","M","R","B"],"character_chosen":"IRONCLAD","items_purchased":[],"campfire_rested":2,"item_purchase_floors":[],"current_hp_per_floor":[65,65,68,68,70,39,39,42,42,48,11,35,33,31,55,0,0],"gold":456,"neow_bonus":"RANDOM_COLORLESS","is_daily":false,"chose_seed":false,"campfire_upgraded":0,"win_rate":0.0,"timestamp":1610069425,"path_taken":["M","M","?","?","M","E","?","?","T","M","E","R","M","M","R","BOSS"],"items_purchased_type":[],"build_version":"2020-12-18","purchased_purges":0,"victory":false,"max_hp_per_floor":[80,80,80,80,80,80,80,80,80,80,80,80,80,80,80,80,80],"card_choices":[{"not_picked":["expansioncontent:DefensiveMode","expansioncontent:Hexaburn"],"picked":"expansioncontent:DefensiveStance","floor":0},{"not_picked":["Twin Strike","Heavy Blade"],"picked":"ReplayTheSpireMod:Strike From Hell","floor":1},{"not_picked":["Anger","Life Link"],"picked":"Inflame","floor":2},{"not_picked":["Twin Strike","Dropkick"],"picked":"Bludgeon","floor":3},{"not_picked":["Wild Strike","Replay:Undeath\u0027s Touch"],"picked":"Twin Strike","floor":5},{"not_picked":["Shrug It Off","Clash"],"picked":"Flame Barrier","floor":6},{"not_picked":["Rage","Sword Boomerang"],"picked":"Sentinel","floor":8},{"not_picked":["Anger","Spot Weakness"],"picked":"ReplayTheSpireMod:Strike From Hell","floor":10},{"not_picked":["True Grit","Pommel Strike"],"picked":"Shrug It Off","floor":11},{"not_picked":["Evolve","Clothesline"],"picked":"Heavy Blade","floor":13},{"not_picked":["Whirlwind","ReplayTheSpireMod:Strike From Hell","Headbutt"],"picked":"SKIP","floor":14}],"player_experience":559308,"relics_obtained":[{"floor":6,"key":"Mummified Hand"},{"floor":7,"key":"Bottled Lightning"},{"floor":11,"key":"Quantum Egg"}],"event_choices":[{"damage_healed":0,"gold_gain":175,"player_choice":"AGREE","damage_taken":0,"max_hp_gain":0,"max_hp_loss":0,"event_name":"Liars Game","floor":4,"gold_loss":0,"cards_obtained":["Doubt"]}],"is_beta":true,"boss_relics":[],"items_purged_floors":[],"is_endless":false,"potions_floor_spawned":[1,6,11,13],"killed_by":"Slime Boss","ascension_level":12}}