{"host":"sxnl403xm2xmiyj1","time":1610103230,"event":{"mods":["BaseMod","Colored Map","Keyboard Shortcuts","Lobotomy","Minty Spire (QoL Compilation)","Quick Restart","StSLib","SuperFastMode"],"gold_per_floor":[115,131,147,161,180,180,196,228,228,244,275,275,309,323,323,423,423,442,455,469,483,398,398,409,409,435,455,455,65,65,65,65,164,164,164,184,198,543,556,556,569,584,634,560,560,593,593,609,609,609,609],"floor_reached":50,"playtime":2122,"items_purged":["SpecialBullet"],"score":800,"play_id":"e0ca011c-cd56-42c3-a41b-538735d47588","local_time":"20210108195350","is_ascension_mode":true,"campfire_choices":[],"circlet_count":0,"master_deck":["ApocalypseBird","PunishingBird","LongBird","BigBird","SpecialBullet","SpecialBullet","SpecialBullet","SpecialBullet","InformationCode","SecurityCode","ExtractionCode","QueenOfHatred","WristCuter","RedEyes","OSAHOGD","ScreamingWedge","CherryBlossom","WristCuter","CENSORED_ego","Soda","WristCuter","OldLady","RapturousDream","BlackSwan","CENSORED_ego","WristCuter","WristCuter","DisciplinaryCode","GoldRush","Pinks","FourthMatchFlame","Soda","UniverseFragment","FourthMatchFlame+1","WristCuter+1","Variant","BloodyDesire","ScreamingWedge","Soda+1","RecordCode","Soda","Twilight","WristCuter","Mimicry","Bandage Up","TrainingCode","TheSmile","CENSORED_ego","Pinks","Soda+1","CherryBlossom+1","FieryBird","ShedSkin","LifeForTheDareDevil+1","FourthMatchFlame","DespairKnight","BearPaw+1","Reverberation+1","Twilight"],"relics":["CogitoBucket","NeowsBlessing","TreeSap","Dream Catcher","The Courier","Vajra","Eternal Feather","ChangeAnything","Sozu","AspirationHeart","AtMidnight","Blood Vial","Art of War","Black Star","Twilight","Old Coin","Oddly Smooth Stone","Nunchaku","Du-Vu Doll","Shuriken"],"acts_visited":["Exordium","TheCity","TheBeyond"],"potions_floor_usage":[],"damage_taken":[{"damage":0.0,"enemies":"Small Slimes","floor":1.0,"turns":1.0},{"damage":0.0,"enemies":"Jaw Worm","floor":2.0,"turns":1.0},{"damage":0.0,"enemies":"2 Louse","floor":3.0,"turns":1.0},{"damage":14.0,"enemies":"Red Slaver","floor":4.0,"turns":2.0},{"damage":22.0,"enemies":"Looter","floor":5.0,"turns":3.0},{"damage":54.0,"enemies":"Gremlin Gang","floor":7.0,"turns":3.0},{"damage":40.0,"enemies":"3 Sentries","floor":8.0,"turns":5.0},{"damage":12.0,"enemies":"Large Slime","floor":10.0,"turns":6.0},{"damage":7.0,"enemies":"Gremlin Nob","floor":11.0,"turns":3.0},{"damage":33.0,"enemies":"Lagavulin","floor":13.0,"turns":4.0},{"damage":104.0,"enemies":"Lots of Slimes","floor":14.0,"turns":10.0},{"damage":16.0,"enemies":"Slime Boss","floor":16.0,"turns":5.0},{"damage":27.0,"enemies":"3 Byrds","floor":18.0,"turns":4.0},{"damage":0.0,"enemies":"Chosen","floor":19.0,"turns":3.0},{"damage":7.0,"enemies":"3 Cultists","floor":20.0,"turns":4.0},{"damage":1.0,"enemies":"Sentry and Sphere","floor":21.0,"turns":3.0},{"damage":0.0,"enemies":"Snecko","floor":24.0,"turns":3.0},{"damage":14.0,"enemies":"Shelled Parasite and Fungi","floor":27.0,"turns":3.0},{"damage":95.0,"enemies":"Automaton","floor":33.0,"turns":7.0},{"damage":64.0,"enemies":"3 Shapes","floor":35.0,"turns":10.0},{"damage":20.0,"enemies":"3 Shapes","floor":36.0,"turns":3.0},{"damage":17.0,"enemies":"3 Darklings","floor":37.0,"turns":2.0},{"damage":40.0,"enemies":"2 Orb Walkers","floor":38.0,"turns":3.0},{"damage":4.0,"enemies":"4 Shapes","floor":39.0,"turns":1.0},{"damage":0.0,"enemies":"Jaw Worm Horde","floor":41.0,"turns":1.0},{"damage":14.0,"enemies":"Sphere and 2 Shapes","floor":42.0,"turns":2.0},{"damage":55.0,"enemies":"Giant Head","floor":46.0,"turns":5.0},{"damage":0.0,"enemies":"Writhing Mass","floor":48.0,"turns":2.0},{"damage":145,"enemies":"Time Eater","floor":50,"turns":4}],"seed_played":"-1599608971633240253","potions_obtained":[{"floor":1.0,"key":"Fruit Juice"},{"floor":4.0,"key":"SkillPotion"},{"floor":8.0,"key":"ColorlessPotion"},{"floor":11.0,"key":"FearPotion"},{"floor":14.0,"key":"Strength Potion"}],"is_trial":false,"path_per_floor":["M","M","M","M","M","R","M","E","T","M","E","?","E","M","R","B",null,"M","M","M","M","?","R","M","R","T","M","R","$","R","?","R","B",null,"M","M","M","?","M","R","M","M","T","?","R","E","R","M","R","B"],"character_chosen":"Angela","items_purchased":["Soda","Twilight","WristCuter","Mimicry","Bandage Up"],"campfire_rested":0,"item_purchase_floors":[29,29,29,29,29],"current_hp_per_floor":[70,75,75,69,61,61,24,19,19,27,34,27,20,83,83,79,82,66,87,91,105,105,105,105,105,105,109,109,109,109,109,109,64,99,109,112,113,88,92,113,113,110,117,117,117,97,117,117,117,0,0],"gold":609,"neow_bonus":"THREE_ENEMY_KILL","is_daily":false,"chose_seed":false,"campfire_upgraded":0,"win_rate":0.0,"timestamp":1610103230,"path_taken":["M","M","M","M","M","R","M","E","T","M","E","?","E","M","R","BOSS","M","M","M","M","?","R","M","R","T","M","R","$","R","?","R","BOSS","M","M","M","?","M","R","M","M","T","?","R","E","R","M","R","BOSS"],"items_purchased_type":["Card","Card","Card","Card","Card"],"build_version":"2020-12-22","purchased_purges":1,"victory":false,"max_hp_per_floor":[70,75,75,75,75,75,75,75,75,75,79,79,83,83,83,83,83,83,87,91,105,105,105,105,105,105,109,109,109,109,109,109,109,109,109,113,113,113,113,113,113,117,117,117,117,117,117,117,117,117,117],"card_choices":[{"not_picked":["Wellcheers","Scorched"],"picked":"QueenOfHatred","floor":1.0},{"not_picked":["Loneliness"],"picked":"WristCuter","floor":1.0},{"not_picked":["Wingbeat"],"picked":"RedEyes","floor":2.0},{"not_picked":["Wellcheers","LittleHelper"],"picked":"OSAHOGD","floor":3.0},{"not_picked":["ParadiseLost"],"picked":"ScreamingWedge","floor":3.0},{"not_picked":["Noise","Tough"],"picked":"SKIP","floor":4.0},{"not_picked":["Penitence","Loneliness"],"picked":"SKIP","floor":5.0},{"not_picked":["Penitence","Amita"],"picked":"SKIP","floor":5.0},{"not_picked":["Lantern"],"picked":"CherryBlossom","floor":7.0},{"not_picked":["BlackSwan_ego"],"picked":"WristCuter","floor":7.0},{"not_picked":["Lamp"],"picked":"CENSORED_ego","floor":8.0},{"not_picked":["TodaysExpression","Beak"],"picked":"SKIP","floor":8.0},{"not_picked":["Pleasure"],"picked":"Soda","floor":10.0},{"not_picked":["Alriune","SnowQueen"],"picked":"PunishingBird","floor":10.0},{"not_picked":["GrinderMk4"],"picked":"WristCuter","floor":10.0},{"not_picked":["MeatLantern","Bloodbath"],"picked":"OldLady","floor":11.0},{"not_picked":["SolemnVow"],"picked":"RapturousDream","floor":11.0},{"not_picked":["InTheNameOfLoveAndHate","Pinks"],"picked":"SKIP","floor":11.0},{"not_picked":["BeautyBeast","CherryBlossoms"],"picked":"BlackSwan","floor":13.0},{"not_picked":["Regret_ego"],"picked":"CENSORED_ego","floor":13.0},{"not_picked":["FeatherOfHonor","Lamp"],"picked":"SKIP","floor":13.0},{"not_picked":["Moonlight"],"picked":"WristCuter","floor":14.0},{"not_picked":["BlueScar"],"picked":"WristCuter","floor":14.0},{"not_picked":["DaCapo"],"picked":"GoldRush","floor":16.0},{"not_picked":["DaCapo"],"picked":"Pinks","floor":16.0},{"not_picked":["Tough+1"],"picked":"FourthMatchFlame","floor":18.0},{"not_picked":["BlueScar+1"],"picked":"Soda","floor":18.0},{"not_picked":["MeatLantern","BeautyBeast"],"picked":"UniverseFragment","floor":19.0},{"not_picked":["CherryBlossom","Lantern"],"picked":"FourthMatchFlame+1","floor":19.0},{"not_picked":["SolemnVow","Noise","MagicBullet"],"picked":"SKIP","floor":19.0},{"not_picked":["Soda","CrimsonScar"],"picked":"WristCuter+1","floor":20.0},{"not_picked":["WallGazer","MeatLantern"],"picked":"Variant","floor":20.0},{"not_picked":["Wingbeat+1","Galaxy","Hornet+1"],"picked":"SKIP","floor":20.0},{"not_picked":["FairyFestival","VoidDream"],"picked":"BigBird","floor":21.0},{"not_picked":["Lantern","Laetitia_ego"],"picked":"BloodyDesire","floor":21.0},{"not_picked":["CrimsonScar","CUTE"],"picked":"ScreamingWedge","floor":24.0},{"not_picked":["Porccubus","SingingMachine"],"picked":"LongBird","floor":27.0},{"not_picked":["WristCuter","Galaxy"],"picked":"Soda+1","floor":27.0},{"not_picked":["ParadiseLost","DaCapo"],"picked":"CENSORED_ego","floor":33.0},{"not_picked":["ParadiseLost","Mimicry"],"picked":"Pinks","floor":33.0},{"not_picked":["CUTE","RapturousDream+1"],"picked":"Soda+1","floor":35.0},{"not_picked":["TodaysExpression","Loneliness+1"],"picked":"CherryBlossom+1","floor":35.0},{"not_picked":["Alriune","Scorched"],"picked":"FieryBird","floor":36.0},{"not_picked":["TodaysExpression","Loneliness","InTheNameOfLoveAndHate+1"],"picked":"SKIP","floor":36.0},{"not_picked":["Justitia","Loneliness"],"picked":"ShedSkin","floor":37.0},{"not_picked":["Lantern","Hornet+1"],"picked":"LifeForTheDareDevil+1","floor":38.0},{"not_picked":["Moonlight","Horn+1","Wingbeat"],"picked":"SKIP","floor":39.0},{"not_picked":["WristCuter+1","RapturousDream+1"],"picked":"FourthMatchFlame","floor":41.0},{"not_picked":["HappyTeddy","MeltingLove"],"picked":"DespairKnight","floor":42.0},{"not_picked":["LifeForTheDareDevil","Noise+1","CUTE"],"picked":"SKIP","floor":42.0},{"not_picked":["Christmas+1","SolemnVow"],"picked":"BearPaw+1","floor":46.0},{"not_picked":["Moonlight+1","RapturousDream"],"picked":"Reverberation+1","floor":46.0},{"not_picked":["Harmony","CherryBlossom"],"picked":"Twilight","floor":48.0}],"player_experience":206516,"relics_obtained":[{"floor":8.0,"key":"Dream Catcher"},{"floor":9.0,"key":"The Courier"},{"floor":11.0,"key":"Vajra"},{"floor":13.0,"key":"Eternal Feather"},{"floor":21.0,"key":"AtMidnight"},{"floor":26.0,"key":"Art of War"},{"floor":35.0,"key":"Twilight"},{"floor":38.0,"key":"Old Coin"},{"floor":43.0,"key":"Oddly Smooth Stone"},{"floor":46.0,"key":"Du-Vu Doll"},{"floor":46.0,"key":"Shuriken"}],"event_choices":[{"cards_removed":["SpecialBullet"],"damage_healed":0.0,"max_hp_gain":0.0,"max_hp_loss":0.0,"gold_gain":0.0,"event_name":"Golden Wing","player_choice":"Card Removal","floor":12.0,"gold_loss":0.0,"damage_taken":7.0},{"damage_healed":0.0,"max_hp_gain":0.0,"max_hp_loss":0.0,"gold_gain":0.0,"event_name":"Addict","player_choice":"Obtained Relic","floor":22.0,"gold_loss":85.0,"damage_taken":0.0,"relics_obtained":["Blood Vial"]},{"damage_healed":0.0,"max_hp_gain":0.0,"max_hp_loss":0.0,"gold_gain":0.0,"event_name":"Match and Keep!","player_choice":"1 cards matched","floor":31.0,"gold_loss":0.0,"damage_taken":0.0,"cards_obtained":["TheSmile"]},{"damage_healed":0.0,"max_hp_gain":0.0,"max_hp_loss":0.0,"gold_gain":0.0,"event_name":"Mysterious Sphere","player_choice":"Fight","floor":38.0,"gold_loss":0.0,"damage_taken":0.0},{"damage_healed":0.0,"max_hp_gain":0.0,"max_hp_loss":0.0,"gold_gain":0.0,"event_name":"WeMeetAgain","player_choice":"Paid Gold","floor":44.0,"gold_loss":74.0,"damage_taken":0.0,"relics_obtained":["Nunchaku"]}],"is_beta":false,"boss_relics":[{"not_picked":["Philosopher\u0027s Stone","Busted Crown"],"picked":"Sozu"},{"not_picked":["Tiny House","Astrolabe"],"picked":"Black Star"}],"items_purged_floors":[29],"is_endless":false,"potions_floor_spawned":[1,4,8,11,14,19,21,35,36,37,38],"killed_by":"Time Eater","ascension_level":5}}