{"host":"tw5nadds0x0wro7l","time":1610145752,"event":{"mods":["Aspiration","BaseMod","Better Altar","Better Match","Better Skull","Block Reminder","Card Forge","CatGirl Mod","Conspire","DNKmod","Displayed Cursed Tome","Dota2Spire","Downfall","Energized Spire","Force Act Four","Friendly Minions","Gold Saver","Grow up Mod","GungeonMod","Highlight Path","Hubris","Infinite Spire","Luminous","Minty Spire (QoL Compilation)","Practice Mode","Relic Sorter","Replay The Spire","Spicy Shops","StSLib","The Alterego","The Animator","The Death Knight","The Marked","The Senshi","TheSwordswoman","Transform Curses","Waifu the Spire","WarShipGirlsR/????R mod"],"gold_per_floor":[1036,1036,447,504,531,611,691,771,771,863,319,419,513,688,688,983,983,1038,330,330,357,484,596,747,374,383,383,507,604,728,792,792,1138,1147,1192,1192,1192,913,952,1078,740,827,860,962,1073,1154,1247,1247,1247,1553,1000,1047,578,578,578,706,780,855,929,988,988,564,657,761,828,828,1115,1115,1115],"floor_reached":68,"playtime":4471,"items_purged":[],"score":2001,"play_id":"7a12fc3e-f8eb-43c1-ae21-2dd874e92958","local_time":"20210108174232","daily_mods":["Vintage","Heirloom","Time Dilation","Flight","downfall:Lament","DeadlyEvents","Binary","Cursed Run","Elite Swarm","Lethality","Midas","Binary"],"is_ascension_mode":false,"campfire_choices":[{"floor":15,"key":"REST"},{"floor":32,"key":"REST"},{"floor":49,"key":"REST"},{"floor":66,"key":"REST"}],"circlet_count":0,"master_deck":["Barricade+1","Combust+1","Demon Form+1","Flame Barrier+1","Juggernaut+1","Metallicize+1","A Thousand Cuts+1","Caltrops+1","Noxious Fumes+1","expansioncontent:CaCaw+1","expansioncontent:DefensiveStance+1","alterego_mod:AlterEgo+1","alterego_mod:BreastValley+1","alterego_mod:BusterCard+1","alterego_mod:ChallengeComplete+1","alterego_mod:Clap+1","alterego_mod:GIGAMILK+1","alterego_mod:Nekomimi+1","alterego_mod:Palingenesis+12","alterego_mod:PerceptionDisorder+1","alterego_mod:Punishment+1","alterego_mod:PurpleHair+1","alterego_mod:Rake+1","alterego_mod:Rip+1","alterego_mod:SakuraPetals+1","alterego_mod:Smother+1","alterego_mod:Vow+1","alterego_mod:Undulate+1","alterego_mod:TrashNCrash+1","After Image+1","alterego_mod:IdEs+1","alterego_mod:DiscoLights+1","alterego_mod:BigMeatyClaws+1","Inflame+1","Adrenaline+1","Demon Form+1","Dual Wield+1","Entrench+1","Shrug It Off+1","Infinite Blades+1","alterego_mod:IdEs+1","hexamod:UnleashSpirits+1","conspire:Blindness","infinitespire:Fortify+1","Survey Options+1","Clumsy","hubris:InfiniteBlow"],"relics":["Cursed Key","Seething Fire","Anvil of the Gods","Hammer of Thor","Darkstone Periapt","Du-Vu Doll","Busted Crown","NeowsBlessing","infinitespire:Joker Card","Dota2Spire:DivineRapier","DemoMod:MonsterBlood","Anchor","Dota2Spire:EchoSabre","Simple Rune","BargainBundle","Dota2Spire:EyeOfSkadi","Replay:Wax Seal","hubris:EmptyBottle","theSenshi:SailorFukuRelic","ReplayFunnel","aspiration:DSix","Replay:Accelerometer","Lantern","Eternal Feather","infinitespire:Satchel","infinitespire:ShieldingShard","Pet Ghost","Sling","Ancient Tea Set","hubris:DeckOfHolding","aspiration:DefectSkillbook","aspiration:Lifesprig","Dota2Spire:HandOfMidas","CeramicFish","Quantum Egg","PrismaticShard","aspiration:SeaSaltIceCream","MawBank","Unceasing Top","infinitespire:PuzzleCube","Membership Card","CaptainsWheel","Frozen Eye","Sundial","Dota2Spire:AghanimScepter","hubris:BundleOfHerbs","hubris:DuctTape","DemoMod:GlassGuonStoneRelic","theSenshi:SuperSailorFukuRelic","DemoMod:MeltedRock","Fusion Hammer","infinitespire:CheckeredPen","Iron Hammer","hubris:BlackHole","hubris:CuriousFeather","Strange Spoon","aspiration:Nostalgia","sneckomod:SneckoSoul","MealTicket","DemoMod:PoisonVial","DemoMod:ClearGuonStone","Chemical X","infinitespire:EmpoweringShard","sneckomod:BlankCard","DollysMirror","Dota2Spire:DrumOfEndurance","Replay:Rubber Ducky","DemoMod:OrangeGuonStone","DemoMod:Relodestone","infinitespire:Beetle Shell","hubris:ToyBattleship","ReplayTheSpireMod:SealedPack","NeowsBlessing","conspire:TopHat","Dota2Spire:OrchidMalevolence","Dota2Spire:Vanguard","Guardian:BottledAnomaly","hubris:OldNail","Dota2Spire:MaskOfMadness","alterego_mod:SistersRibbon","Boot","ReplayTheSpireMod:Lightbulb","Dota2Spire:LotusOrb","aspiration:ChemicalBlood","DeathKnight:PutricidesVial","DemoMod:SerJunkan","DemoMod:WeirdEgg","DemoMod:Junk","infinitespire:Lucky Rock","Replay:Bandana","aspiration:TomeofQuesting","Pantograph","Guide Book","DemoMod:MeatBun","Blue Doll","hexamod:BolsterEngine","Dream Catcher","Akabeko","Garlic"],"acts_visited":["Exordium","TheCity","TheBeyond","Exordium","TheCity"],"potions_floor_usage":[],"damage_taken":[{"damage":0,"enemies":"Small Slimes","floor":1,"turns":1},{"damage":0,"enemies":"Cultist","floor":4,"turns":1},{"damage":0,"enemies":"3 Sentries","floor":6,"turns":2},{"damage":18,"enemies":"Lagavulin","floor":7,"turns":3},{"damage":0,"enemies":"3 Sentries","floor":8,"turns":3},{"damage":16,"enemies":"Gremlin Nob","floor":10,"turns":2},{"damage":31,"enemies":"3 Sentries","floor":12,"turns":3},{"damage":16,"enemies":"Gremlin Nob","floor":13,"turns":3},{"damage":0,"enemies":"Fading Forest","floor":16,"turns":4},{"damage":26,"enemies":"3 Byrds","floor":18,"turns":3},{"damage":39,"enemies":"Slavers","floor":22,"turns":2},{"damage":17,"enemies":"Book of Stabbing","floor":23,"turns":3},{"damage":17,"enemies":"conspire:Head Lice","floor":24,"turns":4},{"damage":10,"enemies":"Book of Stabbing","floor":27,"turns":2},{"damage":12,"enemies":"Replay:Snechameleon","floor":28,"turns":3},{"damage":0,"enemies":"Slavers","floor":29,"turns":1},{"damage":0,"enemies":"Nightmare","floor":30,"turns":4},{"damage":0,"enemies":"Spheric Guardian","floor":31,"turns":3},{"damage":0,"enemies":"conspire:MysteriousRune","floor":33,"turns":4},{"damage":0,"enemies":"Orb Walker","floor":35,"turns":2},{"damage":0,"enemies":"3 Shapes","floor":39,"turns":1},{"damage":0,"enemies":"R_Hoarder","floor":40,"turns":2},{"damage":0,"enemies":"Giant Head","floor":42,"turns":1},{"damage":0,"enemies":"Nemesis","floor":44,"turns":1},{"damage":0,"enemies":"R_Hoarder","floor":45,"turns":2},{"damage":0,"enemies":"Writhing Mass","floor":46,"turns":1},{"damage":0,"enemies":"Nightmare","floor":47,"turns":1},{"damage":14,"enemies":"Replay:Hell Engine","floor":50,"turns":2},{"damage":0,"enemies":"2 Louse","floor":52,"turns":1},{"damage":0,"enemies":"Lagavulin","floor":56,"turns":1},{"damage":0,"enemies":"Gremlin Nob","floor":57,"turns":1},{"damage":0,"enemies":"Lagavulin","floor":58,"turns":1},{"damage":0,"enemies":"Gremlin Nob","floor":59,"turns":1},{"damage":0,"enemies":"Lagavulin","floor":63,"turns":1},{"damage":0,"enemies":"3 Sentries","floor":64,"turns":1},{"damage":0,"enemies":"Nightmare","floor":65,"turns":2},{"damage":0,"enemies":"Slime Boss","floor":67,"turns":1}],"seed_played":"2865466929596487383","potions_obtained":[{"floor":4,"key":"hexamod:EctoCoolerPotion"},{"floor":10,"key":"Strength Potion"},{"floor":12,"key":"sneckomod:MuddlingPotion"}],"is_trial":true,"path_per_floor":["M","?","$","M","T","E","E","E","T","E","$","E","E","?","R","B",null,"M","$","?","?","E","E","E","$","T","E","E","E","NM","M","R","B",null,"M","AVR","?","$","M","E","$","E","T","E","E","M","NM","?","R","B",null,"M","$","?","?","E","E","E","E","T","AVR","$","E","E","NM","R","B",null],"character_chosen":"The_Alterego","items_purchased":["BargainBundle","Dota2Spire:EyeOfSkadi","Replay:Wax Seal","hubris:EmptyBottle","infinitespire:ShieldingShard","Pet Ghost","Sling","Dota2Spire:HandOfMidas","CeramicFish","Quantum Egg","PrismaticShard","Membership Card","CaptainsWheel","Frozen Eye","hubris:CuriousFeather","Strange Spoon","aspiration:Nostalgia","MealTicket","Chemical X","infinitespire:EmpoweringShard","sneckomod:BlankCard","DollysMirror","Dota2Spire:OrchidMalevolence","Dota2Spire:Vanguard","Guardian:BottledAnomaly","hubris:OldNail","Dota2Spire:MaskOfMadness","alterego_mod:SistersRibbon","Pantograph","Guide Book","DemoMod:MeatBun","Blue Doll","hexamod:BolsterEngine","Dream Catcher"],"campfire_rested":4,"item_purchase_floors":[3,3,3,3,11,11,11,19,19,19,19,25,25,25,38,38,38,38,41,41,41,41,53,53,53,53,53,53,62,62,62,62,62,62],"current_hp_per_floor":[120,32,47,57,73,83,75,85,101,95,105,90,84,100,213,229,322,306,316,326,348,319,312,305,315,331,331,329,339,349,359,490,506,516,526,536,546,556,566,576,586,596,612,622,632,642,652,662,672,674,110,120,130,140,17,27,37,47,57,74,84,129,139,149,159,273,289,145,145],"gold":1115,"neow_bonus":"","is_daily":false,"chose_seed":false,"campfire_upgraded":0,"win_rate":0.0,"timestamp":1610145752,"path_taken":["M","?","$","?","?","E","E","E","T","E","?","E","?","?","R","BOSS","M","$","?","?","?","E","E","$","T","E","E","E","NM","M","R","BOSS","M","AVR","?","$","M","E","$","E","T","E","E","M","NM","?","R","BOSS","M","$","?","?","?","E","E","E","T","AVR","$","E","E","NM","R","BOSS"],"items_purchased_type":["Relic","Relic","Relic","Relic","Relic","Relic","Relic","Relic","Relic","Relic","Relic","Relic","Relic","Relic","Relic","Relic","Relic","Relic","Relic","Relic","Relic","Relic","Relic","Relic","Relic","Relic","Relic","Relic","Relic","Relic","Relic","Relic","Relic","Relic"],"build_version":"2020-12-22","purchased_purges":0,"victory":false,"max_hp_per_floor":[120,137,152,162,178,188,198,208,224,234,244,260,270,286,296,312,322,332,342,352,374,384,394,404,414,430,440,450,460,470,480,490,506,516,526,536,546,556,566,576,586,596,612,622,632,642,652,662,672,688,110,120,130,140,150,160,170,180,190,207,217,233,243,253,263,273,289,145,145],"card_choices":[{"not_picked":["ReplayTheSpireMod:Black Plague","infinitespire:FutureSight"],"picked":"infinitespire:UltimateForm","floor":21},{"not_picked":["Glass Knife"],"picked":"SKIP","floor":22},{"not_picked":["rmod:abidefaith"],"picked":"SKIP","floor":23},{"not_picked":["Slimebound:Teamwork"],"picked":"SKIP","floor":24},{"not_picked":["theSenshi:ChibiMoonsLove"],"picked":"SKIP","floor":27},{"not_picked":["hexamod:FifthSeal"],"picked":"SKIP","floor":28},{"not_picked":["Rainbow"],"picked":"SKIP","floor":29},{"not_picked":["Devotion"],"picked":"SKIP","floor":30},{"not_picked":["Devotion"],"picked":"SKIP","floor":30},{"not_picked":["theMarked:EternalStudent"],"picked":"SKIP","floor":40},{"not_picked":["ReplayTheSpireMod:From All Sides"],"picked":"SKIP","floor":42},{"not_picked":["Core Surge"],"picked":"SKIP","floor":44},{"not_picked":[],"picked":"hexamod:UnleashSpirits","floor":45},{"not_picked":["Bludgeon"],"picked":"SKIP","floor":47},{"not_picked":[],"picked":"infinitespire:Fortify","floor":51},{"not_picked":[],"picked":"Survey Options","floor":51},{"not_picked":["Grand Finale"],"picked":"SKIP","floor":56},{"not_picked":["Demonic Infusion"],"picked":"SKIP","floor":57},{"not_picked":["Guardian:GemFire"],"picked":"SKIP","floor":58},{"not_picked":["Blasphemy"],"picked":"SKIP","floor":59},{"not_picked":["Immolate"],"picked":"SKIP","floor":63},{"not_picked":["animator:Wiz"],"picked":"SKIP","floor":64},{"not_picked":["champ:EnchantShield"],"picked":"SKIP","floor":65},{"not_picked":["ReplayTheSpireMod:Chaos Vortex","ReplayTheSpireMod:??????????????????????"],"picked":"hubris:InfiniteBlow","floor":67}],"player_experience":76015,"relics_obtained":[{"floor":1,"key":"Dota2Spire:DivineRapier"},{"floor":4,"key":"theSenshi:SailorFukuRelic"},{"floor":5,"key":"ReplayFunnel"},{"floor":6,"key":"aspiration:DSix"},{"floor":7,"key":"Replay:Accelerometer"},{"floor":8,"key":"Lantern"},{"floor":9,"key":"Eternal Feather"},{"floor":10,"key":"infinitespire:Satchel"},{"floor":12,"key":"Ancient Tea Set"},{"floor":13,"key":"hubris:DeckOfHolding"},{"floor":18,"key":"aspiration:Lifesprig"},{"floor":22,"key":"aspiration:SeaSaltIceCream"},{"floor":23,"key":"Unceasing Top"},{"floor":24,"key":"infinitespire:PuzzleCube"},{"floor":26,"key":"Sundial"},{"floor":27,"key":"Dota2Spire:AghanimScepter"},{"floor":28,"key":"hubris:BundleOfHerbs"},{"floor":29,"key":"hubris:DuctTape"},{"floor":30,"key":"theSenshi:SuperSailorFukuRelic"},{"floor":31,"key":"DemoMod:MeltedRock"},{"floor":35,"key":"infinitespire:CheckeredPen"},{"floor":39,"key":"DemoMod:PoisonVial"},{"floor":40,"key":"DemoMod:ClearGuonStone"},{"floor":42,"key":"Dota2Spire:DrumOfEndurance"},{"floor":43,"key":"Replay:Rubber Ducky"},{"floor":44,"key":"DemoMod:OrangeGuonStone"},{"floor":45,"key":"DemoMod:Relodestone"},{"floor":46,"key":"infinitespire:Beetle Shell"},{"floor":47,"key":"hubris:ToyBattleship"},{"floor":52,"key":"conspire:TopHat"},{"floor":54,"key":"Boot"},{"floor":56,"key":"DemoMod:SerJunkan"},{"floor":57,"key":"DemoMod:WeirdEgg"},{"floor":58,"key":"DemoMod:Junk"},{"floor":59,"key":"infinitespire:Lucky Rock"},{"floor":60,"key":"Replay:Bandana"},{"floor":63,"key":"DemoMod:Junk"},{"floor":64,"key":"Akabeko"},{"floor":65,"key":"Garlic"}],"event_choices":[{"damage_healed":0,"gold_gain":0,"player_choice":"RE RE RE RE ","damage_taken":113,"relics_obtained":["DemoMod:MonsterBlood","Anchor","Dota2Spire:EchoSabre","Simple Rune"],"max_hp_gain":0,"max_hp_loss":0,"event_name":"betterSkull:BetterSkull","floor":2,"gold_loss":0,"cards_upgraded":[]},{"damage_healed":0,"gold_gain":175,"player_choice":"AGREE","damage_taken":0,"max_hp_gain":0,"max_hp_loss":0,"event_name":"Liars Game","floor":14,"gold_loss":0,"cards_obtained":["Doubt"]},{"damage_healed":0,"gold_gain":0,"player_choice":"Ignored","damage_taken":0,"max_hp_gain":0,"max_hp_loss":0,"event_name":"Beggar","floor":20,"gold_loss":0},{"damage_healed":0,"gold_gain":0,"player_choice":"RE RE RE RE ","damage_taken":141,"relics_obtained":["ReplayTheSpireMod:Lightbulb","Dota2Spire:LotusOrb","aspiration:ChemicalBlood","DeathKnight:PutricidesVial"],"max_hp_gain":0,"max_hp_loss":0,"event_name":"betterSkull:BetterSkull","floor":55,"gold_loss":0,"cards_upgraded":[]}],"is_beta":false,"boss_relics":[{"not_picked":["hubris:ScarierMask","conspire:RoyalGoblet"],"picked":"aspiration:DefectSkillbook"},{"not_picked":["energizedSpire:MagnifyingGlass","infinitespire:Cupcake"],"picked":"Fusion Hammer"},{"not_picked":["Pandora\u0027s Box","aspiration:FutureDiary"],"picked":"ReplayTheSpireMod:SealedPack"},{"not_picked":["Scatterbrain"],"picked":"BlightedDurian"}],"items_purged_floors":[],"is_endless":true,"potions_floor_spawned":[4,10,12,13,22,23,27,28,31,33,35,44,47,50,57,58,59,63,64,65],"ascension_level":0}}