{"host":"dtm4abeon6jfxj1d","time":1610082329,"event":{"mods":["BaseMod","Downfall","Minty Spire (QoL Compilation)","Rare Cards Sparkle","StSLib"],"gold_per_floor":[109,120,70,70,70,98,98,128,128,128,140,158,158,169,169,268,268,279,0,0,19,19,19,19],"floor_reached":23,"playtime":1260,"items_purged":[],"score":342,"play_id":"f2308091-7ba6-420f-ac9c-52e80816010e","local_time":"20210108000529","is_ascension_mode":true,"campfire_choices":[{"data":"Wish","floor":7.0,"key":"SMITH"},{"data":"Eruption","floor":10.0,"key":"SMITH"},{"data":"Adaptation","floor":15.0,"key":"SMITH"}],"circlet_count":0,"master_deck":["AscendersBane","Strike_P+1","Strike_P+1","Strike_P+1","Defend_P+1","Defend_P+1","Defend_P+1","Defend_P+1","Eruption+1","Vigilance","CutThroughFate","Wish+1","ThirdEye","Adaptation+1","DevaForm"],"relics":["PureWater","NeowsBlessing","Darkstone Periapt","Vajra","Strawberry","Juzu Bracelet","Velvet Choker","Gremlin Horn"],"acts_visited":["Exordium","TheCity"],"potions_floor_usage":[],"damage_taken":[{"damage":0.0,"enemies":"2 Louse","floor":1.0,"turns":1.0},{"damage":0.0,"enemies":"Small Slimes","floor":2.0,"turns":1.0},{"damage":0.0,"enemies":"Lagavulin","floor":6.0,"turns":1.0},{"damage":0.0,"enemies":"Jaw Worm","floor":11.0,"turns":5.0},{"damage":5.0,"enemies":"Exordium Wildlife","floor":12.0,"turns":8.0},{"damage":0.0,"enemies":"Large Slime","floor":14.0,"turns":3.0},{"damage":36.0,"enemies":"Hexaghost","floor":16.0,"turns":12.0},{"damage":9,"enemies":"Shell Parasite","floor":18,"turns":10},{"damage":3,"enemies":"Spheric Guardian","floor":21,"turns":6},{"damage":56,"enemies":"Book of Stabbing","floor":23,"turns":5}],"seed_played":"-6011875552218147754","potions_obtained":[{"floor":2.0,"key":"GamblersBrew"},{"floor":6.0,"key":"CultistPotion"},{"floor":21,"key":"Energy Potion"}],"is_trial":false,"path_per_floor":["M","M","?","?","$","E","R","?","T","R","M","M","?","M","R","B",null,"M","?","?","M","T","E"],"character_chosen":"WATCHER","items_purchased":[],"campfire_rested":0,"item_purchase_floors":[],"current_hp_per_floor":[65,65,65,62,62,62,62,69,69,69,69,64,48,48,48,12,62,53,53,53,50,50,0,0],"gold":19,"neow_bonus":"THREE_ENEMY_KILL","is_daily":false,"chose_seed":false,"campfire_upgraded":3,"win_rate":0.0,"timestamp":1610082329,"path_taken":["M","M","?","?","$","E","R","?","T","R","M","M","?","M","R","BOSS","M","?","?","M","?","E"],"items_purchased_type":[],"build_version":"2020-12-22","purchased_purges":0,"victory":false,"max_hp_per_floor":[72,72,72,72,72,72,72,79,79,79,79,79,79,79,79,79,79,79,79,79,79,79,79,79],"card_choices":[{"not_picked":["Halt","EmptyBody"],"picked":"CutThroughFate","floor":1.0},{"not_picked":["EmptyFist","Crescendo","FollowUp"],"picked":"SKIP","floor":2.0},{"not_picked":["WreathOfFlame","InnerPeace"],"picked":"Wish","floor":6.0},{"not_picked":["Halt","Pray"],"picked":"ThirdEye","floor":11.0},{"not_picked":["BowlingBash","Protect","Fasting2"],"picked":"SKIP","floor":12.0},{"not_picked":["ClearTheMind","Halt"],"picked":"Adaptation","floor":14.0},{"not_picked":["DeusExMachina","Blasphemy"],"picked":"DevaForm","floor":16.0},{"not_picked":["ThirdEye","CutThroughFate","Study"],"picked":"SKIP","floor":18},{"not_picked":["ThirdEye+1","Adaptation","TalkToTheHand"],"picked":"SKIP","floor":21}],"player_experience":183895,"relics_obtained":[{"floor":6.0,"key":"Vajra"},{"floor":9.0,"key":"Juzu Bracelet"},{"floor":22,"key":"Gremlin Horn"}],"event_choices":[{"cards_removed":["Strike_P"],"damage_healed":0.0,"max_hp_gain":0.0,"max_hp_loss":0.0,"gold_gain":0.0,"event_name":"The Cleric","player_choice":"Card Removal","floor":3.0,"gold_loss":50.0,"damage_taken":0.0},{"damage_healed":0.0,"max_hp_gain":0.0,"max_hp_loss":0.0,"gold_gain":0.0,"event_name":"Scrap Ooze","player_choice":"Success","floor":4.0,"gold_loss":0.0,"damage_taken":3.0,"relics_obtained":["Darkstone Periapt"]},{"damage_healed":0.0,"max_hp_gain":0.0,"max_hp_loss":0.0,"gold_gain":30.0,"event_name":"Dead Adventurer","player_choice":"Searched \u00272\u0027 times","floor":8.0,"gold_loss":0.0,"damage_taken":0.0,"relics_obtained":["Strawberry"]},{"damage_healed":0.0,"max_hp_gain":0.0,"max_hp_loss":0.0,"gold_gain":0.0,"event_name":"Shining Light","player_choice":"Entered Light","floor":13.0,"gold_loss":0.0,"damage_taken":16.0,"cards_upgraded":["Defend_P","Defend_P"]},{"damage_healed":0,"gold_gain":0,"player_choice":"Paid Fearfully","damage_taken":0,"max_hp_gain":0,"max_hp_loss":0,"event_name":"Masked Bandits","floor":19,"gold_loss":279},{"damage_healed":0,"gold_gain":0,"player_choice":"Simplicity","damage_taken":0,"max_hp_gain":0,"max_hp_loss":0,"event_name":"Back to Basics","floor":20,"gold_loss":0,"cards_upgraded":["Strike_P","Strike_P","Strike_P","Defend_P","Defend_P"]}],"is_beta":false,"boss_relics":[{"not_picked":["SacredBark","Coffee Dripper"],"picked":"Velvet Choker"}],"items_purged_floors":[],"is_endless":false,"potions_floor_spawned":[2,6,12,21],"killed_by":"Book of Stabbing","ascension_level":12}}