{"host":"uqbebr2vlnosvkft","time":1610146618,"event":{"mods":["AchievementEnabler","BaseMod","Minty Spire (QoL Compilation)"],"gold_per_floor":[111,111,123,142,15,15,10,10,10,42,58,70,80,30,30,128,128,145,156,96,109,136,164,179,179,204,204,129,129,129,29,29,127,127,145,160,174,174,174,205,205,205,230,243,243,261,136,136,136,136,136,136,136,166,166],"floor_reached":56,"playtime":3502,"items_purged":["Zap","Defend_B","Defend_B"],"score":1247,"play_id":"12fe4880-e138-4442-8830-77ab2c392a9d","local_time":"20210109015658","is_ascension_mode":false,"campfire_choices":[{"data":"Reprogram","floor":6,"key":"SMITH"},{"data":"Beam Cell","floor":15,"key":"SMITH"},{"data":"Reinforced Body","floor":25,"key":"SMITH"},{"data":"Hyperbeam","floor":27,"key":"SMITH"},{"floor":32,"key":"REST"},{"floor":41,"key":"REST"},{"data":"Conserve Battery","floor":45,"key":"SMITH"},{"floor":49,"key":"RECALL"},{"data":"Sweeping Beam","floor":52,"key":"SMITH"}],"circlet_count":0,"master_deck":["Defend_B","Reprogram+1","Beam Cell+1","Conserve Battery+1","Self Repair","Sweeping Beam+1","Melter","Hyperbeam+1","Reinforced Body+1","Seek","Machine Learning"],"relics":["Cracked Core","NeowsBlessing","White Beast Statue","Tiny Chest","Nuclear Battery","Gremlin Horn","Toy Ornithopter","Nilry\u0027s Codex","Empty Cage","Bottled Lightning","Mercury Hourglass","Happy Flower","Oddly Smooth Stone"],"acts_visited":["Exordium","TheCity","TheBeyond","TheEnding"],"potions_floor_usage":[8,10,16,18,23,54,55,55,55],"damage_taken":[{"damage":0,"enemies":"Jaw Worm","floor":1,"turns":1},{"damage":0,"enemies":"Cultist","floor":3,"turns":1},{"damage":0,"enemies":"2 Louse","floor":4,"turns":1},{"damage":10,"enemies":"Exordium Thugs","floor":7,"turns":5},{"damage":0,"enemies":"Lagavulin Event","floor":8,"turns":2},{"damage":40,"enemies":"3 Sentries","floor":10,"turns":16},{"damage":9,"enemies":"Gremlin Gang","floor":11,"turns":7},{"damage":12,"enemies":"3 Louse","floor":12,"turns":5},{"damage":6,"enemies":"Looter","floor":13,"turns":5},{"damage":20,"enemies":"Hexaghost","floor":16,"turns":9},{"damage":10,"enemies":"Chosen","floor":18,"turns":4},{"damage":22,"enemies":"Shell Parasite","floor":19,"turns":5},{"damage":13,"enemies":"Centurion and Healer","floor":21,"turns":5},{"damage":22,"enemies":"Book of Stabbing","floor":23,"turns":4},{"damage":0,"enemies":"Shelled Parasite and Fungi","floor":24,"turns":3},{"damage":43,"enemies":"Collector","floor":33,"turns":8},{"damage":18,"enemies":"3 Darklings","floor":35,"turns":3},{"damage":11,"enemies":"Orb Walker","floor":36,"turns":3},{"damage":0,"enemies":"3 Darklings","floor":37,"turns":3},{"damage":53,"enemies":"Giant Head","floor":40,"turns":9},{"damage":0,"enemies":"Jaw Worm Horde","floor":44,"turns":1},{"damage":0,"enemies":"Transient","floor":46,"turns":5},{"damage":30,"enemies":"Awakened One","floor":50,"turns":10},{"damage":34,"enemies":"Shield and Spear","floor":54,"turns":6},{"damage":67,"enemies":"The Heart","floor":55,"turns":13}],"seed_played":"-3360377796883632044","potions_obtained":[{"floor":1,"key":"SmokeBomb"},{"floor":2,"key":"FearPotion"},{"floor":2,"key":"Regen Potion"},{"floor":3,"key":"DuplicationPotion"},{"floor":10,"key":"DistilledChaos"},{"floor":11,"key":"Block Potion"},{"floor":16,"key":"FearPotion"},{"floor":18,"key":"Fruit Juice"},{"floor":19,"key":"BlessingOfTheForge"},{"floor":21,"key":"LiquidMemories"},{"floor":23,"key":"Fire Potion"},{"floor":33,"key":"CultistPotion"},{"floor":54,"key":"ColorlessPotion"}],"is_trial":false,"path_per_floor":["M","?","M","M","$","R","M","?","T","E","M","M","M","?","R","B",null,"M","M","?","M","T","E","M","R","T","R","$","?","?","$","R","B",null,"M","M","M","T","$","E","R","$","T","M","R","M","$","?","R","B",null,"R","$","E","B",null],"character_chosen":"DEFECT","items_purchased":["Conserve Battery","Self Repair"],"campfire_rested":2,"item_purchase_floors":[5,5],"current_hp_per_floor":[75,75,75,75,75,75,72,72,72,54,52,47,48,48,48,35,75,77,62,62,56,56,41,48,48,48,48,48,48,32,32,56,20,80,69,65,72,72,72,26,50,50,50,50,50,57,57,57,57,34,80,80,80,58,13],"gold":166,"neow_bonus":"THREE_ENEMY_KILL","is_daily":false,"chose_seed":false,"campfire_upgraded":6,"win_rate":0.0,"timestamp":1610146618,"path_taken":["M","?","M","M","$","R","?","?","T","E","M","M","M","?","R","BOSS","M","M","?","?","?","E","M","R","T","R","$","?","?","?","R","BOSS","M","M","M","?","$","E","R","$","T","M","R","M","$","?","R","BOSS","R","$","E","BOSS"],"items_purchased_type":["Card","Card"],"build_version":"2020-12-22","purchased_purges":3,"victory":true,"max_hp_per_floor":[75,75,75,75,75,75,75,75,75,75,75,75,75,75,75,75,75,80,80,80,80,80,80,80,80,80,80,80,80,80,80,80,80,80,80,80,80,80,80,80,80,80,80,80,80,80,80,80,80,80,80,80,80,80,80],"card_choices":[{"not_picked":["BootSequence","Heatsinks","Hologram"],"picked":"SKIP","floor":1},{"not_picked":["Coolheaded","Rip and Tear"],"picked":"Reprogram","floor":3},{"not_picked":["Recycle","Consume"],"picked":"Beam Cell","floor":4},{"not_picked":["Rebound","Blizzard","Loop"],"picked":"SKIP","floor":7},{"not_picked":["Recycle","Tempest","Core Surge"],"picked":"SKIP","floor":10},{"not_picked":["Blizzard","Barrage","Leap"],"picked":"SKIP","floor":11},{"not_picked":["Heatsinks","Steam"],"picked":"Sweeping Beam","floor":12},{"not_picked":["Steam","Barrage"],"picked":"Melter","floor":13},{"not_picked":["Buffer","Seek"],"picked":"Hyperbeam","floor":16},{"not_picked":["Leap","Stack","Rebound+1"],"picked":"SKIP","floor":18},{"not_picked":["Conserve Battery","Ball Lightning","Force Field"],"picked":"SKIP","floor":19},{"not_picked":["Melter+1","Hello World","Coolheaded"],"picked":"SKIP","floor":21},{"not_picked":["Reprogram","Gash"],"picked":"Reinforced Body","floor":23},{"not_picked":["Aggregate+1","FTL","White Noise"],"picked":"SKIP","floor":24},{"not_picked":["All For One","Fission"],"picked":"Seek","floor":33},{"not_picked":["Barrage","Coolheaded","Scrape+1"],"picked":"SKIP","floor":35},{"not_picked":["Storm+1","Genetic Algorithm","Turbo"],"picked":"SKIP","floor":36},{"not_picked":["Cold Snap","Go for the Eyes","Steam"],"picked":"SKIP","floor":37},{"not_picked":["Stack","Redo+1","Skim"],"picked":"SKIP","floor":40},{"not_picked":["Go for the Eyes+1","Hologram+1","Capacitor"],"picked":"SKIP","floor":44},{"not_picked":["Compile Driver","Lockon+1","Force Field"],"picked":"SKIP","floor":46},{"not_picked":["Barrage+1","Hologram"],"picked":"Machine Learning","floor":54}],"player_experience":250216,"relics_obtained":[{"floor":9,"key":"White Beast Statue"},{"floor":10,"key":"Tiny Chest"},{"floor":23,"key":"Gremlin Horn"},{"floor":26,"key":"Toy Ornithopter"},{"floor":30,"key":"Nilry\u0027s Codex"},{"floor":38,"key":"Bottled Lightning"},{"floor":40,"key":"Mercury Hourglass"},{"floor":43,"key":"Happy Flower"},{"floor":54,"key":"Oddly Smooth Stone"}],"event_choices":[{"damage_healed":0,"gold_gain":0,"player_choice":"Got Potions","damage_taken":0,"max_hp_gain":0,"max_hp_loss":0,"event_name":"Lab","floor":2,"gold_loss":0},{"damage_healed":0,"gold_gain":0,"player_choice":"Searched \u00271\u0027 times","damage_taken":0,"max_hp_gain":0,"max_hp_loss":0,"event_name":"Dead Adventurer","floor":8,"gold_loss":0},{"cards_removed":["Dualcast"],"damage_healed":0,"gold_gain":0,"player_choice":"Card Removal","damage_taken":0,"max_hp_gain":0,"max_hp_loss":0,"event_name":"The Cleric","floor":14,"gold_loss":50},{"cards_removed":["Strike_B"],"damage_healed":0,"gold_gain":0,"player_choice":"Single Remove","damage_taken":0,"max_hp_gain":0,"max_hp_loss":0,"event_name":"Designer","floor":20,"gold_loss":60},{"cards_removed":["Defend_B"],"damage_healed":0,"gold_gain":0,"player_choice":"Elegance","damage_taken":0,"max_hp_gain":0,"max_hp_loss":0,"event_name":"Back to Basics","floor":29,"gold_loss":0},{"damage_healed":0,"gold_gain":0,"player_choice":"Obtained Book","damage_taken":16,"max_hp_gain":0,"max_hp_loss":0,"event_name":"Cursed Tome","floor":30,"gold_loss":0},{"cards_removed":["Strike_B"],"damage_healed":0,"gold_gain":0,"player_choice":"Purged","damage_taken":0,"max_hp_gain":0,"max_hp_loss":0,"event_name":"Purifier","floor":48,"gold_loss":0}],"is_beta":false,"boss_relics":[{"not_picked":["Tiny House","SacredBark"],"picked":"Nuclear Battery"},{"not_picked":["FrozenCore","Sozu"],"picked":"Empty Cage"}],"items_purged_floors":[28,31,47],"is_endless":false,"potions_floor_spawned":[1,3,7,10,11,12,13,16,18,19,21,23,24,33,35,36,37,40,44,46,54],"ascension_level":0}}