{"host":"rz01j32460kf2mtw","time":1610114913,"event":{"mods":["BaseMod","Downfall","Minty Spire (QoL Compilation)","Quick Restart","StSLib"],"gold_per_floor":[99,118,135,1,12,0,78,111,126,155,184,207,219,231,257,269,269],"floor_reached":16,"playtime":1051,"items_purged":[],"score":139,"play_id":"de22966a-a4d5-4ce0-8007-0d342b1e52f9","local_time":"20210108070833","is_ascension_mode":false,"campfire_choices":[{"data":"bronze:Goto","floor":1,"key":"SMITH"}],"circlet_count":0,"master_deck":["bronze:Strike","bronze:Strike","bronze:Strike","bronze:Strike","bronze:Defend","bronze:Defend","bronze:Defend","bronze:Defend","bronze:Replicate","bronze:Goto+1","bronze:DelayedSlice","bronze:Terminator","bronze:Repulsor","bronze:RecursiveStrike","bronze:FineTuning","bronze:FineTuning","bronze:Terminator"],"relics":["bronze:BronzeCore","Matryoshka","FossilizedHelix","MawBank","bronze:SilverBullet","bronze:ProtectiveGoggles"],"acts_visited":["Exordium"],"potions_floor_usage":[8,15,15,16],"damage_taken":[{"damage":1,"enemies":"Cultist","floor":2,"turns":4},{"damage":3,"enemies":"Jaw Worm","floor":3,"turns":4},{"damage":5,"enemies":"downfall:FleeingMerchant","floor":4,"turns":4},{"damage":1,"enemies":"2 Louse","floor":5,"turns":2},{"damage":0,"enemies":"downfall:FleeingMerchant","floor":6,"turns":4},{"damage":25,"enemies":"Gremlin Nob","floor":8,"turns":5},{"damage":11,"enemies":"Exordium Thugs","floor":9,"turns":3},{"damage":0,"enemies":"Lagavulin","floor":10,"turns":5},{"damage":19,"enemies":"Large Slime","floor":11,"turns":7},{"damage":4,"enemies":"Blue Slaver","floor":12,"turns":4},{"damage":2,"enemies":"Exordium Wildlife","floor":15,"turns":3},{"damage":8,"enemies":"downfall:Defect","floor":16,"turns":4}],"seed_played":"-2234827338223450638","potions_obtained":[{"floor":3,"key":"EssenceOfSteel"},{"floor":8,"key":"bronze:FreeFunctionsPotion"},{"floor":9,"key":"DistilledChaos"},{"floor":12,"key":"sneckomod:MuddlingPotion"}],"is_trial":false,"path_per_floor":["R","M","M","$","M","$","T","E","M","E","M","M","?","T","M","B"],"character_chosen":"THE_AUTOMATON","items_purchased":["bronze:Terminator","bronze:Repulsor"],"campfire_rested":0,"item_purchase_floors":[4,4],"current_hp_per_floor":[77,76,73,68,67,67,67,42,31,31,12,8,8,8,6,0,0],"gold":269,"neow_bonus":"TEN_PERCENT_HP_BONUS","is_daily":false,"chose_seed":false,"campfire_upgraded":1,"win_rate":0.0,"timestamp":1610114913,"path_taken":["R","M","M","$","M","$","T","E","M","E","M","?","?","?","M","BOSS"],"items_purchased_type":["Card","Card"],"build_version":"2020-12-22","purchased_purges":0,"victory":false,"max_hp_per_floor":[77,77,77,77,77,77,77,77,77,77,77,77,77,77,77,77,77],"card_choices":[{"not_picked":["bronze:Shield","bronze:DelayedGuard","bronze:BronzeArmor"],"picked":"SKIP","floor":2},{"not_picked":["bronze:ForLoop","bronze:Deprecate","bronze:Philosophize"],"picked":"SKIP","floor":3},{"not_picked":["bronze:Shield","bronze:OilSpill"],"picked":"bronze:DelayedSlice","floor":4},{"not_picked":["bronze:FollowUp","bronze:Overheat","bronze:Separator"],"picked":"SKIP","floor":5},{"not_picked":["bronze:ItsAFeature","bronze:Backtrace"],"picked":"bronze:RecursiveStrike","floor":6},{"not_picked":["bronze:Turbo","bronze:Overheat"],"picked":"bronze:FineTuning","floor":8},{"not_picked":["bronze:Branch","bronze:CutThrough"],"picked":"bronze:FineTuning","floor":9},{"not_picked":["bronze:MaxOutput","bronze:Turbo","bronze:OilSpill"],"picked":"SKIP","floor":10},{"not_picked":["bronze:Allocate","bronze:Constructor"],"picked":"bronze:Terminator","floor":11},{"not_picked":["bronze:Shield","bronze:Format","bronze:DarkDash"],"picked":"SKIP","floor":12},{"not_picked":["bronze:Invalidate","bronze:WildBeam","bronze:Safeguard"],"picked":"SKIP","floor":15}],"player_experience":881996,"relics_obtained":[{"floor":7,"key":"Matryoshka"},{"floor":8,"key":"FossilizedHelix"},{"floor":10,"key":"MawBank"},{"floor":14,"key":"bronze:SilverBullet"},{"floor":14,"key":"bronze:ProtectiveGoggles"}],"event_choices":[],"is_beta":false,"boss_relics":[],"items_purged_floors":[],"is_endless":false,"potions_floor_spawned":[3,8,9,12],"killed_by":"downfall:Defect","ascension_level":0}}