{"host":"7bu9q13m6bmpbxjk","time":1610120204,"event":{"mods":["BaseMod","Colored Powertips","Highlight Path","Minty Spire (QoL Compilation)","Random Character Button","Relic Stats","StSLib"],"gold_per_floor":[210,11,11,26,26,26,26,26,26,101,101,125,466,489,489,620,620,638,657,678,692,394,394,412,412,412,502,515,534,552,284,284,284,284],"floor_reached":33,"playtime":1878,"items_purged":["Injury","Strike_B"],"score":249,"play_id":"0700cad9-9035-4fe0-b343-4e650b2e4b93","local_time":"20210108163644","is_ascension_mode":false,"campfire_choices":[{"data":"Chill","floor":6,"key":"SMITH"},{"data":"Glacier","floor":8,"key":"SMITH"},{"floor":11,"key":"REST"},{"floor":15,"key":"REST"},{"floor":23,"key":"REST"},{"floor":25,"key":"RECALL"},{"floor":32,"key":"REST"}],"circlet_count":0,"master_deck":["Strike_B+1","Strike_B+1","Strike_B+1","Defend_B","Defend_B","Defend_B","Defend_B","Zap","Dualcast","Rebound","Glacier+1","Streamline+1","Chill+1","Cold Snap","Defragment","Glacier","Melter","Defragment","Auto Shields","Defragment","Leap","Chill+1"],"relics":["Cracked Core","Membership Card","Golden Idol","White Beast Statue","Old Coin","Nuclear Battery","Singing Bowl","Dream Catcher","Cables","Oddly Smooth Stone","Whetstone","DollysMirror"],"acts_visited":["Exordium","TheCity"],"potions_floor_usage":[16,16,18,21,28,29,29,33,33,33],"damage_taken":[{"damage":1,"enemies":"Cultist","floor":1,"turns":3},{"damage":5,"enemies":"Small Slimes","floor":4,"turns":3},{"damage":0,"enemies":"2 Louse","floor":12,"turns":2},{"damage":21,"enemies":"Gremlin Nob","floor":13,"turns":5},{"damage":7,"enemies":"Large Slime","floor":14,"turns":7},{"damage":28,"enemies":"Hexaghost","floor":16,"turns":11},{"damage":10,"enemies":"3 Byrds","floor":18,"turns":5},{"damage":0,"enemies":"Spheric Guardian","floor":19,"turns":4},{"damage":30,"enemies":"Snecko","floor":20,"turns":6},{"damage":15,"enemies":"Shelled Parasite and Fungi","floor":21,"turns":7},{"damage":22,"enemies":"Chosen and Byrds","floor":24,"turns":8},{"damage":3,"enemies":"Snecko","floor":28,"turns":5},{"damage":3,"enemies":"Centurion and Healer","floor":29,"turns":6},{"damage":0,"enemies":"Sentry and Sphere","floor":30,"turns":7},{"damage":40,"enemies":"Champ","floor":33,"turns":15}],"seed_played":"-2132081088906003331","potions_obtained":[{"floor":4,"key":"DistilledChaos"},{"floor":12,"key":"Swift Potion"},{"floor":13,"key":"Explosive Potion"},{"floor":14,"key":"PotionOfCapacity"},{"floor":16,"key":"Swift Potion"},{"floor":18,"key":"EssenceOfSteel"},{"floor":19,"key":"Explosive Potion"},{"floor":21,"key":"BlessingOfTheForge"},{"floor":24,"key":"Block Potion"},{"floor":28,"key":"Block Potion"},{"floor":29,"key":"AttackPotion"},{"floor":30,"key":"Explosive Potion"}],"is_trial":false,"path_per_floor":["M","$","?","M","?","R","$","R","T","?","R","M","E","M","R","B",null,"M","M","M","M","$","R","M","R","T","?","M","M","M","$","R","B"],"character_chosen":"DEFECT","items_purchased":["Membership Card","Glacier","Streamline","Defragment","Singing Bowl","Dream Catcher","Leap","Oddly Smooth Stone","Whetstone","DollysMirror"],"campfire_rested":4,"item_purchase_floors":[2,2,2,22,22,22,22,31,31,31],"current_hp_per_floor":[74,74,74,69,54,54,54,54,54,43,65,65,44,37,59,31,75,65,65,35,20,20,44,24,24,24,12,11,10,12,12,39,0,0],"gold":284,"neow_bonus":"HUNDRED_GOLD","is_daily":false,"chose_seed":false,"campfire_upgraded":2,"win_rate":0.0,"timestamp":1610120204,"path_taken":["M","?","?","M","?","R","$","R","T","?","R","?","E","M","R","BOSS","M","M","M","M","$","R","M","R","T","?","M","M","?","?","R","BOSS"],"items_purchased_type":["Relic","Card","Card","Card","Relic","Relic","Card","Relic","Relic","Relic"],"build_version":"2020-12-22","purchased_purges":2,"victory":false,"max_hp_per_floor":[75,75,75,75,75,75,75,75,75,75,75,75,75,75,75,75,75,75,75,75,75,75,77,79,79,79,79,81,83,85,85,87,87,87],"relic_stats":{"Dream Catcher":2,"Singing Bowl":12,"counters":[15,94],"Golden Idol":77,"Whetstone":["Strike_B","Strike_B"],"obtain_stats":[{"Dream Catcher":22,"Singing Bowl":22,"Golden Idol":3,"DollysMirror":31,"Oddly Smooth Stone":31,"Membership Card":2,"Whetstone":31,"Cracked Core":0,"White Beast Statue":9,"Old Coin":13,"Nuclear Battery":17,"Cables":26},{"Dream Catcher":10,"Singing Bowl":10,"Golden Idol":1,"DollysMirror":14,"Oddly Smooth Stone":14,"Membership Card":1,"Whetstone":14,"Cracked Core":0,"White Beast Statue":2,"Old Coin":4,"Nuclear Battery":6,"Cables":11},{"Dream Catcher":53,"Singing Bowl":53,"Golden Idol":3,"DollysMirror":79,"Oddly Smooth Stone":79,"Membership Card":3,"Whetstone":79,"Cracked Core":0,"White Beast Statue":6,"Old Coin":13,"Nuclear Battery":31,"Cables":61}],"Cables":[30,6,19,0,5]},"card_choices":[{"not_picked":["Sweeping Beam","Reprogram"],"picked":"Rebound","floor":1},{"not_picked":["Chaos","Barrage"],"picked":"Chill","floor":4},{"not_picked":["Go for the Eyes","Barrage"],"picked":"Cold Snap","floor":12},{"not_picked":["Go for the Eyes","Genetic Algorithm"],"picked":"Defragment","floor":13},{"not_picked":["Hello World","Barrage"],"picked":"Glacier","floor":14},{"not_picked":["Streamline+1","Double Energy"],"picked":"Melter","floor":18},{"not_picked":["Darkness","Rip and Tear+1"],"picked":"Defragment","floor":19},{"not_picked":["Compile Driver","Ball Lightning","Gash"],"picked":"SKIP","floor":20},{"not_picked":["Hologram","Reprogram"],"picked":"Auto Shields","floor":21},{"not_picked":["Double Energy+1","Steam","Ball Lightning+1"],"picked":"Singing Bowl","floor":23},{"not_picked":["Stack","Skim","Coolheaded+1"],"picked":"Singing Bowl","floor":24},{"not_picked":["Heatsinks","Compile Driver","Conserve Battery"],"picked":"Singing Bowl","floor":28},{"not_picked":["Loop","Stack+1","Cold Snap"],"picked":"Singing Bowl","floor":29},{"not_picked":["Ball Lightning","Reprogram","Streamline"],"picked":"Singing Bowl","floor":30},{"not_picked":["Melter","Turbo","Hologram+1"],"picked":"Singing Bowl","floor":32}],"player_experience":522653,"relics_obtained":[{"floor":9,"key":"White Beast Statue"},{"floor":13,"key":"Old Coin"},{"floor":26,"key":"Cables"}],"event_choices":[{"damage_healed":0,"gold_gain":0,"player_choice":"Take Wound","damage_taken":0,"relics_obtained":["Golden Idol"],"max_hp_gain":0,"max_hp_loss":0,"event_name":"Golden Idol","floor":3,"gold_loss":0,"cards_obtained":["Injury"]},{"damage_healed":0,"gold_gain":0,"player_choice":"Entered Light","damage_taken":15,"max_hp_gain":0,"max_hp_loss":0,"event_name":"Shining Light","floor":5,"gold_loss":0,"cards_upgraded":["Strike_B","Streamline"]},{"damage_healed":0,"gold_gain":75,"player_choice":"Gather Gold","damage_taken":11,"max_hp_gain":0,"max_hp_loss":0,"event_name":"World of Goop","floor":10,"gold_loss":0},{"damage_healed":0,"gold_gain":90,"player_choice":"GOLD ","damage_taken":12,"max_hp_gain":0,"max_hp_loss":0,"event_name":"Knowing Skull","floor":27,"potions_obtained":[],"gold_loss":0,"cards_obtained":[]}],"is_beta":false,"boss_relics":[{"not_picked":["Busted Crown","Snecko Eye"],"picked":"Nuclear Battery"}],"items_purged_floors":[22,31],"is_endless":false,"potions_floor_spawned":[4,12,13,14,16,18,19,20,21,24,28,29,30],"killed_by":"Champ","ascension_level":0}}