{"host":"ln76an1o32p2wxtf","time":1610119546,"event":{"mods":["AchievementEnabler","Act Like it!","BaseMod","BetterRewards","Colored Powertips","Energized Spire","GifTheSpireLib","Infinite Spire","Minty Spire (QoL Compilation)","Shop Mod","StSLib"],"gold_per_floor":[115,130,80,80,98,125,135,135,135,153,183,183,214,214,214,309,309,291,291,291,307,322,348,366,366,435,445,445,485,322,351,351,455,509,531,531,299,310,369,400,400,429,429,443,462,481,522,872,872,872],"floor_reached":51,"playtime":3936,"items_purged":["Strike_G","Strike_G","Flechettes"],"score":861,"play_id":"1c72d4e8-201b-4e1d-9b4c-28a5f4c90a5d","local_time":"20210108232546","is_ascension_mode":true,"campfire_choices":[{"floor":8.0,"key":"REST"},{"floor":12.0,"key":"REST"},{"floor":15.0,"key":"REST"},{"floor":25.0,"key":"REST"},{"data":"A Thousand Cuts","floor":28.0,"key":"SMITH"},{"floor":32.0,"key":"REST"},{"floor":41.0,"key":"RECALL"},{"floor":49,"key":"REST"}],"circlet_count":0,"master_deck":["Survivor","Neutralize","Cloak And Dagger","Noxious Fumes+1","Dodge and Roll","Venomology","Infinite Blades","Calculated Gamble","Accuracy","A Thousand Cuts+1","Noxious Fumes+1","All Out Attack","infinitespire:TheBestDefense","Crippling Poison","After Image","Accuracy","Cloak And Dagger","Catalyst+1","Storm of Steel","Expertise","Venomology","Backflip","Caltrops","Prepared","Venomology","Accuracy","Concentrate","Infinite Blades+1","Accuracy"],"relics":["Ring of the Snake","WingedGreaves","Bottled Tornado","Matryoshka","Bag of Marbles","energizedSpire:OgreHead","Philosopher\u0027s Stone","Toy Ornithopter","CeramicFish","White Beast Statue","infinitespire:Beetle Shell","Pandora\u0027s Box","Dead Branch","infinitespire:Bottled Soul","Centennial Puzzle","Orichalcum","Lizard Tail","Akabeko","Old Coin"],"acts_visited":["Exordium","TheCity","TheBeyond"],"potions_floor_usage":[42,42,42,42,42,44,44,44,44,45,45,45,45,45,46,46,47,47,47,48,48,48,48,48,50,50,50],"damage_taken":[{"damage":0.0,"enemies":"Small Slimes","floor":1.0,"turns":6.0},{"damage":0.0,"enemies":"2 Louse","floor":2.0,"turns":3.0},{"damage":0.0,"enemies":"Cultist","floor":5.0,"turns":4.0},{"damage":73.0,"enemies":"Gremlin Nob","floor":6.0,"turns":8.0},{"damage":0.0,"enemies":"Looter","floor":7.0,"turns":4.0},{"damage":8.0,"enemies":"Exordium Thugs","floor":10.0,"turns":6.0},{"damage":8.0,"enemies":"Lagavulin","floor":11.0,"turns":7.0},{"damage":13.0,"enemies":"3 Sentries","floor":13.0,"turns":6.0},{"damage":14.0,"enemies":"Hexaghost","floor":16.0,"turns":11.0},{"damage":15.0,"enemies":"2 Thieves","floor":18.0,"turns":5.0},{"damage":16.0,"enemies":"Chosen","floor":21.0,"turns":6.0},{"damage":6.0,"enemies":"Shelled Parasite and Fungi","floor":22.0,"turns":5.0},{"damage":13.0,"enemies":"Book of Stabbing","floor":23.0,"turns":5.0},{"damage":9.0,"enemies":"Sentry and Sphere","floor":24.0,"turns":5.0},{"damage":3.0,"enemies":"Snecko","floor":27.0,"turns":4.0},{"damage":40.0,"enemies":"Slavers","floor":29.0,"turns":3.0},{"damage":10.0,"enemies":"Chosen and Byrds","floor":31.0,"turns":4.0},{"damage":11.0,"enemies":"Champ","floor":33.0,"turns":7.0},{"damage":31.0,"enemies":"3 Darklings","floor":35.0,"turns":5.0},{"damage":0.0,"enemies":"3 Shapes","floor":38.0,"turns":3.0},{"damage":16.0,"enemies":"Mind Bloom Boss Battle","floor":39.0,"turns":5.0},{"damage":11.0,"enemies":"Nemesis","floor":40.0,"turns":5.0},{"damage":60,"enemies":"Reptomancer","floor":42,"turns":6},{"damage":7,"enemies":"Jaw Worm Horde","floor":44,"turns":3},{"damage":25,"enemies":"Transient","floor":45,"turns":5},{"damage":0,"enemies":"4 Shapes","floor":46,"turns":2},{"damage":28,"enemies":"Nemesis","floor":47,"turns":5},{"damage":32,"enemies":"2 Orb Walkers","floor":48,"turns":3},{"damage":30,"enemies":"Awakened One","floor":50,"turns":5}],"seed_played":"7151232929417967943","potions_obtained":[{"floor":6.0,"key":"SkillPotion"},{"floor":10.0,"key":"Block Potion"},{"floor":13.0,"key":"SpeedPotion"},{"floor":21.0,"key":"SteroidPotion"},{"floor":22.0,"key":"Strength Potion"},{"floor":23.0,"key":"Fire Potion"},{"floor":27.0,"key":"EssenceOfSteel"},{"floor":29.0,"key":"Strength Potion"},{"floor":31.0,"key":"Poison Potion"},{"floor":33.0,"key":"AttackPotion"},{"floor":35.0,"key":"ColorlessPotion"},{"floor":38.0,"key":"Dexterity Potion"},{"floor":39.0,"key":"FearPotion"},{"floor":40.0,"key":"LiquidBronze"},{"floor":42,"key":"Dexterity Potion"},{"floor":44,"key":"Dexterity Potion"},{"floor":45,"key":"ColorlessPotion"},{"floor":46,"key":"Strength Potion"},{"floor":47,"key":"PowerPotion"},{"floor":48,"key":"Regen Potion"}],"is_trial":false,"path_per_floor":["M","M","?","?","M","E","M","R","T","M","E","R","E","?","R","B",null,"M","?","AVR","M","M","E","M","R","T","M","R","E","$","M","R","B",null,"M","?","$","M","?","E","R","E","T","M","M","M","E","?","R","B",null],"character_chosen":"THE_SILENT","items_purchased":["Accuracy","Cloak And Dagger","Venomology","Accuracy"],"campfire_rested":6,"item_purchase_floors":[30,30,37,37],"current_hp_per_floor":[77,77,77,77,77,4,4,27,27,19,11,34,21,21,44,30,77,62,62,62,46,40,27,23,46,46,53,53,28,28,23,46,50,77,51,51,51,61,60,64,64,39,39,52,52,62,49,42,65,64],"gold":872,"neow_bonus":"TEN_PERCENT_HP_BONUS","is_daily":false,"chose_seed":false,"campfire_upgraded":1,"win_rate":0.0,"timestamp":1610119546,"path_taken":["M","M","?","?","M","E","M","R","T","?","E","R","E","?","R","BOSS","M","?","AVR","M","M","E","?","R","T","M","R","E","$","?","R","BOSS","M","?","$","M","?","E","R","E","T","M","M","M","E","?","R","BOSS"],"items_purchased_type":["Card","Card","Card","Card"],"build_version":"2020-12-22","purchased_purges":3,"victory":true,"max_hp_per_floor":[77,77,77,77,77,77,77,77,77,77,77,77,77,77,77,77,77,77,77,77,77,77,77,77,77,77,77,77,77,77,77,77,77,77,77,77,77,77,77,77,77,77,77,77,77,77,77,77,77,77],"card_choices":[{"not_picked":["Sucker Punch","Expertise"],"picked":"Cloak And Dagger","floor":1.0},{"not_picked":["Bane","Slice"],"picked":"Noxious Fumes","floor":2.0},{"not_picked":["Dash","Underhanded Strike"],"picked":"Dodge and Roll","floor":5.0},{"not_picked":["Dodge and Roll","PiercingWail"],"picked":"Venomology","floor":6.0},{"not_picked":["Poisoned Stab","Setup"],"picked":"Infinite Blades","floor":7.0},{"not_picked":["Outmaneuver","Leg Sweep"],"picked":"Calculated Gamble","floor":10.0},{"not_picked":["Quick Slash","Catalyst"],"picked":"Accuracy","floor":11.0},{"not_picked":["Tactician","Eviscerate","Escape Plan"],"picked":"SKIP","floor":13.0},{"not_picked":["Venomology","Doppelganger"],"picked":"A Thousand Cuts","floor":16.0},{"not_picked":["Masterful Stab","Eviscerate"],"picked":"Noxious Fumes+1","floor":18.0},{"not_picked":["Underhanded Strike","Deadly Poison+1"],"picked":"Crippling Poison","floor":21.0},{"not_picked":["Backflip","Dagger Spray","Outmaneuver"],"picked":"SKIP","floor":22.0},{"not_picked":["Finisher+1","Sucker Punch","Bullet Time"],"picked":"SKIP","floor":23.0},{"not_picked":["Backflip","Skewer","Poisoned Stab"],"picked":"SKIP","floor":24.0},{"not_picked":["Sucker Punch","Dagger Throw+1","All Out Attack"],"picked":"SKIP","floor":27.0},{"not_picked":["Dash","Endless Agony"],"picked":"After Image","floor":29.0},{"not_picked":["Well Laid Plans","Poisoned Stab"],"picked":"Catalyst+1","floor":31.0},{"not_picked":["A Thousand Cuts","Adrenaline"],"picked":"Storm of Steel","floor":33.0},{"not_picked":["Choke","Heel Hook"],"picked":"Prepared","floor":35.0},{"not_picked":["Quick Slash+1","Flying Knee","Masterful Stab+1"],"picked":"SKIP","floor":38.0},{"not_picked":["Flying Knee","Quick Slash"],"picked":"Concentrate","floor":39.0},{"not_picked":["Bane+1","Dagger Throw","Setup"],"picked":"SKIP","floor":40.0},{"not_picked":["Setup","Backstab","Riddle With Holes"],"picked":"SKIP","floor":42},{"not_picked":["Tools of the Trade","Expertise","Finisher+1"],"picked":"SKIP","floor":44},{"not_picked":["Crippling Poison","Escape Plan+1"],"picked":"Infinite Blades+1","floor":45},{"not_picked":["Dagger Throw+1","Backflip+1","Dodge and Roll+1"],"picked":"SKIP","floor":46},{"not_picked":["Bouncing Flask+1","Deadly Poison+1"],"picked":"Accuracy","floor":47}],"player_experience":708618,"relics_obtained":[{"floor":6.0,"key":"WingedGreaves"},{"floor":9.0,"key":"Bottled Tornado"},{"floor":11.0,"key":"Matryoshka"},{"floor":13.0,"key":"Bag of Marbles"},{"floor":23.0,"key":"Toy Ornithopter"},{"floor":26.0,"key":"CeramicFish"},{"floor":26.0,"key":"White Beast Statue"},{"floor":29.0,"key":"infinitespire:Beetle Shell"},{"floor":39.0,"key":"Dead Branch"},{"floor":40.0,"key":"infinitespire:Bottled Soul"},{"floor":42,"key":"Centennial Puzzle"},{"floor":43,"key":"Orichalcum"},{"floor":43,"key":"Lizard Tail"},{"floor":47,"key":"Akabeko"},{"floor":48,"key":"Old Coin"}],"event_choices":[{"cards_removed":["Strike_G"],"damage_healed":0.0,"max_hp_gain":0.0,"max_hp_loss":0.0,"gold_gain":0.0,"event_name":"The Cleric","player_choice":"Card Removal","floor":3.0,"gold_loss":50.0,"damage_taken":0.0},{"damage_healed":0.0,"max_hp_gain":0.0,"max_hp_loss":0.0,"gold_gain":0.0,"event_name":"Accursed Blacksmith","player_choice":"Forge","floor":4.0,"gold_loss":0.0,"damage_taken":0.0,"cards_upgraded":["Noxious Fumes"]},{"damage_healed":0.0,"max_hp_gain":0.0,"max_hp_loss":0.0,"gold_gain":0.0,"event_name":"NoteForYourself","player_choice":"Ignored","floor":14.0,"gold_loss":0.0,"damage_taken":0.0},{"damage_healed":0.0,"max_hp_gain":0.0,"max_hp_loss":0.0,"gold_gain":0.0,"cards_transformed":["Strike_G"],"event_name":"Transmorgrifier","player_choice":"Transformed","floor":19.0,"gold_loss":0.0,"damage_taken":0.0,"cards_obtained":["All Out Attack"]},{"cards_removed":["Bouncing Flask"],"damage_healed":0.0,"max_hp_gain":0.0,"max_hp_loss":0.0,"gold_gain":0.0,"event_name":"Falling","player_choice":"Removed Skill","floor":36.0,"gold_loss":0.0,"damage_taken":0.0},{"damage_healed":0.0,"max_hp_gain":0.0,"max_hp_loss":0.0,"gold_gain":0.0,"event_name":"MindBloom","player_choice":"Fight","floor":39.0,"gold_loss":0.0,"damage_taken":0.0},{"damage_healed":0,"gold_gain":0,"player_choice":"Fight","damage_taken":0,"max_hp_gain":0,"max_hp_loss":0,"event_name":"Mysterious Sphere","floor":48,"gold_loss":0}],"is_beta":false,"boss_relics":[{"not_picked":["Runic Pyramid","energizedSpire:NeverEndingSparkler"],"picked":"energizedSpire:OgreHead"},{"not_picked":["energizedSpire:RedRose","Runic Dome"],"picked":"Pandora\u0027s Box"}],"items_purged_floors":[20,30,37],"is_endless":false,"potions_floor_spawned":[6,10,13,21,22,23,27,29,31,33,35,38,39,40,42,44,45,46,47,48],"ascension_level":1}}