{"host":"vhikgave70uorr7d","time":1610070772,"event":{"mods":["100% Spire Juice","AchievementEnabler","Act Like it!","Ascension Reborn","Ascension Unlocker","BaseMod","Beaked The Cultist","Bestiary","Better Altar","Better Match","Better Note","Better Sensory Stone","Better Skull","Better Third Choice","BetterRewards","ChefMod","Colored Powertips","Custom Start","Dark Map","Defuse TimeMaze Blight","Downfall","Energized Spire","Evolution","GifTheSpireLib","Hallownest","Hermit","Hero for Fun","Highlight Path","Hubris","Infinite Spire","Luminous","Marisa????????","Minty Spire (QoL Compilation)","MostiFishMod","Permanent Neow","Poor People Problems","Quick Restart","Rare Cards Sparkle","Relic Filter","Remove Card Discount Mod","Replay The Spire","Shade Mod","Small Relic Pack","Spicy Shops","StSLib","Swap Starting Deck Mod","The Alterego","The Bladedancer","The Blue Laboratory","The Bug Knight","The Construct","The Cursed","The Hayseed","The Hierophant","The Mystic","The Necromancer","The Runesmith","The Servant 0.9.4","The Vixen","The Wild Card","TheSwordswoman","TheVacant","Transform Curses"],"gold_per_floor":[119,119,119,119,134,167,107,133,133,160,160,160,191,191,191,286,486,502,502,513,513,245,270,305,332,332,332,332],"floor_reached":27,"playtime":4719,"items_purged":["blademaster:Defend","blademaster:Defend","blademaster:Strike","blademaster:Strike"],"score":443,"play_id":"ba82b56b-2b32-4b16-b491-57bc1b1921e0","local_time":"20210107205252","daily_mods":["Flight","DeadlyEvents","Elite Swarm"],"is_ascension_mode":false,"campfire_choices":[{"data":"blademaster:AspectOfLightning","floor":15,"key":"SMITH"}],"circlet_count":0,"master_deck":["blademaster:RagingBlow","blademaster:HighVoltage","blademaster:AspectOfWind+1","blademaster:AspectOfLightning+1","blademaster:Defend+1","blademaster:Defend","blademaster:Strike","blademaster:Strike","blademaster:ThreePointStrike","blademaster:Momentum","blademaster:FlockOfBlades+1","blademaster:DragonStrike","blademaster:RagingBlow","blademaster:StanceMastery","blademaster:ColdBlood","blademaster:Empower+1","blademaster:BladeCross","blademaster:ParryingStrike","blademaster:Momentum","blademaster:BladeDance","blademaster:ThreePointStrike"],"relics":["blademaster:DancersAmulet","EVO:Axolotl","DaveBox","beaked:BlessedCoat","infinitespire:EmpoweringShard","infinitespire:FocusingShard","Ice Cream","infinitespire:WardingShard","infinitespire:ShieldingShard","ChiXiaoBlade","SynthV:TestCard","NeowsBlessing","CaptainsWheel","hubris:MobiusCoin","Guardian:GemstoneGun","Torii","Hallownest:DreamNailRelic","SynthV:C4","EGODaCapo","Tiny House","Orichalcum","The Courier","Pen Nib","Lantern","DSteel32","hubris:Towel","infinitespire:Satchel","hubris:PeanutButter","Replay:Bottled Flurry","hubris:GlazedTorus","hubris:TinFlute"],"acts_visited":["Hallownest:Greenpath","Hallownest:CityofTears"],"potions_floor_usage":[],"damage_taken":[{"damage":0,"enemies":"Hallownest:2_MossCreeps","floor":1,"turns":4},{"damage":0,"enemies":"Hallownest:2_Tiktiks_and_1_Crawlid","floor":5,"turns":2},{"damage":0,"enemies":"Hallownest:eliteCrystalGuardian","floor":6,"turns":1},{"damage":2,"enemies":"Hallownest:eliteMossKnight","floor":8,"turns":2},{"damage":0,"enemies":"Hallownest:eliteVengeflyKing","floor":10,"turns":3},{"damage":0,"enemies":"Hallownest:eliteMossKnight","floor":13,"turns":1},{"damage":21,"enemies":"Hallownest:BossHornet","floor":16,"turns":5},{"damage":0,"enemies":"Hallownest:2_Mistakes","floor":18,"turns":1},{"damage":0,"enemies":"Hallownest:3_Youths","floor":20,"turns":2},{"damage":0,"enemies":"Hallownest:eliteWatcherKnight","floor":23,"turns":5},{"damage":0,"enemies":"Hallownest:Nosk","floor":24,"turns":2},{"damage":0,"enemies":"Hallownest:eliteSoulWarrior","floor":25,"turns":2},{"damage":0,"enemies":"Hallownest:eliteWatcherKnight","floor":27,"turns":4}],"seed_played":"1590775599094645943","potions_obtained":[{"floor":8,"key":"blueLaboratory:ExaltedPotion"},{"floor":10,"key":"Adrenaline Potion"},{"floor":13,"key":"Energy Potion"}],"is_trial":true,"path_per_floor":["M","WH","WH","WH","M","E","$","E","T","E","?","WH","E","WH","R","B",null,"M","?","M","WH","$","E","E","E","T","E"],"character_chosen":"THE_BLADEMASTER","items_purchased":["blademaster:DragonStrike","Pen Nib","Lantern"],"campfire_rested":0,"item_purchase_floors":[7,22,22],"current_hp_per_floor":[75,75,75,75,75,75,75,75,75,75,75,82,82,72,72,78,87,87,87,87,87,87,87,87,87,87,87,87],"gold":332,"neow_bonus":"RANDOM_COMMON_RELIC","is_daily":false,"chose_seed":false,"campfire_upgraded":1,"win_rate":0.0,"timestamp":1610070772,"path_taken":["M","WH","WH","WH","M","E","?","E","T","E","?","WH","E","WH","R","BOSS","M","?","?","WH","$","E","E","E","T","E"],"items_purchased_type":["Card","Relic","Relic"],"build_version":"2020-12-22","purchased_purges":4,"victory":false,"max_hp_per_floor":[75,75,75,75,75,75,75,75,75,75,75,82,82,82,82,82,87,87,87,87,87,87,87,87,87,87,87,87],"card_choices":[{"not_picked":["blademaster:Frenzy","blademaster:SharpBlades"],"picked":"blademaster:BladeMastery","floor":1},{"not_picked":["blademaster:Stability","blademaster:Frenzy","blademaster:Reversal","blademaster:ChargingUp"],"picked":"blademaster:Momentum","floor":5},{"not_picked":["blademaster:HighVoltage","blademaster:CloudOfSteel","blademaster:StanceMastery","blademaster:ThreePointStrike"],"picked":"blademaster:FlockOfBlades","floor":6},{"not_picked":["blademaster:FuryOfTheElements","blademaster:StanceMastery","blademaster:CloudOfSteel","blademaster:FlockOfBlades"],"picked":"blademaster:RagingBlow","floor":8},{"not_picked":["blademaster:FuryOfTheElements","blademaster:RagingBlow","blademaster:HighVoltage","blademaster:Blindside"],"picked":"blademaster:StanceMastery","floor":10},{"not_picked":["blademaster:RagingBlow","blademaster:Empower","blademaster:ThreePointStrike","blademaster:RollingTyphoon"],"picked":"blademaster:ColdBlood","floor":13},{"not_picked":["blademaster:EnchantedCuirass","blademaster:Flash","blademaster:StanceMastery","blademaster:CloudOfSteel"],"picked":"blademaster:Empower","floor":16},{"not_picked":["blademaster:AspectOfLightning","blademaster:Sunder","blademaster:Reversal","blademaster:Cut"],"picked":"blademaster:BladeCross","floor":17},{"not_picked":["blademaster:DancingEdge","blademaster:Quickness+1","blademaster:Havoc","blademaster:Hailwind"],"picked":"blademaster:ParryingStrike","floor":18},{"not_picked":["blademaster:ThunderingOpener","blademaster:BladeMastery","blademaster:ParryingStrike","blademaster:EnchantedCuirass"],"picked":"blademaster:Momentum","floor":20},{"not_picked":["blademaster:ThreePointStrike","blademaster:EnchantedCuirass","blademaster:Blindside","blademaster:RollingTyphoon"],"picked":"blademaster:BladeDance","floor":23},{"not_picked":["blademaster:LightningDraw","blademaster:CloudOfSteel","blademaster:UnrelentingWind","blademaster:Flash","blademaster:FlockOfBlades"],"picked":"SKIP","floor":24},{"not_picked":["blademaster:FuryOfTheElements","blademaster:HighVoltage","blademaster:StanceMastery","blademaster:RollingTyphoon"],"picked":"blademaster:ThreePointStrike","floor":25}],"player_experience":358200,"relics_obtained":[{"floor":1,"key":"SynthV:TestCard"},{"floor":6,"key":"blademaster:StrongPerk"},{"floor":6,"key":"CaptainsWheel"},{"floor":8,"key":"hubris:MobiusCoin"},{"floor":8,"key":"blademaster:OnAttackedChargePerk"},{"floor":9,"key":"Guardian:GemstoneGun"},{"floor":10,"key":"blademaster:FinisherDrawCardPerk"},{"floor":10,"key":"Torii"},{"floor":13,"key":"SynthV:C4"},{"floor":13,"key":"blademaster:BonusFuryPerk"},{"floor":23,"key":"hubris:PeanutButter"},{"floor":23,"key":"blademaster:ComboEveryTurnPerk"},{"floor":24,"key":"blademaster:WindChargePerk"},{"floor":24,"key":"Replay:Bottled Flurry"},{"floor":25,"key":"blademaster:LightningChargePerk"},{"floor":25,"key":"hubris:GlazedTorus"},{"floor":26,"key":"hubris:TinFlute"}],"event_choices":[],"is_beta":false,"boss_relics":[{"not_picked":["relicPack:KazumaCape","energizedSpire:CursedPentagram"],"picked":"Tiny House"}],"items_purged_floors":[7,7,7,7],"is_endless":false,"potions_floor_spawned":[8,10,13,18,24,25],"killed_by":"Hallownest:eliteWatcherKnight","ascension_level":0}}