{"host":"l84l8xigz5v5foa2","time":1610082695,"event":{"mods":["2.2 Compatiblity","AchievementEnabler","BaseMod","Better Note","Better Vampires","Card Filter","Colored Map","DeckTracker","Downfall","Gremlin Skip","Highlight Path","Keyboard Shortcuts","Minty Spire (QoL Compilation)","Permanent Neow","Quick Restart","Relic Filter","Relic Stats","StSLib","SuperFastMode","Transform Curses","Unknown Chances"],"gold_per_floor":[0,11,28,28,28,46,46,46,31,131,131,157,157,172,184,257,257,257,269,279,297,312,331,331,331,360,379,390,68,82,3,17,17,17,17],"floor_reached":33,"playtime":3364,"items_purged":[],"score":546,"play_id":"d13f3030-e4c6-4f69-ae14-f087c23813b1","local_time":"20210108141135","is_ascension_mode":true,"campfire_choices":[{"data":"Guardian:CurlUp","floor":1.0,"key":"SMITH"},{"data":"Guardian:PolyBeam","floor":11.0,"key":"SMITH"},{"data":"Guardian:PiercingHide","floor":13.0,"key":"SMITH"},{"data":"Guardian:AncientConstruct","floor":18.0,"key":"SMITH"},{"data":"Guardian:EvasiveProtocol","floor":25.0,"key":"SMITH"}],"circlet_count":0,"master_deck":["AscendersBane","Guardian:Strike_Guardian","Guardian:Strike_Guardian","Guardian:Defend_Guardian","Guardian:Defend_Guardian","Guardian:Defend_Guardian","Guardian:CurlUp+1","Guardian:TwinSlam","Guardian:GemFinder","Guardian:TimeCapacitor","Guardian:PiercingHide+1","Guardian:PrimingBeam","Guardian:Recover","Guardian:PolyBeam+1","Guardian:Reroute","Guardian:AncientConstruct+1","Guardian:EvasiveProtocol+1","Guardian:FloatingOrbs","Guardian:ChargeCore","Guardian:PrimingBeam","Guardian:TemporalShield","Guardian:FuturePlans","Guardian:PrismaticBeam"],"relics":["Guardian:ModeShifter","Ornamental Fan","Regal Pillow","Busted Crown","Matryoshka","TungstenRod","Membership Card","Bottled Tornado"],"acts_visited":["Exordium","TheCity"],"potions_floor_usage":[26,28,32],"damage_taken":[{"damage":3.0,"enemies":"Small Slimes","floor":2.0,"turns":6.0},{"damage":5.0,"enemies":"2 Louse","floor":3.0,"turns":2.0},{"damage":0.0,"enemies":"Jaw Worm","floor":6.0,"turns":6.0},{"damage":0.0,"enemies":"downfall:FleeingMerchant","floor":9.0,"turns":4.0},{"damage":12.0,"enemies":"Lagavulin","floor":12.0,"turns":8.0},{"damage":14.0,"enemies":"Large Slime","floor":14.0,"turns":6.0},{"damage":10.0,"enemies":"Gremlin Gang","floor":15.0,"turns":6.0},{"damage":9.0,"enemies":"downfall:Silent","floor":16.0,"turns":9.0},{"damage":0.0,"enemies":"3 Byrds","floor":19.0,"turns":2.0},{"damage":0.0,"enemies":"Spheric Guardian","floor":20.0,"turns":5.0},{"damage":0.0,"enemies":"Snake Plant","floor":21.0,"turns":4.0},{"damage":3.0,"enemies":"Centurion and Healer","floor":22.0,"turns":8.0},{"damage":5.0,"enemies":"3 Cultists","floor":23.0,"turns":5.0},{"damage":16,"enemies":"Book of Stabbing","floor":26,"turns":5},{"damage":10,"enemies":"Snake Plant","floor":27,"turns":4},{"damage":8,"enemies":"Shelled Parasite and Fungi","floor":28,"turns":5},{"damage":0,"enemies":"downfall:FleeingMerchant","floor":29,"turns":4},{"damage":0,"enemies":"Centurion and Healer","floor":30,"turns":7},{"damage":0,"enemies":"downfall:FleeingMerchant","floor":31,"turns":4},{"damage":11,"enemies":"Chosen and Byrds","floor":32,"turns":5},{"damage":11,"enemies":"downfall:Watcher","floor":33,"turns":4}],"seed_played":"-4630080885754528788","potions_obtained":[{"floor":6.0,"key":"DistilledChaos"},{"floor":12.0,"key":"Regen Potion"},{"floor":15.0,"key":"AttackPotion"},{"floor":16.0,"key":"Guardian:DefensiveModePotion"},{"floor":26,"key":"hexamod:EctoCoolerPotion"},{"floor":28,"key":"AttackPotion"}],"is_trial":false,"path_per_floor":["R","M","M","?","?","M","T","?","$","?","R","E","R","M","M","B",null,"R","M","M","M","M","M","T","R","E","M","M","$","M","$","M","B"],"character_chosen":"GUARDIAN","items_purchased":["Membership Card","Bottled Tornado","Guardian:FuturePlans","Guardian:PrismaticBeam"],"campfire_rested":0,"item_purchase_floors":[29,29,31,31],"current_hp_per_floor":[65,62,57,57,57,57,57,57,57,57,57,45,45,31,36,27,61,61,61,61,61,58,53,53,53,37,27,19,19,19,19,8,0,0,0],"gold":17,"neow_bonus":"TRANSFORM_TWO_CARDS","is_daily":false,"chose_seed":false,"campfire_upgraded":5,"win_rate":0.0,"timestamp":1610082695,"path_taken":["R","M","M","?","?","M","T","?","?","?","R","E","R","?","M","BOSS","R","M","M","M","M","?","T","R","E","?","M","?","M","$","M","BOSS"],"items_purchased_type":["Relic","Relic","Card","Card"],"build_version":"2020-12-22","purchased_purges":0,"victory":false,"max_hp_per_floor":[72,72,72,72,72,72,72,72,72,72,72,72,72,72,72,72,72,72,72,72,72,72,72,72,72,72,72,72,72,72,72,72,72,72,72],"relic_stats":{"Regal Pillow":0,"Busted Crown":40,"counters":[21,109],"Ornamental Fan":[140],"obtain_stats":[{"Regal Pillow":12,"Busted Crown":17,"Matryoshka":24,"Ornamental Fan":7,"Guardian:ModeShifter":0,"Membership Card":29,"Bottled Tornado":29,"TungstenRod":26},{"Regal Pillow":5,"Busted Crown":8,"Matryoshka":13,"Ornamental Fan":3,"Guardian:ModeShifter":0,"Membership Card":17,"Bottled Tornado":17,"TungstenRod":14},{"Regal Pillow":26,"Busted Crown":47,"Matryoshka":71,"Ornamental Fan":14,"Guardian:ModeShifter":0,"Membership Card":89,"Bottled Tornado":89,"TungstenRod":76}],"TungstenRod":6},"card_choices":[{"not_picked":["Guardian:PrimingBeam","Guardian:TemporalStrike"],"picked":"Guardian:PiercingHide","floor":2.0},{"not_picked":["Guardian:Gem_Red","Guardian:Gem_Green"],"picked":"Guardian:Gem_Cyan","floor":3.0},{"not_picked":["Guardian:TemporalShield","Guardian:VentSteam"],"picked":"Guardian:PrimingBeam","floor":3.0},{"not_picked":["Guardian:Gem_Lightblue","Guardian:Gem_Green"],"picked":"Guardian:Gem_Cyan","floor":6.0},{"not_picked":["Guardian:VentSteam","Guardian:Orbwalk"],"picked":"Guardian:Recover","floor":6.0},{"not_picked":["Guardian:Repulse","Guardian:ConstructionForm"],"picked":"Guardian:PolyBeam","floor":9.0},{"not_picked":["Guardian:Gem_Cyan","Guardian:FloatingOrbs"],"picked":"Guardian:Reroute","floor":12.0},{"not_picked":["Guardian:Gem_Green","Guardian:Gem_Red"],"picked":"Guardian:Gem_Cyan","floor":12.0},{"not_picked":["Guardian:ChargeUp","Guardian:RollAttack"],"picked":"Guardian:AncientConstruct","floor":14.0},{"not_picked":["Guardian:Gem_Green","Guardian:ChargeCore"],"picked":"Guardian:EvasiveProtocol","floor":15.0},{"not_picked":["Guardian:SphericShield","Guardian:StasisStrike"],"picked":"Guardian:Gem_Synthetic","floor":16.0},{"not_picked":["Guardian:Gem_Lightblue","Guardian:Gem_Green"],"picked":"Guardian:Gem_Cyan","floor":16.0},{"not_picked":[],"picked":"Guardian:FloatingOrbs","floor":19.0},{"not_picked":["Guardian:Reroute"],"picked":"SKIP","floor":20.0},{"not_picked":[],"picked":"Guardian:ChargeCore","floor":21.0},{"not_picked":[],"picked":"Guardian:PrimingBeam","floor":23.0},{"not_picked":["Guardian:RollAttack"],"picked":"SKIP","floor":26},{"not_picked":["Guardian:Gem_Cyan"],"picked":"SKIP","floor":27},{"not_picked":["Guardian:Gem_Cyan"],"picked":"SKIP","floor":28},{"not_picked":[],"picked":"Guardian:TemporalShield","floor":29},{"not_picked":["Guardian:SentryBeam"],"picked":"SKIP","floor":30},{"not_picked":["Guardian:BronzeArmor"],"picked":"SKIP","floor":31},{"not_picked":["Guardian:Repulse"],"picked":"SKIP","floor":32}],"player_experience":2970829,"relics_obtained":[{"floor":7.0,"key":"Ornamental Fan"},{"floor":12.0,"key":"Regal Pillow"},{"floor":24.0,"key":"Matryoshka"},{"floor":26,"key":"TungstenRod"}],"event_choices":[{"cards_removed":["Guardian:Strike_Guardian"],"damage_healed":0.0,"max_hp_gain":0.0,"max_hp_loss":0.0,"gold_gain":0.0,"event_name":"Living Wall","player_choice":"Forget","floor":5.0,"gold_loss":0.0,"damage_taken":0.0}],"is_beta":false,"boss_relics":[{"not_picked":["Guardian:ModeShifterPlus","Guardian:StasisSlotReductionRelic"],"picked":"Busted Crown"}],"items_purged_floors":[],"is_endless":false,"potions_floor_spawned":[6,12,15,16,21,22,26,28],"killed_by":"downfall:Watcher","ascension_level":20}}