{"host":"Fun","time":1610148724,"event":{"mods":["BaseMod","Colored Map","Minty Spire (QoL Compilation)","Relic Stats","StSLib"],"gold_per_floor":[364,376,376,59,76,76,101,121,190,63,63,81,115,125,125,203,203,174,174,192,35,49,49,66,80,162,162,178,194,194,194,194,265,265,275,17,32,32,50,50,60,94,94,108,126,126,137,169,169,169],"floor_reached":51,"playtime":2599,"items_purged":["Injury","Strike_G"],"score":1514,"play_id":"3cf49227-6ca7-4ad6-a721-34c5db8ed655","local_time":"20210108183204","is_ascension_mode":true,"campfire_choices":[{"data":"Deadly Poison","floor":6,"key":"SMITH"},{"data":"Apotheosis","floor":11,"key":"SMITH"},{"floor":15,"key":"REST"},{"floor":23,"key":"REST"},{"floor":27,"key":"REST"},{"floor":32,"key":"REST"},{"floor":40,"key":"REST"},{"floor":46,"key":"REST"},{"floor":49,"key":"REST"}],"circlet_count":0,"master_deck":["AscendersBane","Strike_G","Strike_G","Defend_G","Defend_G","Defend_G","Defend_G","Defend_G","Survivor","Neutralize","Dagger Throw","Quick Slash","Deadly Poison+1","Apotheosis+1","Bane","Escape Plan","Footwork","Catalyst","Well Laid Plans","Footwork","Deflect","Malaise","CurseOfTheBell","Backflip","Catalyst","Dodge and Roll","Dagger Spray","Infinite Blades","Corpse Explosion","Deadly Poison","Footwork","Catalyst+1","Acrobatics+1","Dodge and Roll+1","Wraith Form v2"],"relics":["Ring of the Snake","WarpedTongs","TungstenRod","Tiny Chest","Pantograph","Potion Belt","Calling Bell","Happy Flower","InkBottle","Du-Vu Doll","Nilry\u0027s Codex","Medical Kit","Bottled Tornado","Bag of Marbles","Fusion Hammer","ClockworkSouvenir","Toxic Egg 2","Orichalcum","Art of War"],"acts_visited":["Exordium","TheCity","TheBeyond"],"potions_floor_usage":[7,12,13,16,20,25,33,41,41,42,50,50],"damage_taken":[{"damage":1,"enemies":"Small Slimes","floor":1,"turns":4},{"damage":1,"enemies":"Cultist","floor":2,"turns":4},{"damage":0,"enemies":"Jaw Worm","floor":5,"turns":4},{"damage":21,"enemies":"Lagavulin","floor":7,"turns":7},{"damage":0,"enemies":"Exordium Wildlife","floor":8,"turns":3},{"damage":7,"enemies":"Lots of Slimes","floor":12,"turns":4},{"damage":10,"enemies":"Gremlin Nob","floor":13,"turns":3},{"damage":3,"enemies":"Red Slaver","floor":14,"turns":4},{"damage":31,"enemies":"Slime Boss","floor":16,"turns":12},{"damage":21,"enemies":"2 Thieves","floor":18,"turns":4},{"damage":0,"enemies":"3 Byrds","floor":20,"turns":4},{"damage":12,"enemies":"Snecko","floor":22,"turns":9},{"damage":1,"enemies":"Centurion and Healer","floor":24,"turns":7},{"damage":4,"enemies":"Cultist and Chosen","floor":25,"turns":8},{"damage":16,"enemies":"Snecko","floor":28,"turns":4},{"damage":0,"enemies":"Centurion and Healer","floor":29,"turns":5},{"damage":20,"enemies":"Automaton","floor":33,"turns":11},{"damage":0,"enemies":"3 Shapes","floor":35,"turns":3},{"damage":0,"enemies":"3 Darklings","floor":37,"turns":4},{"damage":5,"enemies":"Spire Growth","floor":39,"turns":5},{"damage":15,"enemies":"Jaw Worm Horde","floor":41,"turns":6},{"damage":0,"enemies":"Nemesis","floor":42,"turns":5},{"damage":0,"enemies":"Sphere and 2 Shapes","floor":44,"turns":6},{"damage":0,"enemies":"Spire Growth","floor":45,"turns":6},{"damage":9,"enemies":"Transient","floor":47,"turns":6},{"damage":23,"enemies":"Giant Head","floor":48,"turns":7},{"damage":34,"enemies":"Awakened One","floor":50,"turns":15}],"seed_played":"-2861194161373967798","potions_obtained":[{"floor":2,"key":"Fruit Juice"},{"floor":5,"key":"EssenceOfSteel"},{"floor":7,"key":"SteroidPotion"},{"floor":13,"key":"BlessingOfTheForge"},{"floor":16,"key":"Swift Potion"},{"floor":20,"key":"SpeedPotion"},{"floor":24,"key":"SteroidPotion"},{"floor":29,"key":"AttackPotion"},{"floor":33,"key":"Block Potion"},{"floor":39,"key":"Swift Potion"},{"floor":41,"key":"Block Potion"},{"floor":44,"key":"DistilledChaos"},{"floor":45,"key":"Dexterity Potion"},{"floor":47,"key":"Dexterity Potion"}],"is_trial":false,"path_per_floor":["M","M","?","$","M","R","E","M","T","$","R","M","E","M","R","B",null,"M","?","M","$","M","R","M","M","T","R","M","M","?","T","R","B",null,"M","$","M","?","M","R","M","E","T","M","M","R","M","E","R","B",null],"character_chosen":"THE_SILENT","items_purchased":["Deadly Poison","Apotheosis","Catalyst","Well Laid Plans","Medical Kit","ClockworkSouvenir"],"campfire_rested":7,"item_purchase_floors":[4,4,10,10,21,36],"current_hp_per_floor":[58,57,57,57,57,57,41,41,41,41,41,34,24,21,42,36,62,41,24,24,24,12,33,32,28,28,49,33,33,33,33,54,51,66,66,66,66,66,61,71,56,56,56,56,56,71,62,39,60,37],"gold":169,"neow_bonus":"TWO_FIFTY_GOLD","is_daily":false,"chose_seed":false,"campfire_upgraded":2,"win_rate":0.0,"timestamp":1610148724,"path_taken":["M","M","?","$","?","R","E","M","T","?","R","M","E","M","R","BOSS","M","?","M","$","M","R","M","M","T","R","M","M","?","?","R","BOSS","M","$","M","?","M","R","?","E","T","M","M","R","M","E","R","BOSS"],"items_purchased_type":["Card","Card","Card","Card","Relic","Relic"],"build_version":"2020-12-18","purchased_purges":2,"victory":true,"max_hp_per_floor":[66,66,66,66,66,66,71,71,71,71,71,71,71,71,71,71,71,71,71,71,71,71,71,71,71,71,71,71,71,71,71,71,71,71,71,71,71,71,71,71,71,71,71,71,71,71,71,71,71,71],"relic_stats":{"Happy Flower":[38],"counters":[27,160],"Pantograph":53,"Tiny Chest":1,"Art of War":[5],"Orichalcum":[42],"Medical Kit":[0],"obtain_stats":[{"Potion Belt":13,"Happy Flower":17,"Nilry\u0027s Codex":19,"Bottled Tornado":26,"Orichalcum":43,"Medical Kit":21,"WarpedTongs":1,"ClockworkSouvenir":36,"Calling Bell":17,"Du-Vu Doll":17,"Pantograph":9,"Tiny Chest":7,"Fusion Hammer":34,"Bag of Marbles":31,"Art of War":48,"Toxic Egg 2":42,"TungstenRod":3,"InkBottle":17,"Ring of the Snake":0},{"Potion Belt":7,"Happy Flower":9,"Nilry\u0027s Codex":10,"Bottled Tornado":14,"Orichalcum":22,"Medical Kit":11,"WarpedTongs":1,"ClockworkSouvenir":18,"Calling Bell":9,"Du-Vu Doll":9,"Pantograph":5,"Tiny Chest":4,"Fusion Hammer":17,"Bag of Marbles":16,"Art of War":26,"Toxic Egg 2":22,"TungstenRod":2,"InkBottle":9,"Ring of the Snake":0},{"Potion Belt":29,"Happy Flower":45,"Nilry\u0027s Codex":49,"Bottled Tornado":77,"Orichalcum":120,"Medical Kit":53,"WarpedTongs":1,"ClockworkSouvenir":100,"Calling Bell":45,"Du-Vu Doll":45,"Pantograph":22,"Tiny Chest":19,"Fusion Hammer":97,"Bag of Marbles":86,"Art of War":145,"Toxic Egg 2":120,"TungstenRod":8,"InkBottle":45,"Ring of the Snake":0}],"TungstenRod":50,"InkBottle":[45],"Ring of the Snake":[54],"WarpedTongs":[113]},"card_choices":[{"not_picked":["Outmaneuver","Eviscerate"],"picked":"Dagger Throw","floor":1},{"not_picked":["Flechettes","Expertise"],"picked":"Quick Slash","floor":2},{"not_picked":["Deflect","Distraction"],"picked":"Bane","floor":5},{"not_picked":["Sucker Punch","Acrobatics"],"picked":"Escape Plan","floor":7},{"not_picked":["Concentrate","Deadly Poison"],"picked":"Footwork","floor":8},{"not_picked":["Deflect","All Out Attack","Cloak And Dagger"],"picked":"SKIP","floor":12},{"not_picked":["Deadly Poison","Dash"],"picked":"Footwork","floor":13},{"not_picked":["Acrobatics","Slice"],"picked":"Deflect","floor":14},{"not_picked":["Grand Finale","Die Die Die"],"picked":"Malaise","floor":16},{"not_picked":["Bouncing Flask","Sucker Punch","Reflex"],"picked":"SKIP","floor":18},{"not_picked":["Slice","Quick Slash+1","Dagger Spray"],"picked":"SKIP","floor":20},{"not_picked":["Poisoned Stab","Cloak And Dagger"],"picked":"Backflip","floor":22},{"not_picked":["Sucker Punch","Cloak And Dagger","Slice"],"picked":"SKIP","floor":24},{"not_picked":["Backflip","Caltrops","Glass Knife"],"picked":"SKIP","floor":25},{"not_picked":["Deadly Poison","Poisoned Stab+1"],"picked":"Catalyst","floor":28},{"not_picked":["Slice+1","Outmaneuver"],"picked":"Dodge and Roll","floor":29},{"not_picked":["Unload","After Image"],"picked":"Corpse Explosion","floor":33},{"not_picked":["Prepared","Skewer+1"],"picked":"Deadly Poison","floor":35},{"not_picked":["Blade Dance+1","Caltrops","Acrobatics+1"],"picked":"SKIP","floor":37},{"not_picked":["Dagger Spray","Bane","Deflect"],"picked":"SKIP","floor":39},{"not_picked":["Slice","Flying Knee"],"picked":"Catalyst+1","floor":41},{"not_picked":["Outmaneuver+1","Prepared+1"],"picked":"Acrobatics+1","floor":42},{"not_picked":["Slice+1","Underhanded Strike+1"],"picked":"Dodge and Roll+1","floor":44},{"not_picked":["Endless Agony","Deflect+1"],"picked":"Wraith Form v2","floor":45},{"not_picked":["Infinite Blades","Tactician+1","Reflex+1"],"picked":"SKIP","floor":47},{"not_picked":["Dagger Spray","Outmaneuver+1","Choke"],"picked":"SKIP","floor":48}],"player_experience":158249,"relics_obtained":[{"floor":3,"key":"TungstenRod"},{"floor":7,"key":"Tiny Chest"},{"floor":9,"key":"Pantograph"},{"floor":13,"key":"Potion Belt"},{"floor":17,"key":"Happy Flower"},{"floor":17,"key":"InkBottle"},{"floor":17,"key":"Du-Vu Doll"},{"floor":19,"key":"Nilry\u0027s Codex"},{"floor":26,"key":"Bottled Tornado"},{"floor":31,"key":"Bag of Marbles"},{"floor":42,"key":"Toxic Egg 2"},{"floor":43,"key":"Orichalcum"},{"floor":48,"key":"Art of War"}],"event_choices":[{"damage_healed":0,"gold_gain":0,"player_choice":"Relic","damage_taken":0,"max_hp_gain":0,"max_hp_loss":0,"event_name":"Wheel of Change","floor":3,"gold_loss":0},{"damage_healed":0,"gold_gain":0,"player_choice":"Obtained Book","damage_taken":21,"max_hp_gain":0,"max_hp_loss":0,"event_name":"Cursed Tome","floor":19,"gold_loss":0},{"damage_healed":0,"gold_gain":0,"cards_transformed":["Strike_G","Strike_G"],"player_choice":"Became Test Subject","damage_taken":0,"max_hp_gain":0,"max_hp_loss":0,"event_name":"Drug Dealer","floor":30,"gold_loss":0,"cards_obtained":["Dagger Spray","Infinite Blades"]},{"damage_healed":0,"gold_gain":0,"player_choice":"Copied","damage_taken":0,"max_hp_gain":0,"max_hp_loss":0,"event_name":"Duplicator","floor":38,"gold_loss":0,"cards_obtained":["Footwork"]}],"is_beta":true,"boss_relics":[{"not_picked":["Empty Cage","Coffee Dripper"],"picked":"Calling Bell"},{"not_picked":["SlaversCollar","SacredBark"],"picked":"Fusion Hammer"}],"items_purged_floors":[4,36],"is_endless":false,"potions_floor_spawned":[2,5,7,13,16,20,24,29,33,39,41,44,45,47],"ascension_level":19}}