{"host":"sav7uxregyirlf69","time":1610078251,"event":{"mods":["AchievementEnabler","BaseMod","Colored Map","DeckTracker","Keyboard Shortcuts","Minty Spire (QoL Compilation)","READ ME - Guardian Mod","StSLib","SuperFastMode"],"gold_per_floor":[112,112,122,140,65,65,85,85,85,85,99,112,130,162,162,240,240,258,173,173,186,196,216,216,232,259,52,52,77,126,156,156,231,231,241,191,216,265,281,295,306,306,306,338,348,348,348],"floor_reached":46,"playtime":823,"items_purged":["Strike_G","Pain","Strike_G"],"score":1088,"play_id":"f7ab1287-75c8-4139-9ed1-9ad883006337","local_time":"20210108125731","is_ascension_mode":true,"campfire_choices":[{"data":"Terror","floor":6.0,"key":"SMITH"},{"data":"Blade Dance","floor":8.0,"key":"SMITH"},{"data":"Crippling Poison","floor":10.0,"key":"SMITH"},{"data":"Neutralize","floor":15.0,"key":"SMITH"},{"data":"Phantasmal Killer","floor":24.0,"key":"SMITH"},{"floor":32.0,"key":"REST"},{"data":"After Image","floor":42,"key":"SMITH"}],"circlet_count":0,"master_deck":["AscendersBane","Strike_G","Defend_G","Defend_G","Defend_G","Defend_G","Survivor","Neutralize+1","Blade Dance+1","Crippling Poison+1","Terror+1","Poisoned Stab+1","Dagger Spray+1","Leg Sweep","After Image+1","Glass Knife+1","Blade Dance","Phantasmal Killer+1","Infinite Blades","Terror+1","PiercingWail+1","Blade Dance+1","PiercingWail+1","Backflip+1","Well Laid Plans","Accuracy"],"relics":["Ring of the Snake","Toy Ornithopter","Molten Egg 2","HornCleat","WristBlade","Regal Pillow","WarpedTongs","Smiling Mask","Sling","MutagenicStrength","Bag of Marbles","Oddly Smooth Stone","Pear","Astrolabe","Tingsha","Turnip","Singing Bowl"],"acts_visited":["Exordium","TheCity","TheBeyond"],"potions_floor_usage":[44,45,46],"damage_taken":[{"damage":3.0,"enemies":"Small Slimes","floor":1.0,"turns":5.0},{"damage":0.0,"enemies":"Cultist","floor":3.0,"turns":3.0},{"damage":2.0,"enemies":"Jaw Worm","floor":4.0,"turns":5.0},{"damage":6.0,"enemies":"2 Fungi Beasts","floor":7.0,"turns":4.0},{"damage":6.0,"enemies":"3 Louse","floor":11.0,"turns":3.0},{"damage":0.0,"enemies":"Looter","floor":12.0,"turns":3.0},{"damage":3.0,"enemies":"Blue Slaver","floor":13.0,"turns":2.0},{"damage":16.0,"enemies":"3 Sentries","floor":14.0,"turns":5.0},{"damage":0.0,"enemies":"Slime Boss","floor":16.0,"turns":8.0},{"damage":12.0,"enemies":"2 Thieves","floor":18.0,"turns":3.0},{"damage":0.0,"enemies":"Chosen","floor":21.0,"turns":1.0},{"damage":10.0,"enemies":"Centurion and Healer","floor":22.0,"turns":6.0},{"damage":0.0,"enemies":"Snecko","floor":23.0,"turns":2.0},{"damage":5.0,"enemies":"Snake Plant","floor":25.0,"turns":3.0},{"damage":9.0,"enemies":"Book of Stabbing","floor":29.0,"turns":2.0},{"damage":3.0,"enemies":"Gremlin Leader","floor":31.0,"turns":2.0},{"damage":44.0,"enemies":"Automaton","floor":33.0,"turns":8.0},{"damage":14.0,"enemies":"3 Darklings","floor":35.0,"turns":2.0},{"damage":4.0,"enemies":"Mind Bloom Boss Battle","floor":37.0,"turns":4.0},{"damage":11.0,"enemies":"2 Orb Walkers","floor":38.0,"turns":2.0},{"damage":0.0,"enemies":"Orb Walker","floor":39.0,"turns":2.0},{"damage":7.0,"enemies":"Sphere and 2 Shapes","floor":40.0,"turns":4.0},{"damage":0,"enemies":"Spire Growth","floor":41,"turns":2},{"damage":27,"enemies":"Giant Head","floor":44,"turns":6},{"damage":14,"enemies":"4 Shapes","floor":45,"turns":2},{"damage":8,"enemies":"Nemesis","floor":46,"turns":2}],"seed_played":"-2825591720056979862","potions_obtained":[{"floor":1.0,"key":"Strength Potion"},{"floor":3.0,"key":"PowerPotion"},{"floor":18.0,"key":"GamblersBrew"},{"floor":22.0,"key":"SteroidPotion"},{"floor":25.0,"key":"SteroidPotion"},{"floor":35.0,"key":"Weak Potion"},{"floor":38.0,"key":"Energy Potion"},{"floor":45,"key":"Dexterity Potion"}],"is_trial":false,"path_per_floor":["M","?","M","M","$","R","M","R","T","R","M","M","M","E","R","B",null,"M","?","?","M","M","M","R","M","T","$","?","E","T","E","R","B",null,"M","$","?","?","M","M","M","R","T","E","M","E"],"character_chosen":"THE_SILENT","items_purchased":["Sling"],"campfire_rested":1,"item_purchase_floors":[27],"current_hp_per_floor":[56,56,56,54,54,54,48,48,48,48,42,42,39,23,23,33,58,46,46,46,46,36,36,36,31,31,31,31,22,22,34,71,27,64,50,50,46,40,40,33,33,33,33,11,2,0,0],"gold":348,"neow_bonus":"RANDOM_COMMON_RELIC","is_daily":false,"chose_seed":false,"campfire_upgraded":6,"win_rate":0.0,"timestamp":1610078251,"path_taken":["M","?","M","M","$","R","M","R","T","R","M","M","M","E","R","BOSS","M","?","?","?","M","M","R","?","T","$","?","E","?","E","R","BOSS","M","$","?","?","M","M","M","R","T","E","M","E"],"items_purchased_type":["Relic"],"build_version":"2020-12-22","purchased_purges":3,"victory":false,"max_hp_per_floor":[66,66,66,66,66,66,66,66,66,66,66,66,66,66,66,66,66,66,66,66,66,66,66,66,66,66,66,66,66,66,76,76,76,76,76,76,76,76,76,76,76,76,76,76,76,76,76],"card_choices":[{"not_picked":["Dash","Infinite Blades"],"picked":"Blade Dance","floor":1.0},{"not_picked":["Deadly Poison","Caltrops"],"picked":"Crippling Poison","floor":3.0},{"not_picked":["Calculated Gamble","Backflip"],"picked":"Terror","floor":4.0},{"not_picked":["Terror","Slice","Underhanded Strike"],"picked":"SKIP","floor":7.0},{"not_picked":["Prepared","Terror"],"picked":"Poisoned Stab+1","floor":11.0},{"not_picked":["Deflect","Flying Knee+1"],"picked":"Dagger Spray+1","floor":12.0},{"not_picked":["Flechettes+1","Deflect"],"picked":"Leg Sweep","floor":13.0},{"not_picked":["Noxious Fumes","Reflex"],"picked":"After Image","floor":14.0},{"not_picked":["Envenom","Grand Finale+1"],"picked":"Glass Knife+1","floor":16.0},{"not_picked":["Acrobatics","Setup"],"picked":"Blade Dance","floor":18.0},{"not_picked":["Concentrate","Skewer+1","Prepared"],"picked":"SKIP","floor":21.0},{"not_picked":["Underhanded Strike+1","Skewer+1","Setup"],"picked":"SKIP","floor":22.0},{"not_picked":["Deflect","Prepared"],"picked":"Phantasmal Killer","floor":23.0},{"not_picked":["Heel Hook+1","Caltrops","Underhanded Strike+1"],"picked":"SKIP","floor":25.0},{"not_picked":["Deadly Poison","Masterful Stab+1","Acrobatics+1"],"picked":"SKIP","floor":29.0},{"not_picked":["Crippling Poison","Caltrops"],"picked":"Infinite Blades","floor":31.0},{"not_picked":["Acrobatics","Poisoned Stab+1"],"picked":"PiercingWail+1","floor":35.0},{"not_picked":["Terror","Deadly Poison"],"picked":"Backflip+1","floor":37.0},{"not_picked":["Terror","Outmaneuver","Noxious Fumes+1"],"picked":"SKIP","floor":39.0},{"not_picked":["Poisoned Stab+1","Eviscerate+1","Catalyst"],"picked":"SKIP","floor":40.0},{"not_picked":["Bouncing Flask+1","Endless Agony+1","Dagger Throw+1"],"picked":"SKIP","floor":41},{"not_picked":["Flying Knee+1","Cloak And Dagger"],"picked":"Well Laid Plans","floor":44},{"not_picked":["Quick Slash+1","Dodge and Roll"],"picked":"Accuracy","floor":45}],"player_experience":1193402,"relics_obtained":[{"floor":9.0,"key":"Molten Egg 2"},{"floor":14.0,"key":"HornCleat"},{"floor":26.0,"key":"Smiling Mask"},{"floor":29.0,"key":"Bag of Marbles"},{"floor":30.0,"key":"Oddly Smooth Stone"},{"floor":31.0,"key":"Pear"},{"floor":37.0,"key":"Tingsha"},{"floor":38.0,"key":"Turnip"},{"floor":44,"key":"Singing Bowl"}],"event_choices":[{"damage_healed":0.0,"max_hp_gain":0.0,"max_hp_loss":0.0,"gold_gain":0.0,"event_name":"Liars Game","player_choice":"Ignored","floor":2.0,"gold_loss":0.0,"damage_taken":0.0},{"damage_healed":0.0,"max_hp_gain":0.0,"max_hp_loss":0.0,"gold_gain":0.0,"event_name":"Addict","player_choice":"Obtained Relic","floor":19.0,"gold_loss":85.0,"damage_taken":0.0,"relics_obtained":["Regal Pillow"]},{"damage_healed":0.0,"max_hp_gain":0.0,"max_hp_loss":0.0,"gold_gain":0.0,"event_name":"Accursed Blacksmith","player_choice":"Rummage","floor":20.0,"gold_loss":0.0,"damage_taken":0.0,"relics_obtained":["WarpedTongs"],"cards_obtained":["Pain"]},{"damage_healed":0.0,"max_hp_gain":0.0,"max_hp_loss":0.0,"gold_gain":0.0,"event_name":"Drug Dealer","player_choice":"Inject Mutagens","floor":28.0,"gold_loss":0.0,"damage_taken":0.0,"relics_obtained":["MutagenicStrength"]},{"damage_healed":0.0,"max_hp_gain":0.0,"max_hp_loss":0.0,"gold_gain":0.0,"event_name":"MindBloom","player_choice":"Fight","floor":37.0,"gold_loss":0.0,"damage_taken":0.0},{"damage_healed":0.0,"max_hp_gain":0.0,"max_hp_loss":0.0,"gold_gain":0.0,"event_name":"Mysterious Sphere","player_choice":"Fight","floor":38.0,"gold_loss":0.0,"damage_taken":0.0}],"is_beta":false,"boss_relics":[{"not_picked":["Runic Pyramid","Cursed Key"],"picked":"WristBlade"},{"not_picked":["Pandora\u0027s Box","HoveringKite"],"picked":"Astrolabe"}],"items_purged_floors":[5,27,36],"is_endless":false,"potions_floor_spawned":[1,3,11,12,18,22,25,35,38,40,41,45],"killed_by":"Nemesis","ascension_level":20}}