{"host":"wkcoec525dnrk4jw","time":1610113389,"event":{"mods":["BaseMod","Conspire","Lobotomy","Minty Spire (QoL Compilation)","Quick Restart","Replay The Spire","Shop Mod","StSLib","TestMod","The Bug Knight","The Cursed","[IsaacMod]以撒尖塔"],"gold_per_floor":[358,372,65,74,89,117,117,151,225,238,238,265,280,292,292,396,396,405,424,26,325,724,758,350,372,372,297,297,324,334,365,365,374,386,397,21,21,51,51,76,124,124,154,453,453,42,42,146,146,158,171,171,27,40,65,65,65,89,100,143,103,121,121,121,121,121,121,19,51,51],"floor_reached":56,"playtime":3174,"items_purged":["Regret"],"score":2220,"play_id":"43fc2452-44e8-4953-b964-6fe867e59238","local_time":"20210108214309","is_ascension_mode":true,"campfire_choices":[{"floor":7.0,"key":"REST"},{"floor":15.0,"key":"REST"},{"floor":32,"key":"REST"},{"data":"After Image","floor":24,"key":"SMITH"},{"floor":27,"key":"RECALL"},{"data":"Cloak And Dagger","floor":30,"key":"SMITH"},{"data":"Accuracy","floor":32,"key":"SMITH"},{"data":"Storm of Steel","floor":42,"key":"SMITH"},{"data":"Sneak Up","floor":49,"key":"SMITH"},{"data":"Infinite Blades","floor":52,"key":"SMITH"}],"circlet_count":0,"master_deck":["Strike_G+1","Strike_G","Strike_G","Strike_G","Strike_G","Defend_G","Defend_G","Defend_G","Defend_G","Defend_G","Survivor","Neutralize","Cloak And Dagger","Hidden Blade","Blur","Footwork","conspire:DoublingDagger","Poisoned Stab+1","Prepared","Night Terror","Fluid Movement","Blade Dance","Cloak And Dagger","Atom Bomb","Deadly Poison","Blur","Panache","ReplayTheSpireMod:Scrap Shanks","Backflip","Poisoned Stab+1","Poisoned Stab","PiercingWail+1","Cloak And Dagger+1","After Image","After Image+1","Distraction","Backflip+1","PiercingWail+1","Dagger Spray","Accuracy+1","Hidden Blade","Storm of Steel+1","Wraith Form v2","Slice+1","Cloak And Dagger+1","Toxin Wave","Sneak Up+1","Infinite Blades+1","Blade Dance","Sneak Up+1"],"relics":["Ring of the Snake","HushsDoor","testmod-Charity","DoctorsRemote","Boot","HowToJump","Whetstone","testmod-DragonStarHat","conspire:DecoderRing","Tiny Chest","Busted Crown","AnarchistCookbook","NineVolt","conspire:GlowingRock","Onion Ring","ReplayFunnel","Omamori","ReplayTheSpireMod:CursedCoin","Happy Flower","Nunchaku","Anchor","Bag of Marbles","MutagenicStrength","MoneyPower","Chameleon Ring","Replay:Rubber Ducky","BookofShadows","Philosopher\u0027s Stone","BelialBook","Membership Card","Blood Vial","Pear","MawBank","conspire:Flyswatter","Oddly Smooth Stone","Gremlin Food"],"acts_visited":["Exordium","TheCity","TheBeyond","TheEnding"],"potions_floor_usage":[55,55,55,55],"damage_taken":[{"damage":9.0,"enemies":"Cultist","floor":1.0,"turns":5.0},{"damage":10.0,"enemies":"Small Slimes","floor":2.0,"turns":5.0},{"damage":0.0,"enemies":"2 Louse","floor":4.0,"turns":1.0},{"damage":8.0,"enemies":"Blue Slaver","floor":5.0,"turns":4.0},{"damage":0.0,"enemies":"Gremlin Nob","floor":6.0,"turns":2.0},{"damage":5.0,"enemies":"HollowMod:MossKnight","floor":8.0,"turns":8.0},{"damage":6.0,"enemies":"Gremlin Gang","floor":10.0,"turns":3.0},{"damage":25.0,"enemies":"Lagavulin","floor":12.0,"turns":5.0},{"damage":0.0,"enemies":"Exordium Wildlife","floor":13.0,"turns":1.0},{"damage":0.0,"enemies":"Blue Slaver","floor":14.0,"turns":1.0},{"damage":16.0,"enemies":"Hexaghost","floor":16.0,"turns":7.0},{"damage":5.0,"enemies":"3 Byrds","floor":18.0,"turns":2.0},{"damage":0.0,"enemies":"Shell Parasite","floor":19.0,"turns":1.0},{"damage":35.0,"enemies":"Slavers","floor":23.0,"turns":3.0},{"damage":3.0,"enemies":"Book of Stabbing","floor":29.0,"turns":2.0},{"damage":0.0,"enemies":"3 Cultists","floor":30.0,"turns":1.0},{"damage":0,"enemies":"Slavers","floor":31,"turns":1},{"damage":2,"enemies":"Chosen","floor":18,"turns":2},{"damage":0,"enemies":"3 Byrds","floor":19,"turns":1},{"damage":0,"enemies":"Snake Plant","floor":20,"turns":2},{"damage":0,"enemies":"Book of Stabbing","floor":23,"turns":4},{"damage":0,"enemies":"Gremlin Leader","floor":25,"turns":3},{"damage":0,"enemies":"conspire:Head Lice","floor":28,"turns":1},{"damage":0,"enemies":"conspire:MysteriousRune","floor":33,"turns":5},{"damage":0,"enemies":"Orb Walker","floor":35,"turns":2},{"damage":0,"enemies":"3 Darklings","floor":36,"turns":1},{"damage":0,"enemies":"Transient","floor":39,"turns":5},{"damage":0,"enemies":"Giant Head","floor":40,"turns":5},{"damage":0,"enemies":"Nemesis","floor":45,"turns":1},{"damage":0,"enemies":"4 Shapes","floor":47,"turns":2},{"damage":11,"enemies":"Donu and Deca","floor":50,"turns":6},{"damage":9,"enemies":"Shield and Spear","floor":54,"turns":4},{"damage":52,"enemies":"The Heart","floor":55,"turns":6}],"seed_played":"-2582640407394199971","potions_obtained":[{"floor":1.0,"key":"FearPotion"},{"floor":4.0,"key":"Fire Potion"},{"floor":10.0,"key":"Poison Potion"},{"floor":13.0,"key":"Adrenaline Potion"},{"floor":18.0,"key":"Poison Potion"},{"floor":29.0,"key":"SkillPotion"},{"floor":18,"key":"Poison Potion"},{"floor":19,"key":"Adrenaline Potion"},{"floor":39,"key":"CunningPotion"},{"floor":45,"key":"conspire:TimeTravelPotion"},{"floor":47,"key":"EntropicBrew"}],"is_trial":false,"path_per_floor":["M","M","$","M","M","E","R","E","T","M","?","E","M","M","R","B",null,"M","M","$","?","?","E","$","T","T","$","T","E","M","E","R","M","M","M","$","?","E","R","E","T","R","E","?","R","$","R","B",null,"M","M","?","$","M","E","T","R","T","?","E","$","M","?","R","B",null,"R","$","E","B",null],"character_chosen":"THE_SILENT","items_purchased":["Boot","Hidden Blade","Blur","Footwork","AnarchistCookbook","NineVolt","Onion Ring","Panache","ReplayTheSpireMod:CursedCoin","Happy Flower","ReplayTheSpireMod:Scrap Shanks","Bag of Marbles","Cloak And Dagger","After Image","BookofShadows","Dagger Spray","Accuracy","Hidden Blade","Wraith Form v2","BelialBook","Membership Card","Sneak Up","Infinite Blades","Blade Dance","Oddly Smooth Stone"],"campfire_rested":3,"item_purchase_floors":[3,3,3,3,20,20,24,24,27,27,27,21,21,21,31,31,31,31,34,34,38,46,46,53,53],"current_hp_per_floor":[56,47,47,48,41,42,62,58,59,54,54,30,31,32,54,39,67,63,64,64,65,66,32,32,33,33,34,34,32,33,34,79,78,79,80,80,80,81,81,82,83,83,84,85,85,85,85,86,81,82,83,83,83,84,85,95,95,96,97,99,100,101,101,101,90,98,98,98,92,94],"gold":51,"neow_bonus":"TWO_FIFTY_GOLD","is_daily":false,"chose_seed":false,"campfire_upgraded":6,"win_rate":0.0,"timestamp":1610113389,"path_taken":["M","M","$","M","M","E","R","E","T","?","?","E","M","M","R","BOSS","M","M","$","?","?","E","$","?","T","$","?","E","M","E","R","M","M","M","$","?","E","R","E","T","R","E","?","R","$","R","BOSS","M","M","?","$","M","E","?","R","T","?","E","$","M","?","R","BOSS","R","$","E","BOSS"],"items_purchased_type":["Relic","Card","Card","Card","Relic","Relic","Relic","Card","Relic","Relic","Card","Relic","Card","Card","Relic","Card","Card","Card","Card","Relic","Relic","Card","Card","Card","Relic"],"build_version":"2020-12-22","purchased_purges":1,"victory":true,"max_hp_per_floor":[65,66,66,67,68,69,69,70,71,72,72,73,74,75,75,76,76,77,78,78,79,80,81,81,82,82,83,83,84,85,86,86,87,88,89,89,89,90,90,91,92,92,93,94,94,94,94,95,81,82,83,83,83,84,85,95,95,96,97,99,100,101,101,101,101,101,101,101,102,102],"card_choices":[{"not_picked":[],"picked":"ChaosCard","floor":0.0},{"not_picked":["Flying Knee","Outmaneuver"],"picked":"Bomb","floor":1.0},{"not_picked":["Slice","Deflect"],"picked":"Cloak And Dagger","floor":2.0},{"not_picked":["Envenom","Deflect"],"picked":"conspire:DoublingDagger","floor":4.0},{"not_picked":["Deadly Poison","Deflect"],"picked":"Poisoned Stab","floor":5.0},{"not_picked":["Reflex","Tactician"],"picked":"Prepared","floor":6.0},{"not_picked":["Flying Knee","Reflex"],"picked":"Night Terror","floor":8.0},{"not_picked":["Concentrate","Bane","Deadly Poison"],"picked":"SKIP","floor":10.0},{"not_picked":["Underhanded Strike","Tactician"],"picked":"Fluid Movement","floor":12.0},{"not_picked":["Quick Slash","Deflect"],"picked":"Blade Dance","floor":13.0},{"not_picked":["ReplayTheSpireMod:Shiv Toss","Toxin Wave"],"picked":"Cloak And Dagger","floor":14.0},{"not_picked":["Burst","Die Die Die"],"picked":"Atom Bomb","floor":16.0},{"not_picked":[],"picked":"Flying Knee","floor":18.0},{"not_picked":[],"picked":"Deadly Poison","floor":19.0},{"not_picked":[],"picked":"Blur","floor":23.0},{"not_picked":[],"picked":"Backflip","floor":29.0},{"not_picked":[],"picked":"Poisoned Stab+1","floor":30.0},{"not_picked":["Bouncing Flask"],"picked":"SKIP","floor":31},{"not_picked":[],"picked":"Poisoned Stab","floor":18},{"not_picked":["Dagger Throw"],"picked":"SKIP","floor":19},{"not_picked":[],"picked":"PiercingWail+1","floor":20},{"not_picked":[],"picked":"Distraction","floor":23},{"not_picked":[],"picked":"Backflip+1","floor":25},{"not_picked":[],"picked":"PiercingWail+1","floor":28},{"not_picked":[],"picked":"Storm of Steel","floor":33},{"not_picked":[],"picked":"Slice+1","floor":35},{"not_picked":["Dagger Throw"],"picked":"SKIP","floor":36},{"not_picked":["Expertise+1"],"picked":"SKIP","floor":39},{"not_picked":[],"picked":"Cloak And Dagger+1","floor":40},{"not_picked":[],"picked":"Toxin Wave","floor":45},{"not_picked":["Reflex+1"],"picked":"SKIP","floor":47},{"not_picked":[],"picked":"Sneak Up+1","floor":54}],"player_experience":204685,"relics_obtained":[{"floor":6.0,"key":"HowToJump"},{"floor":8.0,"key":"Whetstone"},{"floor":9.0,"key":"testmod-DragonStarHat"},{"floor":12.0,"key":"Tiny Chest"},{"floor":23.0,"key":"conspire:GlowingRock"},{"floor":25.0,"key":"ReplayFunnel"},{"floor":26.0,"key":"Omamori"},{"floor":28.0,"key":"ForgetMeNow"},{"floor":29.0,"key":"Nunchaku"},{"floor":31,"key":"Anchor"},{"floor":23,"key":"MoneyPower"},{"floor":25,"key":"Chameleon Ring"},{"floor":28,"key":"Replay:Rubber Ducky"},{"floor":40,"key":"Blood Vial"},{"floor":41,"key":"Pear"},{"floor":43,"key":"MawBank"},{"floor":45,"key":"conspire:Flyswatter"},{"floor":54,"key":"Gremlin Food"}],"event_choices":[{"damage_healed":0.0,"max_hp_gain":0.0,"max_hp_loss":0.0,"gold_gain":0.0,"event_name":"Big Fish","player_choice":"Box","floor":11.0,"gold_loss":0.0,"damage_taken":0.0,"relics_obtained":["conspire:DecoderRing"],"cards_obtained":["Regret"]},{"damage_healed":0.0,"max_hp_gain":0.0,"max_hp_loss":0.0,"gold_gain":400.0,"event_name":"恩洛斯的盘子","player_choice":"Sell","floor":22.0,"relics_lost":["testmod-TestBox"],"gold_loss":0.0,"damage_taken":0.0},{"damage_healed":0,"gold_gain":0,"player_choice":"Inject Mutagens","damage_taken":0,"relics_obtained":["MutagenicStrength"],"max_hp_gain":0,"max_hp_loss":0,"event_name":"Drug Dealer","floor":22,"gold_loss":0},{"damage_healed":0,"gold_gain":0,"player_choice":"Ignored","damage_taken":0,"max_hp_gain":0,"max_hp_loss":0,"event_name":"Purifier","floor":37,"gold_loss":0},{"cards_removed":["Flying Knee"],"damage_healed":0,"gold_gain":0,"player_choice":"Removed Attack","damage_taken":0,"max_hp_gain":0,"max_hp_loss":0,"event_name":"Falling","floor":44,"gold_loss":0},{"damage_healed":0,"gold_gain":0,"player_choice":"Ignored","damage_taken":0,"max_hp_gain":0,"max_hp_loss":0,"event_name":"给自己的盒子","floor":48,"gold_loss":0}],"is_beta":false,"boss_relics":[{"not_picked":["Ring of Chaos","Astrolabe"],"picked":"Busted Crown"},{"not_picked":[]},{"not_picked":["Tiny House","testmod-Fanaticism"],"picked":"Philosopher\u0027s Stone"},{"not_picked":[]}],"items_purged_floors":[21],"is_endless":false,"potions_floor_spawned":[1,4,10,13,14,18,19,29,18,19,25,39,40,45,47],"ascension_level":7}}