{"host":"8ew8rkkqvnu5a0j4","time":1610123627,"event":{"mods":["AchievementEnabler","Arknights The Spire","BaseMod","Colored Powertips","Decade(王小明)","Downfall","Friendly Minions","GungeonMod","Hermit","HololiveMod","Hubris","KinomotoSakuraMod(木之本樱)","Koishi","LagranYue(拉格朗・月)","Luminous","Marisa（F雨　魔理沙）","Minty Spire (QoL Compilation)","Nova Terra(诺娃・泰拉)","Quick Restart","READ ME - Guardian Mod","Rare Cards Sparkle","Reimu（博丽灵梦）","Remilia（蕾米莉亚）","Replay The Spire","Shop Mod","StSLib","Td1madao Mod","The Alterego","The Animator","The Bug Knight","The Cursed","The Hierophant","The Marked","The Mystic","The Poker Player","The Servant 0.9.4","WarShipGirlsR/战舰少女R mod","Youmu（魂魄妖梦）","Yuri Mod","【遗物卡牌】REMEMod"],"gold_per_floor":[99,110,124,143,162,182,182,16,29,40,59,94,19,4,16,121,121,46,61,79,79,79,79,79,94,19,66,100,112,112,122,132,236,236,236,247,264,277,294,321,398,398,398,398],"floor_reached":43,"playtime":4814,"items_purged":[],"score":483,"play_id":"1e7219ad-6bba-4f54-b56f-dc986338c8e6","local_time":"20210109003347","is_ascension_mode":false,"campfire_choices":[{"floor":1,"key":"RECALL"},{"data":"theMarked:Improvise","floor":13,"key":"SMITH"},{"data":"theMarked:Strike","floor":18,"key":"PURGE"},{"floor":26,"key":"REST"}],"circlet_count":0,"master_deck":["theMarked:Strike","theMarked:Strike","theMarked:Strike","theMarked:Strike","theMarked:Defend","theMarked:Defend","theMarked:Defend","theMarked:Defend","theMarked:SoldierOfQuellstein","LagranYue:AttackEmeraldCard","theMarked:Improvise+1","theMarked:ContemptForTheProud","theMarked:RepellingDischarge+1","theMarked:ReduceFriction","theMarked:ThrowWeapon","Fire Up","theMarked:Standoff","theMarked:AttractMetal+1","theMarked:Panic+1","theMarked:Standoff+1"],"relics":["theMarked:ArtifactOfAir","REME_ComplimentaryCards","LagranYue:RandomDrawCardRelic","Membership Card","Replay:Bottled Snecko","downfall:HeartBlessingGreen","Replay:Grab Bag","Sozu","Fusion Hammer","Runic Pyramid","downfall:HeartBlessingRed","downfall:RedIOU","downfall:HeartBlessingBlue","REME_HandOfSuture","RuthlessExorcism:ReiMu","alterego_mod:SomeoneToFightFor","hubris:SlimyHat","Chameleon Ring"],"acts_visited":["Exordium","TheCity","TheBeyond"],"potions_floor_usage":[38,38],"damage_taken":[{"damage":4,"enemies":"Cultist","floor":2,"turns":4},{"damage":0,"enemies":"Small Slimes","floor":3,"turns":3},{"damage":2,"enemies":"2 Louse","floor":4,"turns":3},{"damage":8,"enemies":"2 Fungi Beasts","floor":5,"turns":4},{"damage":6,"enemies":"Large Slime","floor":6,"turns":6},{"damage":0,"enemies":"downfall:FleeingMerchant","floor":8,"turns":4},{"damage":5,"enemies":"Blue Slaver","floor":9,"turns":4},{"damage":0,"enemies":"Exordium Wildlife","floor":10,"turns":3},{"damage":0,"enemies":"Large Slime","floor":11,"turns":3},{"damage":9,"enemies":"3 Sentries","floor":12,"turns":5},{"damage":0,"enemies":"downfall:FleeingMerchant","floor":14,"turns":4},{"damage":0,"enemies":"2 Fungi Beasts","floor":15,"turns":3},{"damage":47,"enemies":"downfall:Watcher","floor":16,"turns":9},{"damage":0,"enemies":"Shell Parasite","floor":19,"turns":3},{"damage":0,"enemies":"Sentry and Sphere","floor":20,"turns":3},{"damage":17,"enemies":"Cultist and Chosen","floor":25,"turns":5},{"damage":7,"enemies":"Replay:Snechameleon","floor":28,"turns":4},{"damage":0,"enemies":"Snecko","floor":29,"turns":2},{"damage":14,"enemies":"Centurion and Healer","floor":31,"turns":4},{"damage":0,"enemies":"Chosen and Byrds","floor":32,"turns":4},{"damage":30,"enemies":"downfall:Ironclad","floor":33,"turns":8},{"damage":26,"enemies":"3 Darklings","floor":36,"turns":10},{"damage":1,"enemies":"3 Shapes","floor":37,"turns":6},{"damage":16,"enemies":"Maw","floor":38,"turns":7},{"damage":16,"enemies":"Writhing Mass","floor":39,"turns":12},{"damage":36,"enemies":"Nemesis","floor":43,"turns":8}],"seed_played":"-3433257912380985646","potions_obtained":[{"floor":2,"key":"Fire Potion"},{"floor":4,"key":"ColorlessPotion"},{"floor":5,"key":"Dexterity Potion"},{"floor":9,"key":"Adrenaline Potion"}],"is_trial":false,"path_per_floor":["R","M","M","M","M","M","T","$","M","M","M","E","R","$","M","B",null,"R","M","M","?","?","?","T","M","R","T","E","M","?","M","M","B",null,"R","M","M","M","M","?","T","R","E"],"character_chosen":"THE_DEFAULT","items_purchased":["Membership Card"],"campfire_rested":1,"item_purchase_floors":[8],"current_hp_per_floor":[77,76,79,80,75,72,72,75,73,76,79,73,73,76,79,35,116,116,119,122,96,96,96,96,82,134,134,130,130,130,122,139,112,155,155,153,158,152,142,142,142,142,106,106],"gold":398,"neow_bonus":"TEN_PERCENT_HP_BONUS","is_daily":false,"chose_seed":false,"campfire_upgraded":1,"win_rate":0.0,"timestamp":1610123627,"path_taken":["R","M","M","?","M","M","T","?","M","M","M","E","R","?","M","BOSS","R","M","M","?","?","?","T","M","R","?","E","?","?","M","M","BOSS","R","M","M","M","M","?","T","R","E"],"items_purchased_type":["Relic"],"build_version":"2020-12-22","purchased_purges":0,"victory":false,"max_hp_per_floor":[77,80,83,86,89,92,92,95,98,101,104,107,107,110,113,116,116,116,119,122,127,127,127,127,130,140,140,143,143,143,149,152,155,155,155,158,164,167,173,173,173,173,173,173],"card_choices":[{"not_picked":["theMarked:EmpowerWeapon","theMarked:StartUp"],"picked":"theMarked:Improvise","floor":2},{"not_picked":["theMarked:ElectricStrings","theMarked:ParalyzingBlade"],"picked":"theMarked:ContemptForTheProud","floor":3},{"not_picked":["theMarked:Parkour","theMarked:RepellingDischarge","theMarked:WastefulAttack"],"picked":"SKIP","floor":4},{"not_picked":["theMarked:Overthink","theMarked:Frustration"],"picked":"theMarked:RepellingDischarge","floor":5},{"not_picked":["theMarked:GodGivenPower","theMarked:Improvise"],"picked":"theMarked:ReduceFriction","floor":6},{"not_picked":["theMarked:Indomitable","theMarked:ElementalBlade","theMarked:ResourceFulStrike"],"picked":"SKIP","floor":8},{"not_picked":["theMarked:DeterminationOfTheMarked","theMarked:MaelstromOfLightning","theMarked:HeightenedSenses"],"picked":"SKIP","floor":9},{"not_picked":["theMarked:ContemptForTheProud","theMarked:SoldierForm","theMarked:Overthink"],"picked":"SKIP","floor":10},{"not_picked":["theMarked:ComboAttacks","theMarked:Frustration","theMarked:Static"],"picked":"SKIP","floor":11},{"not_picked":["theMarked:TwofoldDefense","theMarked:Parkour","theMarked:SwordAndMagic"],"picked":"SKIP","floor":12},{"not_picked":["theMarked:WastefulDefense","theMarked:Electrify","theMarked:WardOff"],"picked":"SKIP","floor":14},{"not_picked":["theMarked:Generate","theMarked:Seal","theMarked:Electrify"],"picked":"SKIP","floor":15},{"not_picked":["theMarked:Vacuum","theMarked:ChannelForce"],"picked":"theMarked:ThrowWeapon","floor":16},{"not_picked":["theMarked:GodGivenPower","theMarked:ShockingTouch","theMarked:Overthink"],"picked":"SKIP","floor":19},{"not_picked":["theMarked:SelfDefenseTraining+1","theMarked:TakeCover","theMarked:Improvise"],"picked":"SKIP","floor":20},{"not_picked":["theMarked:HeightenedSenses","theMarked:Frustration"],"picked":"theMarked:Standoff","floor":25},{"not_picked":["theMarked:MaelstromOfLightning","theMarked:Vacuum"],"picked":"theMarked:AttractMetal+1","floor":28},{"not_picked":["theMarked:Convert","theMarked:WastefulDefense","theMarked:ParalyzingBlade"],"picked":"SKIP","floor":29},{"not_picked":["theMarked:ParalyzingBlade","theMarked:HeritageOfTheMarked","theMarked:SelfDefenseTraining"],"picked":"SKIP","floor":31},{"not_picked":["theMarked:WardOff","theMarked:WastefulDefense+1","theMarked:Seal"],"picked":"SKIP","floor":32},{"not_picked":["theMarked:Static+1","theMarked:ResourceFulStrike"],"picked":"theMarked:Panic+1","floor":36},{"not_picked":["theMarked:ChainLightning","theMarked:Frustration+1","theMarked:Parkour+1"],"picked":"SKIP","floor":37},{"not_picked":["theMarked:WardOff","theMarked:ContemptForTheProud"],"picked":"theMarked:Standoff+1","floor":38},{"not_picked":["theMarked:Aftermath+1","theMarked:LightningStrikesTwice+1","theMarked:EmpowerWeapon"],"picked":"SKIP","floor":39}],"player_experience":663800,"relics_obtained":[{"floor":7,"key":"DemoMod:OrangeGuonStone"},{"floor":12,"key":"Replay:Bottled Snecko"},{"floor":27,"key":"REME_HandOfSuture"},{"floor":28,"key":"RuthlessExorcism:ReiMu"},{"floor":40,"key":"hubris:SlimyHat"},{"floor":41,"key":"Chameleon Ring"}],"event_choices":[{"damage_healed":0,"gold_gain":0,"player_choice":"Read","damage_taken":0,"max_hp_gain":0,"max_hp_loss":0,"event_name":"The Library","floor":22,"gold_loss":0,"cards_obtained":["Fire Up"]},{"damage_healed":0,"gold_gain":0,"player_choice":"Choice 2","damage_taken":0,"relics_obtained":["alterego_mod:SomeoneToFightFor"],"max_hp_gain":0,"max_hp_loss":0,"event_name":"爱的神圣花园","floor":30,"gold_loss":0}],"is_beta":false,"boss_relics":[{"not_picked":["Astrolabe","downfall:Hecktoplasm"],"picked":"Replay:Grab Bag"},{"not_picked":["Philosopher\u0027s Stone","Cursed Key"],"picked":"Sozu"},{"not_picked":["Busted Crown","Velvet Choker"],"picked":"Fusion Hammer"},{"not_picked":["theMarked:SpiritSword","hubris:HollowSoul"],"picked":"Runic Pyramid"},{"not_picked":["Hololive_Finger","REME_ChargedStone","Hololive_TopUpMoneyS"]}],"items_purged_floors":[],"is_endless":false,"potions_floor_spawned":[2,4,5,9,10,16,19,28,33,37,38,39],"killed_by":"Nemesis","ascension_level":0}}