{"host":"tr12w2fixbnujl15","time":1610135310,"event":{"mods":["2.2 Compatiblity","BaseMod","Better Skull","BetterRewards","Clockwork Mod","Colored Powertips","Evolution","Hermit","Hubris","Infinite Spire","Koishi","Mad Scientist","Minty Spire (QoL Compilation)","Quick Restart","Replay The Spire","Shop Mod","StSLib","SuperFastMode","The Animator","The Bug Knight","The Construct","The Cursed","The Hierophant","The Necromancer","The Sage","The Senshi","The Servant 0.9.4","The Spell Scribe","TheFirefly","WarShipGirlsR/????R mod"],"gold_per_floor":[115,129,129,129,129,304,331,349,425,425,395,411,426,442,442,539,539,539,539],"floor_reached":18,"playtime":546,"items_purged":[],"score":187,"play_id":"81b7e524-ecc0-4eee-bc37-5bf9333bb8bf","local_time":"20210108144830","is_ascension_mode":false,"campfire_choices":[{"data":"Koishi:FreudianInstinct","floor":10,"key":"SMITH"}],"circlet_count":0,"master_deck":["Koishi:BasicStrike","Koishi:BasicStrike","Koishi:BasicStrike","Koishi:BasicStrike","Koishi:BasicDefend+1","Koishi:BasicDefend+1","Koishi:BasicDefend","Koishi:BasicDefend","Koishi:Provoke","Koishi:HauntingSlash","Koishi:UnconsciousUrges","Koishi:SubterraneanRose+1","Pot Of Greed+1","Pot Of Greed","Doubt","Koishi:FreudianInstinct+1","Koishi:SubconsciousSweep","Koishi:FidgetySnatcher","Koishi:SprinkleStarAndHeart","Koishi:UnconsciousUprising","Koishi:PhantomBarrier","Koishi:GrowingPain"],"relics":["Koishi:ImaginaryFriend","EVO:Axolotl","NeowsBlessing","Grinning Jar","Ice Cream","hubris:TinFlute","construct:ClawGrip"],"acts_visited":["Exordium","TheCity"],"potions_floor_usage":[12,16,16,16],"damage_taken":[{"damage":0,"enemies":"Jaw Worm","floor":1,"turns":1},{"damage":0,"enemies":"2 Louse","floor":2,"turns":1},{"damage":0,"enemies":"Gremlin Nob","floor":7,"turns":1},{"damage":0,"enemies":"Cultist","floor":8,"turns":6},{"damage":2,"enemies":"Looter","floor":11,"turns":4},{"damage":8,"enemies":"Exordium Thugs","floor":12,"turns":6},{"damage":12,"enemies":"Red Slaver","floor":13,"turns":4},{"damage":16,"enemies":"Blue Slaver","floor":14,"turns":5},{"damage":35,"enemies":"Fading Forest","floor":16,"turns":11},{"damage":0,"enemies":"Shell Parasite","floor":18,"turns":1}],"seed_played":"-9195102472525930573","potions_obtained":[{"floor":7,"key":"Weak Potion"},{"floor":8,"key":"Venom Potion"},{"floor":12,"key":"GamblersBrew"},{"floor":13,"key":"GamblersBrew"},{"floor":14,"key":"Fire Potion"}],"is_trial":false,"path_per_floor":["M","M","?","?","?","?","E","M","T","R","M","M","M","M","R","B",null,"M"],"character_chosen":"KOISHI","items_purchased":[],"campfire_rested":0,"item_purchase_floors":[],"current_hp_per_floor":[60,60,60,57,45,45,45,46,46,46,44,36,25,9,27,14,60,60,60],"gold":539,"neow_bonus":"THREE_ENEMY_KILL","is_daily":false,"chose_seed":false,"campfire_upgraded":1,"win_rate":0.0,"timestamp":1610135310,"path_taken":["M","M","?","?","?","?","E","M","T","R","M","?","M","M","R","BOSS","M"],"items_purchased_type":[],"build_version":"2020-12-22","purchased_purges":0,"victory":false,"max_hp_per_floor":[60,60,60,60,60,60,60,60,60,60,60,60,60,60,60,60,60,60,60],"card_choices":[{"not_picked":["Koishi:PhantomBarrier","Koishi:StingingMind"],"picked":"Koishi:UnconsciousUrges","floor":1},{"not_picked":["Koishi:PhantomStrike","Koishi:FleetingPhantom"],"picked":"Koishi:SubterraneanRose","floor":2},{"not_picked":["Koishi:ReflexRadar","Koishi:MentalBreakdown"],"picked":"Koishi:FreudianInstinct","floor":7},{"not_picked":["Koishi:PhantomStrike","Koishi:ParalyzingFear"],"picked":"Koishi:SubconsciousSweep","floor":8},{"not_picked":["Koishi:SprinkleStarAndHeart","Koishi:StrangeCloudFist"],"picked":"Koishi:FidgetySnatcher","floor":11},{"not_picked":["Koishi:ConfinedInnocent","Koishi:VengefulSpirit"],"picked":"Koishi:SprinkleStarAndHeart","floor":12},{"not_picked":["Koishi:TremblingHands","Koishi:StingingMind"],"picked":"Koishi:UnconsciousUprising","floor":13},{"not_picked":["Koishi:Bloodlust","Koishi:SpiritedAway"],"picked":"Koishi:PhantomBarrier","floor":14},{"not_picked":["Koishi:MindStellarRelief","Koishi:ConfinedInnocent"],"picked":"Koishi:GrowingPain","floor":16}],"player_experience":37729,"relics_obtained":[{"floor":7,"key":"Ice Cream"},{"floor":9,"key":"hubris:TinFlute"}],"event_choices":[{"damage_healed":0,"gold_gain":0,"player_choice":"Success","damage_taken":3,"relics_obtained":["Grinning Jar"],"max_hp_gain":0,"max_hp_loss":0,"event_name":"Scrap Ooze","floor":4,"gold_loss":0},{"damage_healed":0,"gold_gain":0,"player_choice":"Entered Light","damage_taken":12,"max_hp_gain":0,"max_hp_loss":0,"event_name":"Shining Light","floor":5,"gold_loss":0,"cards_upgraded":["Koishi:BasicDefend","Koishi:BasicDefend"]},{"damage_healed":0,"gold_gain":175,"player_choice":"AGREE","damage_taken":0,"max_hp_gain":0,"max_hp_loss":0,"event_name":"Liars Game","floor":6,"gold_loss":0,"cards_obtained":["Doubt"]}],"is_beta":false,"boss_relics":[{"not_picked":["hubris:ScarierMask","Koishi:ColorfulDays"],"picked":"construct:ClawGrip"}],"items_purged_floors":[],"is_endless":false,"potions_floor_spawned":[7,8,12,13,14],"killed_by":"Shell Parasite","ascension_level":0}}