{"host":"08z5bj28eube4vug","time":1610086361,"event":{"mods":["2.2 Compatiblity","Abigail Mod","Act Like it!","BaseMod","Beaked The Cultist","Bestiary","Friendly Minions","Gensokyo","GungeonMod","Hallownest","Kiyohime????","Koishi","Lobotomy","Marisa????????","Minty Spire (QoL Compilation)","Prisma Mod","Remilia??????","Replay The Spire","StSLib","Td1madao Mod","The Alterego","The Bug Knight","The Jungle","The Sage","The Senshi","The Servant 0.9.4","Waifu the Spire","WarShipGirlsR/????R mod","Yuri Mod"],"gold_per_floor":[119,89,109,109,15,15,45,65,144,9,9,39,58,74,74,169,169,183,196,196,196,53,85,85,96,96,115,115,132,144,156,156,251,251,263,275,26,36,53,387,397,397,397,357,385,385,385,54,54,54],"floor_reached":51,"playtime":3869,"items_purged":[],"score":905,"play_id":"2dee9745-9c1c-435d-8594-d21fc3cadc70","local_time":"20210108091241","is_ascension_mode":true,"campfire_choices":[{"data":"rmod:maingunfire","floor":6,"key":"SMITH"},{"data":"Replay:Bootleg Shield Generator","floor":11,"key":"SMITH"},{"data":"rmod:diaomin","floor":15,"key":"SMITH"},{"data":"rmod:seals","floor":24,"key":"SMITH"},{"data":"rmod:smokecover","floor":28,"key":"SMITH"},{"data":"rmod:acesubmarine","floor":32,"key":"SMITH"},{"data":"rmod:circuitoustactics","floor":42,"key":"SMITH"},{"data":"rmod:lonelyqueen","floor":49,"key":"SMITH"}],"circlet_count":0,"master_deck":["rmod:strick+1","rmod:strick+1","rmod:strick+1","rmod:strick+1","rmod:defend+1","rmod:defend+1","rmod:defend+1","rmod:defend+1","rmod:basicallowance","rmod:maingunfire+1","rmod:overbreakdown","rmod:circuitoustactics+1","Replay:Bootleg Shield Generator+1","rmod:overbreakdown","rmod:firesupport","Flash of Steel","rmod:diaomin+1","rmod:firesupport","rmod:seals+1","rmod:intelligenceanalysis+1","rmod:firesupport+1","rmod:smokecover+1","rmod:overbreakdown+1","rmod:acesubmarine+1","Hallownest:curseDreamersLament","ReplayTheSpireMod:Compounding Headache","Writhe","rmod:intelligenceanalysis+1","rmod:launchingtorpedo+1","rmod:lonelyqueen+1","rmod:lonelyqueen+1","rmod:smokecover+1","rmod:unsinkable+1"],"relics":["rmod:firstchargereward","DemoMod:Metronome","Replay:Ringing Soul","Replay:Accelerometer","Replay:Rubber Ducky","Sozu","Boot","DemoMod:PinkGuonStone","Juzu Bracelet","Replay:Ancient Bell","PreservedInsect","yuri:PortableGlitches","DemoMod:GreenGuonStone","Garlic","Old Coin","Blue Doll","Oddly Smooth Stone","rmod:quickrepair"],"acts_visited":["Exordium","TheCity","TheBeyond"],"potions_floor_usage":[7,12,16,16,50],"damage_taken":[{"damage":6,"enemies":"Small Slimes","floor":1,"turns":3},{"damage":0,"enemies":"Cultist","floor":3,"turns":4},{"damage":0,"enemies":"Replay:BlueRogue","floor":7,"turns":5},{"damage":0,"enemies":"2 Louse","floor":8,"turns":2},{"damage":15,"enemies":"Gremlin Nob","floor":12,"turns":4},{"damage":8,"enemies":"Red Slaver","floor":13,"turns":2},{"damage":7,"enemies":"Gremlin Gang","floor":14,"turns":4},{"damage":1,"enemies":"Slime Boss","floor":16,"turns":4},{"damage":12,"enemies":"3 Byrds","floor":18,"turns":5},{"damage":6,"enemies":"2 Thieves","floor":19,"turns":3},{"damage":7,"enemies":"Gremlin Leader","floor":23,"turns":5},{"damage":0,"enemies":"Centurion and Healer","floor":25,"turns":6},{"damage":0,"enemies":"Shelled Parasite and Fungi","floor":27,"turns":5},{"damage":0,"enemies":"Snecko","floor":29,"turns":5},{"damage":0,"enemies":"Chosen and Byrds","floor":30,"turns":4},{"damage":0,"enemies":"3 Cultists","floor":31,"turns":3},{"damage":0,"enemies":"Champ","floor":33,"turns":8},{"damage":19,"enemies":"3 Darklings","floor":35,"turns":4},{"damage":3,"enemies":"Orb Walker","floor":36,"turns":4},{"damage":7,"enemies":"3 Darklings","floor":38,"turns":3},{"damage":4,"enemies":"Sphere and 2 Shapes","floor":39,"turns":5},{"damage":3,"enemies":"Reptomancer","floor":40,"turns":5},{"damage":6,"enemies":"Transient","floor":41,"turns":5},{"damage":3,"enemies":"Giant Head","floor":45,"turns":7},{"damage":14,"enemies":"Replay:Hell Engine","floor":50,"turns":14}],"seed_played":"-5422872914401040534","potions_obtained":[{"floor":1,"key":"SteroidPotion"},{"floor":2,"key":"DistilledChaos"},{"floor":2,"key":"FairyPotion"},{"floor":7,"key":"DemoMod:LeadSkinPotion"},{"floor":8,"key":"PowerPotion"},{"floor":14,"key":"SpeedPotion"},{"floor":16,"key":"AttackPotion"}],"is_trial":false,"path_per_floor":["M","?","M","?","$","R","E","M","T","$","R","E","M","M","R","B",null,"M","M","?","?","$","E","R","M","T","M","R","M","M","M","R","B",null,"M","M","$","M","M","E","M","R","T","?","E","?","?","$","R","B",null],"character_chosen":"PRAEFECT","items_purchased":["Replay:Bootleg Shield Generator","rmod:firesupport","Flash of Steel","Boot","Garlic","rmod:unsinkable+1","rmod:quickrepair"],"campfire_rested":0,"item_purchase_floors":[5,10,10,22,37,48,48],"current_hp_per_floor":[69,69,69,75,75,75,75,78,78,81,81,69,64,60,60,62,85,76,73,73,73,73,76,76,79,79,82,82,82,82,82,82,82,110,100,100,100,96,92,89,89,89,89,92,89,94,97,100,100,86],"gold":54,"neow_bonus":"RANDOM_COMMON_RELIC","is_daily":false,"chose_seed":false,"campfire_upgraded":8,"win_rate":0.0,"timestamp":1610086361,"path_taken":["M","?","?","?","?","R","E","M","T","$","R","E","?","M","R","BOSS","M","M","?","?","$","E","R","M","T","M","R","M","M","M","R","BOSS","M","M","$","M","M","E","M","R","T","?","E","?","?","$","R","BOSS"],"items_purchased_type":["Card","Card","Card","Relic","Relic","Card","Relic"],"build_version":"2020-12-22","purchased_purges":0,"victory":true,"max_hp_per_floor":[75,75,75,75,75,75,75,78,78,81,81,84,87,90,90,93,93,96,99,99,99,99,109,109,112,112,115,115,115,115,115,115,115,118,121,124,124,127,127,127,127,127,127,130,130,130,133,136,136,136],"card_choices":[{"not_picked":["rmod:expedition","rmod:guardianhero"],"picked":"rmod:overbreakdown","floor":1},{"not_picked":["rmod:ammunitionsupply","rmod:expedition"],"picked":"rmod:circuitoustactics","floor":3},{"not_picked":["rmod:concentratefire","rmod:circuitoustactics","rmod:fuelsupply"],"picked":"SKIP","floor":7},{"not_picked":["rmod:aluminumsupply","rmod:fuelsupply"],"picked":"rmod:overbreakdown","floor":8},{"not_picked":["rmod:combined","rmod:windflower"],"picked":"rmod:tearstotiara","floor":12},{"not_picked":["rmod:tearstotiara","rmod:garrisonisland"],"picked":"rmod:diaomin","floor":13},{"not_picked":["rmod:overbreakdown","rmod:maintain"],"picked":"rmod:firesupport","floor":14},{"not_picked":["rmod:lastglory","rmod:expeditionaryescort"],"picked":"rmod:seals","floor":16},{"not_picked":["rmod:aviationdawn","rmod:steelsupply+1"],"picked":"rmod:intelligenceanalysis+1","floor":18},{"not_picked":["rmod:salvage","rmod:sl"],"picked":"rmod:firesupport+1","floor":19},{"not_picked":["rmod:selfconfidence","rmod:fuelsupply"],"picked":"rmod:smokecover","floor":23},{"not_picked":["rmod:aviationdawn","rmod:aggressivemary"],"picked":"rmod:overbreakdown+1","floor":25},{"not_picked":["rmod:firesupport","rmod:aviationdawn"],"picked":"rmod:acesubmarine","floor":27},{"not_picked":["rmod:supportescort","rmod:fletcherpendant","rmod:steelsupply+1"],"picked":"SKIP","floor":29},{"not_picked":["rmod:supriseattacks","rmod:capitalist+1","rmod:spoils+1"],"picked":"SKIP","floor":30},{"not_picked":["rmod:firesupport","rmod:fuelsupply","rmod:diamondstrike"],"picked":"SKIP","floor":31},{"not_picked":["Lust_TH","CurseOfTheBell"],"picked":"Hallownest:curseDreamersLament","floor":34},{"not_picked":["ReplayTheSpireMod:Doomed","yuri:RhapsodyCurse"],"picked":"ReplayTheSpireMod:Compounding Headache","floor":34},{"not_picked":["ReplayTheSpireMod:Restless Dread","Injury"],"picked":"Writhe","floor":34},{"not_picked":["rmod:aluminumsupply","rmod:slowdown+1"],"picked":"rmod:intelligenceanalysis+1","floor":35},{"not_picked":["rmod:wife","rmod:overbreakdown"],"picked":"rmod:launchingtorpedo+1","floor":36},{"not_picked":["rmod:selfconfidence","rmod:fuelsupply"],"picked":"rmod:lonelyqueen+1","floor":38},{"not_picked":["rmod:aluminumsupply","rmod:sl","rmod:highspeedshooting"],"picked":"SKIP","floor":39},{"not_picked":["rmod:concentratefire","rmod:ridicule","rmod:victimresponsibility"],"picked":"SKIP","floor":40},{"not_picked":["rmod:bulid+1","rmod:diamondstrike","rmod:highspeedshooting+1"],"picked":"SKIP","floor":41},{"not_picked":[],"picked":"rmod:lonelyqueen","floor":44},{"not_picked":["rmod:steelsupply","rmod:highspeedshooting","rmod:concentratefire"],"picked":"SKIP","floor":45}],"player_experience":756543,"relics_obtained":[{"floor":7,"key":"Replay:Ringing Soul"},{"floor":9,"key":"Replay:Accelerometer"},{"floor":12,"key":"Replay:Rubber Ducky"},{"floor":23,"key":"DemoMod:PinkGuonStone"},{"floor":26,"key":"Juzu Bracelet"},{"floor":40,"key":"Old Coin"},{"floor":43,"key":"Blue Doll"},{"floor":45,"key":"Oddly Smooth Stone"}],"event_choices":[{"damage_healed":0,"gold_gain":0,"player_choice":"Bought 2 Potions","damage_taken":0,"max_hp_gain":0,"max_hp_loss":0,"event_name":"The Woman in Blue","floor":2,"gold_loss":0},{"damage_healed":6,"gold_gain":0,"player_choice":"Full Heal","damage_taken":0,"max_hp_gain":0,"max_hp_loss":0,"event_name":"Wheel of Change","floor":4,"gold_loss":0},{"damage_healed":0,"gold_gain":0,"player_choice":"Simplicity","damage_taken":0,"max_hp_gain":0,"max_hp_loss":0,"event_name":"Back to Basics","floor":20,"gold_loss":0,"cards_upgraded":["rmod:strick","rmod:strick","rmod:strick","rmod:strick","rmod:defend","rmod:defend","rmod:defend","rmod:defend"]},{"cards_removed":["rmod:tearstotiara"],"damage_healed":5,"gold_gain":0,"player_choice":"Offered Common","damage_taken":0,"max_hp_gain":0,"max_hp_loss":0,"event_name":"Bonfire Elementals","floor":46,"gold_loss":0},{"cards_removed":["rmod:tearstotiara"],"damage_healed":5,"gold_gain":0,"player_choice":"Offered Special","damage_taken":0,"max_hp_gain":0,"max_hp_loss":0,"event_name":"Bonfire Elementals","floor":46,"gold_loss":0},{"damage_healed":0,"gold_gain":0,"player_choice":"Copied","damage_taken":0,"max_hp_gain":0,"max_hp_loss":0,"event_name":"Duplicator","floor":47,"gold_loss":0,"cards_obtained":["rmod:smokecover"]}],"is_beta":false,"boss_relics":[{"not_picked":["Pandora\u0027s Box","sagemod:Falmels_Amulet"],"picked":"Sozu"},{"not_picked":["Replay:Fungal Core","Honey Jar"],"picked":"Replay:Ancient Bell"},{"not_picked":["DemoMod:PoisonVial","Pet Ghost"],"picked":"PreservedInsect"},{"not_picked":["DemoMod:Bottle","Mercury Hourglass"],"picked":"yuri:PortableGlitches"},{"not_picked":["Pocketwatch","Pondfish Scales"],"picked":"DemoMod:GreenGuonStone"}],"items_purged_floors":[],"is_endless":false,"potions_floor_spawned":[1,7,8,14,16,18,25,30,36,40],"ascension_level":5}}