{"host":"fm9e0lfunjlbhzxv","time":1610083601,"event":{"mods":["2.2 Compatiblity","Astrologer","BaseMod","Better Match","Better Skull","Better Third Choice","Colored Map","Colored Powertips","Downfall","Friendly Minions","Key Reminder","Kiyohime????","Marisa????????","Minty Spire (QoL Compilation)","Permanent Neow","Rare Cards Sparkle","Relic Stats","Remilia??????","StSLib","The Administrix","The Bug Knight","The Cursed","The Disciple","The Mystic","The Servant 0.9.4","The Vixen","slay the spire mod where everything is the same but ironclad has a cowboy hat"],"gold_per_floor":[116,127,127,142,157,190,190,219,244,279,292,292,317,331,331,436,436,446,465,465,53,73,108,108,141,141,172,172,182,202,213,213,314,314,331,350,350,350,350,350,350],"floor_reached":40,"playtime":3722,"items_purged":["astrologer:Defend"],"score":631,"play_id":"aa2fc179-fa1c-4e20-b542-3664dbe628ab","local_time":"20210107212641","is_ascension_mode":true,"campfire_choices":[{"data":"astrologer:StarOfMisfortune","floor":7,"key":"SMITH"},{"floor":12,"key":"REST"},{"floor":15,"key":"REST"},{"data":"astrologer:CometStrike","floor":24,"key":"SMITH"},{"data":"astrologer:DarkMatter","floor":32,"key":"SMITH"}],"circlet_count":0,"master_deck":["astrologer:Strike","astrologer:Strike","astrologer:Strike","astrologer:Defend","astrologer:Defend","astrologer:Defend","astrologer:NorthStar","astrologer:TheFool","astrologer:Opposition","astrologer:StarOfMisfortune+1","astrologer:TheStar","astrologer:Strength","astrologer:Stardust","astrologer:TheMagician","astrologer:CometStrike+1","astrologer:Prestidigitation","astrologer:RejectReality","astrologer:TheLovers","astrologer:Death","astrologer:FrozenStar+1","astrologer:Glimpse","astrologer:Prismatic","astrologer:Fireball","astrologer:Temperance","astrologer:StarOfChange","astrologer:Novile","astrologer:Quincunx+1","astrologer:DarkMatter+1","Ghostly","Ghostly","Ghostly","Ghostly","Ghostly","astrologer:Glimpse+1","astrologer:Nova","astrologer:Sunrise","expansioncontent:AwakenDeath","Pain"],"relics":["Runic Pyramid","astrologer:Telescope","Centennial Puzzle","Juzu Bracelet","Dream Catcher","Lantern","Velvet Choker","Bronze Scales","Ornamental Fan","HollowMod:QueensCombRelic","keyreminder:keyreminder","Gambling Chip","Snecko Eye","WarpedTongs"],"acts_visited":["Exordium","TheCity","TheBeyond"],"potions_floor_usage":[14,16,22],"damage_taken":[{"damage":0,"enemies":"Jaw Worm","floor":1,"turns":4},{"damage":1,"enemies":"Cultist","floor":2,"turns":3},{"damage":3,"enemies":"Small Slimes","floor":4,"turns":3},{"damage":2,"enemies":"Blue Slaver","floor":5,"turns":3},{"damage":27,"enemies":"Gremlin Nob","floor":6,"turns":5},{"damage":11,"enemies":"3 Sentries","floor":8,"turns":7},{"damage":10,"enemies":"Gremlin Nob","floor":10,"turns":4},{"damage":0,"enemies":"Looter","floor":11,"turns":3},{"damage":20,"enemies":"3 Sentries","floor":13,"turns":5},{"damage":7,"enemies":"Gremlin Gang","floor":14,"turns":3},{"damage":4,"enemies":"Hexaghost","floor":16,"turns":7},{"damage":14,"enemies":"Spheric Guardian","floor":18,"turns":6},{"damage":13,"enemies":"2 Thieves","floor":19,"turns":3},{"damage":4,"enemies":"Cultist and Chosen","floor":22,"turns":4},{"damage":18,"enemies":"Slavers","floor":23,"turns":4},{"damage":0,"enemies":"Gremlin Leader","floor":25,"turns":8},{"damage":38,"enemies":"Slavers","floor":27,"turns":6},{"damage":0,"enemies":"Centurion and Healer","floor":29,"turns":9},{"damage":0,"enemies":"Snake Plant","floor":30,"turns":4},{"damage":0,"enemies":"Shelled Parasite and Fungi","floor":31,"turns":6},{"damage":0,"enemies":"Collector","floor":33,"turns":12},{"damage":0,"enemies":"3 Darklings","floor":35,"turns":8},{"damage":1,"enemies":"Orb Walker","floor":36,"turns":7},{"damage":28,"enemies":"Reptomancer","floor":40,"turns":2}],"seed_played":"1785401801941072654","potions_obtained":[{"floor":1,"key":"Fruit Juice"},{"floor":10,"key":"FairyPotion"},{"floor":13,"key":"Strength Potion"},{"floor":14,"key":"PowerPotion"},{"floor":16,"key":"AttackPotion"},{"floor":23,"key":"SpeedPotion"},{"floor":30,"key":"LiquidMemories"},{"floor":31,"key":"Explosive Potion"}],"is_trial":false,"path_per_floor":["M","M","?","M","M","E","R","E","T","E","M","R","E","M","R","B",null,"M","M","?","$","M","E","R","E","T","E","?","M","M","M","R","B",null,"M","M","?","?","?","E"],"character_chosen":"ASTROLOGER","items_purchased":["Bronze Scales","astrologer:Prismatic","astrologer:Fireball","astrologer:Temperance"],"campfire_rested":2,"item_purchase_floors":[21,21,21,21],"current_hp_per_floor":[70,69,69,66,64,37,37,26,26,16,16,37,17,15,37,33,75,61,48,48,48,44,26,26,33,33,15,15,25,25,25,25,25,25,25,24,24,24,24,0,0],"gold":350,"neow_bonus":"BOSS_RELIC","is_daily":false,"chose_seed":false,"campfire_upgraded":3,"win_rate":0.0,"timestamp":1610083601,"path_taken":["M","M","?","M","?","E","R","E","T","E","M","R","E","M","R","BOSS","M","M","?","$","M","E","R","E","T","E","?","M","M","M","R","BOSS","M","M","?","?","?","E"],"items_purchased_type":["Relic","Card","Card","Card"],"build_version":"2020-12-22","purchased_purges":1,"victory":false,"max_hp_per_floor":[70,70,70,70,70,70,70,70,70,70,70,70,70,75,75,75,75,75,75,75,75,75,75,75,50,50,50,25,25,25,25,25,25,25,25,25,25,25,24,24,24],"relic_stats":{"Centennial Puzzle":[33],"Dream Catcher":2,"counters":[24,126],"Ornamental Fan":[24],"Bronze Scales":[281],"Gambling Chip":[18],"Snecko Eye":[30,21,22,25],"Juzu Bracelet":1,"obtain_stats":[{"HollowMod:QueensCombRelic":25,"Lantern":13,"astrologer:Telescope":6,"Velvet Choker":17,"Juzu Bracelet":9,"WarpedTongs":38,"keyreminder:keyreminder":25,"Centennial Puzzle":8,"Dream Catcher":10,"Ornamental Fan":23,"Bronze Scales":21,"Gambling Chip":27,"Snecko Eye":34,"astrologer:SkyMirror":0,"Runic Pyramid":0},{"HollowMod:QueensCombRelic":16,"Lantern":9,"astrologer:Telescope":5,"Velvet Choker":11,"Juzu Bracelet":6,"WarpedTongs":23,"keyreminder:keyreminder":16,"Centennial Puzzle":6,"Dream Catcher":7,"Ornamental Fan":15,"Bronze Scales":13,"Gambling Chip":17,"Snecko Eye":21,"astrologer:SkyMirror":0,"Runic Pyramid":0},{"HollowMod:QueensCombRelic":72,"Lantern":37,"astrologer:Telescope":18,"Velvet Choker":47,"Juzu Bracelet":25,"WarpedTongs":124,"keyreminder:keyreminder":72,"Centennial Puzzle":25,"Dream Catcher":29,"Ornamental Fan":64,"Bronze Scales":56,"Gambling Chip":78,"Snecko Eye":109,"astrologer:SkyMirror":0,"Runic Pyramid":0}],"WarpedTongs":[2]},"card_choices":[{"not_picked":["astrologer:TheDevil","astrologer:FrozenStar","astrologer:ReadTheStars"],"picked":"SKIP","floor":1},{"not_picked":["astrologer:ReadTheStars","astrologer:FrozenStar"],"picked":"astrologer:Opposition","floor":2},{"not_picked":["astrologer:StarOfChange","astrologer:Conjunction"],"picked":"astrologer:StarOfMisfortune","floor":4},{"not_picked":["astrologer:Still","astrologer:Radiance"],"picked":"astrologer:TheStar","floor":5},{"not_picked":["astrologer:Eclipse","astrologer:ReadTheStars"],"picked":"astrologer:Strength","floor":6},{"not_picked":["astrologer:TheStar","astrologer:TheHangedMan"],"picked":"astrologer:Stardust","floor":8},{"not_picked":["astrologer:Stardust","astrologer:CometStrike"],"picked":"astrologer:TheMagician","floor":10},{"not_picked":["astrologer:Divination","astrologer:Opposition"],"picked":"astrologer:CometStrike","floor":11},{"not_picked":["astrologer:FrozenStar","astrologer:Radiance"],"picked":"astrologer:Prestidigitation","floor":12},{"not_picked":["astrologer:TheTower","astrologer:Stardust"],"picked":"astrologer:RejectReality","floor":13},{"not_picked":["astrologer:TheDevil","astrologer:Opposition","astrologer:SpaceDust"],"picked":"SKIP","floor":14},{"not_picked":["astrologer:Prestidigitation","astrologer:SpaceDust"],"picked":"astrologer:TheLovers","floor":15},{"not_picked":["astrologer:TheWorld","astrologer:Fate"],"picked":"astrologer:Death","floor":16},{"not_picked":["astrologer:SolarFlare","astrologer:Cataclysm+1"],"picked":"astrologer:FrozenStar+1","floor":18},{"not_picked":["astrologer:Opposition","astrologer:SpaceDust+1"],"picked":"astrologer:Glimpse","floor":19},{"not_picked":["astrologer:FrozenStar","astrologer:StarOfCourage"],"picked":"astrologer:StarOfChange","floor":22},{"not_picked":["astrologer:CometStrike","astrologer:Stardust"],"picked":"astrologer:Novile","floor":23},{"not_picked":["astrologer:Premeditation","astrologer:Justice"],"picked":"astrologer:Quincunx+1","floor":25},{"not_picked":["astrologer:Still+1","astrologer:Eclipse+1"],"picked":"astrologer:DarkMatter","floor":27},{"not_picked":["astrologer:SpaceDust","astrologer:Opposition","astrologer:Stardust+1"],"picked":"SKIP","floor":29},{"not_picked":["astrologer:Opposition","astrologer:Radiance"],"picked":"astrologer:Glimpse+1","floor":30},{"not_picked":["astrologer:Death","astrologer:FrozenStar","astrologer:TheHermit"],"picked":"SKIP","floor":31},{"not_picked":["astrologer:Trine","astrologer:TheMagician"],"picked":"astrologer:Nova","floor":33},{"not_picked":["astrologer:Moonlight","astrologer:Radiance+1","astrologer:SolarFlare"],"picked":"SKIP","floor":35},{"not_picked":["astrologer:Moonlight","astrologer:TheMoon+1","astrologer:Radiance+1"],"picked":"SKIP","floor":36},{"not_picked":["astrologer:TheHermit","astrologer:ShootingStar"],"picked":"astrologer:Sunrise","floor":37},{"not_picked":["expansioncontent:SuperHexaguard","PanicButton"],"picked":"expansioncontent:AwakenDeath","floor":37}],"player_experience":733289,"relics_obtained":[{"floor":6,"key":"astrologer:Telescope"},{"floor":8,"key":"Centennial Puzzle"},{"floor":9,"key":"Juzu Bracelet"},{"floor":10,"key":"Dream Catcher"},{"floor":13,"key":"Lantern"},{"floor":23,"key":"Ornamental Fan"},{"floor":25,"key":"HollowMod:QueensCombRelic"},{"floor":27,"key":"Gambling Chip"}],"event_choices":[{"cards_removed":["astrologer:Strike"],"damage_healed":0,"gold_gain":0,"player_choice":"Offered Basic","damage_taken":0,"max_hp_gain":0,"max_hp_loss":0,"event_name":"Bonfire Elementals","floor":3,"gold_loss":0},{"damage_healed":0,"gold_gain":0,"player_choice":"Ignored","damage_taken":0,"max_hp_gain":0,"max_hp_loss":0,"event_name":"The Mausoleum","floor":20,"gold_loss":0},{"damage_healed":0,"gold_gain":0,"player_choice":"Became a Ghost","damage_taken":0,"max_hp_gain":0,"max_hp_loss":25,"event_name":"Ghosts","floor":28,"gold_loss":0,"cards_obtained":["Ghostly","Ghostly","Ghostly","Ghostly","Ghostly"]},{"damage_healed":0,"gold_gain":0,"player_choice":"1","damage_taken":0,"max_hp_gain":0,"max_hp_loss":0,"event_name":"betterMatch:BetterMatch","floor":37,"gold_loss":0,"cards_obtained":["betterMatch:CommonCard","betterMatch:ColorlessUncommonCard","betterMatch:UncommonCard"]},{"damage_healed":0,"gold_gain":0,"player_choice":"Rummage","damage_taken":0,"relics_obtained":["WarpedTongs"],"max_hp_gain":0,"max_hp_loss":0,"event_name":"Accursed Blacksmith","floor":38,"gold_loss":0,"cards_obtained":["Pain"]},{"damage_healed":0,"gold_gain":0,"player_choice":"Max HP","damage_taken":0,"max_hp_gain":0,"max_hp_loss":1,"event_name":"Winding Halls","floor":39,"gold_loss":0}],"is_beta":false,"boss_relics":[{"not_picked":["SacredBark","SlaversCollar"],"picked":"Velvet Choker"},{"not_picked":["Black Star","Calling Bell"],"picked":"Snecko Eye"}],"items_purged_floors":[21],"is_endless":false,"potions_floor_spawned":[1,10,13,14,16,19,23,30,31,35],"killed_by":"Reptomancer","ascension_level":1}}