{"host":"i09pxcjttd31eh4q","time":1610083795,"event":{"mods":["AchievementEnabler","BaseMod","Colored Map","Keyboard Shortcuts","Minty Spire (QoL Compilation)","StSLib","SuperFastMode"],"gold_per_floor":[15,29,29,45,45,45,45,45,45,45,19,31,62,79,79,155,155,165,179,197,46,59,59,72,72,96,109,124,24,42,42,42,116,116,130,23,37,37,55,55,55,55,80,112,112,143,168,185,185,185,185],"floor_reached":50,"playtime":1748,"items_purged":["Strike_G","Defend_G"],"score":1008,"play_id":"592033a3-da17-45ec-bd0d-25de9d7007d5","local_time":"20210108142955","is_ascension_mode":true,"campfire_choices":[{"data":"Neutralize","floor":6.0,"key":"SMITH"},{"data":"Infinite Blades","floor":8.0,"key":"SMITH"},{"data":"Cloak And Dagger","floor":10.0,"key":"SMITH"},{"floor":15.0,"key":"REST"},{"data":"Accuracy","floor":23.0,"key":"SMITH"},{"data":"Envenom","floor":25.0,"key":"SMITH"},{"floor":32.0,"key":"REST"},{"data":"Footwork","floor":40.0,"key":"SMITH"},{"floor":42.0,"key":"REST"},{"floor":45.0,"key":"REST"},{"floor":49.0,"key":"RECALL"}],"circlet_count":0,"master_deck":["AscendersBane","Defend_G","Survivor","Neutralize+1","Cloak And Dagger","Heel Hook+1","Acrobatics","Cloak And Dagger+1","Infinite Blades+1","Backflip","Cloak And Dagger","Footwork+1","Reflex+1","Die Die Die+1","Night Terror+1","Dagger Spray+1","Glass Knife+1","Acrobatics+1","Concentrate+1","Accuracy+1","Envenom+1","Backflip+1","Blade Dance+1","Heel Hook+1","Terror+1","Finesse+1","Prepared+1","Well Laid Plans","Parasite"],"relics":["Ring of the Snake","Turnip","Mercury Hourglass","Toxic Egg 2","Astrolabe","Whetstone","Empty Cage","White Beast Statue","Singing Bowl","FossilizedHelix"],"acts_visited":["Exordium","TheCity","TheBeyond"],"potions_floor_usage":[50],"damage_taken":[{"damage":1.0,"enemies":"Small Slimes","floor":1.0,"turns":4.0},{"damage":1.0,"enemies":"Jaw Worm","floor":2.0,"turns":6.0},{"damage":0.0,"enemies":"Cultist","floor":4.0,"turns":5.0},{"damage":6.0,"enemies":"Gremlin Gang","floor":12.0,"turns":4.0},{"damage":39.0,"enemies":"Gremlin Nob","floor":13.0,"turns":5.0},{"damage":0.0,"enemies":"Exordium Thugs","floor":14.0,"turns":5.0},{"damage":27.0,"enemies":"Slime Boss","floor":16.0,"turns":13.0},{"damage":7.0,"enemies":"Spheric Guardian","floor":18.0,"turns":4.0},{"damage":4.0,"enemies":"Shell Parasite","floor":19.0,"turns":7.0},{"damage":11.0,"enemies":"Shelled Parasite and Fungi","floor":20.0,"turns":6.0},{"damage":2.0,"enemies":"3 Cultists","floor":22.0,"turns":4.0},{"damage":0.0,"enemies":"Centurion and Healer","floor":24.0,"turns":5.0},{"damage":9.0,"enemies":"Shelled Parasite and Fungi","floor":27.0,"turns":5.0},{"damage":15.0,"enemies":"Snecko","floor":28.0,"turns":5.0},{"damage":0.0,"enemies":"Centurion and Healer","floor":30.0,"turns":4.0},{"damage":5.0,"enemies":"Collector","floor":33.0,"turns":5.0},{"damage":23.0,"enemies":"3 Darklings","floor":35.0,"turns":3.0},{"damage":1.0,"enemies":"3 Shapes","floor":37.0,"turns":7.0},{"damage":6.0,"enemies":"3 Darklings","floor":39.0,"turns":3.0},{"damage":22.0,"enemies":"Reptomancer","floor":44.0,"turns":5.0},{"damage":24.0,"enemies":"Nemesis","floor":46.0,"turns":3.0},{"damage":0.0,"enemies":"Mind Bloom Boss Battle","floor":47.0,"turns":5.0},{"damage":17.0,"enemies":"Writhing Mass","floor":48.0,"turns":7.0},{"damage":15,"enemies":"Donu and Deca","floor":50,"turns":2}],"seed_played":"-8138283810277726637","potions_obtained":[{"floor":14.0,"key":"Block Potion"},{"floor":16.0,"key":"Swift Potion"},{"floor":19.0,"key":"LiquidMemories"},{"floor":24.0,"key":"EssenceOfSteel"},{"floor":30.0,"key":"ColorlessPotion"},{"floor":33.0,"key":"Energy Potion"},{"floor":37.0,"key":"BlessingOfTheForge"},{"floor":44.0,"key":"Explosive Potion"},{"floor":46.0,"key":"LiquidMemories"},{"floor":48.0,"key":"Dexterity Potion"}],"is_trial":false,"path_per_floor":["M","M","?","M","T","R","$","R","T","R","$","M","E","M","R","B",null,"M","M","M","$","M","R","M","R","T","M","M","$","M","?","R","B",null,"M","$","M","?","M","R","$","R","T","E","R","E","?","M","R","B"],"character_chosen":"THE_SILENT","items_purchased":["Backflip","Accuracy","Finesse+1"],"campfire_rested":4,"item_purchase_floors":[11,21,36],"current_hp_per_floor":[58,57,57,57,57,57,57,57,57,57,57,51,12,12,31,4,51,44,40,29,29,27,27,27,27,27,18,3,3,3,3,22,17,54,31,31,30,30,24,24,24,43,43,21,40,16,18,3,3,0,0],"gold":185,"neow_bonus":"TRANSFORM_TWO_CARDS","is_daily":false,"chose_seed":false,"campfire_upgraded":6,"win_rate":0.0,"timestamp":1610083795,"path_taken":["M","M","?","M","?","R","$","R","T","R","?","M","E","?","R","BOSS","M","M","M","$","M","R","?","R","T","M","M","$","M","?","R","BOSS","M","$","M","?","M","R","$","R","T","E","R","E","?","M","R","BOSS"],"items_purchased_type":["Card","Card","Card"],"build_version":"2020-12-22","purchased_purges":2,"victory":false,"max_hp_per_floor":[66,66,66,66,66,66,66,66,66,66,66,66,66,66,66,66,66,66,66,66,66,66,66,66,66,66,66,66,66,66,66,66,66,66,66,66,66,66,66,66,66,66,66,66,66,66,68,70,70,70,70],"card_choices":[{"not_picked":["Bane","Quick Slash"],"picked":"Acrobatics","floor":1.0},{"not_picked":["Deadly Poison","Concentrate"],"picked":"Cloak And Dagger","floor":2.0},{"not_picked":["Poisoned Stab","Deflect"],"picked":"Infinite Blades","floor":4.0},{"not_picked":["Expertise","Poisoned Stab"],"picked":"Cloak And Dagger","floor":12.0},{"not_picked":["Poisoned Stab","Bane"],"picked":"Footwork","floor":13.0},{"not_picked":["Outmaneuver+1","Distraction+1"],"picked":"Reflex+1","floor":14.0},{"not_picked":["Glass Knife","Bullet Time+1"],"picked":"Die Die Die","floor":16.0},{"not_picked":["Setup+1","Finisher"],"picked":"Acrobatics+1","floor":18.0},{"not_picked":["Catalyst+1","Dagger Throw","Sucker Punch"],"picked":"SKIP","floor":19.0},{"not_picked":["Catalyst+1","Dagger Throw","Sucker Punch"],"picked":"SKIP","floor":19.0},{"not_picked":["Predator","Bouncing Flask+1"],"picked":"Concentrate+1","floor":20.0},{"not_picked":["Quick Slash","Outmaneuver+1"],"picked":"Envenom","floor":22.0},{"not_picked":["All Out Attack","Infinite Blades"],"picked":"Backflip+1","floor":24.0},{"not_picked":["All Out Attack","Underhanded Strike","Dagger Spray"],"picked":"SKIP","floor":27.0},{"not_picked":["Expertise+1","Quick Slash"],"picked":"Blade Dance+1","floor":28.0},{"not_picked":["Concentrate+1","All Out Attack"],"picked":"Heel Hook+1","floor":30.0},{"not_picked":["Deadly Poison+1","Flying Knee+1"],"picked":"Terror+1","floor":35.0},{"not_picked":["Bane+1","Dodge and Roll+1"],"picked":"Prepared+1","floor":37.0},{"not_picked":["Deadly Poison+1","Dagger Throw","Quick Slash"],"picked":"SKIP","floor":39.0},{"not_picked":["Poisoned Stab","Unload","Dash+1"],"picked":"SKIP","floor":44.0},{"not_picked":["Bane","Endless Agony"],"picked":"Well Laid Plans","floor":46.0},{"not_picked":["Underhanded Strike","Dagger Spray","Sucker Punch"],"picked":"Singing Bowl","floor":47.0},{"not_picked":["Deadly Poison+1","Flying Knee+1","Acrobatics+1"],"picked":"Singing Bowl","floor":48.0}],"player_experience":837709,"relics_obtained":[{"floor":5.0,"key":"Turnip"},{"floor":9.0,"key":"Mercury Hourglass"},{"floor":13.0,"key":"Toxic Egg 2"},{"floor":26.0,"key":"Whetstone"},{"floor":44.0,"key":"White Beast Statue"},{"floor":46.0,"key":"Singing Bowl"},{"floor":47.0,"key":"FossilizedHelix"}],"event_choices":[{"cards_removed":["Strike_G"],"damage_healed":0.0,"max_hp_gain":0.0,"max_hp_loss":0.0,"gold_gain":0.0,"event_name":"Living Wall","player_choice":"Forget","floor":3.0,"gold_loss":0.0,"damage_taken":0.0},{"damage_healed":0.0,"max_hp_gain":0.0,"max_hp_loss":0.0,"gold_gain":0.0,"event_name":"Forgotten Altar","player_choice":"Smashed Altar","floor":31.0,"gold_loss":0.0,"damage_taken":0.0,"cards_obtained":["Decay"]},{"damage_healed":0.0,"max_hp_gain":0.0,"max_hp_loss":0.0,"gold_gain":0.0,"event_name":"The Moai Head","player_choice":"Ignored","floor":38.0,"gold_loss":0.0,"damage_taken":0.0},{"damage_healed":0.0,"max_hp_gain":0.0,"max_hp_loss":0.0,"gold_gain":0.0,"event_name":"MindBloom","player_choice":"Fight","floor":47.0,"gold_loss":0.0,"damage_taken":0.0}],"is_beta":false,"boss_relics":[{"not_picked":["Tiny House","HoveringKite"],"picked":"Astrolabe"},{"not_picked":["Runic Pyramid","SacredBark"],"picked":"Empty Cage"}],"items_purged_floors":[21,29],"is_endless":false,"potions_floor_spawned":[14,16,19,24,30,33,37,44,46,47,48],"killed_by":"Donu and Deca","ascension_level":20}}