{"host":"nrxstibvl428zo7h","time":1610091636,"event":{"mods":["AchievementEnabler","BaseMod","Colored Map","Downfall","Hermit","Minty Spire (QoL Compilation)","StSLib","The Cursed"],"gold_per_floor":[116,132,143,143,108,108,162,173,173,173,187,113,113,133,133,133,133],"floor_reached":16,"playtime":609,"items_purged":[],"score":92,"play_id":"9bbeee64-5b6e-4775-ab45-565bb1e509fc","local_time":"20210107234036","is_ascension_mode":false,"campfire_choices":[{"data":"hermit:Dive","floor":6,"key":"SMITH"},{"data":"hermit:TakeAim","floor":13,"key":"SMITH"},{"data":"hermit:BlackWind","floor":15,"key":"SMITH"}],"circlet_count":0,"master_deck":["hermit:Strike_Hermit","hermit:Strike_Hermit","hermit:Strike_Hermit","hermit:Strike_Hermit","hermit:Defend_Hermit","hermit:Defend_Hermit","hermit:Defend_Hermit+1","hermit:Defend_Hermit","hermit:Snapshot+1","hermit:Covet","hermit:TrackingShot","hermit:Ricochet","hermit:Dive+1","hermit:Coalescence","hermit:TakeAim+1","hermit:SprayPray","hermit:WideOpen","hermit:BlackWind+1"],"relics":["hermit:Momento","Matryoshka"],"acts_visited":["Exordium"],"potions_floor_usage":[],"damage_taken":[{"damage":1,"enemies":"Cultist","floor":1,"turns":4},{"damage":0,"enemies":"2 Louse","floor":2,"turns":2},{"damage":6,"enemies":"Jaw Worm","floor":3,"turns":3},{"damage":3,"enemies":"2 Fungi Beasts","floor":8,"turns":5},{"damage":4,"enemies":"Exordium Wildlife","floor":11,"turns":5},{"damage":5,"enemies":"Looter","floor":14,"turns":4},{"damage":68,"enemies":"The Guardian","floor":16,"turns":10}],"seed_played":"-5296577301746842173","potions_obtained":[{"floor":14,"key":"Guardian:BlockOnCardUsePotion"}],"is_trial":false,"path_per_floor":["M","M","M","?","?","R","?","M","T","?","M","$","R","M","R","B"],"character_chosen":"HERMIT","items_purchased":["hermit:SprayPray","hermit:WideOpen"],"campfire_rested":0,"item_purchase_floors":[12,12],"current_hp_per_floor":[81,81,75,59,79,79,79,76,76,76,72,72,72,67,67,0,0],"gold":133,"neow_bonus":"TEN_PERCENT_HP_BONUS","is_daily":false,"chose_seed":false,"campfire_upgraded":3,"win_rate":0.0,"timestamp":1610091636,"path_taken":["M","M","?","?","?","R","?","?","T","?","?","?","R","?","R","BOSS"],"items_purchased_type":["Card","Card"],"build_version":"2020-12-22","purchased_purges":0,"victory":false,"max_hp_per_floor":[82,82,82,82,82,82,82,82,82,82,82,82,82,82,82,82,82],"card_choices":[{"not_picked":["hermit:LowProfile","hermit:BodyArmor"],"picked":"hermit:TrackingShot","floor":1},{"not_picked":["hermit:WideOpen","hermit:HighCaliber"],"picked":"hermit:Ricochet","floor":2},{"not_picked":["hermit:Brawl","hermit:Enervate"],"picked":"hermit:Dive","floor":3},{"not_picked":["hermit:Roulette","hermit:WideOpen"],"picked":"hermit:Coalescence","floor":8},{"not_picked":["hermit:LoneWolf","hermit:LowProfile"],"picked":"hermit:TakeAim","floor":11},{"not_picked":["hermit:Enervate","hermit:LowProfile"],"picked":"hermit:BlackWind","floor":14}],"player_experience":78741,"relics_obtained":[{"floor":9,"key":"Matryoshka"}],"event_choices":[{"damage_healed":0,"gold_gain":0,"player_choice":"Entered Light","damage_taken":16,"max_hp_gain":0,"max_hp_loss":0,"event_name":"Shining Light","floor":4,"gold_loss":0,"cards_upgraded":["hermit:Snapshot","hermit:Defend_Hermit"]},{"damage_healed":20,"gold_gain":0,"player_choice":"Healed","damage_taken":0,"max_hp_gain":0,"max_hp_loss":0,"event_name":"The Cleric","floor":5,"gold_loss":35},{"damage_healed":0,"gold_gain":54,"player_choice":"Gained Gold","damage_taken":0,"max_hp_gain":0,"max_hp_loss":0,"event_name":"Golden Wing","floor":7,"gold_loss":0},{"damage_healed":0,"gold_gain":0,"player_choice":"Ignored","damage_taken":0,"max_hp_gain":0,"max_hp_loss":0,"event_name":"NoteForYourself","floor":10,"gold_loss":0}],"is_beta":false,"boss_relics":[],"items_purged_floors":[],"is_endless":false,"potions_floor_spawned":[14],"killed_by":"The Guardian","ascension_level":0}}