{"host":"gk9qdtkqd8dwfeg2","time":1610094701,"event":{"mods":["Aspiration","BaseMod","Colored Powertips","KomeijiMod","Minty Spire (QoL Compilation)","Quick Restart","Replay The Spire","Shop Mod","StSLib","TestMod","The Gatherer","The Servant 0.9.4","Waifu the Spire","WarShipGirlsR/战舰少女R mod","Yuri Mod"],"gold_per_floor":[205,55,100,145,190,280,325,725,750,840,885,975,975,975,975,1275,1275,1320,1370,1422,1475,956,956,1053,1053,1078,1176,95,146,173,500,500,825,825,876,894,944,944,1001,1125,1172,1549,1549,1603,619,619,42,149,149,188],"floor_reached":51,"playtime":2035,"items_purged":["Normality","ReplayTheSpireMod:Splinters"],"score":1115,"play_id":"b7203e2c-f7c7-4125-9cca-ae2870d82273","local_time":"20210108163141","daily_mods":["Draft","Vintage","Midas"],"is_ascension_mode":false,"campfire_choices":[{"floor":15.0,"key":"REST"},{"floor":23.0,"key":"REST"},{"floor":25.0,"key":"REST"},{"floor":32.0,"key":"REST"}],"circlet_count":0,"master_deck":["FateMeister+1","DemonsDinnerFork_Remiria","ThePrice+1","StigmaNizer","TricksterDevil","BodyStrengthen","RocketKickup","PainBurst","TricksterDevil","BloodPact","FateEnsemble","FateMeister","Warpath","BloodCollect","yuri:BlackTea+1","CurseofVladTepes","testmod-Reflect","ReplayTheSpireMod:Scrap Shanks","Malaise","Hidden Blade+1","Beam Cell+1","Reboot","Trip","Survey Options","TalkToTheHand+1","Hallucinations","Replay:Hysterical Blindness","FateSonata+1","testmod-DisillusionmentEcho+1","DoubleEdge","Shrug It Off","Pain","Languid"],"relics":["ThirstyCrossSpe","testmod-TimeTraveler","testmod-InfectionSource","MerchantsRug","Shuriken","testmod-Justice","Counterbalance","Bronze Scales","Blood Vial","Replay:Baseball","Ornamental Fan","Orichalcum","Mercury Hourglass","PrismaticShard","SlaversCollar","testmod-Acrobat","Regal Pillow","Pocketwatch","Guide Book","Replay:Mystery Machine","CeramicFish","MealTicket","Nunchaku","StrikeDummy","TheAbacus","StoneCalendar","Mirror","Pen Nib","aspiration:SilentSkillbook","testmod-IndustrialRevolution","Frozen Egg 2","aspiration:ArtOfWarUpgrade","testmod-TurbochargingSystem","Ring of Greed","Ring of Misfortune","Blue Doll","Replay:Bottled Snecko","Juzu Bracelet","Lantern","NitorisBag","InkBottle","Sling","HoshigumaDish","Happy Flower"],"acts_visited":["Exordium","TheCity","TheBeyond"],"potions_floor_usage":[50,50,50,50,50],"damage_taken":[{"damage":0.0,"enemies":"2 Louse","floor":1.0,"turns":2.0},{"damage":0.0,"enemies":"Small Slimes","floor":3.0,"turns":2.0},{"damage":6.0,"enemies":"Jaw Worm","floor":4.0,"turns":2.0},{"damage":0.0,"enemies":"Gremlin Gang","floor":5.0,"turns":1.0},{"damage":4.0,"enemies":"Replay:BlueRogue","floor":6.0,"turns":3.0},{"damage":0.0,"enemies":"2 Fungi Beasts","floor":7.0,"turns":3.0},{"damage":11.0,"enemies":"Lagavulin","floor":10.0,"turns":4.0},{"damage":2.0,"enemies":"3 Louse","floor":11.0,"turns":2.0},{"damage":0.0,"enemies":"Replay:BlueRogue","floor":12.0,"turns":3.0},{"damage":2.0,"enemies":"The Guardian","floor":16.0,"turns":4.0},{"damage":4.0,"enemies":"Chosen","floor":18.0,"turns":3.0},{"damage":0.0,"enemies":"Shell Parasite","floor":20.0,"turns":3.0},{"damage":3.0,"enemies":"Sentry and Sphere","floor":21.0,"turns":3.0},{"damage":21.0,"enemies":"Slavers","floor":24.0,"turns":2.0},{"damage":17.0,"enemies":"Gremlin Leader","floor":27.0,"turns":3.0},{"damage":12.0,"enemies":"Shelled Parasite and Fungi","floor":29.0,"turns":3.0},{"damage":0.0,"enemies":"Automaton","floor":33.0,"turns":4.0},{"damage":16.0,"enemies":"3 Shapes","floor":35.0,"turns":3.0},{"damage":22.0,"enemies":"3 Darklings","floor":37.0,"turns":3.0},{"damage":6.0,"enemies":"Writhing Mass","floor":39.0,"turns":3.0},{"damage":1.0,"enemies":"Giant Head","floor":40.0,"turns":4.0},{"damage":24.0,"enemies":"4 Shapes","floor":41.0,"turns":2.0},{"damage":0.0,"enemies":"Jaw Worm Horde","floor":44.0,"turns":3.0},{"damage":0.0,"enemies":"Reptomancer","floor":48.0,"turns":3.0},{"damage":25,"enemies":"Time Eater","floor":50,"turns":5}],"seed_played":"-6062085814737979882","potions_obtained":[{"floor":1.0,"key":"AttackPotion"},{"floor":5.0,"key":"Adrenaline Potion"},{"floor":7.0,"key":"Dexterity Potion"},{"floor":16.0,"key":"BlessingOfTheForge"},{"floor":18.0,"key":"testmod-TimePotion"},{"floor":35.0,"key":"DuplicationPotion"},{"floor":39.0,"key":"Fire Potion"},{"floor":40.0,"key":"testmod-SpacePotion"},{"floor":41.0,"key":"Venom Potion"},{"floor":48.0,"key":"testmod-TestPotion"}],"is_trial":false,"path_per_floor":["M","$","M","M","M","E","M","?","T","E","M","E","?","?","R","B",null,"M","?","M","M","$","R","E","R","T","E","$","M","?","?","R","B",null,"M","?","M","?","M","E","M","?","T","M","$","R","$","E","R","B",null],"character_chosen":"RemiriaScarlet","items_purchased":["MerchantsRug","Guide Book","Replay:Mystery Machine","CeramicFish","CurseofVladTepes","TheAbacus","StoneCalendar","Mirror","testmod-SpacePotion","testmod-SpacePotion","AttackPotion","testmod-Reflect","Juzu Bracelet","Lantern","NitorisBag","FateSonata+1","testmod-DisillusionmentEcho+1","DoubleEdge","Languid Potion","JyouchiReiPotion","InkBottle","Sling","HoshigumaDish"],"campfire_rested":4,"item_purchase_floors":[2,22,22,22,22,28,28,28,28,28,28,28,45,45,45,45,45,45,45,45,47,47,47],"current_hp_per_floor":[100,100,100,94,94,94,94,94,94,85,85,100,100,105,105,105,105,101,101,104,105,105,105,90,105,105,101,105,99,99,73,105,105,105,96,86,66,66,62,98,76,76,76,92,107,107,112,112,112,97],"gold":188,"neow_bonus":"","is_daily":true,"chose_seed":false,"campfire_upgraded":0,"win_rate":0.0,"timestamp":1610094701,"path_taken":["M","$","M","M","M","E","M","?","T","E","M","E","?","?","R","BOSS","M","?","M","M","$","R","E","R","T","E","$","?","?","?","R","BOSS","M","?","M","?","?","E","M","?","T","M","$","R","$","E","R","BOSS"],"items_purchased_type":["Relic","Relic","Relic","Relic","Card","Relic","Relic","Relic","Potion","Potion","Potion","Card","Relic","Relic","Relic","Card","Card","Card","Potion","Potion","Relic","Relic","Relic"],"build_version":"2020-12-22","purchased_purges":2,"victory":true,"max_hp_per_floor":[100,100,100,100,100,100,100,100,100,100,100,100,100,105,105,105,105,105,105,105,105,105,105,105,105,105,105,105,105,105,105,105,105,105,105,105,105,105,105,105,105,105,105,112,112,112,112,112,112,112],"card_choices":[{"not_picked":["Feint","ThePrice"],"picked":"FateMeister","floor":0.0},{"not_picked":["NaturallyHealing","Feint"],"picked":"DemonsDinnerFork_Remiria","floor":0.0},{"not_picked":["FastHealing","Feint"],"picked":"TricksterDevil","floor":0.0},{"not_picked":["RocketKickup","Warpath"],"picked":"ThePrice","floor":0.0},{"not_picked":["DoubleEdge","FastHealing"],"picked":"StigmaNizer","floor":0.0},{"not_picked":["CombatMeter","SealingFear"],"picked":"TricksterDevil","floor":0.0},{"not_picked":["Cripple","ThePrice"],"picked":"BodyStrengthen","floor":0.0},{"not_picked":["NaturallyHealing","TricksterDevil"],"picked":"FateMeister","floor":0.0},{"not_picked":["PainBurst","SeparateFleshBlood"],"picked":"RocketKickup","floor":0.0},{"not_picked":["VampireClaw","DemonsDinnerFork_Remiria"],"picked":"PainBurst","floor":0.0},{"not_picked":["VampireClaw","NaturallyHealing"],"picked":"TricksterDevil","floor":0.0},{"not_picked":["DoubleEdge","BloodCleaner"],"picked":"BloodPact","floor":0.0},{"not_picked":["Feint","DoubleEdge"],"picked":"FateEnsemble","floor":0.0},{"not_picked":["ServantFlier","DamonLordCradle_Remiria"],"picked":"FateMeister","floor":0.0},{"not_picked":["BloodCollect","VampireClaw"],"picked":"BloodySuit","floor":0.0},{"not_picked":["Cripple","BloodySuit"],"picked":"Warpath","floor":6.0},{"not_picked":["Impregnable","BloodCleaner","Cripple"],"picked":"SKIP","floor":10.0},{"not_picked":["RocketKickup","FastHealing"],"picked":"BloodCollect","floor":12.0},{"not_picked":["MiserableFate_Remiria","rmod:windflower"],"picked":"yuri:BlackTea","floor":16.0},{"not_picked":["NingyouFukuhei+1","Anger","Infernal Blade+1"],"picked":"SKIP","floor":24.0},{"not_picked":["Deflect","Streamline","TricksterDevil"],"picked":"SKIP","floor":27.0},{"not_picked":["yuri:Stalk+1","Feint"],"picked":"Hidden Blade","floor":31.0},{"not_picked":["Vengeance","CombatMeter"],"picked":"Beam Cell+1","floor":31.0},{"not_picked":["KillingDoll","Poison Darts"],"picked":"Reboot","floor":33.0},{"not_picked":["testmod-Mystery","Mind Blast","testmod-SubstituteBySubterfuge"],"picked":"Trip","floor":36.0},{"not_picked":["Replay:Sssssssssstrike","Replay:Bootleg Shield Generator","Swift Strike"],"picked":"Survey Options","floor":36.0},{"not_picked":["VampireKiss_Remiria+1","Gatherer:CarefulStrike","PiercingWail"],"picked":"TalkToTheHand+1","floor":40.0},{"not_picked":["Havoc","Madness+1","ShatteredReality"],"picked":"Shrug It Off","floor":48.0}],"player_experience":610601,"relics_obtained":[{"floor":1.0,"key":"testmod-InfectionSource"},{"floor":3.0,"key":"Shuriken"},{"floor":4.0,"key":"testmod-Justice"},{"floor":5.0,"key":"Counterbalance"},{"floor":6.0,"key":"Bronze Scales"},{"floor":7.0,"key":"Blood Vial"},{"floor":9.0,"key":"Replay:Baseball"},{"floor":10.0,"key":"Ornamental Fan"},{"floor":11.0,"key":"Orichalcum"},{"floor":12.0,"key":"Mercury Hourglass"},{"floor":18.0,"key":"testmod-Acrobat"},{"floor":20.0,"key":"Regal Pillow"},{"floor":21.0,"key":"Pocketwatch"},{"floor":24.0,"key":"MealTicket"},{"floor":26.0,"key":"Nunchaku"},{"floor":27.0,"key":"StrikeDummy"},{"floor":29.0,"key":"Pen Nib"},{"floor":35.0,"key":"testmod-IndustrialRevolution"},{"floor":37.0,"key":"Frozen Egg 2"},{"floor":39.0,"key":"War Paint"},{"floor":40.0,"key":"Art of War"},{"floor":41.0,"key":"testmod-TurbochargingSystem"},{"floor":42.0,"key":"Ring of Greed"},{"floor":42.0,"key":"Ring of Misfortune"},{"floor":42.0,"key":"Blue Doll"},{"floor":42.0,"key":"Old Coin"},{"floor":43.0,"key":"Replay:Bottled Snecko"},{"floor":44.0,"key":"Strawberry"},{"floor":48.0,"key":"Happy Flower"}],"event_choices":[{"damage_healed":0.0,"max_hp_gain":0.0,"max_hp_loss":0.0,"gold_gain":400.0,"event_name":"恩洛斯的盘子","player_choice":"Sell","floor":8.0,"relics_lost":["testmod-TestBox"],"gold_loss":0.0,"damage_taken":0.0},{"damage_healed":0.0,"max_hp_gain":5.0,"max_hp_loss":0.0,"gold_gain":0.0,"event_name":"Big Fish","player_choice":"Donut","floor":14.0,"gold_loss":0.0,"damage_taken":0.0},{"damage_healed":0.0,"max_hp_gain":0.0,"max_hp_loss":0.0,"gold_gain":100.0,"event_name":"The Joust","player_choice":"Bet on Murderer","floor":19.0,"gold_loss":50.0,"damage_taken":0.0},{"damage_healed":0.0,"max_hp_gain":0.0,"max_hp_loss":0.0,"gold_gain":0.0,"event_name":"SensoryStone","player_choice":"Memory 3","floor":36.0,"gold_loss":0.0,"damage_taken":10.0},{"cards_removed":["Tactician"],"damage_healed":0.0,"max_hp_gain":0.0,"max_hp_loss":0.0,"gold_gain":0.0,"event_name":"Wheel of Change","player_choice":"Card Removal","floor":38.0,"gold_loss":0.0,"damage_taken":0.0}],"is_beta":false,"boss_relics":[{"not_picked":["aspiration:DefectSkillbook","testmod-CardMagician"],"picked":"SlaversCollar"},{"not_picked":["testmod-IncinerationGenerator","Tiny House"],"picked":"aspiration:SilentSkillbook"}],"items_purged_floors":[45,47],"is_endless":false,"potions_floor_spawned":[1,5,7,11,16,18,35,39,40,41,48],"ascension_level":0}}