{"host":"g01l53quoe6lrer0","time":1610124656,"event":{"mods":["2.2 Compatiblity","AchievementEnabler","BaseMod","Colored Map","Highlight Path","Keyboard Shortcuts","Minty Spire (QoL Compilation)","Permanent Neow","StSLib","SuperFastMode","everything is the same but u backflip on backflip"],"gold_per_floor":[116,135,9,21,21,52,52,83,83,83,102,67,83,112,112,195,245,270,293,47,60,60,60,94,111,111,129,143,158,208,208,208],"floor_reached":31,"playtime":6230,"items_purged":["Strike_R","Strike_R"],"score":524,"play_id":"fa6d67be-14b6-4cf2-8e58-7bbed7110c14","local_time":"20210109015056","is_ascension_mode":true,"campfire_choices":[{"data":"Fire Breathing","floor":7.0,"key":"SMITH"},{"data":"Wild Strike","floor":10.0,"key":"SMITH"},{"data":"Shockwave","floor":15.0,"key":"SMITH"},{"floor":23.0,"key":"REST"}],"circlet_count":0,"master_deck":["AscendersBane","Strike_R","Strike_R","Defend_R","Defend_R","Defend_R","Defend_R","Bash","Rampage","Second Wind+1","Wild Strike+1","Fire Breathing+1","Impervious","Shockwave+1","Barricade","Feel No Pain+1","Headbutt","Evolve","Second Wind","Havoc","Entrench","Wild Strike"],"relics":["Burning Blood","Pear","Singing Bowl","Mercury Hourglass","Letter Opener","CeramicFish","Tiny House","Eternal Feather","Blue Candle"],"acts_visited":["Exordium","TheCity"],"potions_floor_usage":[29],"damage_taken":[{"damage":1.0,"enemies":"Cultist","floor":1.0,"turns":4.0},{"damage":6.0,"enemies":"2 Louse","floor":2.0,"turns":4.0},{"damage":6.0,"enemies":"Jaw Worm","floor":4.0,"turns":4.0},{"damage":20.0,"enemies":"3 Sentries","floor":6.0,"turns":4.0},{"damage":29.0,"enemies":"Gremlin Nob","floor":8.0,"turns":4.0},{"damage":6.0,"enemies":"2 Fungi Beasts","floor":11.0,"turns":3.0},{"damage":7.0,"enemies":"3 Louse","floor":13.0,"turns":2.0},{"damage":10.0,"enemies":"3 Sentries","floor":14.0,"turns":5.0},{"damage":31.0,"enemies":"Hexaghost","floor":16.0,"turns":10.0},{"damage":11.0,"enemies":"Chosen","floor":18.0,"turns":5.0},{"damage":18.0,"enemies":"Spheric Guardian","floor":19.0,"turns":7.0},{"damage":40.0,"enemies":"Cultist and Chosen","floor":21.0,"turns":7.0},{"damage":51.0,"enemies":"Gremlin Leader","floor":24.0,"turns":7.0},{"damage":12.0,"enemies":"Centurion and Healer","floor":25.0,"turns":7.0},{"damage":53.0,"enemies":"Shelled Parasite and Fungi","floor":28.0,"turns":8.0},{"damage":22,"enemies":"Cultist and Chosen","floor":29,"turns":6},{"damage":7,"enemies":"Snecko","floor":31,"turns":5}],"seed_played":"-1153852879159646923","potions_obtained":[{"floor":1.0,"key":"LiquidMemories"},{"floor":11.0,"key":"BlessingOfTheForge"},{"floor":13.0,"key":"SpeedPotion"},{"floor":14.0,"key":"BlessingOfTheForge"},{"floor":16.0,"key":"BlessingOfTheForge"},{"floor":17.0,"key":"FairyPotion"},{"floor":25.0,"key":"BloodPotion"},{"floor":28.0,"key":"PowerPotion"}],"is_trial":false,"path_per_floor":["M","M","$","M","?","E","R","E","T","R","M","?","M","E","R","B",null,"M","M","$","M","$","R","E","M","T","?","M","M","?","M"],"character_chosen":"IRONCLAD","items_purchased":["Wild Strike","Evolve","Second Wind"],"campfire_rested":1,"item_purchase_floors":[3,20,20],"current_hp_per_floor":[73,73,73,73,72,58,58,37,37,37,39,61,60,58,58,33,84,79,67,67,35,35,65,20,36,36,36,35,21,21,14,14],"gold":208,"neow_bonus":"TRANSFORM_CARD","is_daily":false,"chose_seed":false,"campfire_upgraded":3,"win_rate":0.0,"timestamp":1610124656,"path_taken":["M","M","?","M","?","E","R","E","T","R","?","?","M","E","R","BOSS","M","M","$","M","$","R","E","M","T","?","M","?","?","M"],"items_purchased_type":["Card","Card","Card"],"build_version":"2020-12-22","purchased_purges":2,"victory":false,"max_hp_per_floor":[75,75,75,75,85,85,85,87,87,87,89,89,89,91,91,91,98,98,98,98,100,100,100,100,102,102,102,104,106,106,106,106],"card_choices":[{"not_picked":["True Grit","Cleave"],"picked":"Second Wind","floor":1.0},{"not_picked":["Iron Wave","Perfected Strike","Anger"],"picked":"SKIP","floor":2.0},{"not_picked":["Flex","Ghostly Armor"],"picked":"Fire Breathing","floor":4.0},{"not_picked":["Havoc","True Grit"],"picked":"Impervious","floor":6.0},{"not_picked":["Metallicize","Clash","Pommel Strike"],"picked":"Singing Bowl","floor":8.0},{"not_picked":["Clash","Cleave","Brutality"],"picked":"Singing Bowl","floor":11.0},{"not_picked":["Cleave","Dual Wield"],"picked":"Shockwave","floor":13.0},{"not_picked":["Perfected Strike","Anger","Blood for Blood"],"picked":"Singing Bowl","floor":14.0},{"not_picked":["Demon Form","Impervious"],"picked":"Barricade","floor":16.0},{"not_picked":["Perfected Strike","Sword Boomerang","Infernal Blade"],"picked":"Singing Bowl","floor":17.0},{"not_picked":["Inflame+1","Rage"],"picked":"Feel No Pain+1","floor":18.0},{"not_picked":["Clothesline","Searing Blow+1"],"picked":"Headbutt","floor":19.0},{"not_picked":["Twin Strike+1","Armaments","Headbutt"],"picked":"Singing Bowl","floor":21.0},{"not_picked":["Reckless Charge","Exhume"],"picked":"Havoc","floor":24.0},{"not_picked":["Dropkick","Clothesline","Spot Weakness"],"picked":"Singing Bowl","floor":25.0},{"not_picked":["Perfected Strike","Combust","Clash"],"picked":"Singing Bowl","floor":28.0},{"not_picked":["Flex","Perfected Strike","Twin Strike"],"picked":"Singing Bowl","floor":29}],"player_experience":88464,"relics_obtained":[{"floor":6.0,"key":"Singing Bowl"},{"floor":8.0,"key":"Mercury Hourglass"},{"floor":9.0,"key":"Letter Opener"},{"floor":14.0,"key":"CeramicFish"},{"floor":24.0,"key":"Eternal Feather"},{"floor":26.0,"key":"Blue Candle"}],"event_choices":[{"damage_healed":0.0,"max_hp_gain":0.0,"max_hp_loss":0.0,"gold_gain":0.0,"event_name":"Scrap Ooze","player_choice":"Success","floor":5.0,"gold_loss":0.0,"damage_taken":11.0,"relics_obtained":["Pear"]},{"damage_healed":22.0,"max_hp_gain":0.0,"max_hp_loss":0.0,"gold_gain":0.0,"event_name":"The Cleric","player_choice":"Healed","floor":12.0,"gold_loss":35.0,"damage_taken":0.0},{"damage_healed":0.0,"max_hp_gain":0.0,"max_hp_loss":0.0,"gold_gain":0.0,"event_name":"Match and Keep!","player_choice":"2 cards matched","floor":27.0,"gold_loss":0.0,"damage_taken":0.0,"cards_obtained":["Entrench","Wild Strike"]},{"damage_healed":0,"gold_gain":50,"player_choice":"Stole From Cult","damage_taken":0,"max_hp_gain":0,"max_hp_loss":0,"event_name":"Nest","floor":30,"gold_loss":0}],"is_beta":false,"boss_relics":[{"not_picked":["SacredBark","Ectoplasm"],"picked":"Tiny House"}],"items_purged_floors":[3,20],"is_endless":false,"potions_floor_spawned":[1,11,13,14,16,19,25,28],"killed_by":"Snecko","ascension_level":16}}