{"host":"0jugj35n0ams2iav","time":1610064790,"event":{"mods":["BaseMod","Downfall","Hubris","Minty Spire (QoL Compilation)","Replay The Spire","StSLib","The Cursed","The Marked"],"gold_per_floor":[115,115,290,304,304,334,334,368,368,368,368,368,368],"floor_reached":12,"playtime":572,"items_purged":[],"score":125,"play_id":"15e5bb1b-7bde-4d0b-b7fc-e71daded269d","local_time":"20210108001310","is_ascension_mode":true,"campfire_choices":[],"circlet_count":0,"master_deck":["Strike_R","Strike_R","Strike_R","Strike_R","Strike_R","Defend_R","Defend_R","Defend_R","Defend_R+1","Bash","Ghostly Armor","Sentinel+1","Doubt","ReplayTheSpireMod:LeadingStrike","Seeing Red"],"relics":["Burning Blood","NeowsBlessing","Replay:WaspNest","Garlic","Juzu Bracelet","Golden Egg","Blue Doll","Durian"],"acts_visited":["Exordium"],"potions_floor_usage":[8],"damage_taken":[{"damage":0,"enemies":"2 Louse","floor":1,"turns":1},{"damage":0,"enemies":"Small Slimes","floor":4,"turns":2},{"damage":0,"enemies":"Gremlin Nob","floor":6,"turns":1},{"damage":29,"enemies":"3 Sentries","floor":8,"turns":12},{"damage":45,"enemies":"Lagavulin","floor":12,"turns":9}],"seed_played":"730711661550761797","potions_obtained":[{"floor":4,"key":"Block Potion"},{"floor":6,"key":"LifebloodPotion"}],"is_trial":false,"path_per_floor":["M","?","?","M","?","E","T","E","T","?","?","E"],"character_chosen":"IRONCLAD","items_purchased":[],"campfire_rested":0,"item_purchase_floors":[],"current_hp_per_floor":[80,80,80,80,64,70,70,47,47,35,40,0,0],"gold":368,"neow_bonus":"THREE_ENEMY_KILL","is_daily":false,"chose_seed":false,"campfire_upgraded":0,"win_rate":0.0,"timestamp":1610064790,"path_taken":["M","?","?","M","?","E","?","E","T","?","?","E"],"items_purchased_type":[],"build_version":"2020-12-22","purchased_purges":0,"victory":false,"max_hp_per_floor":[80,80,80,80,80,80,80,80,80,80,85,85,85],"card_choices":[{"not_picked":["Anger","Replay:Undeath\u0027s Touch"],"picked":"Ghostly Armor","floor":1},{"not_picked":["Flex","Twin Strike","Replay:Undeath\u0027s Touch"],"picked":"SKIP","floor":4},{"not_picked":["Warcry","Bloodletting"],"picked":"ReplayTheSpireMod:LeadingStrike","floor":6},{"not_picked":["Heavy Blade","Rage"],"picked":"Seeing Red","floor":8}],"player_experience":146316,"relics_obtained":[{"floor":6,"key":"Replay:WaspNest"},{"floor":7,"key":"Garlic"},{"floor":8,"key":"Juzu Bracelet"},{"floor":9,"key":"Golden Egg"}],"event_choices":[{"damage_healed":0,"gold_gain":175,"player_choice":"AGREE","damage_taken":0,"max_hp_gain":0,"max_hp_loss":0,"event_name":"Liars Game","floor":3,"gold_loss":0,"cards_obtained":["Doubt"]},{"damage_healed":0,"gold_gain":0,"player_choice":"Entered Light","damage_taken":16,"max_hp_gain":0,"max_hp_loss":0,"event_name":"Shining Light","floor":5,"gold_loss":0,"cards_upgraded":["Defend_R","Sentinel"]},{"damage_healed":0,"gold_gain":0,"player_choice":"Success","damage_taken":12,"relics_obtained":["Blue Doll"],"max_hp_gain":0,"max_hp_loss":0,"event_name":"Scrap Ooze","floor":10,"gold_loss":0},{"damage_healed":0,"gold_gain":0,"player_choice":"Gave Potion","damage_taken":0,"relics_obtained":["Durian"],"max_hp_gain":0,"max_hp_loss":0,"event_name":"WeMeetAgain","floor":11,"gold_loss":0}],"is_beta":false,"boss_relics":[],"items_purged_floors":[],"is_endless":false,"potions_floor_spawned":[4,6],"killed_by":"Lagavulin","ascension_level":3}}