{"host":"poixavpewvabi3b6","time":1610138761,"event":{"mods":["BaseMod","DeckTracker","Minty Spire (QoL Compilation)","Replay The Spire","StSLib"],"gold_per_floor":[117,117,129,2,18,18,28,28,28,28,28,28,48,64,64,160,160,174,192,203,216,216,216],"floor_reached":22,"playtime":888,"items_purged":["Multi-Cast"],"score":180,"play_id":"000a9731-be4a-4573-8320-6ea01def903f","local_time":"20210109054601","is_ascension_mode":false,"campfire_choices":[{"data":"ReplayGash","floor":6,"key":"SMITH"},{"floor":8,"key":"REST"},{"data":"Dualcast","floor":10,"key":"SMITH"},{"floor":15,"key":"REST"}],"circlet_count":0,"master_deck":["Strike_B","Strike_B","Strike_B","Defend_B","Defend_B","Defend_B","Zap","Dualcast+1","Go for the Eyes","ReplayGash+1","Gash","Rebound","Sweeping Beam","Seek","Hologram+1","Gash","FTL","Hologram"],"relics":["Cracked Core","Shuriken","FaceOfCleric","Empty Cage"],"acts_visited":["Exordium","TheCity"],"potions_floor_usage":[21,22],"damage_taken":[{"damage":5,"enemies":"2 Louse","floor":1,"turns":2},{"damage":0,"enemies":"Cultist","floor":3,"turns":3},{"damage":6,"enemies":"Jaw Worm","floor":5,"turns":3},{"damage":35,"enemies":"Gremlin Gang","floor":7,"turns":5},{"damage":7,"enemies":"Exordium Thugs","floor":13,"turns":3},{"damage":8,"enemies":"Red Slaver","floor":14,"turns":2},{"damage":24,"enemies":"Fading Forest","floor":16,"turns":11},{"damage":16,"enemies":"3 Byrds","floor":18,"turns":3},{"damage":25,"enemies":"Spheric Guardian","floor":19,"turns":4},{"damage":31,"enemies":"Snake Plant","floor":20,"turns":4},{"damage":1,"enemies":"Cultist and Chosen","floor":21,"turns":5},{"damage":12,"enemies":"Centurion and Healer","floor":22,"turns":1}],"seed_played":"6353633613178141760","potions_obtained":[{"floor":7,"key":"BlessingOfTheForge"},{"floor":14,"key":"FocusPotion"},{"floor":16,"key":"DistilledChaos"}],"is_trial":false,"path_per_floor":["M","?","M","$","M","R","M","R","T","R","$","?","M","M","R","B",null,"M","M","M","M","M"],"character_chosen":"DEFECT","items_purchased":["Gash"],"campfire_rested":2,"item_purchase_floors":[4],"current_hp_per_floor":[70,70,70,70,64,64,29,51,51,51,51,51,45,38,61,48,78,63,39,9,9,0,0],"gold":216,"neow_bonus":"ONE_RANDOM_RARE_CARD","is_daily":false,"chose_seed":false,"campfire_upgraded":2,"win_rate":0.0,"timestamp":1610138761,"path_taken":["M","?","?","$","M","R","M","R","T","R","$","?","M","M","R","BOSS","M","M","?","?","M"],"items_purchased_type":["Card"],"build_version":"2020-12-22","purchased_purges":1,"victory":false,"max_hp_per_floor":[75,75,75,75,75,75,75,75,75,75,75,75,76,77,77,78,78,79,80,81,82,82,82],"card_choices":[{"not_picked":["Fusion","Ball Lightning"],"picked":"Go for the Eyes","floor":1},{"not_picked":["Turbo","Go for the Eyes"],"picked":"ReplayGash","floor":3},{"not_picked":["Scrape","Reprogram"],"picked":"Rebound","floor":5},{"not_picked":["Fusion","BasicCrystalCard","Coolheaded"],"picked":"SKIP","floor":7},{"not_picked":["Compile Driver","Stack","Heatsinks"],"picked":"SKIP","floor":13},{"not_picked":["ReplaySolidLightProjector","Turbo"],"picked":"Sweeping Beam","floor":14},{"not_picked":["Amplify","Electrodynamics"],"picked":"Seek","floor":16},{"not_picked":["ReplayTheSpireMod:GoodbyeWorld","Rebound"],"picked":"Hologram+1","floor":18},{"not_picked":["Barrage+1","Go for the Eyes+1"],"picked":"Gash","floor":19},{"not_picked":["Electrodynamics","Stack"],"picked":"FTL","floor":20},{"not_picked":["Turbo","Barrage"],"picked":"Hologram","floor":21}],"player_experience":141220,"relics_obtained":[{"floor":9,"key":"Shuriken"}],"event_choices":[{"damage_healed":0,"gold_gain":0,"player_choice":"Ignored","damage_taken":0,"max_hp_gain":0,"max_hp_loss":0,"event_name":"NoteForYourself","floor":2,"gold_loss":0},{"damage_healed":0,"gold_gain":0,"player_choice":"Trade","damage_taken":0,"relics_obtained":["FaceOfCleric"],"max_hp_gain":0,"max_hp_loss":0,"event_name":"FaceTrader","floor":12,"gold_loss":0}],"is_beta":false,"boss_relics":[{"not_picked":["Coffee Dripper","Philosopher\u0027s Stone"],"picked":"Empty Cage"}],"items_purged_floors":[4],"is_endless":false,"potions_floor_spawned":[7,14,16,18,19,20],"killed_by":"Centurion and Healer","ascension_level":0}}