{"host":"q1ejl7hv5l3527la","time":1610076814,"event":{"mods":["Aspiration","Bard","BaseMod","Better Third Choice","Colored Powertips","Downfall","Energized Spire","Hermit","Highlight Path","Hubris","Infinite Spire","Minty Spire (QoL Compilation)","Replay The Spire","Shop Mod","StSLib","The Bladedancer","The Cursed","The Juggle","The Jungle","The Runesmith"],"gold_per_floor":[114,41,41,53,66,66,99,99,99,112,146,156,172,119,119,218,218,231,245,245,245,261,261,287,298,298,298,324,324,336,353,353,458,458,472,491,509,156,166,193,193,207,207,207,207,221,221,239,239,239],"floor_reached":51,"playtime":5236,"items_purged":["Amnesia","Parasite"],"score":635,"play_id":"b5f979c4-c63b-4a5b-826d-59e93392e435","local_time":"20210107213334","is_ascension_mode":true,"campfire_choices":[{"data":"ReplayTheSpireMod:LeadingStrike","floor":6,"key":"SMITH"},{"floor":8,"key":"REST"},{"data":"Armaments","floor":15,"key":"SMITH"},{"data":"Armaments","floor":23,"key":"SMITH"},{"floor":29,"key":"REST"},{"floor":41,"key":"REST"},{"floor":44,"key":"REST"},{"data":"Double Tap","floor":49,"key":"SMITH"}],"circlet_count":0,"master_deck":["Strike_R","Strike_R","Strike_R","Strike_R","Strike_R","Defend_R","Defend_R","Defend_R","Defend_R","Bash","Replay:Undeath\u0027s Touch","Anger","Clash","Headbutt","ReplayTheSpireMod:LeadingStrike+1","Flex","Armaments+1","Shrug It Off+1","Armaments+1","Massacre","Clash","Thunderclap","Sword Boomerang","Rage","Anger+1","hubris:SharpeningStone","Rage","Cleave","Rupture","Limit Break","Twin Strike","Infernal Blade+1","Iron Wave+1","Hemokinesis","Heavy Blade","Mind Blast","Double Tap+1","Replay:Undeath\u0027s Touch+1","Headbutt+1","Thunderclap","Life Link","Sever Soul","Warcry+1"],"relics":["Burning Blood","aspiration:Nostalgia","m_SnakeBloodCore","Boot","White Beast Statue","ReplayTheSpireMod:Lightbulb","Painkiller Herb","Replay:Ringing Soul","aspiration:RitualStick","ReplayTheSpireMod:Spearhead","HornCleat","Pocketwatch","Honey Jar","Nunchaku","Snack Pack","Toolbox","energizedSpire:DeadBattery"],"acts_visited":["Exordium","TheCity","TheBeyond"],"potions_floor_usage":[22,24,28,28,33,33,33,35,35,40,40,50,50,50],"damage_taken":[{"damage":11,"enemies":"Jaw Worm","floor":1,"turns":4},{"damage":1,"enemies":"Cultist","floor":4,"turns":3},{"damage":3,"enemies":"Small Slimes","floor":5,"turns":3},{"damage":26,"enemies":"Lagavulin","floor":7,"turns":5},{"damage":0,"enemies":"Looter","floor":10,"turns":2},{"damage":12,"enemies":"3 Sentries","floor":11,"turns":6},{"damage":8,"enemies":"2 Fungi Beasts","floor":12,"turns":3},{"damage":8,"enemies":"Red Slaver","floor":13,"turns":2},{"damage":25,"enemies":"Fading Forest","floor":16,"turns":11},{"damage":11,"enemies":"Chosen","floor":18,"turns":5},{"damage":15,"enemies":"3 Byrds","floor":19,"turns":5},{"damage":0,"enemies":"Snecko","floor":22,"turns":4},{"damage":15,"enemies":"Slavers","floor":24,"turns":2},{"damage":0,"enemies":"Sentry and Sphere","floor":25,"turns":3},{"damage":36,"enemies":"Gremlin Leader","floor":28,"turns":7},{"damage":3,"enemies":"Shelled Parasite and Fungi","floor":30,"turns":5},{"damage":4,"enemies":"3 Cultists","floor":31,"turns":4},{"damage":64,"enemies":"Collector","floor":33,"turns":8},{"damage":35,"enemies":"3 Darklings","floor":35,"turns":5},{"damage":0,"enemies":"Orb Walker","floor":36,"turns":3},{"damage":27,"enemies":"3 Darklings","floor":37,"turns":5},{"damage":23,"enemies":"4 Shapes","floor":39,"turns":4},{"damage":66,"enemies":"Giant Head","floor":40,"turns":8},{"damage":1,"enemies":"Writhing Mass","floor":42,"turns":4},{"damage":10,"enemies":"Maw","floor":46,"turns":4},{"damage":0,"enemies":"3 Darklings","floor":48,"turns":2},{"damage":58,"enemies":"Replay:Hell Engine","floor":50,"turns":9}],"seed_played":"-2669717921508482931","potions_obtained":[{"floor":4,"key":"GamblersBrew"},{"floor":10,"key":"SkillPotion"},{"floor":11,"key":"ColorlessPotion"},{"floor":12,"key":"Death Potion"},{"floor":18,"key":"FearPotion"},{"floor":19,"key":"champ:CounterPotion"},{"floor":22,"key":"champ:CounterPotion"},{"floor":24,"key":"SpeedPotion"},{"floor":25,"key":"SkillPotion"},{"floor":27,"key":"LifebloodPotion"},{"floor":28,"key":"AttackPotion"},{"floor":30,"key":"Slimebound:ThreeZeroPotion"},{"floor":33,"key":"SteroidPotion"},{"floor":35,"key":"Fruit Juice"},{"floor":36,"key":"LiquidMemories"},{"floor":37,"key":"Dexterity Potion"},{"floor":39,"key":"PowerPotion"},{"floor":40,"key":"Toxic Potion"},{"floor":42,"key":"Adrenaline Potion"},{"floor":46,"key":"champ:CounterPotion"},{"floor":48,"key":"Elixir"}],"is_trial":false,"path_per_floor":["M","$","?","M","M","R","E","R","T","M","E","M","M","$","R","B",null,"?","?","?","?","?","T","E","?","T","?","E","T","?","?","T","B",null,"?","?","?","T","?","E","T","?","T","T","AVR","?","?","?","T","B",null],"character_chosen":"IRONCLAD","items_purchased":["Anger","Clash","Clash","Hemokinesis","Heavy Blade","Mind Blast","Double Tap"],"campfire_rested":4,"item_purchase_floors":[2,2,14,38,38,38,38],"current_hp_per_floor":[78,78,78,80,80,80,63,80,80,80,77,78,79,79,79,73,80,78,72,75,58,70,70,67,79,79,79,55,83,92,100,101,49,104,86,98,83,86,75,21,59,70,70,109,109,117,120,136,136,105],"gold":239,"neow_bonus":"NOSTALGIA","is_daily":false,"chose_seed":false,"campfire_upgraded":4,"win_rate":0.0,"timestamp":1610076814,"path_taken":["M","$","?","M","M","R","E","R","T","M","E","?","?","$","R","BOSS","?","?","?","?","?","T","E","?","T","?","E","T","?","?","T","BOSS","?","?","?","T","?","E","T","?","T","T","AVR","?","?","?","T","BOSS"],"items_purchased_type":["Card","Card","Card","Card","Card","Card","Card"],"build_version":"2020-12-22","purchased_purges":2,"victory":true,"max_hp_per_floor":[80,80,80,80,80,80,80,80,80,80,80,80,80,80,80,80,80,80,80,83,83,86,86,89,92,92,92,95,95,98,101,101,104,104,112,115,118,121,124,127,127,130,130,130,127,130,133,136,136,136],"card_choices":[{"not_picked":["Rage","Run Through"],"picked":"Replay:Undeath\u0027s Touch","floor":1},{"not_picked":["Reprogram","Perfected Strike"],"picked":"Headbutt","floor":4},{"not_picked":["Dropkick","ReplayReversal"],"picked":"ReplayTheSpireMod:LeadingStrike","floor":5},{"not_picked":["Massacre","Power Through"],"picked":"Flex","floor":7},{"not_picked":["Infernal Blade","Shrug It Off"],"picked":"Armaments","floor":10},{"not_picked":["Reboot","Intimidate"],"picked":"Shrug It Off","floor":11},{"not_picked":["Clothesline","Burning Pact"],"picked":"Armaments","floor":12},{"not_picked":["Anger","Whirlwind"],"picked":"Massacre","floor":13},{"not_picked":["Reboot","Adrenaline"],"picked":"Impervious","floor":16},{"not_picked":["Headbutt+1","Ghostly Armor+1"],"picked":"Thunderclap","floor":18},{"not_picked":["ReplayTheSpireMod:Strike From Hell+1","Clothesline"],"picked":"Sword Boomerang","floor":19},{"not_picked":["Headbutt","Anger"],"picked":"Rage","floor":22},{"not_picked":["ReplayTheSpireMod:Limb From Limb+1","True Grit"],"picked":"Anger+1","floor":24},{"not_picked":["Thunderclap+1","Perfected Strike+1"],"picked":"hubris:SharpeningStone","floor":25},{"not_picked":["Havoc","Demonic Infusion"],"picked":"Rage","floor":28},{"not_picked":["hubris:ReadiedAction","Havoc+1"],"picked":"Cleave","floor":30},{"not_picked":["Havoc","Wild Strike"],"picked":"Rupture","floor":31},{"not_picked":["Corruption","Exhume"],"picked":"Limit Break","floor":33},{"not_picked":["Cleave+1","Burning Pact+1","Shrug It Off+1"],"picked":"Twin Strike","floor":35},{"not_picked":["ReplayTheSpireMod:Strike From Hell","Entrench","Shrug It Off"],"picked":"Infernal Blade+1","floor":36},{"not_picked":["Twin Strike+1","Warcry+1","Whirlwind+1"],"picked":"Iron Wave+1","floor":37},{"not_picked":["Twin Strike","Reaper","Clash"],"picked":"Replay:Undeath\u0027s Touch+1","floor":39},{"not_picked":["Clash","Double Tap","Body Slam"],"picked":"Headbutt+1","floor":40},{"not_picked":["Reckless Charge+1","Replay:Undeath\u0027s Touch","Wild Strike"],"picked":"Thunderclap","floor":42},{"not_picked":["Wild Strike","Perfected Strike+1","Fire Breathing"],"picked":"Life Link","floor":46},{"not_picked":["Iron Wave","Reaper","Headbutt+1"],"picked":"Warcry+1","floor":48}],"player_experience":83312,"relics_obtained":[{"floor":7,"key":"Boot"},{"floor":9,"key":"White Beast Statue"},{"floor":11,"key":"ReplayTheSpireMod:Lightbulb"},{"floor":24,"key":"ReplayTheSpireMod:Spearhead"},{"floor":26,"key":"HornCleat"},{"floor":28,"key":"Pocketwatch"},{"floor":40,"key":"Nunchaku"},{"floor":43,"key":"Snack Pack"}],"event_choices":[{"damage_healed":0,"gold_gain":0,"player_choice":"Ignored","damage_taken":0,"max_hp_gain":0,"max_hp_loss":0,"event_name":"Purifier","floor":3,"gold_loss":0},{"damage_healed":0,"gold_gain":0,"player_choice":"Got Potions","damage_taken":0,"max_hp_gain":0,"max_hp_loss":0,"event_name":"Lab","floor":27,"gold_loss":0},{"damage_healed":0,"gold_gain":0,"cards_transformed":["Impervious"],"player_choice":"Transformed","damage_taken":0,"max_hp_gain":0,"max_hp_loss":0,"event_name":"Transmorgrifier","floor":47,"gold_loss":0,"cards_obtained":["Sever Soul"]}],"is_beta":false,"boss_relics":[{"not_picked":["ChewingGum","Astrolabe"],"picked":"Painkiller Herb"},{"not_picked":["energizedSpire:SpiderWeb","energizedSpire:MagnifyingGlass"],"picked":"Honey Jar"}],"items_purged_floors":[38,45],"is_endless":false,"potions_floor_spawned":[4,10,11,12,13,16,18,19,22,24,25,28,30,31,33,35,36,37,39,40,42,46,48],"ascension_level":1}}