{"host":"sav7uxregyirlf69","time":1610081917,"event":{"mods":["AchievementEnabler","BaseMod","Colored Map","DeckTracker","Keyboard Shortcuts","Minty Spire (QoL Compilation)","READ ME - Guardian Mod","StSLib","SuperFastMode"],"gold_per_floor":[119,130,146,146,165,165,178,194,194,211,211,237,66,83,83,158,158,176,136,61,72,72,72],"floor_reached":22,"playtime":416,"items_purged":["Strike_G"],"score":380,"play_id":"0ced5cad-fe73-47eb-b22e-7e9e1265093b","local_time":"20210108135837","is_ascension_mode":true,"campfire_choices":[{"data":"Corpse Explosion","floor":6,"key":"SMITH"},{"floor":11,"key":"REST"},{"data":"Glass Knife","floor":15,"key":"SMITH"}],"circlet_count":0,"master_deck":["AscendersBane","Strike_G","Strike_G","Defend_G","Defend_G","Defend_G","Defend_G","Survivor","Neutralize","Corpse Explosion+1","Glass Knife+1","Leg Sweep","Acrobatics","Dagger Throw","Adrenaline"],"relics":["Ring of the Snake","Sundial","Darkstone Periapt","Lee\u0027s Waffle","Fusion Hammer"],"acts_visited":["Exordium","TheCity"],"potions_floor_usage":[12,16,16,22,22],"damage_taken":[{"damage":1,"enemies":"Cultist","floor":1,"turns":3},{"damage":4,"enemies":"Small Slimes","floor":2,"turns":3},{"damage":0,"enemies":"2 Louse","floor":3,"turns":2},{"damage":5,"enemies":"Gremlin Gang","floor":5,"turns":2},{"damage":10,"enemies":"Exordium Thugs","floor":7,"turns":3},{"damage":0,"enemies":"3 Louse","floor":8,"turns":2},{"damage":8,"enemies":"Exordium Wildlife","floor":10,"turns":5},{"damage":8,"enemies":"Gremlin Nob","floor":12,"turns":3},{"damage":0,"enemies":"Gremlin Gang","floor":14,"turns":1},{"damage":69,"enemies":"Slime Boss","floor":16,"turns":13},{"damage":28,"enemies":"Shell Parasite","floor":18,"turns":7},{"damage":12,"enemies":"2 Thieves","floor":21,"turns":2},{"damage":2,"enemies":"Cultist and Chosen","floor":22,"turns":3}],"seed_played":"4765064151643472822","potions_obtained":[{"floor":2,"key":"PowerPotion"},{"floor":8,"key":"BlessingOfTheForge"},{"floor":14,"key":"Explosive Potion"},{"floor":19,"key":"Explosive Potion"},{"floor":19,"key":"PowerPotion"}],"is_trial":false,"path_per_floor":["M","M","M","?","M","R","M","M","T","M","R","E","$","M","R","B",null,"M","?","$","M","M"],"character_chosen":"THE_SILENT","items_purchased":["Lee\u0027s Waffle"],"campfire_rested":1,"item_purchase_floors":[13],"current_hp_per_floor":[43,39,39,39,34,34,24,24,24,16,35,27,73,73,73,4,56,28,28,28,16,14,14],"gold":72,"neow_bonus":"TRANSFORM_TWO_CARDS","is_daily":false,"chose_seed":true,"campfire_upgraded":2,"win_rate":0.0,"timestamp":1610081917,"path_taken":["M","M","M","?","M","R","?","M","T","M","R","E","?","?","R","BOSS","M","?","$","M","?"],"items_purchased_type":["Relic"],"build_version":"2020-12-22","purchased_purges":1,"victory":false,"max_hp_per_floor":[66,66,66,66,66,66,66,66,66,66,66,66,73,73,73,73,73,73,73,73,73,73,73],"card_choices":[{"not_picked":["Cloak And Dagger","Flying Knee","Caltrops"],"picked":"SKIP","floor":1},{"not_picked":["Deadly Poison","Heel Hook"],"picked":"Leg Sweep","floor":2},{"not_picked":["Concentrate","Riddle With Holes"],"picked":"Acrobatics","floor":3},{"not_picked":["Sucker Punch","Finisher","Dagger Spray"],"picked":"SKIP","floor":5},{"not_picked":["Dodge and Roll","Prepared"],"picked":"Dagger Throw","floor":7},{"not_picked":["Dagger Spray","Caltrops","Poisoned Stab"],"picked":"SKIP","floor":8},{"not_picked":["Acrobatics","Blur","Deadly Poison"],"picked":"SKIP","floor":10},{"not_picked":["A Thousand Cuts","Deflect","Outmaneuver"],"picked":"SKIP","floor":12},{"not_picked":["Poisoned Stab","Blade Dance","Choke"],"picked":"SKIP","floor":14},{"not_picked":["After Image","Wraith Form v2"],"picked":"Adrenaline","floor":16},{"not_picked":["Quick Slash","Bouncing Flask","Blade Dance"],"picked":"SKIP","floor":18},{"not_picked":["PiercingWail","Flying Knee","Accuracy+1"],"picked":"SKIP","floor":21}],"player_experience":1194326,"relics_obtained":[{"floor":9,"key":"Sundial"},{"floor":12,"key":"Darkstone Periapt"}],"event_choices":[{"cards_removed":["Strike_G"],"damage_healed":0,"gold_gain":0,"player_choice":"Purged","damage_taken":0,"max_hp_gain":0,"max_hp_loss":0,"event_name":"Purifier","floor":4,"gold_loss":0},{"damage_healed":0,"gold_gain":0,"player_choice":"Bought 3 Potions","damage_taken":0,"max_hp_gain":0,"max_hp_loss":0,"event_name":"The Woman in Blue","floor":19,"gold_loss":0}],"is_beta":false,"boss_relics":[{"not_picked":["Busted Crown","WristBlade"],"picked":"Fusion Hammer"}],"items_purged_floors":[20],"is_endless":false,"potions_floor_spawned":[2,8,10,14],"killed_by":"Cultist and Chosen","ascension_level":20}}