{"host":"kabf61oc9jgfwufg","time":1610116452,"event":{"mods":["AchievementEnabler","Act Like it!","Aspiration","BaseMod","Conspire","GifTheSpireLib","Halation","HexUI Lib","Hubris","Infinite Spire","Melee Mod","Minty Spire (QoL Compilation)","Quick Restart","Rare Cards Sparkle","Replay The Spire","Shop Mod","StSLib","Waifu the Spire"],"gold_per_floor":[112,130,130,130,55,55,65,80,80,95,95,14,14,66,66,66,66],"floor_reached":16,"playtime":625,"items_purged":["Strike_P"],"score":140,"play_id":"2d305f36-c4bd-4a70-8312-320e054028e5","local_time":"20210108143412","is_ascension_mode":false,"campfire_choices":[{"data":"Replay:BluntJabs","floor":6,"key":"SMITH"},{"data":"Vigilance","floor":15,"key":"SMITH"}],"circlet_count":0,"master_deck":["Strike_P","Strike_P","Defend_P","Defend_P","Defend_P","Defend_P","Eruption+1","Vigilance+1","Replay:BluntJabs+1","Vengeance","Replay:Vibes","Brilliance","ReplayTheSpireMod:Private Reserves"],"relics":["PureWater","hubris:Towel","halation:EternalFortune","Tiny Chest","Happy Flower"],"acts_visited":["Exordium"],"potions_floor_usage":[],"damage_taken":[{"damage":9,"enemies":"Jaw Worm","floor":1,"turns":2},{"damage":0,"enemies":"2 Louse","floor":2,"turns":3},{"damage":10,"enemies":"Small Slimes","floor":7,"turns":2},{"damage":6,"enemies":"Exordium Thugs","floor":8,"turns":4},{"damage":0,"enemies":"Exordium Wildlife","floor":10,"turns":2},{"damage":66,"enemies":"Fading Forest","floor":16,"turns":11}],"seed_played":"-8425372545405990293","potions_obtained":[{"floor":2,"key":"BlessingOfTheForge"},{"floor":8,"key":"BlessingOfTheForge"}],"is_trial":false,"path_per_floor":["M","M","?","?","$","R","M","M","T","M","?","$","?","T","R","B"],"character_chosen":"WATCHER","items_purchased":["ReplayTheSpireMod:Private Reserves"],"campfire_rested":0,"item_purchase_floors":[12],"current_hp_per_floor":[63,63,63,66,66,66,56,50,50,50,50,50,50,50,50,0,0],"gold":66,"neow_bonus":"REMOVE_CARD","is_daily":false,"chose_seed":false,"campfire_upgraded":2,"win_rate":0.0,"timestamp":1610116452,"path_taken":["M","M","?","?","$","R","M","M","T","M","?","$","?","?","R","BOSS"],"items_purchased_type":["Card"],"build_version":"2020-12-22","purchased_purges":1,"victory":false,"max_hp_per_floor":[72,72,72,75,75,75,75,75,75,75,75,75,75,75,75,75,75],"card_choices":[{"not_picked":["Prostrate","Protect"],"picked":"Replay:BluntJabs","floor":1},{"not_picked":["LikeWater","Replay:AtTheReady"],"picked":"Vengeance","floor":2},{"not_picked":["MentalFortress","EmptyFist"],"picked":"Replay:Vibes","floor":7},{"not_picked":["EmptyFist","Prostrate"],"picked":"Brilliance","floor":8},{"not_picked":["CrushJoints","Perseverance","EmptyFist"],"picked":"SKIP","floor":10}],"player_experience":88213,"relics_obtained":[{"floor":9,"key":"Tiny Chest"},{"floor":14,"key":"Happy Flower"}],"event_choices":[],"is_beta":false,"boss_relics":[],"items_purged_floors":[5],"is_endless":false,"potions_floor_spawned":[2,8],"killed_by":"Fading Forest","ascension_level":0}}