{"host":"ji1fk25fd1ga4ji1","time":1610085454,"event":{"mods":["2.2 Compatiblity","BaseMod","Colored Map","DeckTracker","Minty Spire (QoL Compilation)","Permanent Neow","Quick Restart","StSLib","SuperFastMode"],"gold_per_floor":[310,18,18,33,44,44,76,96,172,172,97,108,135,145,145,241,241,253,253,265,129,147,175,175,208,234,250,265,265,265,140,140,243,243,261,261,279,129,129,129,129,158,183,237,237,267,92,118,118,118,118,118,118,147,147,147],"floor_reached":55,"playtime":1165,"items_purged":["Strike_R","Strike_R","Defend_R","Defend_R","Defend_R"],"score":892,"play_id":"5dd5ede9-6f6d-4b85-894c-f97e25ba2f18","local_time":"20210108145734","is_ascension_mode":true,"campfire_choices":[{"data":"Wild Strike","floor":6.0,"key":"SMITH"},{"data":"Inflame","floor":15.0,"key":"SMITH"},{"data":"Limit Break","floor":30.0,"key":"SMITH"},{"data":"Offering","floor":32.0,"key":"SMITH"},{"floor":40.0,"key":"RECALL"},{"data":"Battle Trance","floor":45.0,"key":"SMITH"},{"data":"Sword Boomerang","floor":49,"key":"SMITH"},{"data":"Sword Boomerang","floor":52,"key":"SMITH"}],"circlet_count":0,"master_deck":["Bash","Sword Boomerang+1","Battle Trance+1","Sword Boomerang+1","Wild Strike+1","Inflame+1","Shrug It Off","Limit Break+1","Thunderclap+1","Sentinel+1","Hemokinesis+1","Spot Weakness","Offering+1","Heavy Blade+1"],"relics":["Burning Blood","Old Coin","Mummified Hand","Champion Belt","InkBottle","Juzu Bracelet","Vajra","Astrolabe","White Beast Statue","Gremlin Horn","SlaversCollar","Shovel","Bag of Preparation","Akabeko","Pear","MealTicket","Boot"],"acts_visited":["Exordium","TheCity","TheBeyond","TheEnding"],"potions_floor_usage":[55,55,55,55,55,55],"damage_taken":[{"damage":6.0,"enemies":"Jaw Worm","floor":1.0,"turns":5.0},{"damage":3.0,"enemies":"2 Louse","floor":4.0,"turns":3.0},{"damage":4.0,"enemies":"Small Slimes","floor":5.0,"turns":4.0},{"damage":31.0,"enemies":"Lagavulin","floor":7.0,"turns":5.0},{"damage":7.0,"enemies":"Blue Slaver","floor":8.0,"turns":2.0},{"damage":0.0,"enemies":"Looter","floor":12.0,"turns":3.0},{"damage":24.0,"enemies":"3 Sentries","floor":13.0,"turns":7.0},{"damage":0.0,"enemies":"Large Slime","floor":14.0,"turns":2.0},{"damage":9.0,"enemies":"The Guardian","floor":16.0,"turns":7.0},{"damage":29.0,"enemies":"2 Thieves","floor":18.0,"turns":4.0},{"damage":4.0,"enemies":"Spheric Guardian","floor":20.0,"turns":3.0},{"damage":2.0,"enemies":"Cultist and Chosen","floor":22.0,"turns":3.0},{"damage":0.0,"enemies":"Gremlin Leader","floor":23.0,"turns":3.0},{"damage":13.0,"enemies":"Slavers","floor":25.0,"turns":3.0},{"damage":5.0,"enemies":"3 Cultists","floor":27.0,"turns":4.0},{"damage":1.0,"enemies":"Snecko","floor":28.0,"turns":3.0},{"damage":51.0,"enemies":"Champ","floor":33.0,"turns":6.0},{"damage":11.0,"enemies":"3 Shapes","floor":35.0,"turns":3.0},{"damage":8.0,"enemies":"Orb Walker","floor":37.0,"turns":3.0},{"damage":6.0,"enemies":"Reptomancer","floor":42.0,"turns":2.0},{"damage":9,"enemies":"Nemesis","floor":46,"turns":3},{"damage":6,"enemies":"Reptomancer","floor":48,"turns":1},{"damage":36,"enemies":"Time Eater","floor":50,"turns":3},{"damage":8,"enemies":"Shield and Spear","floor":54,"turns":2},{"damage":90,"enemies":"The Heart","floor":55,"turns":3}],"seed_played":"-3841002156959463071","potions_obtained":[{"floor":1.0,"key":"Energy Potion"},{"floor":7.0,"key":"SpeedPotion"},{"floor":12.0,"key":"SkillPotion"},{"floor":14.0,"key":"DuplicationPotion"},{"floor":16.0,"key":"Fire Potion"},{"floor":18.0,"key":"SkillPotion"},{"floor":23.0,"key":"HeartOfIron"},{"floor":25.0,"key":"SkillPotion"},{"floor":27.0,"key":"EntropicBrew"},{"floor":33.0,"key":"SteroidPotion"},{"floor":37.0,"key":"Swift Potion"}],"is_trial":false,"path_per_floor":["M","$","?","M","M","R","E","M","T","?","$","M","E","M","R","B",null,"M","?","M","$","M","E","?","E","T","M","M","?","R","$","R","B",null,"M","?","M","$","?","R","?","E","T","T","R","E","$","E","R","B",null,"R","$","E","B"],"character_chosen":"IRONCLAD","items_purchased":["Mummified Hand","Battle Trance","Spot Weakness"],"campfire_rested":0,"item_purchase_floors":[2,2,21],"current_hp_per_floor":[80,80,80,80,80,80,55,54,54,54,54,60,42,48,48,45,80,57,57,59,59,63,69,54,47,47,48,53,53,53,53,53,8,85,80,80,78,78,78,78,78,78,78,78,78,85,85,85,85,55,91,91,91,89,0,0],"gold":147,"neow_bonus":"ONE_RARE_RELIC","is_daily":false,"chose_seed":false,"campfire_upgraded":7,"win_rate":0.0,"timestamp":1610085454,"path_taken":["M","$","?","M","M","R","E","M","T","?","$","M","E","M","R","BOSS","M","?","M","$","M","E","?","E","T","M","M","?","R","$","R","BOSS","M","?","M","$","?","R","?","E","T","?","R","E","?","E","R","BOSS","R","$","E","BOSS"],"items_purchased_type":["Relic","Card","Card"],"build_version":"2020-12-22","purchased_purges":5,"victory":false,"max_hp_per_floor":[80,80,80,80,80,80,80,80,80,80,80,80,80,80,80,80,80,80,80,80,80,80,80,85,85,85,85,85,85,85,85,85,85,85,85,81,81,81,81,81,81,81,81,81,81,91,91,91,91,91,91,91,91,91,91,91],"card_choices":[{"not_picked":["Uppercut","Warcry"],"picked":"Sword Boomerang","floor":1.0},{"not_picked":["Clash","True Grit"],"picked":"Sword Boomerang","floor":4.0},{"not_picked":["Seeing Red","Intimidate"],"picked":"Wild Strike","floor":5.0},{"not_picked":["Juggernaut","Warcry"],"picked":"Inflame","floor":7.0},{"not_picked":["Hemokinesis","Searing Blow","Thunderclap"],"picked":"SKIP","floor":8.0},{"not_picked":["Warcry","Clash"],"picked":"Shrug It Off","floor":12.0},{"not_picked":["True Grit","Twin Strike","Clothesline"],"picked":"SKIP","floor":13.0},{"not_picked":["True Grit","Twin Strike","Clothesline"],"picked":"SKIP","floor":13.0},{"not_picked":["Power Through","Body Slam","Juggernaut"],"picked":"SKIP","floor":14.0},{"not_picked":["Offering","Demon Form"],"picked":"Limit Break","floor":16.0},{"not_picked":["Intimidate","Headbutt","Pommel Strike+1"],"picked":"SKIP","floor":18.0},{"not_picked":["Wild Strike","Havoc","Warcry"],"picked":"SKIP","floor":20.0},{"not_picked":["Shockwave","Spot Weakness+1","Dark Embrace"],"picked":"SKIP","floor":22.0},{"not_picked":["Seeing Red","Entrench+1","Clothesline"],"picked":"SKIP","floor":23.0},{"not_picked":["Searing Blow","Flex","Cleave"],"picked":"SKIP","floor":25.0},{"not_picked":["Whirlwind+1","Havoc","Sword Boomerang+1"],"picked":"SKIP","floor":27.0},{"not_picked":["Whirlwind+1","Havoc","Sword Boomerang+1"],"picked":"SKIP","floor":27.0},{"not_picked":["Fire Breathing","Warcry"],"picked":"Offering","floor":28.0},{"not_picked":["Clothesline","Metallicize+1","Iron Wave"],"picked":"SKIP","floor":35.0},{"not_picked":["True Grit","Pummel","Pommel Strike+1"],"picked":"SKIP","floor":37.0},{"not_picked":["Entrench+1","Headbutt","Dark Embrace"],"picked":"SKIP","floor":42.0},{"not_picked":["Flex+1","Battle Trance","Bloodletting+1"],"picked":"SKIP","floor":46},{"not_picked":["Fire Breathing+1","Rampage+1","Corruption"],"picked":"SKIP","floor":48},{"not_picked":["True Grit","Sword Boomerang"],"picked":"Heavy Blade+1","floor":54}],"player_experience":817896,"relics_obtained":[{"floor":7.0,"key":"Champion Belt"},{"floor":9.0,"key":"InkBottle"},{"floor":13.0,"key":"Vajra"},{"floor":23.0,"key":"White Beast Statue"},{"floor":25.0,"key":"Gremlin Horn"},{"floor":42.0,"key":"Shovel"},{"floor":43.0,"key":"Bag of Preparation"},{"floor":44.0,"key":"Akabeko"},{"floor":46,"key":"Pear"},{"floor":48,"key":"MealTicket"},{"floor":54,"key":"Boot"}],"event_choices":[{"cards_removed":["Strike_R"],"damage_healed":0.0,"max_hp_gain":0.0,"max_hp_loss":0.0,"gold_gain":0.0,"event_name":"Living Wall","player_choice":"Forget","floor":3.0,"gold_loss":0.0,"damage_taken":0.0},{"damage_healed":0.0,"max_hp_gain":0.0,"max_hp_loss":0.0,"gold_gain":0.0,"event_name":"Dead Adventurer","player_choice":"Searched \u00271\u0027 times","floor":10.0,"gold_loss":0.0,"damage_taken":0.0,"relics_obtained":["Juzu Bracelet"]},{"damage_healed":0.0,"max_hp_gain":0.0,"max_hp_loss":0.0,"gold_gain":0.0,"event_name":"Vampires","player_choice":"Ignored","floor":19.0,"gold_loss":0.0,"damage_taken":0.0},{"damage_healed":0.0,"max_hp_gain":5.0,"max_hp_loss":0.0,"gold_gain":0.0,"event_name":"Forgotten Altar","player_choice":"Shed Blood","floor":24.0,"gold_loss":0.0,"damage_taken":20.0},{"damage_healed":0.0,"max_hp_gain":0.0,"max_hp_loss":0.0,"gold_gain":0.0,"event_name":"Ghosts","player_choice":"Ignored","floor":29.0,"gold_loss":0.0,"damage_taken":0.0},{"damage_healed":0.0,"max_hp_gain":0.0,"max_hp_loss":4.0,"gold_gain":0.0,"event_name":"Winding Halls","player_choice":"Max HP","floor":36.0,"gold_loss":0.0,"damage_taken":0.0},{"damage_healed":0.0,"max_hp_gain":0.0,"max_hp_loss":0.0,"gold_gain":0.0,"event_name":"Tomb of Lord Red Mask","player_choice":"Ignored","floor":39.0,"gold_loss":0.0,"damage_taken":0.0},{"damage_healed":0.0,"max_hp_gain":0.0,"max_hp_loss":0.0,"gold_gain":0.0,"event_name":"Mysterious Sphere","player_choice":"Ignored","floor":41.0,"gold_loss":0.0,"damage_taken":0.0}],"is_beta":false,"boss_relics":[{"not_picked":["Coffee Dripper","Fusion Hammer"],"picked":"Astrolabe"},{"not_picked":["Runic Cube","Runic Dome"],"picked":"SlaversCollar"}],"items_purged_floors":[11,21,31,38,47],"is_endless":false,"potions_floor_spawned":[1,7,12,14,16,18,22,23,25,27,28,33,35,37,42,46,48,54],"killed_by":"The Heart","ascension_level":1}}