{"host":"08sn1703g14rasc1","time":1610095731,"event":{"mods":["AchievementEnabler","BaseMod","Colored Map","Colored Powertips","Hermit","Minty Spire (QoL Compilation)","StSLib"],"gold_per_floor":[109,184,184,201,201,201,245,245,268,302,334,383,175,198,198,335,335,360,389,389,389,389],"floor_reached":21,"playtime":735,"items_purged":["Strike_R"],"score":300,"play_id":"bb3af1f2-db85-4dc3-9399-32e9ba3f1e8b","local_time":"20210108004851","is_ascension_mode":true,"campfire_choices":[{"floor":6,"key":"REST"},{"data":"Bash","floor":8,"key":"SMITH"},{"floor":15,"key":"REST"}],"circlet_count":0,"master_deck":["Strike_R","Strike_R","Strike_R","Defend_R","Defend_R","Defend_R","Defend_R","Bash+1","Clothesline","Thunderclap","Rampage","Perfected Strike","Fire Breathing","Inflame","Reaper","Flash of Steel","Disarm","Barricade","Armaments+1","Flex"],"relics":["Black Blood","NeowsBlessing","Bloody Idol","Nunchaku","CeramicFish","Bronze Scales"],"acts_visited":["Exordium","TheCity"],"potions_floor_usage":[12,16,18,18,18,21],"damage_taken":[{"damage":0,"enemies":"Cultist","floor":1,"turns":1},{"damage":0,"enemies":"Small Slimes","floor":4,"turns":1},{"damage":0,"enemies":"3 Sentries","floor":7,"turns":2},{"damage":4,"enemies":"Jaw Worm","floor":10,"turns":3},{"damage":8,"enemies":"Blue Slaver","floor":11,"turns":4},{"damage":27,"enemies":"Gremlin Nob","floor":12,"turns":4},{"damage":21,"enemies":"Exordium Wildlife","floor":14,"turns":4},{"damage":41,"enemies":"Hexaghost","floor":16,"turns":9},{"damage":38,"enemies":"2 Thieves","floor":18,"turns":4},{"damage":42,"enemies":"Spheric Guardian","floor":19,"turns":6},{"damage":40,"enemies":"Snecko","floor":21,"turns":4}],"seed_played":"-8064705080749584849","potions_obtained":[{"floor":7,"key":"AttackPotion"},{"floor":10,"key":"EssenceOfSteel"},{"floor":11,"key":"EntropicBrew"}],"is_trial":false,"path_per_floor":["M","?","?","M","?","R","E","R","T","M","M","E","$","M","R","B",null,"M","M","?","M"],"character_chosen":"IRONCLAD","items_purchased":["Reaper","Flash of Steel"],"campfire_rested":2,"item_purchase_floors":[13,13],"current_hp_per_floor":[78,67,60,66,46,70,76,76,76,78,76,55,55,40,64,35,69,51,27,27,0,0],"gold":389,"neow_bonus":"THREE_ENEMY_KILL","is_daily":false,"chose_seed":false,"campfire_upgraded":1,"win_rate":0.0,"timestamp":1610095731,"path_taken":["M","?","?","?","?","R","E","R","T","M","M","E","?","M","R","BOSS","M","?","?","M"],"items_purchased_type":["Card","Card"],"build_version":"2020-12-22","purchased_purges":1,"victory":false,"max_hp_per_floor":[80,80,80,80,80,80,80,80,80,80,80,80,80,80,80,80,80,80,80,80,80,80],"card_choices":[{"not_picked":["Rupture","Bloodletting"],"picked":"Clothesline","floor":1},{"not_picked":["Twin Strike","Heavy Blade"],"picked":"Thunderclap","floor":4},{"not_picked":["Clash","Armaments"],"picked":"Rampage","floor":7},{"not_picked":["Wild Strike","Clash"],"picked":"Perfected Strike","floor":10},{"not_picked":["Havoc","Clash"],"picked":"Fire Breathing","floor":11},{"not_picked":["Carnage","Dark Embrace"],"picked":"Inflame","floor":12},{"not_picked":["Combust","Clothesline"],"picked":"Disarm","floor":14},{"not_picked":["Brutality","Corruption"],"picked":"Barricade","floor":16},{"not_picked":["Body Slam","Ghostly Armor"],"picked":"Armaments+1","floor":18},{"not_picked":["Bloodletting","Perfected Strike"],"picked":"Flex","floor":19}],"player_experience":467398,"relics_obtained":[{"floor":7,"key":"Nunchaku"},{"floor":9,"key":"CeramicFish"},{"floor":12,"key":"Bronze Scales"}],"event_choices":[{"damage_healed":0,"gold_gain":75,"player_choice":"Gather Gold","damage_taken":11,"max_hp_gain":0,"max_hp_loss":0,"event_name":"World of Goop","floor":2,"gold_loss":0},{"cards_removed":["Strike_R"],"damage_healed":0,"gold_gain":0,"player_choice":"Card Removal","damage_taken":7,"max_hp_gain":0,"max_hp_loss":0,"event_name":"Golden Wing","floor":3,"gold_loss":0},{"damage_healed":0,"gold_gain":0,"player_choice":"Take Damage","damage_taken":20,"relics_obtained":["Golden Idol"],"max_hp_gain":0,"max_hp_loss":0,"event_name":"Golden Idol","floor":5,"gold_loss":0},{"damage_healed":0,"gold_gain":0,"player_choice":"Gave Idol","damage_taken":0,"relics_obtained":["Bloody Idol"],"max_hp_gain":0,"max_hp_loss":0,"event_name":"Forgotten Altar","floor":20,"relics_lost":["Golden Idol"],"gold_loss":0}],"is_beta":false,"boss_relics":[{"not_picked":["Black Star","Runic Pyramid"],"picked":"Black Blood"}],"items_purged_floors":[13],"is_endless":false,"potions_floor_spawned":[7,10,11],"killed_by":"Snecko","ascension_level":8}}