{"host":"h4lp0eeso8a0ssq0","time":1610096659,"event":{"mods":["2.2 Compatiblity","AchievementEnabler","BaseMod","CapriCore","Colored Map","Minty Spire (QoL Compilation)","StSLib","SuperFastMode"],"gold_per_floor":[113,113,131,13,28,28,43,43,43,62,89,89,119,131,131,230,230,211,228,28,42,55,55,89,89,89,106,126,126,26,40,40,40,40],"floor_reached":33,"playtime":1555,"items_purged":["Strike_G","Strike_G"],"score":281,"play_id":"68d674e5-0682-4399-83d4-e3240be90168","local_time":"20210108180419","is_ascension_mode":false,"campfire_choices":[{"data":"Blur","floor":6.0,"key":"SMITH"},{"data":"Deadly Poison","floor":15.0,"key":"SMITH"},{"data":"Corpse Explosion","floor":23,"key":"SMITH"},{"floor":25,"key":"REST"},{"data":"Caltrops","floor":29,"key":"SMITH"},{"floor":32,"key":"REST"}],"circlet_count":0,"master_deck":["Defend_G","Defend_G","Defend_G","Defend_G","Defend_G","Survivor","Neutralize","Corpse Explosion+1","Masterful Stab","Cloak And Dagger","Caltrops+1","Poisoned Stab","Blur+1","Poisoned Stab","Deadly Poison+1","Calculated Gamble","PiercingWail","Die Die Die","Leg Sweep+1","Burst+1","Leg Sweep+1","Outmaneuver+1","Well Laid Plans","Acrobatics","Acrobatics","Reflex","Quick Slash+1","Crippling Poison+1","Escape Plan"],"relics":["Ring of the Snake","Ninja Scroll","Darkstone Periapt","Centennial Puzzle","Astrolabe","Mercury Hourglass","Pantograph"],"acts_visited":["Exordium","TheCity"],"potions_floor_usage":[24],"damage_taken":[{"damage":0.0,"enemies":"2 Louse","floor":1.0,"turns":3.0},{"damage":1.0,"enemies":"Cultist","floor":3.0,"turns":3.0},{"damage":0.0,"enemies":"Small Slimes","floor":5.0,"turns":3.0},{"damage":5.0,"enemies":"Exordium Wildlife","floor":7.0,"turns":6.0},{"damage":0.0,"enemies":"3 Louse","floor":10.0,"turns":3.0},{"damage":23.0,"enemies":"Lagavulin","floor":11.0,"turns":5.0},{"damage":8.0,"enemies":"Gremlin Nob","floor":13.0,"turns":4.0},{"damage":0.0,"enemies":"Looter","floor":14.0,"turns":2.0},{"damage":40.0,"enemies":"The Guardian","floor":16.0,"turns":10.0},{"damage":3,"enemies":"2 Thieves","floor":18,"turns":4},{"damage":5,"enemies":"Chosen","floor":19,"turns":5},{"damage":0,"enemies":"Sentry and Sphere","floor":21,"turns":5},{"damage":15,"enemies":"Snake Plant","floor":22,"turns":5},{"damage":16,"enemies":"Slavers","floor":24,"turns":3},{"damage":11,"enemies":"Chosen and Byrds","floor":27,"turns":3},{"damage":5,"enemies":"Cultist and Chosen","floor":28,"turns":4},{"damage":20,"enemies":"Sentry and Sphere","floor":31,"turns":4},{"damage":60,"enemies":"Champ","floor":33,"turns":10}],"seed_played":"5606619066576738655","potions_obtained":[{"floor":2.0,"key":"Regen Potion"},{"floor":2.0,"key":"CultistPotion"},{"floor":2.0,"key":"CultistPotion"},{"floor":13.0,"key":"DuplicationPotion"},{"floor":19,"key":"Ancient Potion"},{"floor":22,"key":"Energy Potion"},{"floor":24,"key":"FairyPotion"}],"is_trial":false,"path_per_floor":["M","?","M","$","M","R","M","$","T","M","E","?","E","M","R","B",null,"M","M","$","M","M","R","E","R","T","M","M","R","$","M","R","B"],"character_chosen":"THE_SILENT","items_purchased":["Caltrops","Poisoned Stab","Well Laid Plans","Acrobatics"],"campfire_rested":2,"item_purchase_floors":[4,4,20,20],"current_hp_per_floor":[70,70,69,69,69,69,64,64,64,64,41,41,33,33,33,8,70,67,62,62,62,47,47,31,52,52,41,36,36,36,16,37,2,2],"gold":40,"neow_bonus":"ONE_RANDOM_RARE_CARD","is_daily":false,"chose_seed":false,"campfire_upgraded":4,"win_rate":0.0,"timestamp":1610096659,"path_taken":["M","?","?","$","M","R","M","$","T","M","E","?","E","?","R","BOSS","M","M","$","?","M","R","E","R","T","M","M","R","$","M","R","BOSS"],"items_purchased_type":["Card","Card","Card","Card"],"build_version":"2020-12-22","purchased_purges":2,"victory":false,"max_hp_per_floor":[70,70,70,70,70,70,70,70,70,70,70,70,70,70,70,70,70,70,70,70,70,70,70,70,70,70,70,70,70,70,70,70,70,70],"card_choices":[{"not_picked":["Cloak And Dagger","Dodge and Roll"],"picked":"Masterful Stab","floor":1.0},{"not_picked":["Underhanded Strike","Bane"],"picked":"Cloak And Dagger","floor":3.0},{"not_picked":["Dodge and Roll","Caltrops"],"picked":"Blur","floor":5.0},{"not_picked":["Outmaneuver","Dodge and Roll"],"picked":"Poisoned Stab","floor":7.0},{"not_picked":["Cloak And Dagger","Infinite Blades"],"picked":"Deadly Poison","floor":10.0},{"not_picked":["Cloak And Dagger","Escape Plan"],"picked":"Calculated Gamble","floor":11.0},{"not_picked":["Choke","Storm of Steel","Distraction"],"picked":"SKIP","floor":13.0},{"not_picked":["Poisoned Stab","Backstab"],"picked":"PiercingWail","floor":14.0},{"not_picked":["Doppelganger","A Thousand Cuts"],"picked":"Die Die Die","floor":16.0},{"not_picked":["Dagger Spray","Quick Slash"],"picked":"Outmaneuver+1","floor":18},{"not_picked":["Expertise","Die Die Die","Sucker Punch"],"picked":"SKIP","floor":19},{"not_picked":["Outmaneuver","Acrobatics","Sucker Punch"],"picked":"SKIP","floor":21},{"not_picked":["Outmaneuver","Sucker Punch"],"picked":"Acrobatics","floor":21},{"not_picked":["Heel Hook","Dagger Throw"],"picked":"Reflex","floor":22},{"not_picked":["Flying Knee+1","PiercingWail"],"picked":"Quick Slash+1","floor":24},{"not_picked":["Deflect","Cloak And Dagger"],"picked":"Crippling Poison+1","floor":27},{"not_picked":["Flechettes","Underhanded Strike"],"picked":"Escape Plan","floor":28},{"not_picked":["Leg Sweep","Die Die Die","Outmaneuver"],"picked":"SKIP","floor":31}],"player_experience":101728,"relics_obtained":[{"floor":9.0,"key":"Ninja Scroll"},{"floor":11.0,"key":"Darkstone Periapt"},{"floor":13.0,"key":"Centennial Puzzle"},{"floor":24,"key":"Mercury Hourglass"},{"floor":26,"key":"Pantograph"}],"event_choices":[{"damage_healed":0.0,"max_hp_gain":0.0,"max_hp_loss":0.0,"gold_gain":0.0,"event_name":"Lab","player_choice":"Got Potions","floor":2.0,"gold_loss":0.0,"damage_taken":0.0},{"damage_healed":0.0,"max_hp_gain":0.0,"max_hp_loss":0.0,"gold_gain":0.0,"event_name":"The Woman in Blue","player_choice":"Bought 0 Potions","floor":12.0,"gold_loss":0.0,"damage_taken":0.0}],"is_beta":false,"boss_relics":[{"not_picked":["Empty Cage","Fusion Hammer"],"picked":"Astrolabe"}],"items_purged_floors":[20,30],"is_endless":false,"potions_floor_spawned":[10,11,13,14,19,22,24,28],"killed_by":"Champ","ascension_level":0}}