{"host":"8by3m8mve9y2rhh4","time":1610067121,"event":{"mods":["BaseMod","Minty Spire (QoL Compilation)","Quick Restart"],"gold_per_floor":[110,121,46,66,76,105,105,131,131,131,131],"floor_reached":10,"playtime":288,"items_purged":["Strike_R"],"score":82,"play_id":"f4b62980-a8da-4056-983f-a0dc0a2d1861","local_time":"20210108005201","is_ascension_mode":true,"campfire_choices":[{"floor":7,"key":"REST"}],"circlet_count":0,"master_deck":["Strike_R","Strike_R","Strike_R","Strike_R","Defend_R","Defend_R","Defend_R","Defend_R","Bash","Cleave","Rupture","Seeing Red","Sword Boomerang","Cleave"],"relics":["Burning Blood","Tiny Chest","Calipers","Dream Catcher","White Beast Statue"],"acts_visited":["Exordium"],"potions_floor_usage":[6,8],"damage_taken":[{"damage":5,"enemies":"Cultist","floor":1,"turns":4},{"damage":5,"enemies":"Small Slimes","floor":2,"turns":3},{"damage":0,"enemies":"2 Louse","floor":4,"turns":2},{"damage":8,"enemies":"2 Fungi Beasts","floor":5,"turns":3},{"damage":41,"enemies":"Gremlin Nob","floor":6,"turns":5},{"damage":40,"enemies":"Lagavulin","floor":8,"turns":8},{"damage":33,"enemies":"Gremlin Nob","floor":10,"turns":4}],"seed_played":"8793490456447621854","potions_obtained":[{"floor":4,"key":"BlessingOfTheForge"},{"floor":6,"key":"Weak Potion"}],"is_trial":false,"path_per_floor":["M","M","$","M","M","E","R","E","T","E"],"character_chosen":"IRONCLAD","items_purchased":[],"campfire_rested":1,"item_purchase_floors":[],"current_hp_per_floor":[80,80,80,80,78,43,67,33,33,0,0],"gold":131,"neow_bonus":"RANDOM_COMMON_RELIC","is_daily":false,"chose_seed":false,"campfire_upgraded":0,"win_rate":0.0,"timestamp":1610067121,"path_taken":["M","?","$","M","M","E","R","E","T","E"],"items_purchased_type":[],"build_version":"2020-12-22","purchased_purges":1,"victory":false,"max_hp_per_floor":[80,80,80,80,80,80,80,80,80,80,80],"card_choices":[{"not_picked":["True Grit","Pommel Strike"],"picked":"Cleave","floor":1},{"not_picked":["Infernal Blade","Perfected Strike"],"picked":"Rupture","floor":2},{"not_picked":["Sword Boomerang","Pommel Strike"],"picked":"Seeing Red","floor":4},{"not_picked":["Searing Blow","Havoc","Sword Boomerang"],"picked":"SKIP","floor":5},{"not_picked":["Searing Blow","Havoc"],"picked":"Sword Boomerang","floor":5},{"not_picked":["Sentinel","Wild Strike","Havoc"],"picked":"SKIP","floor":6},{"not_picked":["Intimidate","Sever Soul"],"picked":"Cleave","floor":8}],"player_experience":668223,"relics_obtained":[{"floor":6,"key":"Calipers"},{"floor":8,"key":"Dream Catcher"},{"floor":9,"key":"White Beast Statue"}],"event_choices":[],"is_beta":false,"boss_relics":[],"items_purged_floors":[3],"is_endless":false,"potions_floor_spawned":[4,6],"killed_by":"Gremlin Nob","ascension_level":1}}