{"host":"n3pcl7mteoua0i12","time":1610080609,"event":{"mods":["BaseMod","Bestiary","Curses Come First","Googly Eyes","Minty Spire (QoL Compilation)","Relic Stats","StSLib"],"gold_per_floor":[114,131,143,163,163,202,202,237,315,289,289,359,373,148,148,276,276,201,22,22,121,46,46,46],"floor_reached":23,"playtime":971,"items_purged":["Strike_G","Strike_G"],"score":254,"play_id":"30f0e7c0-4695-4673-8c48-bb83d1fe765c","local_time":"20210107203649","is_ascension_mode":true,"campfire_choices":[{"floor":7,"key":"REST"},{"floor":11,"key":"REST"},{"floor":15,"key":"REST"}],"circlet_count":0,"master_deck":["Strike_G","Strike_G","Strike_G","Defend_G","Defend_G","Defend_G","Defend_G","Defend_G","Survivor","Neutralize","Noxious Fumes","Quick Slash","Dagger Spray","Dagger Throw","Night Terror","Deadly Poison","Blur","Crippling Poison","Quick Slash+1","Noxious Fumes+1"],"relics":["Ring of the Serpent","Golden Idol","MealTicket","Unceasing Top","Frozen Egg 2","Regal Pillow","PrismaticShard","MutagenicStrength"],"acts_visited":["Exordium","TheCity"],"potions_floor_usage":[12,13,23,23,23],"damage_taken":[{"damage":0,"enemies":"Small Slimes","floor":1,"turns":5},{"damage":0,"enemies":"2 Louse","floor":2,"turns":4},{"damage":2,"enemies":"Jaw Worm","floor":3,"turns":5},{"damage":0,"enemies":"3 Louse","floor":4,"turns":2},{"damage":34,"enemies":"Gremlin Nob","floor":6,"turns":5},{"damage":24,"enemies":"3 Sentries","floor":8,"turns":7},{"damage":27,"enemies":"Lagavulin Event","floor":12,"turns":6},{"damage":4,"enemies":"Blue Slaver","floor":13,"turns":4},{"damage":46,"enemies":"Slime Boss","floor":16,"turns":13},{"damage":31,"enemies":"2 Thieves","floor":18,"turns":5},{"damage":79,"enemies":"Book of Stabbing","floor":23,"turns":6}],"seed_played":"3611449145492045126","potions_obtained":[{"floor":1,"key":"SpeedPotion"},{"floor":2,"key":"DuplicationPotion"},{"floor":12,"key":"Strength Potion"},{"floor":16,"key":"BlessingOfTheForge"}],"is_trial":false,"path_per_floor":["M","M","M","M","?","E","R","E","T","?","R","?","M","$","R","B",null,"M","$","?","?","$","E"],"character_chosen":"THE_SILENT","items_purchased":["PrismaticShard","Noxious Fumes+1","DuplicationPotion"],"campfire_rested":3,"item_purchase_floors":[14,19,22],"current_hp_per_floor":[70,70,68,68,49,15,38,14,14,14,37,10,6,21,59,13,61,30,45,45,45,60,0,0],"gold":46,"neow_bonus":"TEN_PERCENT_HP_BONUS","is_daily":false,"chose_seed":false,"campfire_upgraded":0,"win_rate":0.0,"timestamp":1610080609,"path_taken":["M","M","M","M","?","E","R","E","T","?","R","?","M","$","R","BOSS","M","$","?","?","?","E"],"items_purchased_type":["Relic","Card","Potion"],"build_version":"2020-12-22","purchased_purges":2,"victory":false,"max_hp_per_floor":[77,77,77,77,77,77,77,77,77,77,77,77,77,77,77,77,77,77,77,77,77,77,77,77],"relic_stats":{"Regal Pillow":15,"counters":[11,62],"Golden Idol":65,"MealTicket":45,"obtain_stats":[{"Regal Pillow":12,"Golden Idol":5,"MutagenicStrength":20,"MealTicket":6,"Frozen Egg 2":9,"PrismaticShard":14,"Unceasing Top":8,"Ring of the Serpent":17,"Ring of the Snake":0},{"Regal Pillow":6,"Golden Idol":4,"MutagenicStrength":10,"MealTicket":5,"Frozen Egg 2":6,"PrismaticShard":8,"Unceasing Top":6,"Ring of the Serpent":9,"Ring of the Snake":0},{"Regal Pillow":28,"Golden Idol":16,"MutagenicStrength":56,"MealTicket":21,"Frozen Egg 2":28,"PrismaticShard":38,"Unceasing Top":28,"Ring of the Serpent":51,"Ring of the Snake":0}],"Unceasing Top":[0]},"card_choices":[{"not_picked":["Predator","Backflip"],"picked":"Noxious Fumes","floor":1},{"not_picked":["Blade Dance","Setup"],"picked":"Quick Slash","floor":2},{"not_picked":["Prepared","Deadly Poison"],"picked":"Dagger Spray","floor":3},{"not_picked":["Blur","Infinite Blades"],"picked":"Dagger Throw","floor":4},{"not_picked":["Leg Sweep","Poisoned Stab"],"picked":"Night Terror","floor":6},{"not_picked":["Quick Slash","Heel Hook"],"picked":"Deadly Poison","floor":8},{"not_picked":["Heel Hook","Cloak And Dagger"],"picked":"Blur","floor":12},{"not_picked":["Backflip","Slice"],"picked":"Crippling Poison","floor":13},{"not_picked":["Leap","Masterful Stab"],"picked":"Quick Slash+1","floor":18}],"player_experience":427125,"relics_obtained":[{"floor":6,"key":"MealTicket"},{"floor":8,"key":"Unceasing Top"},{"floor":9,"key":"Frozen Egg 2"}],"event_choices":[{"damage_healed":0,"gold_gain":0,"player_choice":"Take Damage","damage_taken":19,"relics_obtained":["Golden Idol"],"max_hp_gain":0,"max_hp_loss":0,"event_name":"Golden Idol","floor":5,"gold_loss":0},{"damage_healed":0,"gold_gain":0,"player_choice":"Left Gold","damage_taken":0,"max_hp_gain":0,"max_hp_loss":0,"event_name":"World of Goop","floor":10,"gold_loss":26},{"damage_healed":0,"gold_gain":0,"player_choice":"Searched \u00272\u0027 times","damage_taken":0,"relics_obtained":["Regal Pillow"],"max_hp_gain":0,"max_hp_loss":0,"event_name":"Dead Adventurer","floor":12,"gold_loss":0},{"damage_healed":0,"gold_gain":0,"player_choice":"Inject Mutagens","damage_taken":0,"relics_obtained":["MutagenicStrength"],"max_hp_gain":0,"max_hp_loss":0,"event_name":"Drug Dealer","floor":20,"gold_loss":0},{"damage_healed":0,"gold_gain":99,"player_choice":"Stole From Cult","damage_taken":0,"max_hp_gain":0,"max_hp_loss":0,"event_name":"Nest","floor":21,"gold_loss":0}],"is_beta":false,"boss_relics":[{"not_picked":["Velvet Choker","SacredBark"],"picked":"Ring of the Serpent"}],"items_purged_floors":[14,19],"is_endless":false,"potions_floor_spawned":[1,2,12,16],"killed_by":"Book of Stabbing","ascension_level":6}}