{"host":"ekuwh035269yscfo","time":1610126193,"event":{"mods":["Aspiration","BaseMod","Better Third Choice","BetterRewards","Colored Map","Custom Start","Downfall","Hermit","Highlight Path","Hubris","Hyrulean Relics","Minty Spire (QoL Compilation)","Replay The Spire","Shop Mod","StSLib","The Cursed"],"gold_per_floor":[99,99,99,99,99,134,159,159,144,144,52,69,69,69,86,86,86,86],"floor_reached":16,"playtime":803,"items_purged":[],"score":94,"play_id":"512d76ff-2bbe-419c-bfdd-c0075ed51fba","local_time":"20210108121633","is_ascension_mode":false,"campfire_choices":[{"floor":8,"key":"REST"},{"floor":13,"key":"REST"}],"circlet_count":0,"master_deck":["champ:Strike+1","champ:Strike","champ:Strike","champ:Strike","champ:Defend","champ:Defend","champ:Defend","champ:Execute+1","champ:Taunt","champ:GladiatorStyle+1","champ:Encircle","champ:FanOfKnives","champ:FalseCounter+1","champ:Riposte","champ:GladiatorStyle","champ:GladiatorStyle"],"relics":["champ:ChampionCrown","downfall:HeartsMalice","Gambling Chip","Gremlin Food","hubris:Towel"],"acts_visited":["Exordium"],"potions_floor_usage":[9,16,16],"damage_taken":[{"damage":0,"enemies":"Jaw Worm","floor":2,"turns":1},{"damage":0,"enemies":"downfall:FleeingMerchant","floor":4,"turns":1},{"damage":0,"enemies":"Cultist","floor":5,"turns":1},{"damage":64,"enemies":"Lagavulin","floor":6,"turns":6},{"damage":19,"enemies":"downfall:FleeingMerchant","floor":9,"turns":4},{"damage":15,"enemies":"downfall:FleeingMerchant","floor":11,"turns":4},{"damage":10,"enemies":"Small Slimes","floor":12,"turns":3},{"damage":9,"enemies":"Blue Slaver","floor":15,"turns":3},{"damage":77,"enemies":"downfall:Silent","floor":16,"turns":8}],"seed_played":"731038859960886665","potions_obtained":[{"floor":6,"key":"BlessingOfTheForge"},{"floor":12,"key":"Fire Potion"},{"floor":15,"key":"hexamod:EctoCoolerPotion"}],"is_trial":false,"path_per_floor":["R_BF","M","?","$","M","E","T","R","$","?","$","M","R","?","M","B"],"character_chosen":"THE_CHAMP","items_purchased":["champ:GladiatorStyle"],"campfire_rested":2,"item_purchase_floors":[11],"current_hp_per_floor":[90,90,90,90,90,50,50,77,72,72,67,57,84,84,77,0,0,0],"gold":86,"neow_bonus":"THREE_ENEMY_KILL","is_daily":false,"chose_seed":false,"campfire_upgraded":0,"win_rate":0.0,"timestamp":1610126193,"path_taken":["R_BF","M","?","?","M","E","T","R","$","?","$","M","R","?","M","BOSS"],"items_purchased_type":["Card"],"build_version":"2020-12-22","purchased_purges":0,"victory":false,"max_hp_per_floor":[90,90,90,90,90,90,90,90,90,90,90,90,90,90,90,90,90,90],"card_choices":[{"not_picked":["champ:DeathBlow","champ:Backstep"],"picked":"champ:Encircle","floor":2},{"not_picked":["champ:BerserkersShout","champ:GladiatorsShout"],"picked":"champ:FanOfKnives","floor":4},{"not_picked":["champ:Lariat","champ:ArenaPreparation","champ:Backstep"],"picked":"SKIP","floor":5},{"not_picked":["champ:Backstep","champ:FightOn"],"picked":"champ:FalseCounter","floor":6},{"not_picked":["champ:GladiatorsShout","champ:Haymaker"],"picked":"champ:Riposte","floor":9},{"not_picked":["champ:CrownThrow","champ:Circumvent"],"picked":"champ:GladiatorStyle","floor":11},{"not_picked":["champ:FightOn","champ:ViciousMockery","champ:BerserkersShout"],"picked":"SKIP","floor":12},{"not_picked":["champ:DefensiveShout","champ:Circumvent","champ:EnGarde"],"picked":"SKIP","floor":15}],"player_experience":402045,"relics_obtained":[{"floor":6,"key":"Gambling Chip"},{"floor":7,"key":"Gremlin Food"}],"event_choices":[{"damage_healed":0,"gold_gain":0,"player_choice":"Forge","damage_taken":0,"max_hp_gain":0,"max_hp_loss":0,"event_name":"Accursed Blacksmith","floor":3,"gold_loss":0,"cards_upgraded":["champ:GladiatorStyle"]},{"damage_healed":0,"gold_gain":0,"player_choice":"Grow","damage_taken":0,"max_hp_gain":0,"max_hp_loss":0,"event_name":"Living Wall","floor":10,"gold_loss":0,"cards_upgraded":["champ:FalseCounter"]}],"is_beta":false,"boss_relics":[],"items_purged_floors":[],"is_endless":false,"potions_floor_spawned":[6,12,15],"killed_by":"downfall:Silent","ascension_level":0}}