{"host":"n7x7dn3iy7e8pv42","time":1610122375,"event":{"mods":["Act Like it!","BaseMod","CapriCore","Chen","Conspire","Downfall","Gensokyo","Hallownest","KinomotoSakuraMod(木之本樱)","Koishi","KomeijiMod","LagranYue(拉格朗・月)","Luminous","Marisa（F雨　魔理沙）","Minty Spire (QoL Compilation)","Pale of the Ancients","Prisma Mod","Quick Restart","Reimu（博丽灵梦）","Remilia（蕾米莉亚）","Replay The Spire","RumiaBox-露米娅的神秘盒子","SIMod","Spicy Shops","StSLib","The Administrix","The Animator","The Bug Knight","The Cursed","The Gatherer","The Hierophant","The Immortal","The Poker Player","The Servant 0.9.4","Yakumo Yukari mod","Youmu（魂魄妖梦）","Yuyuko","vexMod","篝火指南"],"gold_per_floor":[119,135,85,102,102,102,102,102,126,51,51,51,51,151,151,256,256,266,266,181,184,184],"floor_reached":21,"playtime":1532,"items_purged":["Parasite"],"score":165,"play_id":"eaa05641-9adb-4b76-adb1-30fc57a35543","local_time":"20210109001255","is_ascension_mode":false,"campfire_choices":[{"data":"ClowCardTheErase","floor":6,"key":"SMITH"},{"data":"ClowCardTheWindy","floor":12,"key":"SMITH"},{"data":"ClowCardTheGlow","floor":15,"key":"SMITH"}],"circlet_count":0,"master_deck":["ClowCardTheSword","ClowCardTheSword","ClowCardTheSword","ClowCardTheShield","ClowCardTheShield","ClowCardTheShield","ClowCardTheShield","SpellCardSeal+1","SpellCardRelease","ClowCardTheRain+1","ClowCardTheGlow+1","ClowCardTheErase+1","ClowCardTheJump","ClowCardTheWindy+1","ClowCardTheReturn","ClowCardTheMirror+1","Pot Of Greed","Pot Of Greed","ClowCardTheSand"],"relics":["KSMOD_SealedBook","KSMOD_SealedWand","LagranYue:RandomDrawCardRelic","Baka","AddBug","SecretRecord","SecretRecord","SecretRecord","SecretRecord"],"acts_visited":["Exordium","TheCity"],"potions_floor_usage":[],"damage_taken":[{"damage":6,"enemies":"conspire:RoseBush","floor":1,"turns":3},{"damage":0,"enemies":"Small Slimes","floor":2,"turns":3},{"damage":0,"enemies":"2 Louse","floor":4,"turns":2},{"damage":6,"enemies":"2 Fungi Beasts","floor":8,"turns":3},{"damage":29,"enemies":"Slime Boss","floor":16,"turns":5},{"damage":8,"enemies":"conspire:FuzzyDice","floor":18,"turns":4},{"damage":0,"enemies":"Masked Bandits","floor":21,"turns":4}],"seed_played":"8586218425845074906","potions_obtained":[{"floor":2,"key":"Swift Potion"},{"floor":16,"key":"BlessingOfTheForge"}],"is_trial":false,"path_per_floor":["M","M","?","M","?","R","?","M","T","$","T","R","?","?","R","B",null,"M","?","?","?"],"character_chosen":"KINOMOTOSAKURA","items_purchased":[],"campfire_rested":0,"item_purchase_floors":[],"current_hp_per_floor":[64,64,64,64,64,64,70,64,64,64,64,64,64,64,64,35,67,59,43,43,43,43],"gold":184,"neow_bonus":"UPGRADE_CARD","is_daily":false,"chose_seed":false,"campfire_upgraded":3,"win_rate":0.0,"timestamp":1610122375,"path_taken":["M","M","?","M","?","R","?","M","T","$","?","R","?","?","R","BOSS","M","?","?","?"],"items_purchased_type":[],"build_version":"2020-12-22","purchased_purges":1,"victory":false,"max_hp_per_floor":[70,70,70,70,70,70,70,70,70,67,67,67,67,67,67,67,67,67,67,67,67,67],"card_choices":[{"not_picked":["ClowCardTheLittle","ClowCardTheWatery"],"picked":"ClowCardTheRain","floor":1},{"not_picked":["ClowCardTheWood","ClowCardTheWave"],"picked":"ClowCardTheErase","floor":2},{"not_picked":["ClowCardTheWindy","ClowCardTheChange"],"picked":"ClowCardTheJump","floor":4},{"not_picked":["ClowCardTheSilent","ClowCardTheArrow"],"picked":"ClowCardTheWindy","floor":8},{"not_picked":["ClowCardTheFight","ClowCardTheThrough"],"picked":"ClowCardTheReturn","floor":16},{"not_picked":["ClowCardTheArrow","ClowCardTheBubbles+1"],"picked":"ClowCardTheMirror+1","floor":18},{"not_picked":["ClowCardTheArrow","ClowCardTheFloat+1"],"picked":"ClowCardTheSand","floor":21}],"player_experience":31000,"relics_obtained":[{"floor":1,"key":"Baka"},{"floor":1,"key":"AddBug"},{"floor":4,"key":"SecretRecord"},{"floor":8,"key":"SecretRecord"},{"floor":9,"key":"Blood Vial"},{"floor":11,"key":"SecretRecord"},{"floor":19,"key":"Necronomicon"},{"floor":21,"key":"Red Mask"}],"event_choices":[{"cards_removed":["ClowCardTheSword"],"damage_healed":0,"gold_gain":0,"player_choice":"Card Removal","damage_taken":0,"max_hp_gain":0,"max_hp_loss":0,"event_name":"The Cleric","floor":3,"gold_loss":50},{"damage_healed":0,"gold_gain":0,"player_choice":"Grow","damage_taken":0,"max_hp_gain":0,"max_hp_loss":0,"event_name":"Living Wall","floor":5,"gold_loss":0,"cards_upgraded":["ClowCardTheRain"]},{"damage_healed":17,"gold_gain":0,"player_choice":"Healed and dodged fight","damage_taken":0,"max_hp_gain":0,"max_hp_loss":0,"event_name":"Mushrooms","floor":7,"gold_loss":0,"cards_obtained":["Parasite"]},{"damage_healed":0,"gold_gain":100,"player_choice":"Pray","damage_taken":0,"max_hp_gain":0,"max_hp_loss":0,"event_name":"Golden Shrine","floor":14,"gold_loss":0},{"damage_healed":0,"gold_gain":0,"player_choice":"Obtained Book","damage_taken":16,"max_hp_gain":0,"max_hp_loss":0,"event_name":"Cursed Tome","floor":19,"gold_loss":0},{"damage_healed":0,"gold_gain":0,"player_choice":"Obtained Relic","damage_taken":0,"relics_obtained":["Grinning Jar"],"max_hp_gain":0,"max_hp_loss":0,"event_name":"Addict","floor":20,"gold_loss":85},{"damage_healed":0,"gold_gain":0,"player_choice":"Fought Bandits","damage_taken":0,"max_hp_gain":0,"max_hp_loss":0,"event_name":"Masked Bandits","floor":21,"gold_loss":0}],"is_beta":false,"boss_relics":[{"not_picked":["KSMOD_StarWand","Busted Crown"],"picked":"vexMod:RockOfEvil"}],"items_purged_floors":[10],"is_endless":false,"potions_floor_spawned":[2,16],"killed_by":"Masked Bandits","ascension_level":0}}