{"host":"ji1fk25fd1ga4ji1","time":1610080959,"event":{"mods":["2.2 Compatiblity","BaseMod","Colored Map","DeckTracker","Minty Spire (QoL Compilation)","Permanent Neow","Quick Restart","StSLib","SuperFastMode"],"gold_per_floor":[117,135,85,85,111,144,144,157,203,237,237,254,10,21,21,124,124,135,151,167,67,67,67,97,97,124,159,175,191,191,217,217,313,313,325,90,104,118,95,122,139,139,139,139,151,164,182,182,182,182,182,182,107,140,140],"floor_reached":56,"playtime":1159,"items_purged":["Defend_R","Perfected Strike","Clash+1"],"score":1400,"play_id":"881fdda4-5de3-404e-bf57-19b4c7eaeb31","local_time":"20210108134239","is_ascension_mode":true,"campfire_choices":[{"data":"Clash","floor":7.0,"key":"SMITH"},{"data":"Spot Weakness","floor":11.0,"key":"SMITH"},{"data":"Disarm","floor":15.0,"key":"SMITH"},{"data":"Immolate","floor":23.0,"key":"SMITH"},{"data":"Double Tap","floor":25.0,"key":"SMITH"},{"floor":32.0,"key":"RECALL"},{"data":"Limit Break","floor":42.0,"key":"SMITH"},{"data":"Inflame","floor":44.0,"key":"SMITH"},{"data":"Battle Trance","floor":49.0,"key":"SMITH"},{"data":"Sword Boomerang","floor":52.0,"key":"SMITH"}],"circlet_count":0,"master_deck":["Bash+1","Spot Weakness+1","Disarm+1","Shrug It Off","Immolate+1","Feed","Reaper","Double Tap+1","Twin Strike","Ghostly Armor","Uppercut","Disarm+1","Limit Break+1","Spot Weakness+1","Inflame+1","Battle Trance+1","Sword Boomerang","Sword Boomerang+1","Offering","Heavy Blade+1","Battle Trance"],"relics":["Burning Blood","Gremlin Horn","Whetstone","Orichalcum","Pen Nib","Pandora\u0027s Box","Mercury Hourglass","Lantern","Vajra","Ancient Tea Set","SacredBark","StrikeDummy","Du-Vu Doll","Happy Flower"],"acts_visited":["Exordium","TheCity","TheBeyond","TheEnding"],"potions_floor_usage":[55,55],"damage_taken":[{"damage":0.0,"enemies":"2 Louse","floor":1.0,"turns":2.0},{"damage":5.0,"enemies":"Small Slimes","floor":2.0,"turns":3.0},{"damage":26.0,"enemies":"Lagavulin","floor":6.0,"turns":5.0},{"damage":6.0,"enemies":"Jaw Worm","floor":8.0,"turns":2.0},{"damage":16.0,"enemies":"Gremlin Nob","floor":10.0,"turns":3.0},{"damage":2.0,"enemies":"Gremlin Gang","floor":12.0,"turns":4.0},{"damage":2.0,"enemies":"3 Louse","floor":14.0,"turns":3.0},{"damage":0.0,"enemies":"Slime Boss","floor":16.0,"turns":6.0},{"damage":0.0,"enemies":"Spheric Guardian","floor":18.0,"turns":1.0},{"damage":16.0,"enemies":"2 Thieves","floor":19.0,"turns":3.0},{"damage":6.0,"enemies":"Shelled Parasite and Fungi","floor":20.0,"turns":4.0},{"damage":6.0,"enemies":"Gremlin Leader","floor":24.0,"turns":4.0},{"damage":0.0,"enemies":"Slavers","floor":27.0,"turns":1.0},{"damage":15.0,"enemies":"Snake Plant","floor":28.0,"turns":2.0},{"damage":1.0,"enemies":"Chosen and Byrds","floor":29.0,"turns":5.0},{"damage":1.0,"enemies":"Gremlin Leader","floor":31.0,"turns":7.0},{"damage":10.0,"enemies":"Champ","floor":33.0,"turns":7.0},{"damage":23.0,"enemies":"3 Darklings","floor":35.0,"turns":6.0},{"damage":7.0,"enemies":"3 Shapes","floor":37.0,"turns":4.0},{"damage":24.0,"enemies":"Spire Growth","floor":38.0,"turns":5.0},{"damage":22.0,"enemies":"Reptomancer","floor":40.0,"turns":4.0},{"damage":0.0,"enemies":"Transient","floor":41.0,"turns":5.0},{"damage":16.0,"enemies":"Maw","floor":45.0,"turns":5.0},{"damage":32.0,"enemies":"3 Darklings","floor":46.0,"turns":4.0},{"damage":12.0,"enemies":"Spire Growth","floor":47.0,"turns":2.0},{"damage":80.0,"enemies":"Donu and Deca","floor":50.0,"turns":5.0},{"damage":24.0,"enemies":"Shield and Spear","floor":54.0,"turns":3.0},{"damage":146,"enemies":"The Heart","floor":55,"turns":7}],"seed_played":"7149333076426243847","potions_obtained":[{"floor":2.0,"key":"PowerPotion"},{"floor":8.0,"key":"BlessingOfTheForge"},{"floor":12.0,"key":"EssenceOfSteel"},{"floor":14.0,"key":"SkillPotion"},{"floor":27.0,"key":"CultistPotion"},{"floor":31.0,"key":"FairyPotion"},{"floor":33.0,"key":"Strength Potion"},{"floor":41.0,"key":"AttackPotion"}],"is_trial":false,"path_per_floor":["M","M","?","?","T","E","R","M","T","E","R","M","$","M","R","B",null,"M","M","M","$","?","R","E","R","T","E","M","M","?","E","R","B",null,"M","$","M","M","$","E","M","R","T","R","M","M","M","?","R","B",null,"R","$","E","B",null],"character_chosen":"IRONCLAD","items_purchased":["Shrug It Off","Pen Nib","Inflame","Battle Trance","Sword Boomerang","GamblersBrew"],"campfire_rested":0,"item_purchase_floors":[13,13,36,36,39,53],"current_hp_per_floor":[62,63,63,63,63,43,43,43,43,33,33,37,37,41,41,47,80,80,80,83,83,83,83,86,86,86,86,77,86,78,89,89,85,89,89,89,91,76,76,60,88,88,88,88,78,95,89,89,89,21,95,95,95,77,14],"gold":140,"neow_bonus":"TRANSFORM_TWO_CARDS","is_daily":false,"chose_seed":false,"campfire_upgraded":9,"win_rate":0.0,"timestamp":1610080959,"path_taken":["M","M","?","?","?","E","R","M","T","E","R","M","$","M","R","BOSS","M","?","M","$","?","R","E","R","T","E","M","M","?","E","R","BOSS","M","$","?","M","$","E","M","R","T","R","M","M","?","?","R","BOSS","R","$","E","BOSS"],"items_purchased_type":["Card","Relic","Card","Card","Card","Potion"],"build_version":"2020-12-22","purchased_purges":3,"victory":true,"max_hp_per_floor":[80,80,80,80,80,80,80,80,80,80,80,80,80,80,80,80,80,80,80,83,83,83,83,86,86,86,86,86,86,86,89,89,89,89,89,89,92,95,95,95,95,95,95,95,95,95,95,95,95,95,95,95,95,95,95],"card_choices":[{"not_picked":["True Grit","Fire Breathing","Havoc"],"picked":"SKIP","floor":1.0},{"not_picked":["Havoc","Dark Embrace","Hemokinesis"],"picked":"SKIP","floor":2.0},{"not_picked":["Reckless Charge","Rampage","Headbutt"],"picked":"SKIP","floor":6.0},{"not_picked":["Body Slam","Sword Boomerang"],"picked":"Spot Weakness","floor":8.0},{"not_picked":["Dropkick","Armaments"],"picked":"Disarm","floor":10.0},{"not_picked":["Flame Barrier","Iron Wave","Rage"],"picked":"SKIP","floor":12.0},{"not_picked":["Rupture","Dropkick","Reckless Charge"],"picked":"SKIP","floor":14.0},{"not_picked":["Corruption","Impervious"],"picked":"Double Tap","floor":16.0},{"not_picked":["Havoc","Body Slam"],"picked":"Twin Strike","floor":18.0},{"not_picked":["Headbutt","Second Wind","Dark Embrace"],"picked":"SKIP","floor":19.0},{"not_picked":["Clothesline","Hemokinesis+1"],"picked":"Ghostly Armor","floor":20.0},{"not_picked":["Warcry+1","Rupture","Clothesline"],"picked":"SKIP","floor":24.0},{"not_picked":["Clash","Wild Strike","Bloodletting"],"picked":"SKIP","floor":27.0},{"not_picked":["Double Tap","Perfected Strike","Headbutt"],"picked":"SKIP","floor":28.0},{"not_picked":["Sword Boomerang","Thunderclap+1"],"picked":"Disarm+1","floor":29.0},{"not_picked":["Feed","Flex","Armaments+1"],"picked":"SKIP","floor":31.0},{"not_picked":["Immolate","Juggernaut"],"picked":"Limit Break","floor":33.0},{"not_picked":["Cleave+1","Headbutt"],"picked":"Spot Weakness+1","floor":35.0},{"not_picked":["Perfected Strike+1","Infernal Blade","Sword Boomerang"],"picked":"SKIP","floor":37.0},{"not_picked":["Perfected Strike+1","Infernal Blade"],"picked":"Sword Boomerang","floor":37.0},{"not_picked":["Armaments","Clash","Reckless Charge"],"picked":"SKIP","floor":38.0},{"not_picked":["Intimidate","Warcry+1","Headbutt+1"],"picked":"SKIP","floor":40.0},{"not_picked":["Warcry","Dropkick","Clothesline+1"],"picked":"SKIP","floor":41.0},{"not_picked":["Shrug It Off+1","Iron Wave+1"],"picked":"Offering","floor":45.0},{"not_picked":["Clash","Reckless Charge+1"],"picked":"Heavy Blade+1","floor":46.0},{"not_picked":["Second Wind","Inflame+1","Combust+1"],"picked":"SKIP","floor":47.0},{"not_picked":["Pommel Strike+1","Blood for Blood"],"picked":"Battle Trance","floor":54.0}],"player_experience":814810,"relics_obtained":[{"floor":6.0,"key":"Gremlin Horn"},{"floor":9.0,"key":"Whetstone"},{"floor":10.0,"key":"Orichalcum"},{"floor":24.0,"key":"Mercury Hourglass"},{"floor":26.0,"key":"Lantern"},{"floor":27.0,"key":"Vajra"},{"floor":31.0,"key":"Ancient Tea Set"},{"floor":40.0,"key":"StrikeDummy"},{"floor":43.0,"key":"Du-Vu Doll"},{"floor":54.0,"key":"Happy Flower"}],"event_choices":[{"cards_removed":["Defend_R"],"damage_healed":0.0,"max_hp_gain":0.0,"max_hp_loss":0.0,"gold_gain":0.0,"event_name":"The Cleric","player_choice":"Card Removal","floor":3.0,"gold_loss":50.0,"damage_taken":0.0},{"damage_healed":0.0,"max_hp_gain":0.0,"max_hp_loss":0.0,"gold_gain":0.0,"event_name":"Liars Game","player_choice":"Ignored","floor":4.0,"gold_loss":0.0,"damage_taken":0.0},{"damage_healed":0.0,"max_hp_gain":0.0,"max_hp_loss":0.0,"gold_gain":0.0,"cards_transformed":["Double Tap","Seeing Red"],"event_name":"Drug Dealer","player_choice":"Became Test Subject","floor":22.0,"gold_loss":0.0,"damage_taken":0.0,"cards_obtained":["Uppercut","Bludgeon"]},{"damage_healed":0.0,"max_hp_gain":0.0,"max_hp_loss":0.0,"gold_gain":0.0,"event_name":"Wheel of Change","player_choice":"Damaged","floor":30.0,"gold_loss":0.0,"damage_taken":8.0},{"cards_removed":["Bludgeon"],"damage_healed":0.0,"max_hp_gain":0.0,"max_hp_loss":0.0,"gold_gain":0.0,"event_name":"Purifier","player_choice":"Purged","floor":48.0,"gold_loss":0.0,"damage_taken":0.0}],"is_beta":false,"boss_relics":[{"not_picked":["Ectoplasm","Runic Pyramid"],"picked":"Pandora\u0027s Box"},{"not_picked":["Tiny House","Velvet Choker"],"picked":"SacredBark"}],"items_purged_floors":[13,21,36],"is_endless":false,"potions_floor_spawned":[2,8,12,14,27,28,31,33,38,41],"ascension_level":1}}