{"host":"f49a0fglrdtttfz6","time":1610074981,"event":{"mods":["BaseMod","Downfall","Minty Spire (QoL Compilation)","StSLib"],"gold_per_floor":[99,115,115,133,151,151,151,86,105,55,81,100,50,35,54,155,155,30,45,45,145,145,145,223,98,98,48,59,84,113,123,141,236,236,186,30,30,44,54,54,54,54],"floor_reached":40,"playtime":2381,"items_purged":[],"score":429,"play_id":"94e02498-cdf5-4f71-9cc1-a391b97437ed","local_time":"20210107210300","is_ascension_mode":false,"campfire_choices":[{"floor":1,"key":"RECALL"},{"data":"Slimebound:SelfFormingGoo","floor":10,"key":"SMITH"},{"floor":13,"key":"REST"},{"data":"Slimebound:FirmFortitude","floor":18,"key":"SMITH"},{"data":"Slimebound:Equalize","floor":25,"key":"SMITH"},{"floor":27,"key":"REST"},{"floor":35,"key":"REST"}],"circlet_count":0,"master_deck":["Slimebound:Tackle","Slimebound:Defend_Slimebound","Slimebound:Defend_Slimebound","Slimebound:Defend_Slimebound","Slimebound:Defend_Slimebound","Slimebound:Split+1","Slimebound:CorrosiveSpit","Slimebound:TagTeam","Slimebound:SplitBruiser","Slimebound:Equalize+1","Slimebound:SamplingLick","Slimebound:SelfFormingGoo+1","Slimebound:SlimeSpikes+1","Slimebound:SplitAcid+1","Slimebound:DisruptingSlam","Slimebound:FirmFortitude+1","Slimebound:Repurpose+1","Slimebound:HauntingLick+1","Slimebound:Overexert","Slimebound:ComboTackle+1","Slimebound:SplitLeeching+1","Slimebound:Tackle+1","Slimebound:Tackle+1","Slimebound:Tackle+1","Slimebound:SamplingLick+1","Slimebound:Repurpose+1","Slimebound:MegaLick+1","Slimebound:SplitMire+1","Slimebound:GrowthPunch+1","Slimebound:AcidTongue+1","Slimebound:MinionMaster+1","Slimebound:Darklings+1","Slimebound:TongueLash+1","Slimebound:LeechEnergy"],"relics":["Slimebound:AbsorbEndCombat","Slimebound:GreedOozeRelic","Toxic Egg 2","SacredBark","downfall:HeartBlessingRed","downfall:RedIOU","Peace Pipe","Eternal Feather","downfall:HeartBlessingBlue","Omamori","Frozen Egg 2","Fusion Hammer","Pen Nib"],"acts_visited":["Exordium","TheCity","TheBeyond"],"potions_floor_usage":[30,33,33,33],"damage_taken":[{"damage":7,"enemies":"2 Louse","floor":2,"turns":2},{"damage":12,"enemies":"Cultist","floor":4,"turns":3},{"damage":13,"enemies":"Jaw Worm","floor":5,"turns":2},{"damage":16,"enemies":"downfall:FleeingMerchant","floor":8,"turns":4},{"damage":30,"enemies":"Exordium Wildlife","floor":9,"turns":4},{"damage":24,"enemies":"3 Sentries","floor":11,"turns":4},{"damage":12,"enemies":"2 Fungi Beasts","floor":12,"turns":2},{"damage":17,"enemies":"downfall:FleeingMerchant","floor":14,"turns":4},{"damage":8,"enemies":"3 Louse","floor":15,"turns":2},{"damage":57,"enemies":"downfall:Silent","floor":16,"turns":6},{"damage":20,"enemies":"Chosen","floor":19,"turns":3},{"damage":30,"enemies":"downfall:Watcher","floor":21,"turns":5},{"damage":29,"enemies":"Snake Plant","floor":28,"turns":3},{"damage":40,"enemies":"Book of Stabbing","floor":29,"turns":4},{"damage":28,"enemies":"downfall:FleeingMerchant","floor":30,"turns":4},{"damage":34,"enemies":"Centurion and Healer","floor":31,"turns":4},{"damage":27,"enemies":"Shelled Parasite and Fungi","floor":32,"turns":4},{"damage":31,"enemies":"downfall:Defect","floor":33,"turns":4},{"damage":71,"enemies":"3 Darklings","floor":38,"turns":3},{"damage":9,"enemies":"Orb Walker","floor":39,"turns":2},{"damage":70,"enemies":"Writhing Mass","floor":40,"turns":3}],"seed_played":"-31484549580765669","potions_obtained":[{"floor":4,"key":"DuplicationPotion"},{"floor":11,"key":"Swift Potion"},{"floor":15,"key":"SmokeBomb"},{"floor":21,"key":"sneckomod:MuddlingPotion"},{"floor":29,"key":"PowerPotion"},{"floor":31,"key":"Energy Potion"},{"floor":32,"key":"Fire Potion"},{"floor":39,"key":"ColorlessPotion"}],"is_trial":false,"path_per_floor":["R","M","?","M","M","?","T","$","M","R","E","M","R","$","M","B",null,"R","M","?","?","?","?","T","R","?","R","M","E","$","M","M","B",null,"R","$","?","M","M","M"],"character_chosen":"SLIMEBOUND","items_purchased":["Slimebound:SlimeSpikes+1","Frozen Egg 2","Slimebound:SplitMire+1","Pen Nib"],"campfire_rested":3,"item_purchase_floors":[8,30,30,36],"current_hp_per_floor":[60,57,57,60,60,60,60,60,48,48,42,42,60,58,58,33,60,60,54,54,46,46,36,36,58,58,75,64,50,56,44,39,44,75,75,75,75,34,39,0,0,0],"gold":54,"neow_bonus":"ONE_RANDOM_RARE_CARD","is_daily":false,"chose_seed":false,"campfire_upgraded":3,"win_rate":0.0,"timestamp":1610074980,"path_taken":["R","M","?","M","?","?","T","?","M","R","E","M","R","?","M","BOSS","R","M","?","?","?","?","T","R","?","R","?","E","?","M","M","BOSS","R","$","?","M","M","M"],"items_purchased_type":["Card","Relic","Card","Relic"],"build_version":"2020-12-22","purchased_purges":0,"victory":false,"max_hp_per_floor":[60,60,60,60,60,60,60,60,60,60,60,60,60,60,60,60,60,60,60,60,60,60,65,65,75,75,75,75,75,75,75,75,75,75,75,75,75,75,75,75,75,75],"card_choices":[{"not_picked":["Slimebound:LeechingTouch","Slimebound:Schlurp"],"picked":"Slimebound:SplitBruiser","floor":2},{"not_picked":["Slimebound:MegaLick","Slimebound:SplitAcid"],"picked":"Slimebound:Equalize","floor":4},{"not_picked":["Slimebound:Grow","Slimebound:FinishingTackle"],"picked":"Slimebound:SamplingLick","floor":5},{"not_picked":["Slimebound:Teamwork+1","Slimebound:Repurpose+1"],"picked":"Slimebound:SelfFormingGoo","floor":8},{"not_picked":["Slimebound:RainOfGoop+1","Slimebound:LeechEnergy"],"picked":"Slimebound:SplitAcid+1","floor":9},{"not_picked":["Slimebound:Schlurp+1","Slimebound:Dissolve+1"],"picked":"Slimebound:DisruptingSlam","floor":11},{"not_picked":["Slimebound:ViciousTackle","Slimebound:Repurpose+1"],"picked":"Slimebound:FirmFortitude","floor":12},{"not_picked":["Slimebound:FinishingTackle","Slimebound:LeechLife"],"picked":"Slimebound:Repurpose+1","floor":14},{"not_picked":["Slimebound:ComboTackle","Slimebound:DisruptingSlam"],"picked":"Slimebound:HauntingLick+1","floor":15},{"not_picked":["Slimebound:LeechLife","Slimebound:SlimeSlap"],"picked":"Slimebound:Overexert","floor":16},{"not_picked":["Slimebound:SplitBruiser+1","Slimebound:FirmFortitude"],"picked":"Slimebound:ComboTackle+1","floor":19},{"not_picked":["Slimebound:ViciousTackle","Slimebound:SamplingLick+1"],"picked":"Slimebound:SplitLeeching+1","floor":21},{"not_picked":["Slimebound:FirmFortitude+1","Slimebound:SlimeBrawl+1"],"picked":"Slimebound:SamplingLick+1","floor":28},{"not_picked":["Slimebound:Equalize","Slimebound:Overexert"],"picked":"Slimebound:Repurpose+1","floor":29},{"not_picked":["Slimebound:SplitBruiser+1","Slimebound:AcidTongue"],"picked":"Slimebound:MegaLick+1","floor":30},{"not_picked":["Slimebound:Dissolve+1","Slimebound:ForwardTackle"],"picked":"Slimebound:GrowthPunch+1","floor":31},{"not_picked":["Slimebound:ForwardTackle","Slimebound:Replication+1"],"picked":"Slimebound:AcidTongue+1","floor":32},{"not_picked":["Slimebound:Overexert+1","Slimebound:SlimeSlap"],"picked":"Slimebound:MinionMaster+1","floor":33},{"not_picked":["Slimebound:LeechingTouch","Slimebound:ViciousTackle"],"picked":"Slimebound:TongueLash+1","floor":38},{"not_picked":["Slimebound:Gluttony+1","Slimebound:LeechingTouch+1"],"picked":"Slimebound:LeechEnergy","floor":39}],"player_experience":53241,"relics_obtained":[{"floor":7,"key":"Toxic Egg 2"},{"floor":11,"key":"Slimebound:AggressiveSlimeRelic"},{"floor":21,"key":"Peace Pipe"},{"floor":21,"key":"Eternal Feather"},{"floor":29,"key":"Omamori"}],"event_choices":[{"damage_healed":0,"gold_gain":0,"player_choice":"Upgraded","damage_taken":0,"max_hp_gain":0,"max_hp_loss":0,"event_name":"Upgrade Shrine","floor":3,"gold_loss":0,"cards_upgraded":["Slimebound:Split"]},{"damage_healed":0,"gold_gain":0,"player_choice":"Ignored","damage_taken":0,"max_hp_gain":0,"max_hp_loss":0,"event_name":"Ghosts","floor":26,"gold_loss":0}],"is_beta":false,"boss_relics":[{"not_picked":["Snecko Eye","Philosopher\u0027s Stone"],"picked":"SacredBark"},{"not_picked":["Velvet Choker","Busted Crown"],"picked":"Fusion Hammer"}],"items_purged_floors":[],"is_endless":false,"potions_floor_spawned":[4,11,15,21,29,31,32,39],"killed_by":"Writhing Mass","ascension_level":0}}