{"host":"1c52r9kaxdyo25eq","time":1610113052,"event":{"mods":["AchievementEnabler","BaseMod","Minty Spire (QoL Compilation)","Rare Cards Sparkle","SuperFastMode","everything is the same but u backflip on backflip"],"gold_per_floor":[112,123,135,154,154,154,154,166,216,41,59,72,84,5,5,107,107,118,128,128,128],"floor_reached":20,"playtime":686,"items_purged":[],"score":272,"play_id":"5d446482-3203-4a63-967f-50367b49f19c","local_time":"20210108223732","is_ascension_mode":true,"campfire_choices":[{"data":"Body Slam","floor":6.0,"key":"SMITH"},{"data":"Barricade","floor":15.0,"key":"SMITH"}],"circlet_count":0,"master_deck":["AscendersBane","Strike_R","Strike_R","Strike_R","Strike_R","Strike_R","Defend_R","Defend_R","Defend_R","Defend_R","Bash","Exhume","Second Wind","Shrug It Off+1","Body Slam+1","Evolve","Barricade+1","Wild Strike","Feel No Pain","Immolate"],"relics":["Burning Blood","Strawberry","Omamori","Calling Bell","Bag of Marbles","Mercury Hourglass","Thread and Needle"],"acts_visited":["Exordium","TheCity"],"potions_floor_usage":[16,16,18,20],"damage_taken":[{"damage":6.0,"enemies":"Cultist","floor":1.0,"turns":4.0},{"damage":9.0,"enemies":"2 Louse","floor":2.0,"turns":3.0},{"damage":6.0,"enemies":"Jaw Worm","floor":3.0,"turns":4.0},{"damage":25.0,"enemies":"Gremlin Gang","floor":4.0,"turns":6.0},{"damage":13.0,"enemies":"Red Slaver","floor":8.0,"turns":4.0},{"damage":17.0,"enemies":"Large Slime","floor":11.0,"turns":8.0},{"damage":21.0,"enemies":"Blue Slaver","floor":12.0,"turns":5.0},{"damage":16.0,"enemies":"3 Louse","floor":13.0,"turns":5.0},{"damage":22,"enemies":"The Guardian","floor":16,"turns":11},{"damage":29,"enemies":"3 Byrds","floor":18,"turns":5},{"damage":11,"enemies":"Shell Parasite","floor":19,"turns":9},{"damage":44,"enemies":"Masked Bandits","floor":20,"turns":4}],"seed_played":"6656756396915647726","potions_obtained":[{"floor":1.0,"key":"SkillPotion"},{"floor":2.0,"key":"BloodPotion"},{"floor":11.0,"key":"PowerPotion"},{"floor":12.0,"key":"EssenceOfSteel"},{"floor":16,"key":"Weak Potion"},{"floor":19,"key":"Block Potion"}],"is_trial":false,"path_per_floor":["M","M","M","M","?","R","?","M","T","$","M","M","M","$","R","B",null,"M","M","?"],"character_chosen":"IRONCLAD","items_purchased":["Omamori","Wild Strike","Feel No Pain"],"campfire_rested":0,"item_purchase_floors":[10,10,14],"current_hp_per_floor":[72,69,69,50,55,55,55,48,55,55,44,47,37,37,37,21,74,51,46,2,2],"gold":128,"neow_bonus":"ONE_RANDOM_RARE_CARD","is_daily":false,"chose_seed":false,"campfire_upgraded":2,"win_rate":0.0,"timestamp":1610113052,"path_taken":["M","M","M","?","?","R","?","?","T","$","M","M","M","?","R","BOSS","M","M","?"],"items_purchased_type":["Relic","Card","Card"],"build_version":"2020-12-22","purchased_purges":0,"victory":false,"max_hp_per_floor":[80,80,80,80,85,85,85,85,92,92,92,92,92,92,92,92,92,92,92,92,92],"card_choices":[{"not_picked":["Clash","Havoc"],"picked":"Second Wind","floor":1.0},{"not_picked":["Warcry","Havoc"],"picked":"Shrug It Off","floor":2.0},{"not_picked":["True Grit","Body Slam","Metallicize"],"picked":"SKIP","floor":3.0},{"not_picked":["True Grit","Metallicize"],"picked":"Body Slam","floor":3.0},{"not_picked":["Rupture","Clothesline"],"picked":"Evolve","floor":4.0},{"not_picked":["Dual Wield","Battle Trance"],"picked":"Barricade","floor":8.0},{"not_picked":["Spot Weakness","Iron Wave","Shrug It Off"],"picked":"SKIP","floor":11.0},{"not_picked":["Warcry","Flex","Blood for Blood"],"picked":"SKIP","floor":12.0},{"not_picked":["Perfected Strike","Evolve","Twin Strike"],"picked":"SKIP","floor":13.0},{"not_picked":["Corruption","Double Tap"],"picked":"Immolate","floor":16},{"not_picked":["Headbutt","Perfected Strike+1","Sever Soul"],"picked":"SKIP","floor":18},{"not_picked":["Heavy Blade","Pummel","Perfected Strike"],"picked":"SKIP","floor":19}],"player_experience":562974,"relics_obtained":[{"floor":9.0,"key":"Strawberry"},{"floor":17,"key":"Bag of Marbles"},{"floor":17,"key":"Mercury Hourglass"},{"floor":17,"key":"Thread and Needle"}],"event_choices":[{"damage_healed":0.0,"max_hp_gain":5.0,"max_hp_loss":0.0,"gold_gain":0.0,"event_name":"Big Fish","player_choice":"Donut","floor":5.0,"gold_loss":0.0,"damage_taken":0.0},{"damage_healed":0.0,"max_hp_gain":0.0,"max_hp_loss":0.0,"gold_gain":0.0,"event_name":"Accursed Blacksmith","player_choice":"Forge","floor":7.0,"gold_loss":0.0,"damage_taken":0.0,"cards_upgraded":["Shrug It Off"]},{"damage_healed":0,"gold_gain":0,"player_choice":"Fought Bandits","damage_taken":0,"max_hp_gain":0,"max_hp_loss":0,"event_name":"Masked Bandits","floor":20,"gold_loss":0}],"is_beta":false,"boss_relics":[{"not_picked":["Philosopher\u0027s Stone","Busted Crown"],"picked":"Calling Bell"}],"items_purged_floors":[],"is_endless":false,"potions_floor_spawned":[1,2,11,12,16,19],"killed_by":"Masked Bandits","ascension_level":12}}