{"host":"28p8ce41sjwa6lzf","time":1610139531,"event":{"mods":["BaseMod","Bestiary","Colored Map","Colored Powertips","Dark Map","Highlight Path","Minty Spire (QoL Compilation)","Permanent Neow","Quick Restart","Random Character Button","Rare Cards Sparkle","Relic Stats","StSLib","Unceasing Turn Reminder"],"gold_per_floor":[119,129,141,153,153,183,183,333,360,360,388,460,499,246,246,333,333,357,340,349,370,14,14,14,14],"floor_reached":24,"playtime":2094,"items_purged":[],"score":528,"play_id":"a632fae8-3c83-4c75-9152-6d8182518c8c","local_time":"20210108145851","is_ascension_mode":true,"campfire_choices":[{"data":"Establishment","floor":7.0,"key":"SMITH"},{"floor":10.0,"key":"REST"},{"data":"Tantrum","floor":15.0,"key":"SMITH"},{"data":"Omniscience","floor":23.0,"key":"SMITH"}],"circlet_count":0,"master_deck":["AscendersBane","Strike_P","Strike_P","Strike_P+1","Defend_P","Defend_P","Defend_P","Defend_P","Eruption","Vigilance","Establishment+1","Tantrum+1","DeceiveReality","FlyingSleeves","Conclude+1","DeusExMachina","Protect","TalkToTheHand","CarveReality","Madness","Devotion","InnerPeace","FlyingSleeves","EmptyBody","Omniscience+1","Omniscience"],"relics":["HolyWater","Strawberry","Omamori","Whetstone","Happy Flower","CeramicFish","Akabeko","Centennial Puzzle","Lee\u0027s Waffle"],"acts_visited":["Exordium","TheCity"],"potions_floor_usage":[24],"damage_taken":[{"damage":7.0,"enemies":"Small Slimes","floor":1.0,"turns":4.0},{"damage":0.0,"enemies":"2 Louse","floor":2.0,"turns":2.0},{"damage":0.0,"enemies":"Jaw Worm","floor":3.0,"turns":3.0},{"damage":0.0,"enemies":"3 Louse","floor":4.0,"turns":4.0},{"damage":3.0,"enemies":"Lagavulin","floor":6.0,"turns":4.0},{"damage":24.0,"enemies":"Gremlin Nob","floor":11.0,"turns":4.0},{"damage":0.0,"enemies":"Gremlin Nob","floor":12.0,"turns":2.0},{"damage":4.0,"enemies":"Lagavulin","floor":13.0,"turns":5.0},{"damage":0.0,"enemies":"Slime Boss","floor":16.0,"turns":6.0},{"damage":0.0,"enemies":"Spheric Guardian","floor":18.0,"turns":3.0},{"damage":17.0,"enemies":"2 Thieves","floor":19.0,"turns":4.0},{"damage":17.0,"enemies":"Snake Plant","floor":21.0,"turns":3.0},{"damage":84,"enemies":"Slavers","floor":24,"turns":6}],"seed_played":"-749520248502494070","potions_obtained":[{"floor":1.0,"key":"SkillPotion"},{"floor":2.0,"key":"DistilledChaos"},{"floor":6.0,"key":"Dexterity Potion"},{"floor":12.0,"key":"Explosive Potion"},{"floor":19.0,"key":"Regen Potion"}],"is_trial":false,"path_per_floor":["M","M","M","M","?","E","R","?","T","R","E","?","E","$","R","B",null,"M","M","?","M","$","R","E"],"character_chosen":"WATCHER","items_purchased":["Centennial Puzzle","Madness","Omniscience","Lee\u0027s Waffle","Fire Potion"],"campfire_rested":1,"item_purchase_floors":[14,14,22,22,22],"current_hp_per_floor":[54,54,54,54,43,40,40,40,40,62,38,38,34,34,34,34,65,65,48,48,40,82,82,0,0],"gold":14,"neow_bonus":"ONE_RANDOM_RARE_CARD","is_daily":false,"chose_seed":false,"campfire_upgraded":3,"win_rate":0.0,"timestamp":1610139531,"path_taken":["M","M","M","M","?","E","R","?","T","R","E","?","E","$","R","BOSS","M","M","?","?","$","R","E"],"items_purchased_type":["Relic","Card","Card","Relic","Potion"],"build_version":"2020-12-22","purchased_purges":0,"victory":false,"max_hp_per_floor":[68,68,68,68,75,75,75,75,75,75,75,75,75,75,75,75,75,75,75,75,75,82,82,82,82],"relic_stats":{"Centennial Puzzle":[9],"Lee\u0027s Waffle":42,"Happy Flower":[9],"counters":[13,50],"CeramicFish":81,"Whetstone":["Strike_P","Conclude"],"obtain_stats":[{"Centennial Puzzle":14,"Lee\u0027s Waffle":22,"Happy Flower":11,"Strawberry":5,"CeramicFish":12,"HolyWater":17,"Omamori":6,"Whetstone":9,"PureWater":0,"Akabeko":13},{"Centennial Puzzle":8,"Lee\u0027s Waffle":12,"Happy Flower":6,"Strawberry":4,"CeramicFish":7,"HolyWater":9,"Omamori":5,"Whetstone":5,"PureWater":0,"Akabeko":8},{"Centennial Puzzle":28,"Lee\u0027s Waffle":44,"Happy Flower":21,"Strawberry":13,"CeramicFish":23,"HolyWater":34,"Omamori":17,"Whetstone":17,"PureWater":0,"Akabeko":28}]},"card_choices":[{"not_picked":["Indignation","Prostrate"],"picked":"Tantrum","floor":1.0},{"not_picked":["SignatureMove","Evaluate"],"picked":"DeceiveReality","floor":2.0},{"not_picked":["Study","Consecrate"],"picked":"FlyingSleeves","floor":3.0},{"not_picked":["Crescendo","Vengeance"],"picked":"Conclude","floor":4.0},{"not_picked":["ThirdEye","FollowUp"],"picked":"DeusExMachina","floor":6.0},{"not_picked":["ConjureBlade","ClearTheMind"],"picked":"Protect","floor":11.0},{"not_picked":["Vengeance","Protect"],"picked":"TalkToTheHand","floor":12.0},{"not_picked":["CrushJoints","ThirdEye"],"picked":"CarveReality","floor":13.0},{"not_picked":["DeusExMachina","Brilliance"],"picked":"Devotion","floor":16.0},{"not_picked":["SashWhip","Sanctity"],"picked":"InnerPeace","floor":18.0},{"not_picked":["CutThroughFate","Evaluate"],"picked":"FlyingSleeves","floor":19.0},{"not_picked":["Prostrate","Conclude"],"picked":"Omniscience","floor":21.0}],"player_experience":1119948,"relics_obtained":[{"floor":6.0,"key":"Omamori"},{"floor":9.0,"key":"Whetstone"},{"floor":11.0,"key":"Happy Flower"},{"floor":12.0,"key":"CeramicFish"},{"floor":13.0,"key":"Akabeko"}],"event_choices":[{"damage_healed":0.0,"max_hp_gain":0.0,"max_hp_loss":0.0,"gold_gain":0.0,"event_name":"Scrap Ooze","player_choice":"Success","floor":5.0,"gold_loss":0.0,"damage_taken":18.0,"relics_obtained":["Strawberry"]},{"damage_healed":0.0,"max_hp_gain":0.0,"max_hp_loss":0.0,"gold_gain":150.0,"event_name":"Liars Game","player_choice":"AGREE","floor":8.0,"gold_loss":0.0,"damage_taken":0.0,"cards_obtained":["Doubt"]},{"damage_healed":0.0,"max_hp_gain":0.0,"max_hp_loss":0.0,"gold_gain":30.0,"event_name":"Dead Adventurer","player_choice":"Searched \u00272\u0027 times","floor":12.0,"gold_loss":0.0,"damage_taken":0.0},{"damage_healed":0.0,"max_hp_gain":0.0,"max_hp_loss":0.0,"gold_gain":0.0,"cards_transformed":["Strike_P"],"event_name":"Transmorgrifier","player_choice":"Transformed","floor":20.0,"gold_loss":0.0,"damage_taken":0.0,"cards_obtained":["EmptyBody"]}],"is_beta":false,"boss_relics":[{"not_picked":["Runic Dome","Philosopher\u0027s Stone"],"picked":"HolyWater"}],"items_purged_floors":[],"is_endless":false,"potions_floor_spawned":[1,2,6,12,19],"killed_by":"Slavers","ascension_level":20}}