{"host":"9tzam4717zt8ei1o","time":1610107606,"event":{"mods":["BaseMod","Colored Map","Keyboard Shortcuts","Minty Spire (QoL Compilation)","Quick Restart","StSLib","SuperFastMode"],"gold_per_floor":[110,110,127,25,36,36,69,85,85,85,112,112,130,141,141,217,217,235,235,235,265,279,279,204,234,305,337,337,337,363,363,363,436,436,451,467,479,479,504,504,534,534,559,591,149,159,192,414,414,414,414],"floor_reached":50,"playtime":1358,"items_purged":["Strike_G","Defend_G"],"score":1438,"play_id":"e2b18e34-91a4-4888-a7c6-6ad0c239bd5d","local_time":"20210108210646","is_ascension_mode":true,"campfire_choices":[{"data":"Accuracy","floor":6.0,"key":"SMITH"},{"floor":10.0,"key":"REST"},{"data":"Cloak And Dagger","floor":12.0,"key":"SMITH"},{"data":"Adrenaline","floor":15.0,"key":"SMITH"},{"data":"Calculated Gamble","floor":23.0,"key":"SMITH"},{"data":"Acrobatics","floor":28.0,"key":"SMITH"},{"data":"Tactician","floor":32.0,"key":"SMITH"},{"data":"Strike_G","floor":40.0,"key":"PURGE"},{"floor":42.0,"key":"RECALL"},{"data":"Defend_G","floor":49.0,"key":"PURGE"}],"circlet_count":0,"master_deck":["AscendersBane","Defend_G","Defend_G","Defend_G","Survivor","Neutralize","Dagger Throw","Sucker Punch","Accuracy+1","Cloak And Dagger+1","Well Laid Plans","Blade Dance","Escape Plan","Adrenaline+1","Blade Dance","Acrobatics+1","Wraith Form v2","Tactician+1","Calculated Gamble+1","Escape Plan","Phantasmal Killer","A Thousand Cuts+1","Acrobatics","Concentrate+1","Deflect+1","Noxious Fumes+1","Infinite Blades+1","Eviscerate","Backflip"],"relics":["Ring of the Snake","Orichalcum","HornCleat","Ginger","WristBlade","Red Mask","Potion Belt","Frozen Egg 2","Juzu Bracelet","Snake Skull","Runic Dome","Peace Pipe","Omamori","Anchor","Kunai","Pocketwatch"],"acts_visited":["Exordium","TheCity","TheBeyond"],"potions_floor_usage":[],"damage_taken":[{"damage":6.0,"enemies":"Cultist","floor":1.0,"turns":5.0},{"damage":1.0,"enemies":"Small Slimes","floor":3.0,"turns":4.0},{"damage":2.0,"enemies":"Jaw Worm","floor":5.0,"turns":6.0},{"damage":29.0,"enemies":"3 Sentries","floor":7.0,"turns":11.0},{"damage":9.0,"enemies":"Lots of Slimes","floor":8.0,"turns":4.0},{"damage":15.0,"enemies":"Gremlin Nob","floor":11.0,"turns":4.0},{"damage":7.0,"enemies":"3 Louse","floor":13.0,"turns":3.0},{"damage":0.0,"enemies":"Exordium Wildlife","floor":14.0,"turns":1.0},{"damage":0.0,"enemies":"Hexaghost","floor":16.0,"turns":6.0},{"damage":0.0,"enemies":"Chosen","floor":18.0,"turns":3.0},{"damage":3.0,"enemies":"Masked Bandits","floor":21.0,"turns":5.0},{"damage":0.0,"enemies":"Spheric Guardian","floor":22.0,"turns":4.0},{"damage":4.0,"enemies":"Slavers","floor":25.0,"turns":6.0},{"damage":0.0,"enemies":"Book of Stabbing","floor":27.0,"turns":3.0},{"damage":9.0,"enemies":"Slavers","floor":30.0,"turns":5.0},{"damage":21.0,"enemies":"Automaton","floor":33.0,"turns":8.0},{"damage":0.0,"enemies":"Orb Walker","floor":35.0,"turns":2.0},{"damage":0.0,"enemies":"3 Shapes","floor":36.0,"turns":2.0},{"damage":5.0,"enemies":"Sphere and 2 Shapes","floor":37.0,"turns":3.0},{"damage":0.0,"enemies":"Mind Bloom Boss Battle","floor":39.0,"turns":5.0},{"damage":25.0,"enemies":"Nemesis","floor":41.0,"turns":5.0},{"damage":3.0,"enemies":"Reptomancer","floor":44.0,"turns":3.0},{"damage":4.0,"enemies":"Spire Growth","floor":46.0,"turns":4.0},{"damage":0.0,"enemies":"Giant Head","floor":47.0,"turns":4.0},{"damage":17,"enemies":"Donu and Deca","floor":50,"turns":7}],"seed_played":"2424103638189839717","potions_obtained":[{"floor":0.0,"key":"BlessingOfTheForge"},{"floor":0.0,"key":"EssenceOfSteel"},{"floor":1.0,"key":"GhostInAJar"},{"floor":3.0,"key":"Strength Potion"},{"floor":7.0,"key":"DuplicationPotion"},{"floor":11.0,"key":"Strength Potion"},{"floor":18.0,"key":"SneckoOil"},{"floor":27.0,"key":"Dexterity Potion"},{"floor":33.0,"key":"DuplicationPotion"},{"floor":36.0,"key":"LiquidBronze"},{"floor":37.0,"key":"SmokeBomb"},{"floor":41.0,"key":"EntropicBrew"}],"is_trial":false,"path_per_floor":["M","?","M","$","M","R","E","M","T","R","E","R","M","M","R","B",null,"M","?","?","?","M","R","$","E","T","E","R","?","E","?","R","B",null,"M","M","M","?","?","R","E","R","T","E","$","M","E","?","R","B"],"character_chosen":"THE_SILENT","items_purchased":["Cloak And Dagger","Well Laid Plans","Kunai","Infinite Blades+1"],"campfire_rested":1,"item_purchase_floors":[4,4,45,45],"current_hp_per_floor":[53,53,52,52,50,50,21,12,12,31,16,16,9,9,9,9,52,52,52,52,49,49,49,49,45,45,45,45,45,36,36,36,15,53,53,53,48,48,48,48,23,23,23,20,20,16,16,16,16,0,0],"gold":414,"neow_bonus":"THREE_SMALL_POTIONS","is_daily":false,"chose_seed":false,"campfire_upgraded":6,"win_rate":0.0,"timestamp":1610107606,"path_taken":["M","?","M","$","?","R","E","M","T","R","E","R","M","M","R","BOSS","M","?","?","?","M","R","$","E","T","E","R","?","E","?","R","BOSS","M","M","M","?","?","R","E","R","T","E","$","M","E","?","R","BOSS"],"items_purchased_type":["Card","Card","Relic","Card"],"build_version":"2020-12-22","purchased_purges":2,"victory":false,"max_hp_per_floor":[66,66,66,66,66,66,66,66,66,66,66,66,66,66,66,66,66,66,66,66,66,66,66,66,66,66,66,66,66,66,66,66,66,66,66,66,66,66,66,66,66,66,66,66,66,66,66,66,66,66,66],"card_choices":[{"not_picked":["Sucker Punch","Terror"],"picked":"Dagger Throw","floor":1.0},{"not_picked":["Terror","PiercingWail"],"picked":"Accuracy","floor":3.0},{"not_picked":["Leg Sweep","Cloak And Dagger"],"picked":"Blade Dance","floor":5.0},{"not_picked":["Reflex","Deflect"],"picked":"Escape Plan","floor":7.0},{"not_picked":["Expertise","Dagger Spray","Quick Slash"],"picked":"SKIP","floor":8.0},{"not_picked":["Eviscerate","Skewer"],"picked":"Adrenaline","floor":11.0},{"not_picked":["Dodge and Roll","Slice"],"picked":"Blade Dance","floor":13.0},{"not_picked":["Outmaneuver","Poisoned Stab"],"picked":"Acrobatics","floor":14.0},{"not_picked":["Storm of Steel","Corpse Explosion"],"picked":"Wraith Form v2","floor":16.0},{"not_picked":["Well Laid Plans","Underhanded Strike","Bane"],"picked":"SKIP","floor":18.0},{"not_picked":["Deflect+1","Riddle With Holes"],"picked":"Calculated Gamble","floor":22.0},{"not_picked":["Poisoned Stab","Blur"],"picked":"Escape Plan","floor":25.0},{"not_picked":["Sucker Punch","Leg Sweep","Blade Dance"],"picked":"SKIP","floor":27.0},{"not_picked":["Bouncing Flask","Distraction"],"picked":"Phantasmal Killer","floor":30.0},{"not_picked":["Unload","Corpse Explosion"],"picked":"A Thousand Cuts+1","floor":33.0},{"not_picked":["Backflip","Bane+1"],"picked":"Acrobatics","floor":35.0},{"not_picked":["Slice","Escape Plan"],"picked":"Concentrate+1","floor":36.0},{"not_picked":["Flying Knee+1","Dagger Throw"],"picked":"Deflect+1","floor":37.0},{"not_picked":["Backflip","Underhanded Strike","Grand Finale"],"picked":"SKIP","floor":41.0},{"not_picked":["Deflect","Underhanded Strike"],"picked":"Noxious Fumes+1","floor":44.0},{"not_picked":["Dodge and Roll","PiercingWail"],"picked":"Eviscerate","floor":46.0},{"not_picked":["Tactician","Poisoned Stab+1"],"picked":"Backflip","floor":47.0}],"player_experience":154358,"relics_obtained":[{"floor":7.0,"key":"Orichalcum"},{"floor":9.0,"key":"HornCleat"},{"floor":11.0,"key":"Ginger"},{"floor":21.0,"key":"Red Mask"},{"floor":25.0,"key":"Potion Belt"},{"floor":26.0,"key":"Frozen Egg 2"},{"floor":27.0,"key":"Juzu Bracelet"},{"floor":30.0,"key":"Snake Skull"},{"floor":39.0,"key":"Peace Pipe"},{"floor":41.0,"key":"Omamori"},{"floor":44.0,"key":"Anchor"},{"floor":47.0,"key":"Pocketwatch"}],"event_choices":[{"damage_healed":0.0,"max_hp_gain":0.0,"max_hp_loss":0.0,"gold_gain":0.0,"cards_transformed":["Strike_G"],"event_name":"Transmorgrifier","player_choice":"Transformed","floor":2.0,"gold_loss":0.0,"damage_taken":0.0,"cards_obtained":["Sucker Punch"]},{"damage_healed":0.0,"max_hp_gain":0.0,"max_hp_loss":0.0,"gold_gain":0.0,"event_name":"The Library","player_choice":"Read","floor":19.0,"gold_loss":0.0,"damage_taken":0.0,"cards_obtained":["Tactician"]},{"damage_healed":0.0,"max_hp_gain":0.0,"max_hp_loss":0.0,"gold_gain":0.0,"event_name":"The Mausoleum","player_choice":"Ignored","floor":20.0,"gold_loss":0.0,"damage_taken":0.0},{"damage_healed":0.0,"max_hp_gain":0.0,"max_hp_loss":0.0,"gold_gain":0.0,"event_name":"Masked Bandits","player_choice":"Fought Bandits","floor":21.0,"gold_loss":0.0,"damage_taken":0.0},{"damage_healed":0.0,"max_hp_gain":0.0,"max_hp_loss":0.0,"gold_gain":0.0,"event_name":"Cursed Tome","player_choice":"Ignored","floor":29.0,"gold_loss":0.0,"damage_taken":0.0},{"cards_removed":["Strike_G"],"damage_healed":0.0,"max_hp_gain":0.0,"max_hp_loss":0.0,"gold_gain":0.0,"event_name":"Wheel of Change","player_choice":"Card Removal","floor":31.0,"gold_loss":0.0,"damage_taken":0.0},{"cards_removed":["Strike_G"],"damage_healed":0.0,"max_hp_gain":0.0,"max_hp_loss":0.0,"gold_gain":0.0,"event_name":"Falling","player_choice":"Removed Attack","floor":38.0,"gold_loss":0.0,"damage_taken":0.0},{"damage_healed":0.0,"max_hp_gain":0.0,"max_hp_loss":0.0,"gold_gain":0.0,"event_name":"MindBloom","player_choice":"Fight","floor":39.0,"gold_loss":0.0,"damage_taken":0.0},{"damage_healed":0.0,"max_hp_gain":0.0,"max_hp_loss":0.0,"gold_gain":222.0,"event_name":"Tomb of Lord Red Mask","player_choice":"Wore Mask","floor":48.0,"gold_loss":0.0,"damage_taken":0.0}],"is_beta":false,"boss_relics":[{"not_picked":["Philosopher\u0027s Stone","Astrolabe"],"picked":"WristBlade"},{"not_picked":["Fusion Hammer","Coffee Dripper"],"picked":"Runic Dome"}],"items_purged_floors":[24,45],"is_endless":false,"potions_floor_spawned":[1,3,7,11,13,18,27,33,36,37,41],"killed_by":"Donu and Deca","ascension_level":20}}