{"host":"i1h39d0gfh5c6uxl","time":1610101606,"event":{"mods":["AchievementEnabler","BaseMod","Colored Map","Colored Powertips","Highlight Path","Minty Spire (QoL Compilation)"],"gold_per_floor":[112,112,124,124,140,140,165,165,165,165,196,25,41,59,59,130,130,146,165,165,176,189,214,62,91,91,105,105,125,125,125,125,125,125],"floor_reached":33,"playtime":2183,"items_purged":["Anger"],"score":619,"play_id":"4c4b2633-54e9-4125-94fd-21d18015a2e8","local_time":"20210108182646","is_ascension_mode":true,"campfire_choices":[{"data":"Clothesline","floor":6.0,"key":"SMITH"},{"data":"Reaper","floor":10.0,"key":"SMITH"},{"floor":15.0,"key":"REST"},{"data":"Uppercut","floor":28.0,"key":"SMITH"},{"data":"Demon Form","floor":30.0,"key":"SMITH"},{"data":"Limit Break","floor":32.0,"key":"SMITH"}],"circlet_count":0,"master_deck":["AscendersBane","Defend_R+1","Defend_R","Defend_R+1","Defend_R","Bash","Reaper+1","Clothesline+1","Whirlwind","Pommel Strike","Berserk","Demon Form+1","Limit Break+1","Heavy Blade","Uppercut+1","Bite","Bite","Bite","Bite","Bite"],"relics":["Burning Blood","Gremlin Horn","War Paint","Singing Bowl","Akabeko","Snecko Eye","MealTicket","Turnip","Du-Vu Doll"],"acts_visited":["Exordium","TheCity"],"potions_floor_usage":[],"damage_taken":[{"damage":10.0,"enemies":"2 Louse","floor":1.0,"turns":3.0},{"damage":15.0,"enemies":"Jaw Worm","floor":3.0,"turns":6.0},{"damage":4.0,"enemies":"Small Slimes","floor":5.0,"turns":4.0},{"damage":35.0,"enemies":"Gremlin Nob","floor":7.0,"turns":5.0},{"damage":41.0,"enemies":"3 Sentries","floor":11.0,"turns":8.0},{"damage":0.0,"enemies":"Gremlin Gang","floor":13.0,"turns":1.0},{"damage":11.0,"enemies":"Looter","floor":14.0,"turns":3.0},{"damage":54.0,"enemies":"The Guardian","floor":16.0,"turns":15.0},{"damage":5.0,"enemies":"Chosen","floor":18.0,"turns":4.0},{"damage":25.0,"enemies":"2 Thieves","floor":19.0,"turns":5.0},{"damage":66.0,"enemies":"Shelled Parasite and Fungi","floor":21.0,"turns":7.0},{"damage":10.0,"enemies":"Centurion and Healer","floor":22.0,"turns":5.0},{"damage":12.0,"enemies":"Book of Stabbing","floor":23.0,"turns":4.0},{"damage":48.0,"enemies":"Gremlin Leader","floor":25.0,"turns":5.0},{"damage":10.0,"enemies":"Chosen and Byrds","floor":27.0,"turns":5.0},{"damage":21.0,"enemies":"Snecko","floor":29.0,"turns":4.0},{"damage":109,"enemies":"Automaton","floor":33,"turns":6}],"seed_played":"746650461356127325","potions_obtained":[{"floor":5.0,"key":"EssenceOfSteel"},{"floor":8.0,"key":"BloodPotion"},{"floor":8.0,"key":"ColorlessPotion"},{"floor":14.0,"key":"Block Potion"},{"floor":16.0,"key":"SteroidPotion"},{"floor":18.0,"key":"ColorlessPotion"},{"floor":19.0,"key":"Regen Potion"},{"floor":23.0,"key":"SteroidPotion"},{"floor":25.0,"key":"Strength Potion"}],"is_trial":false,"path_per_floor":["M","?","M","?","M","R","E","?","T","R","E","$","M","M","R","B",null,"M","M","?","M","M","E","$","E","T","M","R","M","R","?","R","B"],"character_chosen":"IRONCLAD","items_purchased":["Akabeko","Uppercut"],"campfire_rested":1,"item_purchase_floors":[12,24],"current_hp_per_floor":[54,47,42,47,53,53,28,28,28,28,26,26,32,42,67,26,70,73,66,66,16,26,39,54,55,55,74,74,76,76,68,68,0,0],"gold":125,"neow_bonus":"THREE_RARE_CARDS","is_daily":false,"chose_seed":false,"campfire_upgraded":5,"win_rate":0.0,"timestamp":1610101606,"path_taken":["M","?","M","?","M","R","E","?","T","R","E","$","?","M","R","BOSS","M","M","?","M","M","E","$","E","T","M","R","M","R","?","R","BOSS"],"items_purchased_type":["Relic","Card"],"build_version":"2020-12-22","purchased_purges":1,"victory":false,"max_hp_per_floor":[75,75,75,80,80,80,80,80,80,80,82,82,82,84,84,84,84,86,88,88,90,92,92,92,94,94,96,96,98,98,68,68,68,68],"card_choices":[{"not_picked":["Juggernaut","Brutality"],"picked":"Reaper","floor":0.0},{"not_picked":["Clash","Heavy Blade"],"picked":"Clothesline","floor":1.0},{"not_picked":["Clothesline","Heavy Blade"],"picked":"Whirlwind","floor":3.0},{"not_picked":["Perfected Strike","True Grit"],"picked":"Anger","floor":5.0},{"not_picked":["Sever Soul","Shrug It Off"],"picked":"Pommel Strike","floor":7.0},{"not_picked":["Metallicize","Bloodletting","Twin Strike"],"picked":"Singing Bowl","floor":11.0},{"not_picked":["Feel No Pain","Iron Wave"],"picked":"Berserk","floor":13.0},{"not_picked":["Infernal Blade","Armaments","Clash"],"picked":"Singing Bowl","floor":14.0},{"not_picked":["Feed","Impervious"],"picked":"Demon Form","floor":16.0},{"not_picked":["Armaments","Seeing Red","Shrug It Off"],"picked":"Singing Bowl","floor":18.0},{"not_picked":["Clash+1","Twin Strike","Headbutt"],"picked":"Singing Bowl","floor":19.0},{"not_picked":["Iron Wave","Clash","Entrench"],"picked":"Singing Bowl","floor":21.0},{"not_picked":["Pommel Strike","Searing Blow","Brutality"],"picked":"Singing Bowl","floor":22.0},{"not_picked":["Fire Breathing","Brutality"],"picked":"Heavy Blade","floor":23.0},{"not_picked":["Seeing Red","Disarm","Flex"],"picked":"Singing Bowl","floor":25.0},{"not_picked":["Flex","Body Slam","Iron Wave"],"picked":"Singing Bowl","floor":27.0},{"not_picked":["Whirlwind","Body Slam","Thunderclap"],"picked":"Singing Bowl","floor":29.0}],"player_experience":1333412,"relics_obtained":[{"floor":7.0,"key":"Gremlin Horn"},{"floor":9.0,"key":"War Paint"},{"floor":11.0,"key":"Singing Bowl"},{"floor":23.0,"key":"MealTicket"},{"floor":25.0,"key":"Turnip"},{"floor":26.0,"key":"Du-Vu Doll"}],"event_choices":[{"cards_removed":["Strike_R"],"damage_healed":0.0,"max_hp_gain":0.0,"max_hp_loss":0.0,"gold_gain":0.0,"event_name":"Golden Wing","player_choice":"Card Removal","floor":2.0,"gold_loss":0.0,"damage_taken":7.0},{"damage_healed":0.0,"max_hp_gain":5.0,"max_hp_loss":0.0,"gold_gain":0.0,"event_name":"Big Fish","player_choice":"Donut","floor":4.0,"gold_loss":0.0,"damage_taken":0.0},{"damage_healed":0.0,"max_hp_gain":0.0,"max_hp_loss":0.0,"gold_gain":0.0,"event_name":"Lab","player_choice":"Got Potions","floor":8.0,"gold_loss":0.0,"damage_taken":0.0},{"damage_healed":0.0,"max_hp_gain":0.0,"max_hp_loss":0.0,"gold_gain":0.0,"event_name":"The Library","player_choice":"Read","floor":20.0,"gold_loss":0.0,"damage_taken":0.0,"cards_obtained":["Limit Break"]},{"damage_healed":0.0,"max_hp_gain":0.0,"max_hp_loss":30.0,"gold_gain":0.0,"event_name":"Vampires","player_choice":"Became a vampire","floor":31.0,"gold_loss":0.0,"damage_taken":0.0,"cards_obtained":["Bite","Bite","Bite","Bite","Bite"]}],"is_beta":false,"boss_relics":[{"not_picked":["Black Blood","Empty Cage"],"picked":"Snecko Eye"}],"items_purged_floors":[24],"is_endless":false,"potions_floor_spawned":[5,14,16,18,19,23,25],"killed_by":"Automaton","ascension_level":20}}