{"host":"sav7uxregyirlf69","time":1610069948,"event":{"mods":["AchievementEnabler","BaseMod","Colored Map","DeckTracker","Keyboard Shortcuts","Minty Spire (QoL Compilation)","READ ME - Guardian Mod","StSLib","SuperFastMode"],"gold_per_floor":[113,123,142,159,84,84,54,67,67,67,85,102,102,130,130,130,130],"floor_reached":16,"playtime":281,"items_purged":["Strike_B"],"score":233,"play_id":"a00870da-7a4c-401a-a114-a94c0f2eed4b","local_time":"20210108103908","is_ascension_mode":true,"campfire_choices":[{"data":"Zap","floor":6,"key":"SMITH"},{"data":"Coolheaded","floor":10,"key":"SMITH"},{"data":"Turbo","floor":13,"key":"SMITH"},{"data":"Dualcast","floor":15,"key":"SMITH"}],"circlet_count":0,"master_deck":["AscendersBane","Strike_B","Strike_B","Strike_B","Defend_B","Defend_B","Defend_B","Defend_B","Zap+1","Dualcast+1","Ball Lightning","Gash","Auto Shields","Coolheaded+1","Compile Driver","Turbo+1","Gash","BootSequence"],"relics":["Cracked Core","Lizard Tail","Mango"],"acts_visited":["Exordium"],"potions_floor_usage":[11],"damage_taken":[{"damage":1,"enemies":"Cultist","floor":1,"turns":3},{"damage":6,"enemies":"Small Slimes","floor":2,"turns":3},{"damage":0,"enemies":"2 Louse","floor":3,"turns":2},{"damage":4,"enemies":"Red Slaver","floor":4,"turns":4},{"damage":6,"enemies":"2 Fungi Beasts","floor":8,"turns":3},{"damage":3,"enemies":"Exordium Thugs","floor":11,"turns":4},{"damage":0,"enemies":"Looter","floor":12,"turns":2},{"damage":21,"enemies":"Lagavulin","floor":14,"turns":6},{"damage":92,"enemies":"Hexaghost","floor":16,"turns":11}],"seed_played":"8864054383965805585","potions_obtained":[{"floor":3,"key":"DistilledChaos"},{"floor":7,"key":"BlessingOfTheForge"},{"floor":11,"key":"SpeedPotion"}],"is_trial":false,"path_per_floor":["M","M","M","M","$","R","?","M","T","R","M","M","R","E","R","B"],"character_chosen":"DEFECT","items_purchased":[],"campfire_rested":0,"item_purchase_floors":[],"current_hp_per_floor":[59,53,53,49,49,49,49,43,43,43,40,40,40,33,33,0,0],"gold":130,"neow_bonus":"TWENTY_PERCENT_HP_BONUS","is_daily":false,"chose_seed":false,"campfire_upgraded":4,"win_rate":0.0,"timestamp":1610069948,"path_taken":["M","M","M","M","$","R","?","M","T","R","M","M","R","E","R","BOSS"],"items_purchased_type":[],"build_version":"2020-12-22","purchased_purges":1,"victory":false,"max_hp_per_floor":[85,85,85,85,85,85,85,85,85,85,85,85,85,99,99,99,99],"card_choices":[{"not_picked":["Heatsinks","FTL"],"picked":"Ball Lightning","floor":1},{"not_picked":["Redo","Streamline"],"picked":"Gash","floor":2},{"not_picked":["Redo","Force Field"],"picked":"Auto Shields","floor":3},{"not_picked":["Recycle","Skim"],"picked":"Coolheaded","floor":4},{"not_picked":["Gash","Creative AI"],"picked":"Compile Driver","floor":8},{"not_picked":["Undo","Sweeping Beam"],"picked":"Turbo","floor":11},{"not_picked":["Redo","Hologram"],"picked":"Gash","floor":12},{"not_picked":["Rip and Tear","Stack"],"picked":"BootSequence","floor":14}],"player_experience":1189910,"relics_obtained":[{"floor":9,"key":"Lizard Tail"},{"floor":14,"key":"Mango"}],"event_choices":[{"damage_healed":0,"gold_gain":0,"player_choice":"Bought 2 Potions","damage_taken":0,"max_hp_gain":0,"max_hp_loss":0,"event_name":"The Woman in Blue","floor":7,"gold_loss":0}],"is_beta":false,"boss_relics":[],"items_purged_floors":[5],"is_endless":false,"potions_floor_spawned":[3,11],"killed_by":"Hexaghost","ascension_level":20}}