{"host":"cv77zuuuekizn3ic","time":1610078234,"event":{"mods":["AchievementEnabler","BaseMod","Marisa£®ÏF”Í°°ƒß¿Ì…≥£©","Minty Spire (QoL Compilation)","StSLib","Waifu the Spire","everything is the same but u backflip on backflip","slay the spire mod where everything is the same but ironclad has a cowboy hat"],"gold_per_floor":[118,118,130,130,25,58,58,85,85,99,131,148,167,167,167,239,289,305,305,225,225,235,261,261,45,124,124,124],"floor_reached":27,"playtime":978,"items_purged":["Defend_R"],"score":548,"play_id":"6c03968b-081c-4641-a8ac-05ad7aad851a","local_time":"20210108115714","is_ascension_mode":true,"campfire_choices":[{"data":"Pommel Strike","floor":7.0,"key":"SMITH"},{"data":"Warcry","floor":15,"key":"SMITH"},{"data":"Pommel Strike","floor":24,"key":"SMITH"}],"circlet_count":0,"master_deck":["AscendersBane","Strike_R","Strike_R","Strike_R","Strike_R","Defend_R","Defend_R","Bash","Pommel Strike+1","Fire Breathing","Shrug It Off","Whirlwind","Warcry+1","Power Through","Evolve","Seeing Red+1","Barricade+1","Second Wind","Power Through","Body Slam","Pommel Strike+1","Entrench"],"relics":["Burning Blood","NeowsBlessing","White Beast Statue","Mercury Hourglass","Question Card","Dream Catcher","Orichalcum","Tiny House","Bronze Scales","Pear","Membership Card","Toxic Egg 2"],"acts_visited":["Exordium","TheCity"],"potions_floor_usage":[11,13,20,23],"damage_taken":[{"damage":0.0,"enemies":"Small Slimes","floor":1.0,"turns":1.0},{"damage":0.0,"enemies":"Jaw Worm","floor":3.0,"turns":1.0},{"damage":0.0,"enemies":"3 Sentries","floor":6.0,"turns":1.0},{"damage":32.0,"enemies":"Gremlin Nob","floor":8.0,"turns":4.0},{"damage":0.0,"enemies":"Cultist","floor":10.0,"turns":3.0},{"damage":2,"enemies":"3 Sentries","floor":11,"turns":3},{"damage":0,"enemies":"Looter","floor":12,"turns":4},{"damage":10,"enemies":"Lots of Slimes","floor":13,"turns":3},{"damage":15,"enemies":"Slime Boss","floor":16,"turns":6},{"damage":9,"enemies":"3 Byrds","floor":18,"turns":4},{"damage":14,"enemies":"2 Thieves","floor":20,"turns":4},{"damage":17,"enemies":"Chosen and Byrds","floor":22,"turns":5},{"damage":26,"enemies":"Slavers","floor":23,"turns":4},{"damage":60,"enemies":"Book of Stabbing","floor":27,"turns":5}],"seed_played":"-4572022317955081919","potions_obtained":[{"floor":1.0,"key":"BlessingOfTheForge"},{"floor":3.0,"key":"AttackPotion"},{"floor":6.0,"key":"Dexterity Potion"},{"floor":8.0,"key":"Block Potion"},{"floor":11,"key":"SteroidPotion"},{"floor":13,"key":"BloodPotion"},{"floor":16,"key":"EssenceOfSteel"},{"floor":20,"key":"DistilledChaos"},{"floor":22,"key":"Ancient Potion"},{"floor":23,"key":"Strength Potion"}],"is_trial":false,"path_per_floor":["M","?","M","?","$","E","R","E","T","M","E","M","M","?","R","B",null,"M","?","M","?","M","E","R","$","T","E"],"character_chosen":"IRONCLAD","items_purchased":["Shrug It Off","Membership Card","Entrench"],"campfire_rested":0,"item_purchase_floors":[5,25,25],"current_hp_per_floor":[74,67,73,62,62,68,68,42,42,48,52,58,54,54,54,45,73,70,70,78,78,67,57,57,57,57,0,0],"gold":124,"neow_bonus":"THREE_ENEMY_KILL","is_daily":false,"chose_seed":false,"campfire_upgraded":3,"win_rate":0.0,"timestamp":1610078234,"path_taken":["M","?","M","?","$","E","R","E","T","M","E","M","M","?","R","BOSS","M","?","?","?","?","E","R","$","T","E"],"items_purchased_type":["Card","Relic","Card"],"build_version":"2020-12-22","purchased_purges":1,"victory":false,"max_hp_per_floor":[75,75,75,75,75,75,75,75,75,75,75,75,75,75,75,75,80,80,80,80,80,80,90,90,90,90,90,90],"card_choices":[{"not_picked":["Pummel","Clash"],"picked":"Pommel Strike","floor":1.0},{"not_picked":["Headbutt","Havoc"],"picked":"Fire Breathing","floor":3.0},{"not_picked":["Havoc","Perfected Strike","Clothesline"],"picked":"SKIP","floor":6.0},{"not_picked":["Havoc","Perfected Strike","Clothesline"],"picked":"SKIP","floor":6.0},{"not_picked":["Sword Boomerang","Fiend Fire"],"picked":"Whirlwind","floor":8.0},{"not_picked":["Havoc","Headbutt","Iron Wave"],"picked":"Warcry","floor":10},{"not_picked":["Ghostly Armor","Cleave","Sword Boomerang"],"picked":"Power Through","floor":11},{"not_picked":["Havoc","Wild Strike","Twin Strike"],"picked":"Evolve","floor":12},{"not_picked":["Clothesline","Iron Wave","Infernal Blade","Warcry"],"picked":"SKIP","floor":13},{"not_picked":["Juggernaut","Bludgeon","Exhume"],"picked":"Barricade","floor":16},{"not_picked":["Disarm","Seeing Red","Headbutt"],"picked":"Second Wind","floor":17},{"not_picked":["Clothesline","Perfected Strike","Rage","Searing Blow"],"picked":"SKIP","floor":18},{"not_picked":["Anger","Shockwave","Evolve"],"picked":"Power Through","floor":20},{"not_picked":["Havoc","True Grit","Wild Strike+1"],"picked":"Body Slam","floor":22},{"not_picked":["Anger","Thunderclap","Bludgeon"],"picked":"Pommel Strike","floor":23}],"player_experience":771194,"relics_obtained":[{"floor":6.0,"key":"Mercury Hourglass"},{"floor":8.0,"key":"Question Card"},{"floor":9.0,"key":"Dream Catcher"},{"floor":11,"key":"Orichalcum"},{"floor":23,"key":"Pear"},{"floor":26,"key":"Toxic Egg 2"}],"event_choices":[{"cards_removed":["Defend_R"],"damage_healed":0.0,"max_hp_gain":0.0,"max_hp_loss":0.0,"gold_gain":0.0,"event_name":"Golden Wing","player_choice":"Card Removal","floor":2.0,"gold_loss":0.0,"damage_taken":7.0},{"damage_healed":0.0,"max_hp_gain":0.0,"max_hp_loss":0.0,"gold_gain":0.0,"event_name":"Scrap Ooze","player_choice":"Success","floor":4.0,"gold_loss":0.0,"damage_taken":11.0,"relics_obtained":["White Beast Statue"]},{"damage_healed":0,"gold_gain":0,"cards_transformed":["Strike_R"],"player_choice":"Change","damage_taken":0,"max_hp_gain":0,"max_hp_loss":0,"event_name":"Living Wall","floor":14,"gold_loss":0,"cards_obtained":["Seeing Red"]},{"damage_healed":0,"gold_gain":0,"player_choice":"Upgraded","damage_taken":0,"max_hp_gain":0,"max_hp_loss":0,"event_name":"Upgrade Shrine","floor":19,"gold_loss":0,"cards_upgraded":["Seeing Red"]},{"damage_healed":0,"gold_gain":0,"player_choice":"Gave Potion","damage_taken":0,"relics_obtained":["Bronze Scales"],"max_hp_gain":0,"max_hp_loss":0,"event_name":"WeMeetAgain","floor":21,"gold_loss":0}],"is_beta":false,"boss_relics":[{"not_picked":["Philosopher\u0027s Stone","SacredBark"],"picked":"Tiny House"}],"items_purged_floors":[5],"is_endless":false,"potions_floor_spawned":[1,3,6,8,10,11,12,13,16,18,20,22,23],"killed_by":"Book of Stabbing","ascension_level":20}}