{"host":"ds1yr10zonoc6w4a","time":1610066456,"event":{"mods":["BaseMod","Better Match","Better Third Choice","BetterRewards","Minty Spire (QoL Compilation)","StSLib","The Animator"],"gold_per_floor":[118,0,0,0,19,50,76,116,142,213,228,228,139,2,2,96,96,123,148,161,198,68,109,109,109,109],"floor_reached":25,"playtime":5700,"items_purged":["animator:Strike","Injury"],"score":612,"play_id":"0a1f87be-6ca4-4bd6-80ad-410f443e5256","local_time":"20210107174056","is_ascension_mode":true,"campfire_choices":[{"data":"animator:Demiurge","floor":12,"key":"SMITH"},{"data":"Enlightenment","floor":15,"key":"SMITH"},{"data":"animator:Geryuganshoop","floor":24,"key":"SMITH"}],"circlet_count":0,"master_deck":["AscendersBane","animator:Defend_Overlord","animator:Cocytus","animator:Demiurge+1","animator:LizardPriest","animator:Spearman","Enlightenment+1","animator:Melzalgald","animator:Tatsumaki","animator:Shalltear","animator:GoblinSlayer","animator:Cocytus","animator:Sebas","animator:Strike_Fate","animator:Strike_TenSura","animator:Defend_Overlord","animator:Defend_Fate","animator:Defend_Elsword","animator:Geryuganshoop+1","animator:Cocytus","animator:Boros","animator:PandorasActor","animator:Demiurge","animator:Ainz","animator:Entoma+1","animator:Spearman"],"relics":["animator:LivingPicture","animator:TheMissingPiece","animator:PurgingStone","ClockworkSouvenir","Golden Idol","Blue Candle","Lizard Tail","Centennial Puzzle","Mark of Pain","Ancient Tea Set"],"acts_visited":["Exordium","TheCity"],"potions_floor_usage":[8,16,21,23],"damage_taken":[{"damage":5,"enemies":"Jaw Worm","floor":1,"turns":5},{"damage":7,"enemies":"Small Slimes","floor":5,"turns":5},{"damage":14,"enemies":"Gremlin Nob","floor":6,"turns":4},{"damage":0,"enemies":"2 Louse","floor":7,"turns":2},{"damage":16,"enemies":"3 Sentries","floor":8,"turns":8},{"damage":8,"enemies":"Gremlin Nob","floor":10,"turns":3},{"damage":0,"enemies":"Blue Slaver","floor":11,"turns":3},{"damage":35,"enemies":"The Guardian","floor":16,"turns":8},{"damage":20,"enemies":"2 Thieves","floor":18,"turns":4},{"damage":0,"enemies":"Spheric Guardian","floor":19,"turns":3},{"damage":18,"enemies":"Centurion and Healer","floor":20,"turns":6},{"damage":10,"enemies":"Snake Plant","floor":21,"turns":4},{"damage":10,"enemies":"Gremlin Leader","floor":23,"turns":8},{"damage":16,"enemies":"Book of Stabbing","floor":25,"turns":2}],"seed_played":"-6518088725050656125","potions_obtained":[{"floor":7,"key":"EssenceOfSteel"},{"floor":8,"key":"Swift Potion"},{"floor":10,"key":"SmokeBomb"},{"floor":16,"key":"Strength Potion"},{"floor":18,"key":"DuplicationPotion"}],"is_trial":false,"path_per_floor":["M","?","?","?","M","E","M","E","T","?","M","R","?","$","R","B",null,"M","M","M","M","$","E","R","E"],"character_chosen":"THE_ANIMATOR","items_purchased":["animator:LizardPriest","ClockworkSouvenir","animator:Geryuganshoop","animator:Cocytus","animator:Entoma"],"campfire_rested":0,"item_purchase_floors":[0,0,14,14,22],"current_hp_per_floor":[49,55,55,60,53,39,39,23,23,15,16,16,16,16,16,17,58,38,38,27,20,20,16,16,0,0],"gold":109,"neow_bonus":"","is_daily":false,"chose_seed":false,"campfire_upgraded":3,"win_rate":0.0,"timestamp":1610066456,"path_taken":["M","?","?","?","?","E","M","E","T","?","M","R","?","?","R","BOSS","M","M","M","M","$","E","R","E"],"items_purchased_type":["Card","Relic","Card","Card","Card"],"build_version":"2020-12-22","purchased_purges":2,"victory":false,"max_hp_per_floor":[60,66,66,71,71,71,71,71,71,71,72,72,72,72,72,72,72,72,72,73,73,73,73,73,73,73],"card_choices":[{"not_picked":["animator:Sonic","animator:Azekura"],"picked":"animator:Spearman","floor":1},{"not_picked":["animator:ZankiKiguchi","animator:Genos"],"picked":"animator:Melzalgald","floor":5},{"not_picked":["animator:HighElfArcher","animator:Mitsuba"],"picked":"animator:Tatsumaki","floor":6},{"not_picked":["animator:Demiurge","animator:PandorasActor"],"picked":"animator:Shalltear","floor":7},{"not_picked":["animator:HighElfArcher","animator:Verdia"],"picked":"animator:GoblinSlayer","floor":8},{"not_picked":["animator:DolaCouronne","animator:Nanami"],"picked":"animator:Cocytus","floor":10},{"not_picked":["animator:Togame","animator:Chung"],"picked":"animator:Sebas","floor":11},{"not_picked":["animator:Ainz","animator:Albedo"],"picked":"animator:Boros","floor":16},{"not_picked":["animator:Cocytus","animator:NarberalGamma"],"picked":"animator:PandorasActor","floor":18},{"not_picked":["animator:NarberalGamma","animator:FielNirvalen+1"],"picked":"animator:Demiurge","floor":19},{"not_picked":["animator:Evileye","animator:Add"],"picked":"animator:Ainz","floor":20},{"not_picked":["animator:Elsword+1","animator:Jibril"],"picked":"animator:Entoma","floor":21},{"not_picked":["animator:Witch","animator:HighElfArcher"],"picked":"animator:Spearman","floor":23}],"player_experience":680355,"relics_obtained":[{"floor":6,"key":"Blue Candle"},{"floor":8,"key":"Lizard Tail"},{"floor":23,"key":"Ancient Tea Set"}],"event_choices":[{"damage_healed":0,"gold_gain":0,"player_choice":"RENOUNCE","damage_taken":118,"max_hp_gain":0,"max_hp_loss":0,"event_name":"betterThird:BetterSerpent","floor":2,"gold_loss":118,"cards_obtained":["Enlightenment"]},{"damage_healed":0,"gold_gain":0,"player_choice":"Take Wound","damage_taken":0,"relics_obtained":["Golden Idol"],"max_hp_gain":0,"max_hp_loss":0,"event_name":"Golden Idol","floor":3,"gold_loss":0,"cards_obtained":["Injury"]},{"damage_healed":0,"gold_gain":0,"player_choice":"Donut","damage_taken":0,"max_hp_gain":5,"max_hp_loss":0,"event_name":"Big Fish","floor":4,"gold_loss":0},{"damage_healed":0,"gold_gain":0,"player_choice":"Searched \u00272\u0027 times","damage_taken":0,"relics_obtained":["Centennial Puzzle"],"max_hp_gain":0,"max_hp_loss":0,"event_name":"Dead Adventurer","floor":10,"gold_loss":0}],"is_beta":false,"boss_relics":[{"not_picked":["Velvet Choker","Sozu"],"picked":"Mark of Pain"}],"items_purged_floors":[0,22],"is_endless":false,"potions_floor_spawned":[7,8,10,16,18],"killed_by":"Book of Stabbing","ascension_level":17}}