{"host":"91blwi3hgehj6ch9","time":1610078518,"event":{"mods":["2.2 Compatiblity","AchievementEnabler","BaseMod","Colored Map","DeckTracker","Keyboard Shortcuts","Minty Spire (QoL Compilation)","Permanent Neow","Quick Restart","StSLib","SuperFastMode"],"gold_per_floor":[20,20,30,40,57,73,96,96,96,108,126,51,86,104,104,104,104],"floor_reached":16,"playtime":477,"items_purged":["Strike_R"],"score":122,"play_id":"6bc92a5b-0151-4981-b2ed-b6e123d06bc4","local_time":"20210108130158","is_ascension_mode":true,"campfire_choices":[{"data":"Whirlwind","floor":8,"key":"SMITH"},{"data":"Flex","floor":15,"key":"SMITH"}],"circlet_count":0,"master_deck":["Strike_R","Strike_R","Strike_R","Strike_R","Defend_R","Defend_R","Defend_R","Defend_R","Bash","Limit Break+1","Twin Strike","Pommel Strike","Power Through","Whirlwind+1","Flex+1","Pummel","Warcry"],"relics":["Burning Blood","Orichalcum","PreservedInsect","Regal Pillow"],"acts_visited":["Exordium"],"potions_floor_usage":[16,16,16],"damage_taken":[{"damage":5.0,"enemies":"Cultist","floor":1.0,"turns":5.0},{"damage":4,"enemies":"Jaw Worm","floor":3,"turns":4},{"damage":3,"enemies":"2 Louse","floor":4,"turns":2},{"damage":50,"enemies":"Exordium Thugs","floor":5,"turns":8},{"damage":0,"enemies":"Large Slime","floor":6,"turns":6},{"damage":12,"enemies":"Exordium Wildlife","floor":10,"turns":4},{"damage":4,"enemies":"Red Slaver","floor":11,"turns":4},{"damage":12,"enemies":"Gremlin Nob","floor":13,"turns":4},{"damage":12,"enemies":"Large Slime","floor":14,"turns":3},{"damage":43,"enemies":"The Guardian","floor":16,"turns":13}],"seed_played":"-4472361037647013191","potions_obtained":[{"floor":1.0,"key":"FearPotion"},{"floor":5,"key":"BloodPotion"},{"floor":6,"key":"SkillPotion"}],"is_trial":false,"path_per_floor":["M","?","M","M","M","M","T","R","T","M","M","$","E","M","R","B"],"character_chosen":"IRONCLAD","items_purchased":[],"campfire_rested":0,"item_purchase_floors":[],"current_hp_per_floor":[80,80,80,80,36,42,42,42,42,36,38,38,32,26,26,0,0],"gold":104,"neow_bonus":"THREE_RARE_CARDS","is_daily":false,"chose_seed":false,"campfire_upgraded":2,"win_rate":0.0,"timestamp":1610078518,"path_taken":["M","?","M","M","M","M","?","R","T","M","M","$","E","M","R","BOSS"],"items_purchased_type":[],"build_version":"2020-12-22","purchased_purges":1,"victory":false,"max_hp_per_floor":[80,80,80,80,80,80,80,80,80,80,80,80,80,80,80,80,80],"card_choices":[{"not_picked":["Brutality","Exhume"],"picked":"Limit Break","floor":0.0},{"not_picked":["Seeing Red","Cleave"],"picked":"Twin Strike","floor":1.0},{"not_picked":["Headbutt","Rage"],"picked":"Pommel Strike","floor":3},{"not_picked":["True Grit","Iron Wave"],"picked":"Power Through","floor":4},{"not_picked":["Wild Strike","Iron Wave","Bloodletting"],"picked":"SKIP","floor":5},{"not_picked":["Headbutt","Twin Strike"],"picked":"Whirlwind","floor":6},{"not_picked":["Corruption","Clothesline","Thunderclap"],"picked":"SKIP","floor":10},{"not_picked":["Body Slam","Anger"],"picked":"Flex","floor":11},{"not_picked":["Seeing Red","Twin Strike"],"picked":"Pummel","floor":13},{"not_picked":["Heavy Blade","Anger"],"picked":"Warcry","floor":14}],"player_experience":131458,"relics_obtained":[{"floor":7,"key":"Orichalcum"},{"floor":9,"key":"PreservedInsect"},{"floor":13,"key":"Regal Pillow"}],"event_choices":[{"damage_healed":0,"gold_gain":0,"player_choice":"Grow","damage_taken":0,"max_hp_gain":0,"max_hp_loss":0,"event_name":"Living Wall","floor":2,"gold_loss":0,"cards_upgraded":["Limit Break"]}],"is_beta":false,"boss_relics":[],"items_purged_floors":[12],"is_endless":false,"potions_floor_spawned":[1,5,6,11],"killed_by":"The Guardian","ascension_level":3}}