{"host":"1a3cjta80tad0aqj","time":1610100162,"event":{"mods":["2.2 Compatiblity","AchievementEnabler","BaseMod","Colored Map","DeckTracker","KOR Keyword Fix","Keyboard Shortcuts","Minty Spire (QoL Compilation)","Permanent Neow","Quick Restart","Random Character Button","StSLib","SuperFastMode","everything is the same but u backflip on backflip"],"gold_per_floor":[112,124,47,47,47,47,74,74,74,88,108,108,124,49,49,149,149,169,169,184,84,99,99,119,119,119,119,137,137,236,62,62,62,62],"floor_reached":33,"playtime":1029,"items_purged":["Defend_P","Strike_P","PathToVictory"],"score":270,"play_id":"b0a0a2bf-47e2-45e7-9440-1c3b0cb75b16","local_time":"20210108190242","is_ascension_mode":false,"campfire_choices":[{"data":"Eruption","floor":6,"key":"SMITH"},{"data":"Wallop","floor":8,"key":"SMITH"},{"data":"FlurryOfBlows","floor":15,"key":"SMITH"},{"data":"BowlingBash","floor":23,"key":"SMITH"},{"data":"Tantrum","floor":32,"key":"SMITH"}],"circlet_count":0,"master_deck":["Strike_P","Eruption+1","Vigilance","SashWhip+1","Crescendo+1","Halt","FlurryOfBlows+1","Wallop+1","BowlingBash+1","Ghostly","Ghostly","Ghostly","Ghostly","Ghostly","Adaptation+1","Evaluate","Tantrum+1"],"relics":["Astrolabe"],"acts_visited":["Exordium","TheCity"],"potions_floor_usage":[],"damage_taken":[{"damage":3,"enemies":"Jaw Worm","floor":1,"turns":2},{"damage":0,"enemies":"2 Louse","floor":2,"turns":2},{"damage":3,"enemies":"Gremlin Nob","floor":7,"turns":3},{"damage":0,"enemies":"Cultist","floor":10,"turns":2},{"damage":0,"enemies":"Looter","floor":11,"turns":2},{"damage":0,"enemies":"3 Louse","floor":13,"turns":2},{"damage":53,"enemies":"Slime Boss","floor":16,"turns":6},{"damage":6,"enemies":"Shell Parasite","floor":18,"turns":5},{"damage":0,"enemies":"2 Thieves","floor":20,"turns":3},{"damage":5,"enemies":"3 Cultists","floor":22,"turns":5},{"damage":3,"enemies":"Sentry and Sphere","floor":24,"turns":4},{"damage":0,"enemies":"Snake Plant","floor":28,"turns":4},{"damage":52,"enemies":"Collector","floor":33,"turns":3}],"seed_played":"2422888770204025981","potions_obtained":[{"floor":7,"key":"Weak Potion"},{"floor":11,"key":"Energy Potion"},{"floor":18,"key":"DuplicationPotion"}],"is_trial":false,"path_per_floor":["M","M","$","?","?","R","E","R","T","M","M","$","M","$","R","B",null,"M","?","M","$","M","R","M","?","T","$","M","?","?","$","R","B"],"character_chosen":"WATCHER","items_purchased":["Wallop","SteroidPotion"],"campfire_rested":0,"item_purchase_floors":[3,31],"current_hp_per_floor":[69,69,69,69,72,72,69,69,69,69,69,69,69,69,69,16,72,66,36,36,36,31,31,28,28,28,28,28,28,28,28,28,0,0],"gold":62,"neow_bonus":"BOSS_RELIC","is_daily":false,"chose_seed":true,"campfire_upgraded":5,"win_rate":0.0,"timestamp":1610100162,"path_taken":["M","M","$","?","?","R","E","R","T","M","M","$","M","$","R","BOSS","M","?","M","$","M","R","M","?","T","$","M","?","?","$","R","BOSS"],"items_purchased_type":["Card","Potion"],"build_version":"2020-12-22","purchased_purges":3,"victory":false,"max_hp_per_floor":[72,72,72,72,72,72,72,72,72,72,72,72,72,72,72,72,72,72,36,36,36,36,36,36,36,36,36,36,36,36,36,36,36,36],"card_choices":[{"not_picked":["SashWhip","BattleHymn"],"picked":"Halt","floor":1},{"not_picked":["LikeWater","CrushJoints"],"picked":"FlurryOfBlows","floor":2},{"not_picked":["WheelKick","Judgement","JustLucky"],"picked":"SKIP","floor":7},{"not_picked":["Halt","FlurryOfBlows","Indignation"],"picked":"SKIP","floor":10},{"not_picked":["Evaluate","Protect","EmptyFist"],"picked":"SKIP","floor":11},{"not_picked":["SandsOfTime","Consecrate","Collect"],"picked":"SKIP","floor":13},{"not_picked":["Evaluate","Protect"],"picked":"BowlingBash","floor":18},{"not_picked":["Halt","JustLucky"],"picked":"Adaptation+1","floor":20},{"not_picked":["ReachHeaven+1","FlyingSleeves","SashWhip+1"],"picked":"SKIP","floor":22},{"not_picked":["EmptyBody","Swivel","Evaluate"],"picked":"SKIP","floor":24},{"not_picked":["DevaForm","DeceiveReality+1"],"picked":"Tantrum","floor":28}],"player_experience":205517,"relics_obtained":[],"event_choices":[{"damage_healed":0,"gold_gain":0,"player_choice":"Fled","damage_taken":0,"max_hp_gain":0,"max_hp_loss":0,"event_name":"Scrap Ooze","floor":4,"gold_loss":0},{"cards_removed":["Pray"],"damage_healed":3,"gold_gain":0,"player_choice":"Offered Uncommon","damage_taken":0,"max_hp_gain":0,"max_hp_loss":0,"event_name":"Bonfire Elementals","floor":5,"gold_loss":0},{"damage_healed":0,"gold_gain":0,"player_choice":"Became a Ghost","damage_taken":0,"max_hp_gain":0,"max_hp_loss":36,"event_name":"Ghosts","floor":19,"gold_loss":0,"cards_obtained":["Ghostly","Ghostly","Ghostly","Ghostly","Ghostly"]},{"damage_healed":0,"gold_gain":0,"cards_transformed":["Defend_P","Strike_P"],"player_choice":"Became Test Subject","damage_taken":0,"max_hp_gain":0,"max_hp_loss":0,"event_name":"Drug Dealer","floor":25,"gold_loss":0,"cards_obtained":["PathToVictory","Evaluate"]},{"damage_healed":0,"gold_gain":0,"player_choice":"Ignored","damage_taken":0,"max_hp_gain":0,"max_hp_loss":0,"event_name":"Vampires","floor":29,"gold_loss":0},{"damage_healed":0,"gold_gain":99,"player_choice":"Stole From Cult","damage_taken":0,"max_hp_gain":0,"max_hp_loss":0,"event_name":"Nest","floor":30,"gold_loss":0}],"is_beta":false,"boss_relics":[{"not_picked":[]}],"items_purged_floors":[14,21,31],"is_endless":false,"potions_floor_spawned":[7,11,18],"killed_by":"Collector","ascension_level":0}}