{"host":"tnhjz9cb8p0320p2","time":1610072181,"event":{"mods":["BaseMod","Better Third Choice","Downfall","Hermit","Marisa????????","Minty Spire (QoL Compilation)","Relic Stats","Replay The Spire","Shade Mod","StSLib","The Construct","The Cursed","The Jungle","The Runesmith"],"gold_per_floor":[112,75,0,17,17,43,43,76,102,102,114,124,138,9,9,84,84,95,95,111,111,126,126,126,126],"floor_reached":24,"playtime":1441,"items_purged":["Strike_G"],"score":562,"play_id":"65b6ecff-4ac7-453e-9cfd-097802ff4aa3","local_time":"20210107201621","is_ascension_mode":true,"campfire_choices":[{"data":"Cloak And Dagger","floor":7,"key":"SMITH"},{"data":"Neutralize","floor":10,"key":"SMITH"},{"data":"Draining Mist","floor":15,"key":"SMITH"},{"floor":23,"key":"REST"}],"circlet_count":0,"master_deck":["AscendersBane","Strike_G","Strike_G","Defend_G","Defend_G","Defend_G","Defend_G","Defend_G","Survivor","Neutralize+1","Cloak And Dagger+1","Skewer+1","Masterful Stab","Calculated Gamble","Tools of the Trade","Blur","Dash","Footwork","Draining Mist+1","Bullet Time","Leg Sweep","Blade Dance"],"relics":["Ring of the Snake","NeowsBlessing","betterThird:SlimedRelic","Bag of Marbles","ReplayTheSpireMod:Lightbulb","Pet Ghost","Empty Cage","Toy Ornithopter"],"acts_visited":["Exordium","Exordium"],"potions_floor_usage":[8,16,20,24,24],"damage_taken":[{"damage":0,"enemies":"Small Slimes","floor":1,"turns":1},{"damage":0,"enemies":"Jaw Worm","floor":4,"turns":1},{"damage":0,"enemies":"Gremlin Nob","floor":6,"turns":1},{"damage":8,"enemies":"3 Sentries","floor":8,"turns":8},{"damage":0,"enemies":"2 Louse","floor":11,"turns":2},{"damage":0,"enemies":"Looter","floor":12,"turns":1},{"damage":0,"enemies":"Exordium Wildlife","floor":13,"turns":2},{"damage":10,"enemies":"Hexaghost","floor":16,"turns":8},{"damage":3,"enemies":"theJungle:5_Spyders","floor":18,"turns":12},{"damage":7,"enemies":"theJungle:MUSHROOMGANG","floor":20,"turns":9},{"damage":0,"enemies":"theJungle:Lyon","floor":22,"turns":6},{"damage":63,"enemies":"theJungle:MamaSnecko","floor":24,"turns":13}],"seed_played":"8720386436796436882","potions_obtained":[{"floor":6,"key":"PowerPotion"},{"floor":8,"key":"DistilledChaos"},{"floor":11,"key":"AttackPotion"},{"floor":20,"key":"BlessingOfTheForge"},{"floor":22,"key":"Block Potion"}],"is_trial":false,"path_per_floor":["M","?","$","M","?","E","R","E","T","R","M","M","M","$","R","B",null,"M","?","M","?","M","R","E"],"character_chosen":"THE_SILENT","items_purchased":["Footwork","Draining Mist"],"campfire_rested":1,"item_purchase_floors":[14,14],"current_hp_per_floor":[59,48,48,48,48,48,48,40,40,40,40,40,40,40,40,30,57,54,35,28,28,28,47,0,0],"gold":126,"neow_bonus":"THREE_ENEMY_KILL","is_daily":false,"chose_seed":false,"campfire_upgraded":3,"win_rate":0.0,"timestamp":1610072181,"path_taken":["M","?","?","M","?","E","R","E","T","R","M","M","M","$","R","BOSS","M","?","M","?","?","R","E"],"items_purchased_type":["Card","Card"],"build_version":"2020-12-22","purchased_purges":1,"victory":false,"max_hp_per_floor":[66,66,66,66,66,66,66,66,66,66,66,66,66,66,66,66,66,66,66,66,66,66,66,66,66],"relic_stats":{"counters":[12,64],"obtain_stats":[{"NeowsBlessing":0,"betterThird:SlimedRelic":2,"Bag of Marbles":6,"ReplayTheSpireMod:Lightbulb":8,"Empty Cage":17,"Pet Ghost":9,"Toy Ornithopter":21,"Ring of the Snake":0},{"NeowsBlessing":0,"betterThird:SlimedRelic":1,"Bag of Marbles":3,"ReplayTheSpireMod:Lightbulb":4,"Empty Cage":8,"Pet Ghost":4,"Toy Ornithopter":10,"Ring of the Snake":0},{"NeowsBlessing":0,"betterThird:SlimedRelic":1,"Bag of Marbles":3,"ReplayTheSpireMod:Lightbulb":11,"Empty Cage":24,"Pet Ghost":11,"Toy Ornithopter":45,"Ring of the Snake":0}],"Toy Ornithopter":10,"Ring of the Snake":[24]},"card_choices":[{"not_picked":["Bane","Heel Hook"],"picked":"Cloak And Dagger","floor":1},{"not_picked":["Acrobatics","Outmaneuver"],"picked":"Skewer","floor":4},{"not_picked":["Hidden Blade","Caltrops"],"picked":"Masterful Stab","floor":6},{"not_picked":["Dodge and Roll","Acrobatics"],"picked":"Calculated Gamble","floor":8},{"not_picked":["ReplayTheSpireMod:Tripwire","Underhanded Strike"],"picked":"Tools of the Trade","floor":11},{"not_picked":["Sucker Punch","Backflip"],"picked":"Blur","floor":12},{"not_picked":["Prepared","Sucker Punch"],"picked":"Dash","floor":13},{"not_picked":["Glass Knife","Die Die Die"],"picked":"Bullet Time","floor":16},{"not_picked":["Skewer","Slice"],"picked":"Leg Sweep","floor":18},{"not_picked":["Hidden Blade","Dagger Throw","Tactician+1"],"picked":"SKIP","floor":20},{"not_picked":["Eviscerate","Leg Sweep"],"picked":"Blade Dance","floor":22}],"player_experience":2086367,"relics_obtained":[{"floor":6,"key":"Bag of Marbles"},{"floor":8,"key":"ReplayTheSpireMod:Lightbulb"},{"floor":9,"key":"Pet Ghost"},{"floor":21,"key":"Toy Ornithopter"}],"event_choices":[{"damage_healed":0,"gold_gain":0,"player_choice":"Slimed","damage_taken":11,"max_hp_gain":0,"max_hp_loss":0,"event_name":"betterThird:BetterGoop","floor":2,"gold_loss":37},{"damage_healed":0,"gold_gain":0,"player_choice":"Grow","damage_taken":0,"max_hp_gain":0,"max_hp_loss":0,"event_name":"Living Wall","floor":5,"gold_loss":0,"cards_upgraded":["Skewer"]},{"damage_healed":0,"gold_gain":0,"player_choice":"Relic","damage_taken":0,"max_hp_gain":0,"max_hp_loss":0,"event_name":"Wheel of Change","floor":21,"gold_loss":0}],"is_beta":false,"boss_relics":[{"not_picked":["Velvet Choker","Ectoplasm"],"picked":"Empty Cage"}],"items_purged_floors":[3],"is_endless":false,"potions_floor_spawned":[6,8,11,20,22],"killed_by":"theJungle:MamaSnecko","ascension_level":20}}