{"host":"jm9833yuloeli2yd","time":1610125605,"event":{"mods":["BaseMod","Better Altar","Better Match","Better Note","Better Sensory Stone","Better Skull","Better Third Choice","Better Vampires","BetterRewards","Colored Map","Colored Powertips","DeckTracker","Minty Spire (QoL Compilation)","Permanent Neow","Quick Restart","StSLib","SuperFastMode"],"gold_per_floor":[115,13,13,28,48,74,74,100,125,141,98,114,39,72,72,144,144,160,160,160,171,12,12,43,43,43,43,43,81,97,122,122,205,205,216,235,235,235,260,295,295,329,380,429,480,515,537,570,570,570,570],"floor_reached":50,"playtime":1898,"items_purged":["Strike_G","Strike_G"],"score":1414,"play_id":"a66a4a20-f0da-47df-9b65-72db3d6567fe","local_time":"20210108120645","is_ascension_mode":true,"campfire_choices":[{"floor":7,"key":"REST"},{"data":"Dash","floor":15,"key":"SMITH"},{"floor":23,"key":"REST"},{"floor":27,"key":"REST"},{"floor":32,"key":"RECALL"},{"floor":49,"key":"REST"}],"circlet_count":0,"master_deck":["AscendersBane","Strike_G","Strike_G","Strike_G","Defend_G","Defend_G","Defend_G","Defend_G","Defend_G","Survivor+1","Neutralize","Bane","Dash+1","Deadly Poison","Poisoned Stab","Catalyst+1","Deadly Poison","Bouncing Flask","Adrenaline","Escape Plan","Dodge and Roll","Master of Strategy","Crippling Poison","PiercingWail","Footwork","Burst","PiercingWail","Acrobatics"],"relics":["SacredBark","Vajra","Snake Skull","StrikeDummy","War Paint","Bag of Marbles","Fusion Hammer","Tiny Chest","Nilry\u0027s Codex","Paper Crane","CeramicFish","Thread and Needle","Busted Crown","Pocketwatch","Pear","Ancient Tea Set","Centennial Puzzle","Calipers","Anchor","Bottled Tornado","The Courier"],"acts_visited":["Exordium","TheCity","TheBeyond"],"potions_floor_usage":[6,10,10,12,16,29,33,40,44,48,50],"damage_taken":[{"damage":1,"enemies":"Cultist","floor":1,"turns":4},{"damage":2,"enemies":"Small Slimes","floor":4,"turns":3},{"damage":0,"enemies":"Jaw Worm","floor":5,"turns":4},{"damage":32,"enemies":"3 Sentries","floor":6,"turns":6},{"damage":25,"enemies":"Lagavulin","floor":8,"turns":6},{"damage":10,"enemies":"Exordium Thugs","floor":10,"turns":3},{"damage":0,"enemies":"3 Louse","floor":12,"turns":3},{"damage":0,"enemies":"Gremlin Nob","floor":14,"turns":3},{"damage":7,"enemies":"Hexaghost","floor":16,"turns":6},{"damage":0,"enemies":"Chosen","floor":18,"turns":3},{"damage":7,"enemies":"3 Byrds","floor":21,"turns":4},{"damage":2,"enemies":"Gremlin Leader","floor":24,"turns":5},{"damage":12,"enemies":"Book of Stabbing","floor":29,"turns":5},{"damage":6,"enemies":"Snecko","floor":30,"turns":3},{"damage":0,"enemies":"Gremlin Leader","floor":31,"turns":5},{"damage":10,"enemies":"Champ","floor":33,"turns":8},{"damage":0,"enemies":"3 Shapes","floor":35,"turns":4},{"damage":0,"enemies":"Orb Walker","floor":36,"turns":4},{"damage":0,"enemies":"Mind Bloom Boss Battle","floor":39,"turns":5},{"damage":27,"enemies":"Giant Head","floor":40,"turns":10},{"damage":1,"enemies":"Nemesis","floor":42,"turns":5},{"damage":8,"enemies":"2 Orb Walkers","floor":44,"turns":3},{"damage":3,"enemies":"Giant Head","floor":46,"turns":3},{"damage":0,"enemies":"Maw","floor":47,"turns":4},{"damage":5,"enemies":"Nemesis","floor":48,"turns":7},{"damage":66,"enemies":"Time Eater","floor":50,"turns":12}],"seed_played":"8469732831832814923","potions_obtained":[{"floor":1,"key":"ColorlessPotion"},{"floor":8,"key":"EntropicBrew"},{"floor":10,"key":"Block Potion"},{"floor":12,"key":"Strength Potion"},{"floor":24,"key":"Dexterity Potion"},{"floor":29,"key":"SpeedPotion"},{"floor":35,"key":"SpeedPotion"},{"floor":40,"key":"AttackPotion"},{"floor":44,"key":"AttackPotion"}],"is_trial":false,"path_per_floor":["M","$","T","M","M","E","R","E","T","M","?","M","$","E","R","B",null,"M","?","?","M","$","R","E","?","T","R","$","E","M","E","R","B",null,"M","M","?","T","?","E","?","E","T","?","T","E","M","E","R","B"],"character_chosen":"THE_SILENT","items_purchased":["Dash","Deadly Poison","PiercingWail"],"campfire_rested":4,"item_purchase_floors":[2,2,22],"current_hp_per_floor":[58,58,58,56,56,24,43,18,18,8,8,8,8,8,8,1,50,50,50,50,43,43,62,60,39,39,58,58,46,40,40,40,30,57,57,57,57,57,57,40,40,39,39,31,31,28,28,23,45,0,0],"gold":570,"neow_bonus":"BOSS_RELIC","is_daily":false,"chose_seed":false,"campfire_upgraded":1,"win_rate":0.0,"timestamp":1610125605,"path_taken":["M","$","?","M","M","E","R","E","T","M","?","M","?","E","R","BOSS","M","?","?","M","$","R","E","?","T","R","?","E","M","E","R","BOSS","M","M","?","?","?","E","?","E","T","?","?","E","M","E","R","BOSS"],"items_purchased_type":["Card","Card","Card"],"build_version":"2020-12-22","purchased_purges":2,"victory":false,"max_hp_per_floor":[66,66,66,66,66,66,66,66,66,66,66,66,66,66,66,66,66,66,66,66,66,66,66,66,66,66,66,66,66,66,66,66,66,66,66,66,66,66,66,76,76,76,76,76,76,76,76,76,76,76,76],"card_choices":[{"not_picked":["Accuracy","Flying Knee"],"picked":"Bane","floor":1},{"not_picked":["PiercingWail","Underhanded Strike"],"picked":"All Out Attack","floor":4},{"not_picked":["Dodge and Roll","Distraction"],"picked":"Poisoned Stab","floor":5},{"not_picked":["Setup","Predator","Bane"],"picked":"SKIP","floor":6},{"not_picked":["PiercingWail","Backflip"],"picked":"Catalyst","floor":8},{"not_picked":["Sucker Punch","Outmaneuver"],"picked":"Deadly Poison","floor":10},{"not_picked":["Flying Knee","Skewer","Slice"],"picked":"SKIP","floor":12},{"not_picked":["Well Laid Plans","Blur"],"picked":"Bouncing Flask","floor":14},{"not_picked":["Doppelganger","Envenom"],"picked":"Adrenaline","floor":16},{"not_picked":["Quick Slash","Backflip"],"picked":"Escape Plan","floor":18},{"not_picked":["Panacea","Trip"],"picked":"Master of Strategy","floor":20},{"not_picked":["Dagger Throw","Dash"],"picked":"Crippling Poison","floor":21},{"not_picked":["Cloak And Dagger","Caltrops","Tactician"],"picked":"SKIP","floor":24},{"not_picked":["Endless Agony","Cloak And Dagger"],"picked":"Footwork","floor":29},{"not_picked":["Underhanded Strike","Finisher","Flechettes"],"picked":"SKIP","floor":30},{"not_picked":["Cloak And Dagger","Prepared","Flechettes+1"],"picked":"SKIP","floor":31},{"not_picked":["Grand Finale","Night Terror"],"picked":"Burst","floor":33},{"not_picked":["Dash"],"picked":"SKIP","floor":35},{"not_picked":["Bane"],"picked":"SKIP","floor":36},{"not_picked":["Dagger Throw"],"picked":"SKIP","floor":40},{"not_picked":[],"picked":"PiercingWail","floor":42},{"not_picked":["Deflect"],"picked":"SKIP","floor":46},{"not_picked":[],"picked":"Acrobatics","floor":47},{"not_picked":["Deflect"],"picked":"SKIP","floor":48}],"player_experience":1276672,"relics_obtained":[{"floor":3,"key":"Vajra"},{"floor":6,"key":"Snake Skull"},{"floor":8,"key":"StrikeDummy"},{"floor":9,"key":"War Paint"},{"floor":14,"key":"Bag of Marbles"},{"floor":24,"key":"Tiny Chest"},{"floor":25,"key":"Nilry\u0027s Codex"},{"floor":26,"key":"Paper Crane"},{"floor":29,"key":"CeramicFish"},{"floor":31,"key":"Thread and Needle"},{"floor":39,"key":"Pocketwatch"},{"floor":40,"key":"Pear"},{"floor":42,"key":"Ancient Tea Set"},{"floor":43,"key":"Centennial Puzzle"},{"floor":44,"key":"Calipers"},{"floor":45,"key":"Anchor"},{"floor":46,"key":"Bottled Tornado"},{"floor":48,"key":"The Courier"}],"event_choices":[{"damage_healed":0,"gold_gain":0,"player_choice":"Left","damage_taken":0,"max_hp_gain":0,"max_hp_loss":0,"event_name":"betterThird:BetterGoop","floor":11,"gold_loss":43},{"damage_healed":0,"gold_gain":0,"player_choice":"Read","damage_taken":0,"max_hp_gain":0,"max_hp_loss":0,"event_name":"The Library","floor":19,"gold_loss":0,"cards_obtained":["Dodge and Roll"]},{"damage_healed":0,"gold_gain":2,"player_choice":"1","damage_taken":0,"max_hp_gain":0,"max_hp_loss":0,"event_name":"betterStone:BetterStone","floor":20,"gold_loss":0},{"damage_healed":0,"gold_gain":0,"player_choice":"Obtained Book","damage_taken":21,"max_hp_gain":0,"max_hp_loss":0,"event_name":"Cursed Tome","floor":25,"gold_loss":0},{"damage_healed":0,"gold_gain":0,"player_choice":"Ignored","damage_taken":0,"max_hp_gain":0,"max_hp_loss":0,"event_name":"Tomb of Lord Red Mask","floor":37,"gold_loss":0},{"damage_healed":0,"gold_gain":0,"player_choice":"Fight","damage_taken":0,"max_hp_gain":0,"max_hp_loss":0,"event_name":"MindBloom","floor":39,"gold_loss":0},{"cards_removed":["All Out Attack"],"damage_healed":0,"gold_gain":0,"player_choice":"Removed Attack","damage_taken":0,"max_hp_gain":0,"max_hp_loss":0,"event_name":"Falling","floor":41,"gold_loss":0},{"damage_healed":0,"gold_gain":0,"player_choice":"Fight","damage_taken":0,"max_hp_gain":0,"max_hp_loss":0,"event_name":"Mysterious Sphere","floor":44,"gold_loss":0}],"is_beta":false,"boss_relics":[{"not_picked":["Astrolabe","SlaversCollar"],"picked":"Fusion Hammer"},{"not_picked":["Empty Cage","Velvet Choker"],"picked":"Busted Crown"}],"items_purged_floors":[13,22],"is_endless":false,"potions_floor_spawned":[1,8,10,12,24,29,31,35,39,40,44],"killed_by":"Time Eater","ascension_level":20}}