{"host":"ty2cix8xj6r3ad26","time":1610119884,"event":{"mods":["AchievementEnabler","BaseMod","BetterRewards","Minty Spire (QoL Compilation)","Replay The Spire","StSLib","SuperFastMode","The Bug Knight","The Cursed"],"gold_per_floor":[115,132,150,100,100,100,134,134,158,158,184,201,276,293,293,388,388,401,418,448,463,270,270,352,277,277,296,311,311,106,121,121,218,218,234,245,296,346,366,393,393,418,418,66,82,96,22,36,36,36,36,36,36,66,66],"floor_reached":56,"playtime":5843,"items_purged":["HollowMod:NailStrikeStart","HollowMod:NailStrikeStart","HollowMod:QuickDashStart","HollowMod:QuickDashStart"],"score":1194,"play_id":"8de44137-559c-44c4-b209-8a60c16ea9b8","local_time":"20210108173124","is_ascension_mode":false,"campfire_choices":[{"data":"HollowMod:FocusHealStart","floor":6,"key":"SMITH"},{"data":"HollowMod:HeavyBlow","floor":8,"key":"SMITH"},{"data":"HollowMod:MothsMistake","floor":10,"key":"SMITH"},{"floor":15,"key":"REST"},{"data":"HollowMod:VoidDash","floor":23,"key":"SMITH"},{"data":"HollowMod:ShadowDash","floor":29,"key":"SMITH"},{"floor":32,"key":"RECALL"},{"data":"HollowMod:PogoStrike","floor":49,"key":"SMITH"},{"data":"HollowMod:SoulMaster","floor":52,"key":"SMITH"}],"circlet_count":0,"master_deck":["HollowMod:FocusHealStart+1","HollowMod:PogoStrike+1","HollowMod:MothsMistake+1","HollowMod:HeavyBlow+1","HollowMod:CloakDash","HollowMod:AbyssShriek+1","HollowMod:PerfectDash","HollowMod:Hiveblood","HollowMod:VoidDash+1","HollowMod:VengefulVoid","HollowMod:CloakDash","HollowMod:ShadowDash+1","HollowMod:SoulMaster+1","HollowMod:NewLittleFool","HollowMod:SharpenedShadows"],"relics":["HollowMod:VesselMask","Counterbalance","Bird Faced Urn","Potion Belt","Orichalcum","Regal Pillow","Coffee Dripper","HollowMod:GreatKnightMask","BargainBundle","Gremlin Horn","Bag of Preparation","Replay:Wax Seal","Runic Pyramid","Turnip","Ginger","Bronze Scales","Iron Hammer","Lee\u0027s Waffle","Mirror"],"acts_visited":["Exordium","TheCity","TheBeyond","TheEnding"],"potions_floor_usage":[0,7,7,7,11,11,12,16,16,27,33,33,33,42,48,50,50,55],"damage_taken":[{"damage":3,"enemies":"Small Slimes","floor":1,"turns":4},{"damage":1,"enemies":"2 Louse","floor":2,"turns":2},{"damage":3,"enemies":"Jaw Worm","floor":3,"turns":3},{"damage":8,"enemies":"3 Sentries","floor":7,"turns":2},{"damage":24,"enemies":"Lagavulin","floor":11,"turns":3},{"damage":5,"enemies":"3 Louse","floor":12,"turns":2},{"damage":19,"enemies":"Exordium Wildlife","floor":14,"turns":3},{"damage":35,"enemies":"HollowMod:FalseKnight","floor":16,"turns":11},{"damage":12,"enemies":"3 Byrds","floor":18,"turns":4},{"damage":0,"enemies":"Spheric Guardian","floor":19,"turns":4},{"damage":1,"enemies":"HollowMod:Zote","floor":20,"turns":2},{"damage":8,"enemies":"Shelled Parasite and Fungi","floor":21,"turns":5},{"damage":1,"enemies":"Centurion and Healer","floor":27,"turns":4},{"damage":0,"enemies":"Snake Plant","floor":28,"turns":3},{"damage":12,"enemies":"Cultist and Chosen","floor":31,"turns":4},{"damage":35,"enemies":"Automaton","floor":33,"turns":7},{"damage":2,"enemies":"3 Darklings","floor":35,"turns":4},{"damage":17,"enemies":"Orb Walker","floor":36,"turns":4},{"damage":43,"enemies":"2 Orb Walkers","floor":37,"turns":5},{"damage":13,"enemies":"Mind Bloom Boss Battle","floor":38,"turns":7},{"damage":2,"enemies":"Writhing Mass","floor":39,"turns":5},{"damage":8,"enemies":"Giant Head","floor":40,"turns":8},{"damage":82,"enemies":"Nemesis","floor":42,"turns":9},{"damage":1,"enemies":"4 Shapes","floor":45,"turns":3},{"damage":0,"enemies":"3 Darklings","floor":46,"turns":3},{"damage":0,"enemies":"Maw","floor":48,"turns":5},{"damage":36,"enemies":"Donu and Deca","floor":50,"turns":6},{"damage":36,"enemies":"Shield and Spear","floor":54,"turns":6},{"damage":24,"enemies":"The Heart","floor":55,"turns":8}],"seed_played":"-8784539028665848949","potions_obtained":[{"floor":3,"key":"DistilledChaos"},{"floor":7,"key":"ColorlessPotion"},{"floor":12,"key":"Fruit Juice"},{"floor":14,"key":"LifebloodPotion"},{"floor":16,"key":"Venom Potion"},{"floor":21,"key":"BlessingOfTheForge"},{"floor":28,"key":"Milkshake"},{"floor":31,"key":"Ancient Potion"},{"floor":35,"key":"SteroidPotion"},{"floor":40,"key":"SteroidPotion"},{"floor":46,"key":"Energy Potion"},{"floor":48,"key":"SpeedPotion"}],"is_trial":false,"path_per_floor":["M","M","M","?","?","R","E","R","T","R","E","M","?","M","R","B",null,"M","M","?","M","$","R","T","?","T","M","M","R","$","M","R","B",null,"M","M","?","?","M","E","?","E","T","$","M","M","$","M","R","B",null,"R","$","E","B",null],"character_chosen":"THE_BUGKNIGHT","items_purchased":["Counterbalance","HollowMod:MothsMistake","Fruit Juice","EntropicBrew","BargainBundle","LiquidBronze","ColorlessPotion","LiquidMemories","Replay:Wax Seal","Lee\u0027s Waffle","HollowMod:NewLittleFool","HollowMod:SharpenedShadows"],"campfire_rested":1,"item_purchase_floors":[0,0,0,0,22,22,22,22,30,44,44,47],"current_hp_per_floor":[50,51,48,48,48,48,53,53,53,53,39,45,34,32,72,66,85,78,85,85,77,77,77,77,77,77,85,85,85,85,84,84,70,85,85,85,51,66,82,78,78,11,11,92,92,92,92,92,92,80,92,92,92,74,92],"gold":66,"neow_bonus":"","is_daily":false,"chose_seed":false,"campfire_upgraded":7,"win_rate":0.0,"timestamp":1610119884,"path_taken":["M","M","M","?","?","R","E","R","T","R","E","M","?","M","R","BOSS","M","M","?","M","$","R","?","?","T","M","?","R","$","M","R","BOSS","M","M","?","?","M","E","?","E","T","$","?","M","?","M","R","BOSS","R","$","E","BOSS"],"items_purchased_type":["Relic","Card","Potion","Potion","Relic","Potion","Potion","Potion","Relic","Relic","Card","Card"],"build_version":"2020-12-22","purchased_purges":4,"victory":true,"max_hp_per_floor":[80,80,80,80,80,80,80,80,80,80,80,85,85,85,85,85,85,85,85,85,85,85,85,85,85,85,85,85,85,85,85,85,85,85,85,85,85,85,85,85,85,85,85,92,92,92,92,92,92,92,92,92,92,92,92],"card_choices":[{"not_picked":["HollowMod:QuirrelsAssistance","HollowMod:DreamGate","HollowMod:DesolateDive"],"picked":"SKIP","floor":1},{"not_picked":["HollowMod:CloakDash","HollowMod:ShadowDash"],"picked":"HollowMod:HeavyBlow","floor":2},{"not_picked":["HollowMod:SharpenedNail","HollowMod:DesolateDive"],"picked":"HollowMod:CloakDash","floor":3},{"not_picked":["HollowMod:NewGlowingWomb","HollowMod:ShapeofUnn"],"picked":"HollowMod:PerfectDash","floor":7},{"not_picked":["HollowMod:DoubleDash","HollowMod:HeavyBlow","HollowMod:DreamGate"],"picked":"SKIP","floor":11},{"not_picked":["HollowMod:NewJinnsSoul","HollowMod:CrystalDash"],"picked":"HollowMod:Hiveblood","floor":12},{"not_picked":["HollowMod:InfectedCysts","HollowMod:AbyssShriek","HollowMod:SharpenedShadows"],"picked":"SKIP","floor":14},{"not_picked":["HollowMod:ZotesMagnificence","HollowMod:PureVessel"],"picked":"HollowMod:VoidDash","floor":16},{"not_picked":["HollowMod:SoulStrike+1","HollowMod:GreatSlash","HollowMod:LifebloodCocoon+1"],"picked":"SKIP","floor":18},{"not_picked":["HollowMod:NewJinnsSoul","HollowMod:FallenFury"],"picked":"HollowMod:VengefulVoid","floor":19},{"not_picked":["HollowMod:SharpenedNail+1","HollowMod:DescendingDark+1"],"picked":"HollowMod:CloakDash","floor":20},{"not_picked":["HollowMod:DoubleDash","HollowMod:SoulShaman","HollowMod:ShapeofUnn"],"picked":"SKIP","floor":21},{"not_picked":["HollowMod:VengefulSpirit","HollowMod:InfectionAssault"],"picked":"HollowMod:ShadowDash","floor":27},{"not_picked":["HollowMod:DungDefenderAura","HollowMod:CloakDash","HollowMod:PureNailStrike+1"],"picked":"SKIP","floor":28},{"not_picked":["HollowMod:InfectedCysts","HollowMod:NewGlowingWomb","HollowMod:DoubleDash"],"picked":"SKIP","floor":31},{"not_picked":["HollowMod:PureVessel","HollowMod:Weaversong"],"picked":"HollowMod:SoulMaster","floor":33},{"not_picked":["HollowMod:LifebloodCocoon","HollowMod:BaldurShell+1","HollowMod:SharpenedNail+1"],"picked":"SKIP","floor":35},{"not_picked":["HollowMod:CycloneSlash+1","HollowMod:TaintedHusks+1","HollowMod:SoulShaman"],"picked":"SKIP","floor":36},{"not_picked":["HollowMod:FallenFury","HollowMod:AbyssShriek","HollowMod:SoulStrike+1"],"picked":"SKIP","floor":39},{"not_picked":["HollowMod:FallenFury","HollowMod:AbyssShriek","HollowMod:SoulStrike+1"],"picked":"SKIP","floor":39},{"not_picked":["HollowMod:InfectedAttack","HollowMod:Weaversong","HollowMod:VengefulVoid"],"picked":"SKIP","floor":40},{"not_picked":["HollowMod:InfectedAttack","HollowMod:Weaversong","HollowMod:VengefulVoid"],"picked":"SKIP","floor":40},{"not_picked":["HollowMod:InfectedAttack","HollowMod:Weaversong","HollowMod:VengefulVoid"],"picked":"SKIP","floor":40},{"not_picked":["HollowMod:CycloneSlash+1","HollowMod:SharpenedNail+1","HollowMod:DoubleDash+1"],"picked":"SKIP","floor":42},{"not_picked":["HollowMod:CornifersMapStart","HollowMod:NewLittleFool","HollowMod:DungDefenderAura"],"picked":"SKIP","floor":45},{"not_picked":["HollowMod:NewLittleFool+1","HollowMod:DesolateDive","HollowMod:CycloneSlash"],"picked":"SKIP","floor":46},{"not_picked":["HollowMod:ShadowDash+1","HollowMod:DescendingDark","HollowMod:SoulStrike"],"picked":"SKIP","floor":48},{"not_picked":["HollowMod:AwokenDreamNail","HollowMod:NewLittleFool+1","HollowMod:MidwifesHunger"],"picked":"SKIP","floor":54}],"player_experience":462570,"relics_obtained":[{"floor":7,"key":"Potion Belt"},{"floor":9,"key":"Orichalcum"},{"floor":11,"key":"Regal Pillow"},{"floor":20,"key":"HollowMod:GreatKnightMask"},{"floor":24,"key":"Gremlin Horn"},{"floor":26,"key":"Bag of Preparation"},{"floor":37,"key":"Turnip"},{"floor":38,"key":"Ginger"},{"floor":40,"key":"Bronze Scales"},{"floor":42,"key":"Iron Hammer"},{"floor":54,"key":"Mirror"}],"event_choices":[{"cards_removed":["HollowMod:QuickDashStart"],"damage_healed":0,"gold_gain":0,"player_choice":"Card Removal","damage_taken":0,"max_hp_gain":0,"max_hp_loss":0,"event_name":"The Cleric","floor":4,"gold_loss":50},{"damage_healed":0,"gold_gain":75,"player_choice":"Gather Gold","damage_taken":11,"max_hp_gain":0,"max_hp_loss":0,"event_name":"World of Goop","floor":13,"gold_loss":0},{"cards_removed":["HollowMod:QuickDashStart"],"damage_healed":0,"gold_gain":0,"player_choice":"Gave Gold","damage_taken":0,"max_hp_gain":0,"max_hp_loss":0,"event_name":"Beggar","floor":25,"gold_loss":75},{"damage_healed":0,"gold_gain":0,"player_choice":"Fight","damage_taken":0,"max_hp_gain":0,"max_hp_loss":0,"event_name":"Mysterious Sphere","floor":37,"gold_loss":0},{"damage_healed":0,"gold_gain":0,"player_choice":"Fight","damage_taken":0,"max_hp_gain":0,"max_hp_loss":0,"event_name":"MindBloom","floor":38,"gold_loss":0},{"cards_removed":["HollowMod:NailStrikeStart"],"damage_healed":0,"gold_gain":0,"player_choice":"Offered Basic","damage_taken":0,"max_hp_gain":0,"max_hp_loss":0,"event_name":"Bonfire Elementals","floor":41,"gold_loss":0}],"is_beta":false,"boss_relics":[{"not_picked":["Busted Crown","SacredBark"],"picked":"Coffee Dripper"},{"not_picked":["Replay:Wanted Poster","ReplayTheSpireMod:DimensionalGlitch"],"picked":"Runic Pyramid"}],"items_purged_floors":[0,22,30,44],"is_endless":false,"potions_floor_spawned":[3,7,12,14,16,21,28,31,35,40,46,48],"ascension_level":0}}