{"host":"mmqs5ul2bvb60kyc","time":1610082084,"event":{"mods":["AchievementEnabler","BaseMod","Minty Spire (QoL Compilation)","StSLib"],"gold_per_floor":[116,116,116,116,135,161,161,196,221,247,3,3,30,30,30,127,127,138,138,63,80,80,111,111,140,140,157,1,19,19,32,32,136,136,146,165,175,225,242,275,275,309,309,327,346,359,359,384,384,384,384,384,53,85,85],"floor_reached":56,"playtime":2763,"items_purged":["Strike_R","Strike_R+1"],"score":1868,"play_id":"e3f24ff3-32e9-4bcc-89f4-88e322c52fb1","local_time":"20210108130124","is_ascension_mode":true,"campfire_choices":[{"data":"True Grit","floor":7.0,"key":"SMITH"},{"data":"Carnage","floor":12.0,"key":"SMITH"},{"floor":15.0,"key":"REST"},{"data":"Limit Break","floor":24.0,"key":"SMITH"},{"data":"Demon Form","floor":32.0,"key":"SMITH"},{"floor":47.0,"key":"RECALL"},{"data":"Second Wind","floor":49.0,"key":"SMITH"},{"floor":52.0,"key":"REST"}],"circlet_count":0,"master_deck":["AscendersBane","Strike_R+1","Defend_R+1","Defend_R","Defend_R","Defend_R","Bash","Flex","Whirlwind","Carnage+1","True Grit+1","Fire Breathing","Second Wind+1","Reaper+1","Demon Form+1","Limit Break+1","Inflame+1","Pommel Strike+1","Double Tap","Pommel Strike+1","Seeing Red+1","Feel No Pain+1","Warcry+1","Burning Pact+1","Fiend Fire","Barricade"],"relics":["Burning Blood","Vajra","WarpedTongs","CaptainsWheel","Bag of Marbles","Red Skull","Toy Ornithopter","Sundial","Dream Catcher","Runic Pyramid","Nilry\u0027s Codex","The Courier","Whetstone","Membership Card","Mark of Pain","Bird Faced Urn","Pantograph","Meat on the Bone","Anchor","Gambling Chip","Cauldron","Bottled Tornado","Thread and Needle","Gremlin Horn"],"acts_visited":["Exordium","TheCity","TheBeyond","TheEnding"],"potions_floor_usage":[55,55],"damage_taken":[{"damage":11.0,"enemies":"Cultist","floor":1.0,"turns":3.0},{"damage":0.0,"enemies":"2 Louse","floor":5.0,"turns":1.0},{"damage":19.0,"enemies":"Lagavulin","floor":6.0,"turns":5.0},{"damage":11.0,"enemies":"Gremlin Nob","floor":8.0,"turns":4.0},{"damage":7.0,"enemies":"3 Sentries","floor":10.0,"turns":4.0},{"damage":9.0,"enemies":"Gremlin Nob","floor":13.0,"turns":4.0},{"damage":13.0,"enemies":"Slime Boss","floor":16.0,"turns":5.0},{"damage":3.0,"enemies":"3 Byrds","floor":18.0,"turns":4.0},{"damage":4.0,"enemies":"Chosen","floor":21.0,"turns":5.0},{"damage":29.0,"enemies":"Book of Stabbing","floor":23.0,"turns":4.0},{"damage":14.0,"enemies":"Gremlin Leader","floor":25.0,"turns":6.0},{"damage":24.0,"enemies":"Snake Plant","floor":27.0,"turns":5.0},{"damage":28.0,"enemies":"Centurion and Healer","floor":29.0,"turns":5.0},{"damage":42.0,"enemies":"Sentry and Sphere","floor":31.0,"turns":6.0},{"damage":10.0,"enemies":"Champ","floor":33.0,"turns":7.0},{"damage":0.0,"enemies":"3 Darklings","floor":35.0,"turns":3.0},{"damage":0.0,"enemies":"3 Shapes","floor":36.0,"turns":2.0},{"damage":28.0,"enemies":"Jaw Worm Horde","floor":37.0,"turns":4.0},{"damage":0.0,"enemies":"Mind Bloom Boss Battle","floor":38.0,"turns":5.0},{"damage":45.0,"enemies":"Writhing Mass","floor":39.0,"turns":7.0},{"damage":61.0,"enemies":"Nemesis","floor":40.0,"turns":9.0},{"damage":32.0,"enemies":"Giant Head","floor":42.0,"turns":7.0},{"damage":23.0,"enemies":"Transient","floor":44.0,"turns":5.0},{"damage":40.0,"enemies":"4 Shapes","floor":45.0,"turns":7.0},{"damage":20.0,"enemies":"3 Darklings","floor":46.0,"turns":5.0},{"damage":27.0,"enemies":"Nemesis","floor":48.0,"turns":7.0},{"damage":28.0,"enemies":"Time Eater","floor":50.0,"turns":6.0},{"damage":77,"enemies":"Shield and Spear","floor":54,"turns":6},{"damage":52,"enemies":"The Heart","floor":55,"turns":8}],"seed_played":"5866139682214262013","potions_obtained":[{"floor":5.0,"key":"Weak Potion"},{"floor":6.0,"key":"BloodPotion"},{"floor":10.0,"key":"Fire Potion"},{"floor":16.0,"key":"Strength Potion"},{"floor":31.0,"key":"ElixirPotion"},{"floor":40.0,"key":"Fire Potion"},{"floor":46.0,"key":"ColorlessPotion"},{"floor":53.0,"key":"Ancient Potion"}],"is_trial":false,"path_per_floor":["M","?","?","?","M","E","R","E","T","E","$","R","E","?","R","B",null,"M","?","?","M","?","E","R","E","T","M","$","M","$","M","R","B",null,"M","M","M","?","M","E","?","E","T","M","M","M","R","E","R","B",null,"R","$","E","B",null],"character_chosen":"IRONCLAD","items_purchased":["Sundial","Membership Card","Cauldron","Bottled Tornado","Thread and Needle"],"campfire_rested":2,"item_purchase_floors":[11,28,53,53,53],"current_hp_per_floor":[67,67,49,49,55,42,42,37,37,36,36,36,33,17,41,34,69,80,80,80,80,64,65,65,57,57,39,39,58,58,40,40,36,69,75,80,80,80,68,44,44,26,26,53,80,80,80,67,67,66,77,80,80,52,54],"gold":85,"neow_bonus":"TRANSFORM_TWO_CARDS","is_daily":false,"chose_seed":false,"campfire_upgraded":5,"win_rate":0.0,"timestamp":1610082084,"path_taken":["M","?","?","?","?","E","R","E","T","E","$","R","E","?","R","BOSS","M","?","?","M","?","E","R","E","T","M","$","M","?","M","R","BOSS","M","M","M","?","M","E","?","E","T","M","M","?","R","E","R","BOSS","R","$","E","BOSS"],"items_purchased_type":["Relic","Relic","Relic","Relic","Relic"],"build_version":"2020-12-22","purchased_purges":2,"victory":true,"max_hp_per_floor":[80,80,80,80,80,80,80,80,80,80,80,80,80,80,80,80,80,80,80,80,80,80,80,80,80,80,80,80,80,80,80,80,80,80,80,80,80,80,80,80,80,80,80,80,80,80,80,80,80,80,80,80,80,80,80],"card_choices":[{"not_picked":["Hemokinesis","Twin Strike"],"picked":"Carnage","floor":1.0},{"not_picked":["Flex","Twin Strike"],"picked":"True Grit","floor":5.0},{"not_picked":["Entrench","Flex","Sentinel"],"picked":"SKIP","floor":6.0},{"not_picked":["Heavy Blade","Iron Wave"],"picked":"Fire Breathing","floor":8.0},{"not_picked":["Wild Strike","Heavy Blade"],"picked":"Second Wind","floor":10.0},{"not_picked":["Headbutt","Thunderclap"],"picked":"Reaper","floor":13.0},{"not_picked":["Exhume","Feed"],"picked":"Demon Form","floor":16.0},{"not_picked":["Flame Barrier","Sentinel+1","Twin Strike"],"picked":"SKIP","floor":18.0},{"not_picked":["Havoc","Iron Wave","Heavy Blade"],"picked":"SKIP","floor":21.0},{"not_picked":["Uppercut","Heavy Blade+1"],"picked":"Limit Break","floor":23.0},{"not_picked":["Searing Blow+1","Anger"],"picked":"Inflame+1","floor":25.0},{"not_picked":["Hemokinesis","Warcry","Clothesline"],"picked":"SKIP","floor":27.0},{"not_picked":["Fire Breathing","Intimidate"],"picked":"Pommel Strike+1","floor":29.0},{"not_picked":["Flex","Sword Boomerang","Armaments"],"picked":"SKIP","floor":31.0},{"not_picked":["Demon Form","Brutality"],"picked":"Double Tap","floor":33.0},{"not_picked":["True Grit","Rage","Thunderclap"],"picked":"SKIP","floor":35.0},{"not_picked":["Clash+1","Iron Wave","Searing Blow"],"picked":"SKIP","floor":36.0},{"not_picked":["Dual Wield+1","Pummel"],"picked":"Pommel Strike+1","floor":37.0},{"not_picked":["Rampage","Heavy Blade"],"picked":"Seeing Red+1","floor":38.0},{"not_picked":["Spot Weakness+1","Sword Boomerang"],"picked":"Feel No Pain+1","floor":39.0},{"not_picked":["Reckless Charge","Cleave","Havoc"],"picked":"SKIP","floor":40.0},{"not_picked":["Seeing Red+1","Twin Strike+1","Metallicize+1"],"picked":"SKIP","floor":42.0},{"not_picked":["Heavy Blade+1","Shrug It Off+1"],"picked":"Warcry+1","floor":44.0},{"not_picked":["Sentinel+1","Spot Weakness+1"],"picked":"Burning Pact+1","floor":45.0},{"not_picked":["Anger","Twin Strike+1"],"picked":"Fiend Fire","floor":46.0},{"not_picked":["Clothesline+1","Sword Boomerang+1","Uppercut"],"picked":"SKIP","floor":48.0},{"not_picked":["Evolve+1","Sword Boomerang"],"picked":"Barricade","floor":52.0},{"not_picked":["Spot Weakness","Uppercut","Whirlwind"],"picked":"SKIP","floor":54}],"player_experience":239118,"relics_obtained":[{"floor":6.0,"key":"CaptainsWheel"},{"floor":8.0,"key":"Bag of Marbles"},{"floor":9.0,"key":"Red Skull"},{"floor":10.0,"key":"Toy Ornithopter"},{"floor":13.0,"key":"Dream Catcher"},{"floor":22.0,"key":"Nilry\u0027s Codex"},{"floor":23.0,"key":"The Courier"},{"floor":25.0,"key":"Whetstone"},{"floor":38.0,"key":"Bird Faced Urn"},{"floor":40.0,"key":"Pantograph"},{"floor":42.0,"key":"Meat on the Bone"},{"floor":43.0,"key":"Anchor"},{"floor":48.0,"key":"Gambling Chip"},{"floor":54,"key":"Gremlin Horn"}],"event_choices":[{"cards_removed":["Pain"],"damage_healed":0.0,"max_hp_gain":0.0,"max_hp_loss":0.0,"gold_gain":0.0,"event_name":"Living Wall","player_choice":"Forget","floor":2.0,"gold_loss":0.0,"damage_taken":0.0},{"damage_healed":0.0,"max_hp_gain":0.0,"max_hp_loss":0.0,"gold_gain":0.0,"event_name":"Scrap Ooze","player_choice":"Success","floor":3.0,"gold_loss":0.0,"damage_taken":18.0,"relics_obtained":["Vajra"]},{"damage_healed":0.0,"max_hp_gain":0.0,"max_hp_loss":0.0,"gold_gain":0.0,"event_name":"Accursed Blacksmith","player_choice":"Rummage","floor":4.0,"gold_loss":0.0,"damage_taken":0.0,"relics_obtained":["WarpedTongs"],"cards_obtained":["Pain"]},{"damage_healed":0.0,"max_hp_gain":0.0,"max_hp_loss":0.0,"gold_gain":0.0,"event_name":"Shining Light","player_choice":"Entered Light","floor":14.0,"gold_loss":0.0,"damage_taken":16.0,"cards_upgraded":["Defend_R","Strike_R"]},{"damage_healed":0.0,"max_hp_gain":0.0,"max_hp_loss":0.0,"gold_gain":0.0,"event_name":"Vampires","player_choice":"Ignored","floor":19.0,"gold_loss":0.0,"damage_taken":0.0},{"cards_removed":["Pain"],"damage_healed":0.0,"max_hp_gain":0.0,"max_hp_loss":0.0,"gold_gain":0.0,"event_name":"Beggar","player_choice":"Gave Gold","floor":20.0,"gold_loss":75.0,"damage_taken":0.0},{"damage_healed":0.0,"max_hp_gain":0.0,"max_hp_loss":0.0,"gold_gain":0.0,"event_name":"Cursed Tome","player_choice":"Obtained Book","floor":22.0,"gold_loss":0.0,"damage_taken":16.0},{"damage_healed":0.0,"max_hp_gain":0.0,"max_hp_loss":0.0,"gold_gain":0.0,"event_name":"MindBloom","player_choice":"Fight","floor":38.0,"gold_loss":0.0,"damage_taken":0.0},{"damage_healed":0.0,"max_hp_gain":0.0,"max_hp_loss":0.0,"gold_gain":0.0,"event_name":"Tomb of Lord Red Mask","player_choice":"Ignored","floor":41.0,"gold_loss":0.0,"damage_taken":0.0}],"is_beta":false,"boss_relics":[{"not_picked":["SacredBark","Black Blood"],"picked":"Runic Pyramid"},{"not_picked":["Calling Bell","Astrolabe"],"picked":"Mark of Pain"}],"items_purged_floors":[28,53],"is_endless":false,"potions_floor_spawned":[5,6,10,16,21,25,31,33,36,37,39,40,46,54],"ascension_level":11}}