{"host":"J","time":1610119906,"event":{"mods":["BaseMod","Better Third Choice","Minty Spire (QoL Compilation)","StSLib"],"gold_per_floor":[111,111,123,48,63,78,78,111,138,138,138],"floor_reached":10,"playtime":425,"items_purged":[],"score":136,"play_id":"6efa2ba6-581a-4d94-a4ae-8ee38027f268","local_time":"20210108163146","is_ascension_mode":true,"campfire_choices":[{"floor":7.0,"key":"REST"}],"circlet_count":0,"master_deck":["AscendersBane","Strike_G","Strike_G","Strike_G","Strike_G","Strike_G","Defend_G","Defend_G","Defend_G","Defend_G","Defend_G","Survivor","Neutralize","Dark Shackles","Poisoned Stab","BootSequence+1","Blade Dance","Footwork","Dagger Throw","Terror","Leg Sweep","Corpse Explosion"],"relics":["Ring of the Snake","Dream Catcher","Pen Nib","Anchor"],"acts_visited":["Exordium"],"potions_floor_usage":[8],"damage_taken":[{"damage":0.0,"enemies":"Cultist","floor":1.0,"turns":4.0},{"damage":0.0,"enemies":"Jaw Worm","floor":3.0,"turns":5.0},{"damage":0.0,"enemies":"2 Louse","floor":5.0,"turns":3.0},{"damage":1.0,"enemies":"Looter","floor":6.0,"turns":3.0},{"damage":12,"enemies":"Lagavulin","floor":8,"turns":8},{"damage":39,"enemies":"Gremlin Nob","floor":10,"turns":3}],"seed_played":"2230403065507192385","potions_obtained":[{"floor":1.0,"key":"SteroidPotion"},{"floor":5.0,"key":"Fire Potion"}],"is_trial":false,"path_per_floor":["M","?","M","$","M","M","R","E","T","E"],"character_chosen":"THE_SILENT","items_purchased":["Footwork"],"campfire_rested":1,"item_purchase_floors":[4],"current_hp_per_floor":[59,21,21,21,21,20,39,27,27,0,0],"gold":138,"neow_bonus":"RANDOM_COLORLESS","is_daily":false,"chose_seed":false,"campfire_upgraded":0,"win_rate":0.0,"timestamp":1610119906,"path_taken":["M","?","M","$","M","M","R","E","T","E"],"items_purchased_type":["Card"],"build_version":"2020-12-18","purchased_purges":0,"victory":false,"max_hp_per_floor":[66,66,66,66,66,66,66,66,66,66,66],"card_choices":[{"not_picked":["Forethought","Purity"],"picked":"Dark Shackles","floor":0.0},{"not_picked":["Well Laid Plans","Prepared"],"picked":"Poisoned Stab","floor":1.0},{"not_picked":["Infinite Blades","All Out Attack"],"picked":"Blade Dance","floor":3.0},{"not_picked":["Acrobatics","Eviscerate"],"picked":"Dagger Throw","floor":5.0},{"not_picked":["PiercingWail","Escape Plan"],"picked":"Terror","floor":6.0},{"not_picked":["Dodge and Roll","Acrobatics"],"picked":"Leg Sweep","floor":7.0},{"not_picked":["Deflect","PiercingWail"],"picked":"Corpse Explosion","floor":8}],"player_experience":1078269,"relics_obtained":[{"floor":8,"key":"Pen Nib"},{"floor":9,"key":"Anchor"}],"event_choices":[],"is_beta":true,"boss_relics":[],"items_purged_floors":[],"is_endless":false,"potions_floor_spawned":[1,5],"killed_by":"Gremlin Nob","ascension_level":20}}