{"host":"08nxni9rwzvm98vp","time":1610119187,"event":{"mods":["AchievementEnabler","BaseMod","Card Forge","Colored Powertips","Gold Saver","Googly Eyes","Highlight Path","Marisa£¨Ùöéë¡¡Øª×âÞÞ£©","Minty Spire (QoL Compilation)","Quick Restart","Rare Cards Sparkle","Shop Mod","StSLib","SuperFastMode"],"gold_per_floor":[927,944,141,168,148,174,74,104,172,186,136,150,179,179,179,279,279,299,313,1,15,73,105,105,140,140,140,159,186,295,308,308,413,413,429,440,449,90,107,133,133,152,202,212,97,137,156,184,184,184,184,184,440,465,465],"floor_reached":56,"playtime":2514,"items_purged":["Strike_MRS","Singularity+1"],"score":1678,"play_id":"c12b42e4-43cc-46cc-87a7-79678fa9e710","local_time":"20210109001947","is_ascension_mode":true,"campfire_choices":[{"data":"OortCloud","floor":15.0,"key":"SMITH"},{"data":"AbsoluteMagnitude","floor":24,"key":"SMITH"},{"floor":27,"key":"RECALL"},{"data":"ChargingUp","floor":32,"key":"SMITH"},{"floor":41,"key":"REST"},{"data":"Acceleration","floor":49,"key":"SMITH"},{"floor":52,"key":"REST"}],"circlet_count":0,"master_deck":["ChargingUp+1","AbsoluteMagnitude+1","UltimateShortwave+1","PropBag+1","MillisecondPulsars+1","EnergyRecoil+1","EnergyFlow+1","Panache+1","Good Instincts+1","Parasite","Parasite","OortCloud+1","AbsoluteMagnitude+1","GalacticHalo+1","OortCloud+1","ChargingUp+1","Acceleration+1"],"relics":["MiniHakkero","Hammer of Thor","Seething Fire","Anvil of the Gods","MerchantsRug","SimpleLauncher","Orichalcum","ShroomBag","Calipers","Philosopher\u0027s Stone","Mummified Hand","Nunchaku","Lantern","FossilizedHelix","Ornamental Fan","Busted Crown","Potion Belt","StoneCalendar","Ancient Tea Set","PreservedInsect","Akabeko","Bronze Scales","War Paint"],"acts_visited":["Exordium","TheCity","TheBeyond","TheEnding"],"potions_floor_usage":[39],"damage_taken":[{"damage":1.0,"enemies":"Cultist","floor":1.0,"turns":4.0},{"damage":2.0,"enemies":"2 Louse","floor":2.0,"turns":2.0},{"damage":10.0,"enemies":"3 Sentries","floor":6.0,"turns":7.0},{"damage":0.0,"enemies":"Lagavulin","floor":8.0,"turns":2.0},{"damage":0.0,"enemies":"Small Slimes","floor":10.0,"turns":2.0},{"damage":0.0,"enemies":"2 Fungi Beasts","floor":12.0,"turns":3.0},{"damage":0.0,"enemies":"3 Sentries","floor":13.0,"turns":5.0},{"damage":9.0,"enemies":"Hexaghost","floor":16.0,"turns":3.0},{"damage":16,"enemies":"2 Thieves","floor":18,"turns":3},{"damage":21,"enemies":"3 Byrds","floor":19,"turns":4},{"damage":0,"enemies":"Snecko","floor":21,"turns":2},{"damage":12,"enemies":"Slavers","floor":23,"turns":7},{"damage":2,"enemies":"Gremlin Leader","floor":25,"turns":4},{"damage":0,"enemies":"Sentry and Sphere","floor":28,"turns":4},{"damage":7,"enemies":"Book of Stabbing","floor":29,"turns":3},{"damage":13,"enemies":"Colosseum Slavers","floor":30,"turns":3},{"damage":0,"enemies":"Colosseum Nobs","floor":30,"turns":4},{"damage":0,"enemies":"Centurion and Healer","floor":31,"turns":3},{"damage":0,"enemies":"Automaton","floor":33,"turns":2},{"damage":8,"enemies":"3 Darklings","floor":35,"turns":6},{"damage":0,"enemies":"3 Shapes","floor":36,"turns":5},{"damage":0,"enemies":"Transient","floor":39,"turns":4},{"damage":0,"enemies":"Giant Head","floor":40,"turns":2},{"damage":11,"enemies":"Jaw Worm Horde","floor":42,"turns":4},{"damage":0,"enemies":"Writhing Mass","floor":44,"turns":2},{"damage":0,"enemies":"Reptomancer","floor":46,"turns":2},{"damage":11,"enemies":"3 Darklings","floor":47,"turns":5},{"damage":0,"enemies":"Giant Head","floor":48,"turns":2},{"damage":0,"enemies":"Time Eater","floor":50,"turns":3},{"damage":0,"enemies":"Shield and Spear","floor":54,"turns":3},{"damage":61,"enemies":"The Heart","floor":55,"turns":7}],"seed_played":"8226651165451134905","potions_obtained":[{"floor":1.0,"key":"ShroomBrew"},{"floor":5.0,"key":"Fire Potion"},{"floor":13.0,"key":"ShroomBrew"},{"floor":19,"key":"PowerPotion"},{"floor":23,"key":"LiquidBronze"},{"floor":25,"key":"ColorlessPotion"},{"floor":29,"key":"FearPotion"},{"floor":30,"key":"SpeedPotion"},{"floor":42,"key":"ShroomBrew"},{"floor":46,"key":"LiquidMemories"},{"floor":47,"key":"PowerPotion"}],"is_trial":false,"path_per_floor":["M","M","$","T","?","E","$","E","T","M","?","M","E","?","R","B",null,"M","M","$","M","$","E","R","E","T","R","M","E","?","M","R","B",null,"M","M","?","$","M","E","R","M","T","M","$","E","M","E","R","B",null,"R","$","E","B",null],"character_chosen":"MARISA","items_purchased":["MerchantsRug","SimpleLauncher","Orichalcum","AbsoluteMagnitude","Mummified Hand","DollysMirror","Potion Belt","StoneCalendar","PreservedInsect"],"campfire_rested":2,"item_purchase_floors":[3,3,3,3,20,20,38,38,45],"current_hp_per_floor":[74,72,72,72,72,76,76,80,80,82,82,85,85,85,85,76,85,73,56,56,58,58,50,50,52,52,52,56,53,48,50,50,52,85,81,85,91,91,91,91,91,82,82,86,86,86,79,79,79,83,91,91,91,91,30],"gold":465,"neow_bonus":"ONE_RANDOM_RARE_CARD","is_daily":false,"chose_seed":false,"campfire_upgraded":4,"win_rate":0.0,"timestamp":1610119187,"path_taken":["M","M","$","?","?","E","$","E","T","?","?","M","E","?","R","BOSS","M","M","$","M","$","E","R","E","T","R","M","E","?","M","R","BOSS","M","M","?","$","M","E","R","M","T","M","$","E","?","E","R","BOSS","R","$","E","BOSS"],"items_purchased_type":["Relic","Relic","Relic","Card","Relic","Relic","Relic","Relic","Relic"],"build_version":"2020-12-22","purchased_purges":2,"victory":true,"max_hp_per_floor":[75,75,75,75,75,85,85,85,85,85,85,85,85,85,85,85,85,85,85,85,85,85,85,85,85,85,85,85,85,85,85,85,85,85,85,85,91,91,91,91,91,91,91,91,91,91,91,91,91,91,91,91,91,91,91],"card_choices":[{"not_picked":["Robbery","MilkyWay","DarkMatter"],"picked":"SKIP","floor":1.0},{"not_picked":["Orbital","SprinkleStarSeal"],"picked":"ChargingUp","floor":2.0},{"not_picked":["AsteroidBelt","GrandCross","WitchOfGreed"],"picked":"SKIP","floor":6.0},{"not_picked":["MilkyWay","PowerUp","ManaConvection"],"picked":"SKIP","floor":8.0},{"not_picked":["DoubleSpark","6A"],"picked":"OortCloud","floor":10.0},{"not_picked":["DC","SporeBomb","WitchOfGreed"],"picked":"SKIP","floor":12.0},{"not_picked":["PowerUp","MagicChant","DarkSpark"],"picked":"SKIP","floor":13.0},{"not_picked":["StarDustReverie","TreasureHunter"],"picked":"AbsoluteMagnitude","floor":16.0},{"not_picked":["SporeBomb+1","StarBarrage+1","ShootTheMoon"],"picked":"SKIP","floor":18},{"not_picked":["DoubleSpark","EarthLightRay"],"picked":"GalacticHalo+1","floor":19},{"not_picked":["WitchOfGreed","AlicesGift","MysteriousBeam"],"picked":"SKIP","floor":21},{"not_picked":["BinaryStars","PowerUp","AsteroidBelt"],"picked":"SKIP","floor":23},{"not_picked":["Occultation+1","PropBag","UnstableBomb+1"],"picked":"SKIP","floor":25},{"not_picked":["MysteriousBeam+1","Acceleration","LuminesStrike+1"],"picked":"SKIP","floor":28},{"not_picked":["EventHorizon+1","CasketOfStar","SuperNova"],"picked":"SKIP","floor":29},{"not_picked":["MysteriousBeam+1","DoubleSpark"],"picked":"ChargingUp","floor":30},{"not_picked":["EnergyFlow","IllusionStar+1","EventHorizon"],"picked":"SKIP","floor":31},{"not_picked":["AsteroidBelt"],"picked":"SKIP","floor":35},{"not_picked":["LuminesStrike"],"picked":"SKIP","floor":36},{"not_picked":["DoubleSpark"],"picked":"SKIP","floor":39},{"not_picked":["6A+1"],"picked":"SKIP","floor":40},{"not_picked":["Occultation+1"],"picked":"SKIP","floor":42},{"not_picked":["OpenUniverse+1"],"picked":"SKIP","floor":44},{"not_picked":[],"picked":"Acceleration","floor":46},{"not_picked":["GravityBeat+1"],"picked":"SKIP","floor":47},{"not_picked":["SuperPerseids"],"picked":"SKIP","floor":48},{"not_picked":["RefractionSpark+1"],"picked":"SKIP","floor":54}],"player_experience":665763,"relics_obtained":[{"floor":4.0,"key":"ShroomBag"},{"floor":6.0,"key":"Pear"},{"floor":8.0,"key":"The Courier"},{"floor":9.0,"key":"Darkstone Periapt"},{"floor":13.0,"key":"Calipers"},{"floor":23,"key":"Nunchaku"},{"floor":25,"key":"CeramicFish"},{"floor":29,"key":"Lantern"},{"floor":30,"key":"FossilizedHelix"},{"floor":30,"key":"Ornamental Fan"},{"floor":40,"key":"Whetstone"},{"floor":43,"key":"Ancient Tea Set"},{"floor":46,"key":"Akabeko"},{"floor":48,"key":"Bronze Scales"},{"floor":54,"key":"War Paint"}],"event_choices":[{"damage_healed":0.0,"max_hp_gain":0.0,"max_hp_loss":0.0,"gold_gain":0.0,"event_name":"The Woman in Blue","player_choice":"Bought 1 Potion","floor":5.0,"gold_loss":0.0,"damage_taken":0.0},{"cards_removed":["Finesse"],"damage_healed":0.0,"max_hp_gain":0.0,"max_hp_loss":0.0,"gold_gain":0.0,"event_name":"The Cleric","player_choice":"Card Removal","floor":11.0,"gold_loss":50.0,"damage_taken":0.0},{"cards_removed":["PulseMagic"],"damage_healed":0.0,"max_hp_gain":0.0,"max_hp_loss":0.0,"gold_gain":0.0,"event_name":"Living Wall","player_choice":"Forget","floor":14.0,"gold_loss":0.0,"damage_taken":0.0},{"damage_healed":0,"gold_gain":0,"player_choice":"Fight","damage_taken":0,"max_hp_gain":0,"max_hp_loss":0,"event_name":"Colosseum","floor":30,"gold_loss":0},{"damage_healed":0,"gold_gain":0,"player_choice":"Fought Nobs","damage_taken":0,"max_hp_gain":0,"max_hp_loss":0,"event_name":"Colosseum","floor":30,"gold_loss":0},{"damage_healed":0,"gold_gain":0,"player_choice":"Cursed","damage_taken":0,"max_hp_gain":0,"max_hp_loss":0,"event_name":"Wheel of Change","floor":37,"gold_loss":0,"cards_obtained":["Decay"]}],"is_beta":false,"boss_relics":[{"not_picked":["Runic Dome","Pandora\u0027s Box"],"picked":"Philosopher\u0027s Stone"},{"not_picked":["Coffee Dripper","ExperimentalFamiliar"],"picked":"Busted Crown"}],"items_purged_floors":[3,7],"is_endless":false,"potions_floor_spawned":[1,2,8,10,13,19,23,25,29,30,39,42,46,47],"ascension_level":1}}