{"host":"4qkvkh7pd9qr2mca","time":1610114402,"event":{"mods":["AchievementEnabler","BaseMod","Colored Map","Colored Powertips","Highlight Path","Minty Spire (QoL Compilation)","Permanent Neow","Quick Restart","StSLib","SuperFastMode"],"gold_per_floor":[110,121,139,151,151,176,176,193,220,220,248,267,51,80,80,159,159,171,171,171,171,186,186,220,245,257,288,300,330,342,365,377,463,475,507,519,548,560,622,634,688,700,764,193,216,226,17,44,44,44,44],"floor_reached":50,"playtime":2354,"items_purged":["Parasite","Writhe"],"score":1053,"play_id":"034522b1-a7cf-45e0-b408-f50cb6247d1c","local_time":"20210108150002","is_ascension_mode":true,"campfire_choices":[{"floor":10.0,"key":"REST"},{"data":"Sadistic Nature","floor":15.0,"key":"SMITH"},{"floor":23.0,"key":"REST"},{"floor":28.0,"key":"REST"},{"floor":30,"key":"REST"},{"data":"Night Terror","floor":32,"key":"SMITH"},{"floor":40,"key":"REST"},{"floor":42,"key":"REST"},{"floor":49,"key":"REST"}],"circlet_count":0,"master_deck":["AscendersBane","Survivor","Neutralize+1","Sadistic Nature+1","Dash+1","Dagger Throw","Endless Agony","Acrobatics","Leg Sweep","Calculated Gamble","Dagger Spray","Noxious Fumes","PiercingWail","Slice","Night Terror+1","Caltrops","Reflex","Malaise","Doppelganger","Deadly Poison","Flying Knee","Masterful Stab","Dagger Throw","Terror","Dodge and Roll","RitualDagger","Deflect+1","Prepared+1","Acrobatics+1","Endless Agony","Catalyst","Die Die Die","CurseOfTheBell","Well Laid Plans","Backflip","Panacea","Tactician+1","Backflip+1","Backflip","Sucker Punch+1"],"relics":["Ring of the Snake","Shuriken","Bronze Scales","Whetstone","Blood Vial","Pandora\u0027s Box","Ninja Scroll","MawBank","Paper Crane","Calling Bell","Happy Flower","Question Card","Lizard Tail","CeramicFish","Nunchaku","Ginger","TwistedFunnel","OrangePellets"],"acts_visited":["Exordium","TheCity","TheBeyond"],"potions_floor_usage":[33,41,45,50,50,50],"damage_taken":[{"damage":2.0,"enemies":"Jaw Worm","floor":1.0,"turns":7.0},{"damage":0.0,"enemies":"2 Louse","floor":2.0,"turns":3.0},{"damage":1.0,"enemies":"Small Slimes","floor":3.0,"turns":4.0},{"damage":0.0,"enemies":"2 Fungi Beasts","floor":4.0,"turns":3.0},{"damage":16.0,"enemies":"Gremlin Nob","floor":6.0,"turns":4.0},{"damage":4.0,"enemies":"Red Slaver","floor":8.0,"turns":3.0},{"damage":5.0,"enemies":"Lagavulin","floor":11.0,"turns":8.0},{"damage":0.0,"enemies":"Blue Slaver","floor":12.0,"turns":2.0},{"damage":10.0,"enemies":"Gremlin Nob","floor":14.0,"turns":4.0},{"damage":25.0,"enemies":"Slime Boss","floor":16.0,"turns":8.0},{"damage":6.0,"enemies":"Chosen","floor":18.0,"turns":3.0},{"damage":11.0,"enemies":"Shell Parasite","floor":22.0,"turns":3.0},{"damage":18.0,"enemies":"Gremlin Leader","floor":24.0,"turns":5.0},{"damage":21.0,"enemies":"Shelled Parasite and Fungi","floor":25.0,"turns":2.0},{"damage":0.0,"enemies":"Chosen and Byrds","floor":27.0,"turns":5.0},{"damage":0,"enemies":"3 Cultists","floor":29,"turns":3},{"damage":11,"enemies":"Snake Plant","floor":31,"turns":3},{"damage":13,"enemies":"Collector","floor":33,"turns":6},{"damage":19,"enemies":"3 Darklings","floor":35,"turns":5},{"damage":5,"enemies":"Orb Walker","floor":37,"turns":4},{"damage":25,"enemies":"Reptomancer","floor":41,"turns":6},{"damage":16,"enemies":"Transient","floor":45,"turns":6},{"damage":15,"enemies":"Jaw Worm Horde","floor":46,"turns":3},{"damage":33,"enemies":"Writhing Mass","floor":48,"turns":6},{"damage":59,"enemies":"Donu and Deca","floor":50,"turns":9}],"seed_played":"-692573651085388964","potions_obtained":[{"floor":1.0,"key":"EntropicBrew"},{"floor":4.0,"key":"ColorlessPotion"},{"floor":16.0,"key":"SteroidPotion"},{"floor":24.0,"key":"Explosive Potion"},{"floor":33,"key":"CultistPotion"},{"floor":41,"key":"Swift Potion"},{"floor":45,"key":"EntropicBrew"}],"is_trial":false,"path_per_floor":["M","M","M","M","?","E","?","M","T","R","E","M","$","E","R","B",null,"M","?","?","?","M","R","E","M","T","M","R","M","R","M","R","B",null,"M","?","M","?","?","R","E","R","T","$","M","M","$","M","R","B"],"character_chosen":"THE_SILENT","items_purchased":["Noxious Fumes","PiercingWail","Ginger","TwistedFunnel","OrangePellets","Backflip"],"campfire_rested":7,"item_purchase_floors":[13,13,44,44,47,47],"current_hp_per_floor":[57,57,56,56,38,22,37,33,33,51,46,46,46,36,36,13,46,42,42,36,36,27,44,28,9,9,11,28,30,47,38,38,27,50,33,33,30,30,30,47,24,41,41,41,27,14,14,26,43,0,0],"gold":44,"neow_bonus":"RANDOM_COLORLESS_2","is_daily":false,"chose_seed":false,"campfire_upgraded":2,"win_rate":0.0,"timestamp":1610114402,"path_taken":["M","M","M","M","?","E","?","M","T","R","E","M","$","E","R","BOSS","M","?","?","?","M","R","E","M","T","M","R","M","R","M","R","BOSS","M","?","?","?","?","R","E","R","T","$","M","?","$","M","R","BOSS"],"items_purchased_type":["Card","Card","Relic","Relic","Relic","Card"],"build_version":"2020-12-22","purchased_purges":2,"victory":false,"max_hp_per_floor":[60,60,60,60,60,60,60,60,60,60,60,60,57,57,57,57,57,57,57,57,57,57,57,57,57,57,57,57,57,57,57,57,57,57,57,57,57,57,57,57,57,57,57,57,57,57,57,57,57,57,57],"card_choices":[{"not_picked":["Apotheosis","Mayhem"],"picked":"Sadistic Nature","floor":0.0},{"not_picked":["Dagger Throw","Deadly Poison"],"picked":"Dash","floor":1.0},{"not_picked":["Choke","Underhanded Strike"],"picked":"Dagger Throw","floor":2.0},{"not_picked":["Dagger Throw","Distraction"],"picked":"Endless Agony","floor":3.0},{"not_picked":["Expertise","Deflect"],"picked":"Acrobatics","floor":4.0},{"not_picked":["Endless Agony","Terror"],"picked":"Leg Sweep","floor":6.0},{"not_picked":["Caltrops","Acrobatics","Skewer"],"picked":"SKIP","floor":8.0},{"not_picked":["Underhanded Strike","Flying Knee"],"picked":"Calculated Gamble","floor":11.0},{"not_picked":["Dodge and Roll","Setup"],"picked":"Dagger Spray","floor":12.0},{"not_picked":["Riddle With Holes","Concentrate"],"picked":"Slice","floor":14.0},{"not_picked":["Unload","Die Die Die"],"picked":"Night Terror","floor":16.0},{"not_picked":["PiercingWail","Deflect"],"picked":"Dodge and Roll","floor":18.0},{"not_picked":["Sucker Punch","Poisoned Stab"],"picked":"Deflect+1","floor":22.0},{"not_picked":["Quick Slash","Sucker Punch"],"picked":"Prepared+1","floor":24.0},{"not_picked":["Dagger Spray","Riddle With Holes"],"picked":"Acrobatics+1","floor":25.0},{"not_picked":["Night Terror","Cloak And Dagger","Flechettes"],"picked":"SKIP","floor":27.0},{"not_picked":["Concentrate","Backflip"],"picked":"Endless Agony","floor":29},{"not_picked":["Sucker Punch","Slice"],"picked":"Catalyst","floor":31},{"not_picked":["Grand Finale","Storm of Steel"],"picked":"Die Die Die","floor":33},{"not_picked":["Dodge and Roll","Terror","Cloak And Dagger"],"picked":"Well Laid Plans","floor":35},{"not_picked":["Slice","Accuracy+1","Outmaneuver"],"picked":"Backflip","floor":37},{"not_picked":["Mayhem","Dark Shackles","Secret Weapon"],"picked":"Panacea","floor":38},{"not_picked":["Deflect","Infinite Blades","Prepared+1"],"picked":"Tactician+1","floor":41},{"not_picked":["Cloak And Dagger","Poisoned Stab+1","Finisher"],"picked":"Backflip+1","floor":45},{"not_picked":["Terror+1","Dagger Throw","Flying Knee","Slice"],"picked":"SKIP","floor":46},{"not_picked":["Dash+1","Terror","Outmaneuver"],"picked":"Sucker Punch+1","floor":48}],"player_experience":514099,"relics_obtained":[{"floor":6.0,"key":"Shuriken"},{"floor":9.0,"key":"Bronze Scales"},{"floor":11.0,"key":"Whetstone"},{"floor":14.0,"key":"Blood Vial"},{"floor":24.0,"key":"MawBank"},{"floor":26.0,"key":"Paper Crane"},{"floor":34,"key":"Happy Flower"},{"floor":34,"key":"Question Card"},{"floor":34,"key":"Lizard Tail"},{"floor":41,"key":"CeramicFish"},{"floor":43,"key":"Nunchaku"}],"event_choices":[{"damage_healed":0.0,"max_hp_gain":0.0,"max_hp_loss":0.0,"gold_gain":0.0,"event_name":"Shining Light","player_choice":"Entered Light","floor":5.0,"gold_loss":0.0,"damage_taken":18.0,"cards_upgraded":["Dash","Neutralize"]},{"damage_healed":15.0,"max_hp_gain":0.0,"max_hp_loss":0.0,"gold_gain":0.0,"event_name":"Mushrooms","player_choice":"Healed and dodged fight","floor":7.0,"gold_loss":0.0,"damage_taken":0.0,"cards_obtained":["Parasite"]},{"cards_removed":["Expertise"],"damage_healed":0.0,"max_hp_gain":0.0,"max_hp_loss":0.0,"gold_gain":0.0,"event_name":"Back to Basics","player_choice":"Elegance","floor":19.0,"gold_loss":0.0,"damage_taken":0.0},{"damage_healed":0.0,"max_hp_gain":0.0,"max_hp_loss":0.0,"gold_gain":0.0,"event_name":"Nest","player_choice":"Joined the Cult","floor":20.0,"gold_loss":0.0,"damage_taken":6.0,"cards_obtained":["RitualDagger"]},{"damage_healed":0.0,"max_hp_gain":0.0,"max_hp_loss":0.0,"gold_gain":0.0,"event_name":"The Mausoleum","player_choice":"Opened","floor":21.0,"gold_loss":0.0,"damage_taken":0.0,"relics_obtained":["Ninja Scroll"],"cards_obtained":["Writhe"]},{"damage_healed":0,"gold_gain":0,"player_choice":"Ignored","damage_taken":0,"max_hp_gain":0,"max_hp_loss":0,"event_name":"SecretPortal","floor":36,"gold_loss":0},{"damage_healed":0,"gold_gain":0,"player_choice":"Memory 1","damage_taken":0,"max_hp_gain":0,"max_hp_loss":0,"event_name":"SensoryStone","floor":38,"gold_loss":0},{"damage_healed":0,"gold_gain":50,"player_choice":"Pray","damage_taken":0,"max_hp_gain":0,"max_hp_loss":0,"event_name":"Golden Shrine","floor":39,"gold_loss":0}],"is_beta":false,"boss_relics":[{"not_picked":["Philosopher\u0027s Stone","SacredBark"],"picked":"Pandora\u0027s Box"},{"not_picked":["Astrolabe","SlaversCollar"],"picked":"Calling Bell"}],"items_purged_floors":[13,44],"is_endless":false,"potions_floor_spawned":[1,4,6,16,24,27,29,33,41,45,46],"killed_by":"Donu and Deca","ascension_level":20}}