{"host":"9ndbo4kgsfoemf7y","time":1610100958,"event":{"mods":["AchievementEnabler","BaseMod","Colored Map","DeckTracker","Keyboard Shortcuts","Minty Spire (QoL Compilation)","Permanent Neow","Quick Restart","Relic Stats","StSLib","SuperFastMode"],"gold_per_floor":[114,126,136,136,136,136,168,168,245,271,301,313,6,45,45,45,45],"floor_reached":16,"playtime":426,"items_purged":["Strike_R"],"score":286,"play_id":"5f8b1b7e-630b-47ee-9988-637e4022a994","local_time":"20210108191558","is_ascension_mode":true,"campfire_choices":[{"data":"Offering","floor":6.0,"key":"SMITH"},{"floor":12,"key":"REST"},{"data":"Flame Barrier","floor":15,"key":"SMITH"}],"circlet_count":0,"master_deck":["AscendersBane","Strike_R","Strike_R","Strike_R","Defend_R","Defend_R","Defend_R","Defend_R","Bash","Offering+1","Cleave","Evolve","Twin Strike","Searing Blow","Flex","Flame Barrier+1","Burning Pact"],"relics":["Burning Blood","Orichalcum","Mummified Hand","InkBottle","MawBank","MealTicket","CeramicFish"],"acts_visited":["Exordium"],"potions_floor_usage":[10],"damage_taken":[{"damage":8.0,"enemies":"Jaw Worm","floor":1.0,"turns":3.0},{"damage":4.0,"enemies":"2 Louse","floor":2.0,"turns":2.0},{"damage":1.0,"enemies":"Cultist","floor":3.0,"turns":3.0},{"damage":36.0,"enemies":"3 Sentries","floor":7.0,"turns":6.0},{"damage":30,"enemies":"Gremlin Nob","floor":10,"turns":4},{"damage":8,"enemies":"2 Fungi Beasts","floor":11,"turns":3},{"damage":6,"enemies":"3 Sentries","floor":14,"turns":6},{"damage":38,"enemies":"Hexaghost","floor":16,"turns":9}],"seed_played":"6698806609817758416","potions_obtained":[{"floor":7.0,"key":"Regen Potion"}],"is_trial":false,"path_per_floor":["M","M","M","?","?","R","E","?","T","E","M","R","$","E","R","B"],"character_chosen":"IRONCLAD","items_purchased":["MealTicket","Flame Barrier"],"campfire_rested":1,"item_purchase_floors":[13,13],"current_hp_per_floor":[66,68,73,66,71,71,41,23,23,11,9,33,33,33,33,0,0],"gold":45,"neow_bonus":"ONE_RANDOM_RARE_CARD","is_daily":false,"chose_seed":false,"campfire_upgraded":2,"win_rate":0.0,"timestamp":1610100958,"path_taken":["M","M","M","?","?","R","E","?","T","E","?","R","?","E","R","BOSS"],"items_purchased_type":["Relic","Card"],"build_version":"2020-12-22","purchased_purges":1,"victory":false,"max_hp_per_floor":[75,75,75,75,80,80,80,80,80,80,80,80,80,80,80,80,80],"relic_stats":{"counters":[8,36],"Mummified Hand":[4],"CeramicFish":9,"MealTicket":0,"Orichalcum":[36],"MawBank":36,"obtain_stats":[{"Mummified Hand":8,"CeramicFish":14,"MealTicket":13,"Orichalcum":7,"MawBank":10,"Burning Blood":0,"InkBottle":9},{"Mummified Hand":4,"CeramicFish":7,"MealTicket":6,"Orichalcum":4,"MawBank":5,"Burning Blood":0,"InkBottle":4},{"Mummified Hand":14,"CeramicFish":27,"MealTicket":21,"Orichalcum":14,"MawBank":18,"Burning Blood":0,"InkBottle":14}],"Burning Blood":42,"InkBottle":[6]},"card_choices":[{"not_picked":["Heavy Blade","Clothesline"],"picked":"Cleave","floor":1.0},{"not_picked":["Flex","Headbutt"],"picked":"Evolve","floor":2.0},{"not_picked":["Headbutt","Fire Breathing"],"picked":"Twin Strike","floor":3.0},{"not_picked":["Carnage","Dual Wield"],"picked":"Searing Blow","floor":7.0},{"not_picked":["Battle Trance","Berserk","Warcry"],"picked":"SKIP","floor":10},{"not_picked":["Sentinel","Shrug It Off"],"picked":"Flex","floor":11},{"not_picked":["Body Slam","Pommel Strike"],"picked":"Burning Pact","floor":14}],"player_experience":784076,"relics_obtained":[{"floor":7.0,"key":"Orichalcum"},{"floor":9.0,"key":"InkBottle"},{"floor":10,"key":"MawBank"},{"floor":14,"key":"CeramicFish"}],"event_choices":[{"cards_removed":["Strike_R"],"damage_healed":0.0,"max_hp_gain":0.0,"max_hp_loss":0.0,"gold_gain":0.0,"event_name":"Golden Wing","player_choice":"Card Removal","floor":4.0,"gold_loss":0.0,"damage_taken":7.0},{"damage_healed":0.0,"max_hp_gain":5.0,"max_hp_loss":0.0,"gold_gain":0.0,"event_name":"Big Fish","player_choice":"Donut","floor":5.0,"gold_loss":0.0,"damage_taken":0.0},{"damage_healed":0.0,"max_hp_gain":0.0,"max_hp_loss":0.0,"gold_gain":0.0,"event_name":"Scrap Ooze","player_choice":"Success","floor":8.0,"gold_loss":0.0,"damage_taken":18.0,"relics_obtained":["Mummified Hand"]}],"is_beta":false,"boss_relics":[],"items_purged_floors":[13],"is_endless":false,"potions_floor_spawned":[7],"killed_by":"Hexaghost","ascension_level":20}}