{"host":"lreod2rejfd0az5i","time":1610095471,"event":{"mods":["AchievementEnabler","Aspiration","BaseMod","Colored Powertips","Conspire","Downfall","Highlight Path","Hubris","Infinite Spire","Mad Scientist","Minty Spire (QoL Compilation)","Rare Cards Sparkle","Relic Stats","Replay The Spire","StSLib","The Bug Knight","The Jungle"],"gold_per_floor":[112,112,112,123,123,123,123,123],"floor_reached":7,"playtime":221,"items_purged":[],"score":78,"play_id":"78c2207a-5821-41c3-bf81-44bd0b171f2e","local_time":"20210108014431","is_ascension_mode":true,"campfire_choices":[{"data":"Flying Knee","floor":6,"key":"SMITH"}],"circlet_count":0,"master_deck":["AscendersBane","Strike_G","Strike_G","Strike_G","Strike_G","Defend_G","Defend_G+1","Defend_G","Defend_G","Defend_G","Neutralize","Flying Knee+1","m_Survivalism"],"relics":["Ring of the Snake","Juzu Bracelet"],"acts_visited":["Exordium"],"potions_floor_usage":[7,7],"damage_taken":[{"damage":1,"enemies":"Small Slimes","floor":1,"turns":6},{"damage":33,"enemies":"infinitespire:Voidling","floor":4,"turns":6},{"damage":68,"enemies":"Lagavulin","floor":7,"turns":10}],"seed_played":"8095493642558839135","potions_obtained":[{"floor":1,"key":"LiquidMemories"},{"floor":4,"key":"conspire:TimeTravelPotion"}],"is_trial":false,"path_per_floor":["M","?","?","M","?","R","E"],"character_chosen":"THE_SILENT","items_purchased":[],"campfire_rested":0,"item_purchase_floors":[],"current_hp_per_floor":[58,58,51,48,48,48,0,0],"gold":123,"neow_bonus":"RANDOM_EVENT","is_daily":false,"chose_seed":false,"campfire_upgraded":1,"win_rate":0.0,"timestamp":1610095471,"path_taken":["M","?","?","M","?","R","E"],"items_purchased_type":[],"build_version":"2020-12-22","purchased_purges":0,"victory":false,"max_hp_per_floor":[66,66,66,66,66,66,66,66],"relic_stats":{"counters":[3,22],"Juzu Bracelet":1,"obtain_stats":[{"Juzu Bracelet":2,"Ring of the Snake":0},{"Juzu Bracelet":1,"Ring of the Snake":0},{"Juzu Bracelet":6,"Ring of the Snake":0}],"Ring of the Snake":[6]},"card_choices":[{"not_picked":["Distraction","Caltrops"],"picked":"Flying Knee","floor":1},{"not_picked":["Poisoned Stab","ReplayTheSpireMod:Shiv Toss","Dagger Throw"],"picked":"SKIP","floor":4}],"player_experience":881327,"relics_obtained":[{"floor":2,"key":"Juzu Bracelet"}],"event_choices":[{"damage_healed":0,"gold_gain":0,"player_choice":"Relic","damage_taken":0,"max_hp_gain":0,"max_hp_loss":0,"event_name":"Wheel of Change","floor":2,"gold_loss":0},{"cards_removed":["Strike_G"],"damage_healed":0,"gold_gain":0,"player_choice":"Card Removal","damage_taken":7,"max_hp_gain":0,"max_hp_loss":0,"event_name":"Golden Wing","floor":3,"gold_loss":0}],"is_beta":false,"boss_relics":[],"items_purged_floors":[],"is_endless":false,"potions_floor_spawned":[1,4],"killed_by":"Lagavulin","ascension_level":20}}