{"host":"0ttaavwaei2fh9kw","time":1610094931,"event":{"mods":["Act Like it!","BaseMod","Colored Map","Decade(王小明)","Downfall","Gensokyo","Hermit","KinomotoSakuraMod(木之本樱)","KomeijiMod","Lobotomy","Marisa（F雨　魔理沙）","Minty Spire (QoL Compilation)","Remilia（蕾米莉亚）","Replay The Spire","StSLib","The Administrix","The Animator","The Bug Knight","Waifu the Spire","WarShipGirlsR/战舰少女R mod","Youmu（魂魄妖梦）"],"gold_per_floor":[115,130,150,160,0,0,30,10,33,65,375,46,46,61,61,161,161,174,190,204,204,204,232,245,245,268,296,314,40,40,40],"floor_reached":30,"playtime":1298,"items_purged":["ClowCardTheSword"],"score":319,"play_id":"490b8468-a202-4ba8-8429-7adbb4bd2ad0","local_time":"20210108163531","is_ascension_mode":true,"campfire_choices":[{"data":"ClowCardTheFight","floor":6,"key":"SMITH"},{"floor":13,"key":"REST"}],"circlet_count":0,"master_deck":["SakuraCardTheShot+","ClowCardTheSword","ClowCardTheSword","ClowCardTheSword","ClowCardTheShield","ClowCardTheShield","ClowCardTheShield","SpellCardSeal+1","SpellCardRelease","ClowCardTheFloat+1","ClowCardTheFight+1","ClowCardTheRain","ClowCardTheFight+1","Gensokyo:TarnishedGold","Gensokyo:RustyChest","Gensokyo:BlemishedSteel"],"relics":["KSMOD_SealedBook","KSMOD_StarWand","Enchiridion","Blue Candle","Dream Catcher","Replay:Arrowhead","Golden Egg","Unceasing Top","Replay:Baseball","Replay:Bottled Flurry","Lantern","Replay:Rubber Ducky","DollysMirror"],"acts_visited":["Gensokyo:Gensokyo","Gensokyo:Gensokyoer"],"potions_floor_usage":[19,24,28,30],"damage_taken":[{"damage":6,"enemies":"Gensokyo:2_Kodama","floor":1,"turns":3},{"damage":6,"enemies":"Gensokyo:Gryphon","floor":2,"turns":4},{"damage":1,"enemies":"Gensokyo:Python","floor":3,"turns":3},{"damage":0,"enemies":"Gensokyo:LivingMonolith","floor":4,"turns":3},{"damage":20,"enemies":"Gensokyo:Cirno","floor":7,"turns":5},{"damage":10,"enemies":"Gensokyo:Mamizou","floor":10,"turns":8},{"damage":20,"enemies":"Gensokyo:2_Rabbits","floor":11,"turns":5},{"damage":0,"enemies":"Gensokyo:Python_and_Kodama","floor":14,"turns":4},{"damage":21,"enemies":"Gensokyo:Kokoro","floor":16,"turns":7},{"damage":13,"enemies":"Gensokyo:Chomper","floor":18,"turns":3},{"damage":0,"enemies":"Gensokyo:2_Gloops","floor":19,"turns":5},{"damage":9,"enemies":"Gensokyo:Wraith","floor":20,"turns":4},{"damage":36,"enemies":"Gensokyo:Tenshi","floor":23,"turns":3},{"damage":0,"enemies":"Gensokyo:Slime_Group","floor":24,"turns":2},{"damage":0,"enemies":"Gensokyo:Koishi","floor":27,"turns":1},{"damage":0,"enemies":"Gensokyo:Monolith_and_Dog","floor":28,"turns":3},{"damage":33,"enemies":"Gensokyo:Monolith_and_Dog","floor":30,"turns":4}],"seed_played":"5622675054627636022","potions_obtained":[{"floor":3,"key":"Milkshake"},{"floor":10,"key":"LiquidBronze"},{"floor":14,"key":"SteroidPotion"},{"floor":19,"key":"ColorlessPotion"},{"floor":23,"key":"ColorlessPotion"},{"floor":24,"key":"EntropicBrew"},{"floor":28,"key":"CalmPotion"}],"is_trial":false,"path_per_floor":["M","M","M","M","?","R","E","COS","T","E","M","$","R","M","R_BF","B",null,"M","M","M","?","?","E","M","?","T","E","M","COS","?"],"character_chosen":"KINOMOTOSAKURA","items_purchased":["Golden Egg"],"campfire_rested":1,"item_purchase_floors":[12],"current_hp_per_floor":[64,58,57,57,57,57,37,37,37,27,7,7,28,28,49,28,70,57,57,48,48,63,27,27,27,27,27,27,27,0,0],"gold":40,"neow_bonus":"UPGRADE_CARD","is_daily":false,"chose_seed":false,"campfire_upgraded":1,"win_rate":0.0,"timestamp":1610094931,"path_taken":["M","M","?","?","?","R","E","COS","T","E","M","?","R","M","R_BF","BOSS","M","?","M","?","?","E","?","?","T","E","M","COS","?"],"items_purchased_type":["Relic"],"build_version":"2020-12-22","purchased_purges":1,"victory":false,"max_hp_per_floor":[70,70,70,70,70,70,70,70,70,70,70,70,70,70,70,70,70,70,70,70,70,70,70,70,65,65,65,65,65,65,65],"card_choices":[{"not_picked":["ClowCardTheLibra","ClowCardTheSleep","ClowCardTheWindy"],"picked":"SKIP","floor":1},{"not_picked":["ClowCardTheMist","ClowCardTheStorm"],"picked":"ClowCardTheFloat","floor":2},{"not_picked":["ClowCardTheSilent","ClowCardTheFly","ClowCardTheMaze"],"picked":"SKIP","floor":3},{"not_picked":["ClowCardTheMirror","ClowCardTheMist"],"picked":"ClowCardTheFight","floor":4},{"not_picked":["ClowCardTheBig","ClowCardThePower"],"picked":"ClowCardTheRain","floor":7},{"not_picked":["ClowCardTheLittle","ClowCardTheBig"],"picked":"ClowCardTheShot","floor":10},{"not_picked":["ClowCardTheFirey","ClowCardTheMirror","ClowCardTheJump"],"picked":"SKIP","floor":11},{"not_picked":["ClowCardTheCloud","ClowCardTheSweet","ClowCardTheEarthy"],"picked":"SKIP","floor":14},{"not_picked":["ClowCardTheFight","ClowCardTheTime"],"picked":"ClowCardTheCreate","floor":16},{"not_picked":["ClowCardTheCloud+1","ClowCardTheRain","ClowCardTheArrow"],"picked":"SKIP","floor":18},{"not_picked":["ClowCardTheGlow+1","ClowCardTheLibra","ClowCardTheShadow+1"],"picked":"SKIP","floor":19},{"not_picked":["ClowCardTheWindy","ClowCardTheWood","ClowCardTheErase"],"picked":"SKIP","floor":20},{"not_picked":["ClowCardTheReturn","ClowCardTheEarthy+1","ClowCardTheDream"],"picked":"SKIP","floor":23},{"not_picked":["ClowCardTheLoop+1","ClowCardTheWatery","ClowCardTheSweet"],"picked":"SKIP","floor":24},{"not_picked":["ClowCardTheWood+1","ClowCardTheChange","ClowCardTheArrow"],"picked":"SKIP","floor":27},{"not_picked":["ClowCardTheWindy","ClowCardTheLock+1","ClowCardTheBig"],"picked":"SKIP","floor":28}],"player_experience":184542,"relics_obtained":[{"floor":7,"key":"Blue Candle"},{"floor":9,"key":"Dream Catcher"},{"floor":10,"key":"Replay:Arrowhead"},{"floor":19,"key":"Unceasing Top"},{"floor":23,"key":"Replay:Baseball"},{"floor":26,"key":"Lantern"},{"floor":27,"key":"Replay:Rubber Ducky"}],"event_choices":[],"is_beta":false,"boss_relics":[{"not_picked":["SlaversCollar","Busted Crown"],"picked":"KSMOD_StarWand"}],"items_purged_floors":[12],"is_endless":false,"potions_floor_spawned":[3,10,14,19,23,24,27,28],"killed_by":"Gensokyo:Monolith_and_Dog","ascension_level":1}}