{"host":"0ttaavwaei2fh9kw","time":1610093088,"event":{"mods":["Act Like it!","BaseMod","Colored Map","Decade(王小明)","Downfall","Gensokyo","Hermit","KinomotoSakuraMod(木之本樱)","KomeijiMod","Lobotomy","Marisa（F雨　魔理沙）","Minty Spire (QoL Compilation)","Remilia（蕾米莉亚）","Replay The Spire","StSLib","The Administrix","The Animator","The Bug Knight","Waifu the Spire","WarShipGirlsR/战舰少女R mod","Youmu（魂魄妖梦）"],"gold_per_floor":[109,109,99,6,106,106,133,449,497,717,752,767,767,795,795,899,899,917,917,917,794,812,812,581,32,55,55,80,80,80,399,399,703,703,714,714,758,503,503,503,503,503,503,503,514,158,158,175,175,175],"floor_reached":51,"playtime":3144,"items_purged":["Normality","ClowCardTheSword"],"score":800,"play_id":"2e606b7c-224b-449d-87d1-9a38af651e92","local_time":"20210108160448","is_ascension_mode":false,"campfire_choices":[{"data":"ClowCardTheFight","floor":6.0,"key":"SMITH"},{"data":"ClowCardTheFlower","floor":13.0,"key":"SMITH"},{"floor":15.0,"key":"REST"},{"data":"ClowCardTheFloat","floor":23,"key":"SMITH"},{"data":"SpellCardSeal","floor":29,"key":"SMITH"},{"data":"ClowCardTheSword","floor":32,"key":"SMITH"},{"data":"Gensokyo:PrivateSquare","floor":40,"key":"SMITH"},{"data":"ClowCardTheDash","floor":42,"key":"SMITH"},{"data":"1","floor":49,"key":"LIFT"}],"circlet_count":0,"master_deck":["SakuraCardTheTwin+","ClowCardTheSword","ClowCardTheSword+1","ClowCardTheShield","ClowCardTheShield","SpellCardSeal+1","SpellCardRelease","ClowCardTheFloat+1","ClowCardTheFight+1","ClowCardTheFloat","ClowCardTheFloat","ClowCardTheFlower+1","ClowCardTheLoop+1","ClowCardTheEarthy+1","ClowCardTheDash+1","Gensokyo:PrivateSquare+1","Pride","Gensokyo:BlemishedSteel","Gensokyo:Shovel","Gensokyo:TarnishedGold","Replay:SS_forest_2","Replay:SS_hec_1","ReplayTheSpireMod:Brewmster"],"relics":["KSMOD_SealedBook","KSMOD_StarWand","Potion Belt","Gensokyo:LunaticRedEyes","ReplayTheSpireMod:TigerMarble","PreservedInsect","Lantern","Blue Candle","KSMOD_TomoyosHeart","Empty Cage","ReplayTheSpireMod:Ring of Exchange","Ring of Fangs","GoodDreamPillow","HandDrill","KSMOD_DarknessWand","ClockworkSouvenir","ReplayFunnel","Gensokyo:ChorusOfJoy","MealTicket","Nunchaku","Gensokyo:EmptyGrave","Vajra","Replay:Baseball","KSMOD_Yue","Girya","ReplayTheSpireMod:ShopPack"],"acts_visited":["Gensokyo:Gensokyo","Gensokyo:Gensokyoer","Gensokyo:Gensokyoest"],"potions_floor_usage":[28],"damage_taken":[{"damage":4.0,"enemies":"Gensokyo:Gryphon","floor":1.0,"turns":4.0},{"damage":19.0,"enemies":"Gensokyo:Cirno","floor":7.0,"turns":8.0},{"damage":16.0,"enemies":"Gensokyo:Python","floor":8.0,"turns":4.0},{"damage":0.0,"enemies":"Gensokyo:3_Fairies","floor":10.0,"turns":3.0},{"damage":13.0,"enemies":"Gensokyo:Mamizou","floor":11.0,"turns":6.0},{"damage":7.0,"enemies":"Gensokyo:2_Rabbits","floor":12.0,"turns":6.0},{"damage":5.0,"enemies":"Gensokyo:Aya","floor":14.0,"turns":6.0},{"damage":16.0,"enemies":"Gensokyo:Yukari","floor":16.0,"turns":10.0},{"damage":24.0,"enemies":"Gensokyo:CosmicMonolith","floor":18.0,"turns":3.0},{"damage":7.0,"enemies":"Gensokyo:2_Gloops","floor":22.0,"turns":5.0},{"damage":3,"enemies":"Gensokyo:Koishi","floor":28,"turns":5},{"damage":1,"enemies":"Gensokyo:Slime_Group","floor":31,"turns":5},{"damage":20,"enemies":"Gensokyo:Eternal_Rivals","floor":33,"turns":6},{"damage":0,"enemies":"Gensokyo:AncientGuardian","floor":35,"turns":4},{"damage":0,"enemies":"Gensokyo:3_Bats","floor":45,"turns":5},{"damage":0,"enemies":"Gensokyo:Dusk_and_Dawn","floor":48,"turns":3},{"damage":1,"enemies":"Gensokyo:Scarlet_Devils","floor":50,"turns":6}],"seed_played":"1035896631150534784","potions_obtained":[{"floor":7.0,"key":"AttackPotion"},{"floor":8.0,"key":"Swift Potion"},{"floor":14.0,"key":"BlessingOfTheForge"},{"floor":16.0,"key":"Elixir"},{"floor":18.0,"key":"Weak Potion"},{"floor":35,"key":"Fire Potion"},{"floor":37,"key":"CultistPotion"},{"floor":48,"key":"KSMOD_MagickBottle"}],"is_trial":false,"path_per_floor":["M","?","?","COS","?","R","E","M","T","M","E","M","R","E","R","B",null,"M","?","?","?","M","R","$","COS","T","?","E","R","?","M","R","B",null,"M","?","?","$","?","R","?","R","T","$","M","COS","?","M","R","B",null],"character_chosen":"KINOMOTOSAKURA","items_purchased":["HandDrill","Replay:Baseball"],"campfire_rested":1,"item_purchase_floors":[24,38],"current_hp_per_floor":[66,66,66,66,66,66,47,31,31,31,18,11,11,6,27,11,70,46,46,46,46,39,39,39,39,39,39,36,36,36,35,35,15,70,70,65,39,54,65,65,39,39,39,54,62,62,62,65,65,64],"gold":175,"neow_bonus":"RANDOM_COMMON_RELIC","is_daily":false,"chose_seed":false,"campfire_upgraded":7,"win_rate":0.0,"timestamp":1610093088,"path_taken":["M","?","?","COS","?","R","E","M","T","M","E","M","R","E","R","BOSS","M","?","?","?","?","R","?","COS","T","?","E","R","?","M","R","BOSS","M","?","?","$","?","R","?","R","T","?","M","COS","?","M","R","BOSS"],"items_purchased_type":["Relic","Relic"],"build_version":"2020-12-22","purchased_purges":2,"victory":true,"max_hp_per_floor":[70,70,70,70,70,70,70,70,70,70,70,70,70,70,70,70,70,70,70,70,70,70,70,70,70,70,70,70,70,70,70,70,70,70,70,65,65,65,65,65,65,65,65,65,65,65,65,65,65,65],"card_choices":[{"not_picked":["ClowCardTheDream","ClowCardTheJump"],"picked":"ClowCardTheFloat","floor":1.0},{"not_picked":[],"picked":"ClowCardTheFight","floor":3.0},{"not_picked":["ClowCardTheArrow","ClowCardTheLock"],"picked":"ClowCardTheFloat","floor":7.0},{"not_picked":["ClowCardTheBig","ClowCardTheVoice"],"picked":"ClowCardTheFloat","floor":8.0},{"not_picked":["ClowCardTheSand","ClowCardTheMist","ClowCardTheCloud"],"picked":"SKIP","floor":10.0},{"not_picked":["ClowCardTheWatery","ClowCardTheSand","ClowCardTheVoice"],"picked":"SKIP","floor":11.0},{"not_picked":["ClowCardTheWave","ClowCardTheShot"],"picked":"ClowCardTheFlower","floor":12.0},{"not_picked":["ClowCardTheTwin","ClowCardTheWatery","ClowCardTheJump"],"picked":"SKIP","floor":14.0},{"not_picked":["ClowCardTheVoice","ClowCardTheLibra","ClowCardTheMaze+1"],"picked":"SKIP","floor":18.0},{"not_picked":["ClowCardTheMaze","ClowCardTheSand+1"],"picked":"ClowCardTheLoop+1","floor":22.0},{"not_picked":["ClowCardTheWindy+1","ClowCardTheWatery+1"],"picked":"ClowCardTheEarthy+1","floor":28},{"not_picked":["ClowCardTheMove","ClowCardTheVoice","ClowCardTheLittle"],"picked":"SKIP","floor":31},{"not_picked":["ClowCardTheReturn","ClowCardTheThrough"],"picked":"ClowCardTheDash","floor":33},{"not_picked":["ClowCardTheMist","ClowCardTheSand","ClowCardTheFly"],"picked":"SKIP","floor":35},{"not_picked":["ClowCardTheSilent+1","ClowCardTheSand+1","ClowCardTheStorm+1"],"picked":"SKIP","floor":45},{"not_picked":["Purity","ReplayTheSpireMod:Trickstab"],"picked":"Replay:SS_forest_2","floor":46},{"not_picked":["Mind Blast","Replay:BasicMightCard"],"picked":"Replay:SS_hec_1","floor":46},{"not_picked":["expansioncontent:DashGenerateEvil","Secret Weapon"],"picked":"ReplayTheSpireMod:Brewmster","floor":46},{"not_picked":["ClowCardTheVoice+1","ClowCardTheThrough+1","ClowCardTheCloud+1"],"picked":"SKIP","floor":48},{"not_picked":["ClowCardTheErase+1","ClowCardTheWindy","ClowCardTheFly+1"],"picked":"SKIP","floor":48}],"player_experience":180910,"relics_obtained":[{"floor":7.0,"key":"ReplayTheSpireMod:TigerMarble"},{"floor":9.0,"key":"Lantern"},{"floor":11.0,"key":"Blue Candle"},{"floor":14.0,"key":"KSMOD_TomoyosHeart"},{"floor":20.0,"key":"ReplayTheSpireMod:Ring of Exchange"},{"floor":20.0,"key":"Ring of Fangs"},{"floor":26,"key":"ReplayFunnel"},{"floor":28,"key":"MealTicket"},{"floor":37,"key":"Vajra"},{"floor":43,"key":"Girya"}],"event_choices":[],"is_beta":false,"boss_relics":[{"not_picked":["Replay:Drink Me","Astrolabe"],"picked":"Empty Cage"},{"not_picked":["Snecko Eye","Runic Dome"],"picked":"KSMOD_StarWand"}],"items_purged_floors":[24,38],"is_endless":false,"potions_floor_spawned":[7,8,14,16,18,35,48],"ascension_level":0}}