{"host":"51mqhfpmwwd4kxyt","time":1610094607,"event":{"mods":["BaseMod","Downfall","Googly Eyes","Highlight Path","Minty Spire (QoL Compilation)","READ ME - Guardian Mod","StSLib","The Cursed","The Servant 0.9.4"],"gold_per_floor":[112,128,153,172,172,172,201,220,268,443,314,314,332,412,412,412,412],"floor_reached":16,"playtime":481,"items_purged":["Regret"],"score":130,"play_id":"f4e6f4d8-5b7d-471d-b899-f1ac4c6e95e5","local_time":"20210108033007","is_ascension_mode":true,"campfire_choices":[{"data":"Turbo","floor":6,"key":"SMITH"},{"floor":12,"key":"REST"},{"floor":15,"key":"REST"}],"circlet_count":0,"master_deck":["Strike_B","Strike_B","Strike_B","Strike_B","Defend_B","Defend_B","Defend_B","Defend_B","Zap","Dualcast","Compile Driver","Lockon","Melter","Turbo+1","Multi-Cast","Doubt","Turbo","Hologram"],"relics":["Cracked Core","Boot","Singing Bowl","Molten Egg 2","Bronze Scales","HornCleat"],"acts_visited":["Exordium"],"potions_floor_usage":[16,16],"damage_taken":[{"damage":1,"enemies":"Cultist","floor":1,"turns":3},{"damage":4,"enemies":"Jaw Worm","floor":2,"turns":3},{"damage":0,"enemies":"Small Slimes","floor":4,"turns":3},{"damage":34,"enemies":"Lagavulin","floor":7,"turns":7},{"damage":17,"enemies":"Looter","floor":8,"turns":3},{"damage":0,"enemies":"2 Fungi Beasts","floor":13,"turns":3},{"damage":60,"enemies":"The Guardian","floor":16,"turns":10}],"seed_played":"-3358875888225868349","potions_obtained":[{"floor":1,"key":"Swift Potion"},{"floor":8,"key":"Explosive Potion"}],"is_trial":false,"path_per_floor":["M","M","T","M","?","R","E","M","T","?","$","R","M","T","R","B"],"character_chosen":"DEFECT","items_purchased":["Turbo"],"campfire_rested":2,"item_purchase_floors":[11],"current_hp_per_floor":[67,63,63,63,63,63,29,14,14,14,14,37,37,37,60,0,0],"gold":412,"neow_bonus":"THREE_CARDS","is_daily":false,"chose_seed":false,"campfire_upgraded":1,"win_rate":0.0,"timestamp":1610094607,"path_taken":["M","?","?","M","?","R","E","M","T","?","?","R","M","?","R","BOSS"],"items_purchased_type":["Card"],"build_version":"2020-12-22","purchased_purges":1,"victory":false,"max_hp_per_floor":[75,75,75,75,75,75,75,77,77,77,77,77,77,77,77,77,77],"card_choices":[{"not_picked":["Streamline","Barrage"],"picked":"Compile Driver","floor":0},{"not_picked":["Sweeping Beam","Compile Driver"],"picked":"Lockon","floor":1},{"not_picked":["Force Field","Reinforced Body"],"picked":"Melter","floor":2},{"not_picked":["Double Energy","Fusion"],"picked":"Turbo","floor":4},{"not_picked":["Capacitor","Sweeping Beam+1"],"picked":"Multi-Cast","floor":7},{"not_picked":["Heatsinks","Sweeping Beam+1","Compile Driver+1"],"picked":"Singing Bowl","floor":8},{"not_picked":["Go for the Eyes+1","Sweeping Beam+1"],"picked":"Hologram","floor":13}],"player_experience":337014,"relics_obtained":[{"floor":3,"key":"Boot"},{"floor":7,"key":"Molten Egg 2"},{"floor":9,"key":"Bronze Scales"},{"floor":14,"key":"HornCleat"}],"event_choices":[{"damage_healed":0,"gold_gain":0,"player_choice":"Box","damage_taken":0,"relics_obtained":["Singing Bowl"],"max_hp_gain":0,"max_hp_loss":0,"event_name":"Big Fish","floor":5,"gold_loss":0,"cards_obtained":["Regret"]},{"damage_healed":0,"gold_gain":175,"player_choice":"AGREE","damage_taken":0,"max_hp_gain":0,"max_hp_loss":0,"event_name":"Liars Game","floor":10,"gold_loss":0,"cards_obtained":["Doubt"]}],"is_beta":false,"boss_relics":[],"items_purged_floors":[11],"is_endless":false,"potions_floor_spawned":[1,8],"killed_by":"The Guardian","ascension_level":6}}