{"host":"2brg86hfzr3u5cix","time":1610122015,"event":{"mods":["AchievementEnabler","Ascension Unlocker","BaseMod","CapriCore","DeckTracker","Highlight Path","Keyboard Shortcuts","Minty Spire (QoL Compilation)","Permanent Neow","Relic Stats","StSLib","The Cursed","Twitch Utils","Uncapped","UnlockEverythingMod"],"gold_per_floor":[114,39,49,59,59,84,84,84,107,127,127,140,168,178,178,251,251,271,271,288,301,31,31,31,31,31,31,31],"floor_reached":27,"playtime":787,"items_purged":["Defend_P"],"score":446,"play_id":"69c3cb37-06c9-478c-a5b8-c13c9ccd4f80","local_time":"20210109010655","is_ascension_mode":true,"campfire_choices":[{"data":"Eruption","floor":7.0,"key":"SMITH"},{"data":"TalkToTheHand","floor":11.0,"key":"SMITH"},{"data":"Ragnarok","floor":15.0,"key":"SMITH"},{"data":"ConjureBlade","floor":23.0,"key":"SMITH"},{"floor":25.0,"key":"RECALL"}],"circlet_count":0,"master_deck":["AscendersBane","Strike_P+1","Strike_P+1","Strike_P+1","Strike_P+1","Defend_P+1","Defend_P+1","Defend_P+1","Eruption+1","Vigilance","Sanctity","EmptyBody","TalkToTheHand+1","MentalFortress","FlurryOfBlows","Ragnarok+1","ConjureBlade+1","CrushJoints","Perseverance+1"],"relics":["PureWater","NeowsBlessing","Orichalcum","WingedGreaves","Akabeko","Ancient Tea Set","Busted Crown","Singing Bowl"],"acts_visited":["Exordium","TheCity"],"potions_floor_usage":[27,27],"damage_taken":[{"damage":0.0,"enemies":"Cultist","floor":1.0,"turns":1.0},{"damage":0.0,"enemies":"Jaw Worm","floor":3.0,"turns":1.0},{"damage":0.0,"enemies":"Small Slimes","floor":4.0,"turns":1.0},{"damage":7.0,"enemies":"Lagavulin","floor":6.0,"turns":5.0},{"damage":0.0,"enemies":"2 Fungi Beasts","floor":10.0,"turns":2.0},{"damage":5.0,"enemies":"Red Slaver","floor":12.0,"turns":3.0},{"damage":14.0,"enemies":"Gremlin Nob","floor":13.0,"turns":4.0},{"damage":0.0,"enemies":"Exordium Thugs","floor":14.0,"turns":2.0},{"damage":29.0,"enemies":"The Guardian","floor":16.0,"turns":7.0},{"damage":0.0,"enemies":"Spheric Guardian","floor":18.0,"turns":2.0},{"damage":0.0,"enemies":"Shell Parasite","floor":20.0,"turns":1.0},{"damage":0.0,"enemies":"Sentry and Sphere","floor":21.0,"turns":2.0},{"damage":54,"enemies":"Slavers","floor":27,"turns":6}],"seed_played":"-8378158747441608514","potions_obtained":[{"floor":1.0,"key":"FearPotion"},{"floor":4.0,"key":"BlessingOfTheForge"},{"floor":6.0,"key":"Energy Potion"},{"floor":13.0,"key":"SpeedPotion"},{"floor":16.0,"key":"LiquidBronze"}],"is_trial":false,"path_per_floor":["M","$","M","M","?","E","R","?","T","M","R","M","E","M","R","B",null,"M","?","M","M","$","R","?","R","T","E"],"character_chosen":"WATCHER","items_purchased":["Singing Bowl"],"campfire_rested":0,"item_purchase_floors":[22],"current_hp_per_floor":[61,61,61,61,61,54,54,54,54,54,54,49,35,35,35,6,53,53,53,53,53,53,53,53,53,53,0,0],"gold":31,"neow_bonus":"THREE_ENEMY_KILL","is_daily":false,"chose_seed":false,"campfire_upgraded":4,"win_rate":0.0,"timestamp":1610122015,"path_taken":["M","$","?","M","?","E","R","?","T","?","R","M","E","M","R","BOSS","M","?","M","M","$","R","?","R","T","E"],"items_purchased_type":["Relic"],"build_version":"2020-12-22","purchased_purges":1,"victory":false,"max_hp_per_floor":[68,68,68,68,68,68,68,68,68,68,68,68,68,68,68,68,68,68,68,68,68,68,68,68,68,68,68,68],"relic_stats":{"Busted Crown":6,"Singing Bowl":0,"counters":[13,37],"Orichalcum":[12],"obtain_stats":[{"Busted Crown":17,"NeowsBlessing":0,"Singing Bowl":22,"WingedGreaves":8,"PureWater":0,"Orichalcum":6,"Ancient Tea Set":13,"Akabeko":9},{"Busted Crown":9,"NeowsBlessing":0,"Singing Bowl":12,"WingedGreaves":4,"PureWater":0,"Orichalcum":4,"Ancient Tea Set":7,"Akabeko":4},{"Busted Crown":26,"NeowsBlessing":0,"Singing Bowl":31,"WingedGreaves":8,"PureWater":0,"Orichalcum":8,"Ancient Tea Set":17,"Akabeko":8}]},"card_choices":[{"not_picked":["BattleHymn","Nirvana"],"picked":"Sanctity","floor":1.0},{"not_picked":["Sanctity","CrushJoints","Wallop"],"picked":"SKIP","floor":3.0},{"not_picked":["Prostrate","Conclude"],"picked":"EmptyBody","floor":4.0},{"not_picked":["CutThroughFate","CarveReality"],"picked":"TalkToTheHand","floor":6.0},{"not_picked":["EmptyFist","EmptyBody"],"picked":"MentalFortress","floor":10.0},{"not_picked":["PathToVictory","BowlingBash"],"picked":"FlurryOfBlows","floor":12.0},{"not_picked":["PathToVictory","DevaForm"],"picked":"Ragnarok","floor":13.0},{"not_picked":["FlurryOfBlows","FollowUp","WheelKick"],"picked":"SKIP","floor":14.0},{"not_picked":["Brilliance","MasterReality"],"picked":"ConjureBlade","floor":16.0},{"not_picked":[],"picked":"CrushJoints","floor":18.0},{"not_picked":[],"picked":"Perseverance+1","floor":20.0},{"not_picked":["Consecrate"],"picked":"SKIP","floor":21.0}],"player_experience":331827,"relics_obtained":[{"floor":6.0,"key":"Orichalcum"},{"floor":9.0,"key":"Akabeko"},{"floor":13.0,"key":"Ancient Tea Set"}],"event_choices":[{"damage_healed":0.0,"max_hp_gain":0.0,"max_hp_loss":0.0,"gold_gain":0.0,"event_name":"The Cleric","player_choice":"Leave","floor":5.0,"gold_loss":0.0,"damage_taken":0.0},{"damage_healed":0.0,"max_hp_gain":0.0,"max_hp_loss":0.0,"gold_gain":0.0,"event_name":"WeMeetAgain","player_choice":"Gave Potion","floor":8.0,"gold_loss":0.0,"damage_taken":0.0,"relics_obtained":["WingedGreaves"]},{"damage_healed":0.0,"max_hp_gain":0.0,"max_hp_loss":0.0,"gold_gain":0.0,"event_name":"Back to Basics","player_choice":"Simplicity","floor":19.0,"gold_loss":0.0,"damage_taken":0.0,"cards_upgraded":["Strike_P","Strike_P","Strike_P","Strike_P","Defend_P","Defend_P","Defend_P"]},{"damage_healed":0.0,"max_hp_gain":0.0,"max_hp_loss":0.0,"gold_gain":0.0,"event_name":"N\u0027loth","player_choice":"Ignored","floor":24.0,"gold_loss":0.0,"damage_taken":0.0}],"is_beta":false,"boss_relics":[{"not_picked":["Coffee Dripper","Runic Pyramid"],"picked":"Busted Crown"}],"items_purged_floors":[2],"is_endless":false,"potions_floor_spawned":[1,4,6,13,16],"killed_by":"Slavers","ascension_level":20}}