{"host":"raai0vtvcfkt8csp","time":1610108975,"event":{"mods":["2.2 Compatiblity","BaseMod","Beaked The Cultist","Block Reminder","Booster Modes","DeckTracker","Defective Defect","Dio Mod","Downfall","GifTheSpireLib","Infinite Spire","Minty Spire (QoL Compilation)","Quick Restart","Random Character Button","Rare Cards Sparkle","StSLib","Unceasing Turn Reminder"],"gold_per_floor":[99,99,99,99,99,126,126,126,126],"floor_reached":8,"playtime":229,"items_purged":[],"score":53,"play_id":"45629b17-3ea6-4ec3-9bed-975424913597","local_time":"20210108132935","is_ascension_mode":true,"campfire_choices":[{"data":"beaked:Ceremony","floor":1,"key":"SMITH"}],"circlet_count":0,"master_deck":["beaked:Strike_Y","beaked:Strike_Y","beaked:Strike_Y","beaked:Strike_Y","beaked:Strike_Y","beaked:Strike_Y","beaked:Defend_Y","beaked:Defend_Y","beaked:Defend_Y","beaked:Defend_Y","beaked:Ceremony","beaked:Ceremony+1","beaked:Ceremony+1","beaked:WarriorEssence","beaked:Evade","beaked:Brace","beaked:Recite"],"relics":["beaked:MendingPlumage","downfall:HeartsMalice","Kunai"],"acts_visited":["Exordium"],"potions_floor_usage":[8],"damage_taken":[{"damage":0,"enemies":"Jaw Worm","floor":2,"turns":1},{"damage":0,"enemies":"Cultist","floor":3,"turns":1},{"damage":0,"enemies":"2 Louse","floor":5,"turns":1},{"damage":61,"enemies":"3 Sentries","floor":6,"turns":13},{"damage":36,"enemies":"Gremlin Nob","floor":8,"turns":4}],"seed_played":"-1494095898863714482","potions_obtained":[{"floor":6,"key":"Fire Potion"}],"is_trial":false,"path_per_floor":["R","M","M","?","M","E","T","E"],"character_chosen":"BEAKED_THE_CULTIST","items_purchased":[],"campfire_rested":0,"item_purchase_floors":[],"current_hp_per_floor":[50,50,50,50,50,11,11,0,0],"gold":126,"neow_bonus":"THREE_ENEMY_KILL","is_daily":false,"chose_seed":false,"campfire_upgraded":1,"win_rate":0.0,"timestamp":1610108975,"path_taken":["R","M","M","?","M","E","T","E"],"items_purchased_type":[],"build_version":"2020-12-22","purchased_purges":0,"victory":false,"max_hp_per_floor":[50,50,50,50,50,50,50,50,50],"card_choices":[{"not_picked":["beaked:VigorBurst","beaked:Redirect"],"picked":"beaked:WarriorEssence","floor":2},{"not_picked":["beaked:Replenish","beaked:Cower"],"picked":"beaked:Evade","floor":3},{"not_picked":["beaked:HuntressSpirit","beaked:Tradeoff"],"picked":"beaked:Brace","floor":5},{"not_picked":["beaked:Tweet","beaked:Daydream"],"picked":"beaked:Recite","floor":6}],"player_experience":865732,"relics_obtained":[{"floor":6,"key":"Kunai"}],"event_choices":[{"damage_healed":0,"gold_gain":0,"player_choice":"Forge","damage_taken":0,"max_hp_gain":0,"max_hp_loss":0,"event_name":"Accursed Blacksmith","floor":4,"gold_loss":0,"cards_upgraded":["beaked:Ceremony"]}],"is_beta":false,"boss_relics":[],"items_purged_floors":[],"is_endless":false,"potions_floor_spawned":[6],"killed_by":"Gremlin Nob","ascension_level":1}}