{"host":"mydft8i2zzydgggw","time":1610127471,"event":{"mods":["AchievementEnabler","BaseMod","BetterRewards","Colored Map","Colored Powertips","DeckTracker","Keyboard Shortcuts","Minty Spire (QoL Compilation)","Quick Restart","Rare Cards Sparkle","StSLib","SuperFastMode","The Poker Player","everything is the same but u backflip on backflip"],"gold_per_floor":[115,134,59,59,73,103,103,116,116,171,204,221,221,233,233,335,335,346,445,458,383,31,57,57,57,112,128,128,141,141,174,174,277,277,291,305,305,305,317,317,342,13,13,43,43,43,59,59,59,59],"floor_reached":51,"playtime":1798,"items_purged":["Defend_B","Reprogram","Rainbow"],"score":1021,"play_id":"26137c71-a2cc-47fd-9580-d84f8876cee8","local_time":"20210109023751","is_ascension_mode":true,"campfire_choices":[{"floor":7,"key":"REST"},{"data":"Strike_B","floor":13,"key":"PURGE"},{"floor":15,"key":"REST"},{"floor":25,"key":"REST"},{"floor":30,"key":"REST"},{"floor":32,"key":"REST"},{"data":"Steam Power","floor":40,"key":"PURGE"},{"floor":45,"key":"REST"},{"data":"Capacitor","floor":49,"key":"SMITH"}],"circlet_count":0,"master_deck":["Dualcast","Turbo","Chill","Consume","Go for the Eyes","Chaos","Capacitor+1","Electrodynamics","Conserve Battery","Leap","Thunder Strike","Coolheaded+1","Force Field","Creative AI","Stack","Impatience","Ball Lightning+1","Force Field+1","Coolheaded+1","Turbo"],"relics":["Cracked Core","HornCleat","Peace Pipe","Potion Belt","Girya","Empty Cage","White Beast Statue","Bottled Tornado","Pantograph","Happy Flower","Nuclear Battery","Letter Opener","DollysMirror","Boot","Singing Bowl"],"acts_visited":["Exordium","TheCity","TheBeyond"],"potions_floor_usage":[11,29,29,39,41,47,47,50,50],"damage_taken":[{"damage":0.0,"enemies":"Cultist","floor":1.0,"turns":3.0},{"damage":0.0,"enemies":"Jaw Worm","floor":2.0,"turns":3.0},{"damage":0,"enemies":"2 Louse","floor":5,"turns":2},{"damage":37,"enemies":"Lagavulin","floor":6,"turns":8},{"damage":0,"enemies":"2 Fungi Beasts","floor":8,"turns":3},{"damage":0,"enemies":"3 Sentries","floor":11,"turns":7},{"damage":17,"enemies":"Exordium Wildlife","floor":12,"turns":2},{"damage":9,"enemies":"Blue Slaver","floor":14,"turns":4},{"damage":3,"enemies":"The Guardian","floor":16,"turns":11},{"damage":10,"enemies":"Chosen","floor":18,"turns":7},{"damage":0,"enemies":"3 Byrds","floor":20,"turns":2},{"damage":31,"enemies":"Slavers","floor":23,"turns":4},{"damage":4,"enemies":"Cultist and Chosen","floor":27,"turns":6},{"damage":22,"enemies":"Snake Plant","floor":29,"turns":3},{"damage":15,"enemies":"Gremlin Leader","floor":31,"turns":7},{"damage":15,"enemies":"Collector","floor":33,"turns":12},{"damage":2,"enemies":"Orb Walker","floor":35,"turns":5},{"damage":7,"enemies":"3 Shapes","floor":36,"turns":3},{"damage":6,"enemies":"3 Darklings","floor":39,"turns":3},{"damage":86,"enemies":"Giant Head","floor":41,"turns":11},{"damage":41,"enemies":"Nemesis","floor":44,"turns":10},{"damage":6,"enemies":"Maw","floor":47,"turns":7},{"damage":59,"enemies":"Awakened One","floor":50,"turns":17}],"seed_played":"3150485718413750804","potions_obtained":[{"floor":5,"key":"FairyPotion"},{"floor":8,"key":"BlessingOfTheForge"},{"floor":12,"key":"FairyPotion"},{"floor":23,"key":"LiquidBronze"},{"floor":27,"key":"PowerPotion"},{"floor":29,"key":"Dexterity Potion"},{"floor":31,"key":"Ancient Potion"},{"floor":33,"key":"FearPotion"},{"floor":35,"key":"Dexterity Potion"},{"floor":36,"key":"Explosive Potion"},{"floor":39,"key":"Regen Potion"},{"floor":41,"key":"SteroidPotion"},{"floor":44,"key":"Weak Potion"},{"floor":47,"key":"FairyPotion"}],"is_trial":false,"path_per_floor":["M","M","$","?","M","E","R","M","T","T","E","M","R","M","R","B",null,"M","?","M","?","$","E","T","R","T","M","?","M","R","E","R","B",null,"M","M","?","?","M","R","E","$","T","E","R","?","M","?","R","B",null],"character_chosen":"DEFECT","items_purchased":["White Beast Statue","DollysMirror","Turbo"],"campfire_rested":6,"item_purchase_floors":[22,42,42],"current_hp_per_floor":[50,50,50,50,50,13,35,35,35,35,35,18,18,9,31,28,63,53,53,53,53,53,22,22,44,44,40,40,18,40,25,47,57,71,69,62,62,62,56,56,21,21,21,15,36,36,32,32,32,22],"gold":59,"neow_bonus":"TRANSFORM_TWO_CARDS","is_daily":false,"chose_seed":false,"campfire_upgraded":1,"win_rate":0.0,"timestamp":1610127471,"path_taken":["M","?","$","?","?","E","R","M","T","?","E","?","R","M","R","BOSS","M","?","M","?","?","E","?","R","T","M","?","?","R","E","R","BOSS","M","M","?","?","M","R","E","$","T","E","R","?","M","?","R","BOSS"],"items_purchased_type":["Relic","Relic","Card"],"build_version":"2020-12-22","purchased_purges":3,"victory":true,"max_hp_per_floor":[75,75,75,75,75,75,75,75,75,75,75,75,75,75,75,75,75,75,75,75,75,75,75,75,75,75,75,75,75,75,75,75,75,75,75,75,75,71,71,71,71,71,71,73,73,73,75,75,75,75],"card_choices":[{"not_picked":["Leap","Barrage"],"picked":"Chill","floor":1.0},{"not_picked":["Conserve Battery","Compile Driver"],"picked":"Consume","floor":2.0},{"not_picked":["Rip and Tear","Beam Cell"],"picked":"Go for the Eyes","floor":5},{"not_picked":["Barrage","Redo"],"picked":"Chaos","floor":6},{"not_picked":["Melter","Stack"],"picked":"Capacitor","floor":8},{"not_picked":["Aggregate","Static Discharge"],"picked":"Electrodynamics","floor":11},{"not_picked":["Darkness","Chaos"],"picked":"Conserve Battery","floor":12},{"not_picked":["Rebound","Go for the Eyes","Melter"],"picked":"SKIP","floor":14},{"not_picked":["Seek","Thunder Strike"],"picked":"Rainbow","floor":16},{"not_picked":["Rebound","Sweeping Beam","Chaos"],"picked":"SKIP","floor":18},{"not_picked":["Stack","Cold Snap+1"],"picked":"Leap","floor":20},{"not_picked":["Doom and Gloom+1","Go for the Eyes","Lockon"],"picked":"SKIP","floor":23},{"not_picked":["Scrape+1","Recycle+1"],"picked":"Thunder Strike","floor":27},{"not_picked":["Hologram","Beam Cell"],"picked":"Coolheaded+1","floor":29},{"not_picked":["Stack","Compile Driver"],"picked":"Force Field","floor":31},{"not_picked":["Reboot","Core Surge"],"picked":"Creative AI","floor":33},{"not_picked":["Beam Cell+1","Leap"],"picked":"Stack","floor":35},{"not_picked":["Gash","Streamline","Chaos"],"picked":"SKIP","floor":36},{"not_picked":["Trip","Swift Strike"],"picked":"Impatience","floor":37},{"not_picked":["Conserve Battery+1","FTL+1"],"picked":"Ball Lightning+1","floor":39},{"not_picked":["Turbo","Biased Cognition"],"picked":"Force Field+1","floor":41},{"not_picked":["Hologram","Beam Cell","Leap+1"],"picked":"Singing Bowl","floor":44},{"not_picked":["Ball Lightning+1","Barrage","Cold Snap"],"picked":"Singing Bowl","floor":47}],"player_experience":137999,"relics_obtained":[{"floor":6,"key":"HornCleat"},{"floor":9,"key":"Peace Pipe"},{"floor":10,"key":"Potion Belt"},{"floor":11,"key":"Girya"},{"floor":23,"key":"Bottled Tornado"},{"floor":24,"key":"Pantograph"},{"floor":31,"key":"Happy Flower"},{"floor":41,"key":"Letter Opener"},{"floor":43,"key":"Boot"},{"floor":44,"key":"Singing Bowl"}],"event_choices":[{"damage_healed":0.0,"max_hp_gain":0.0,"max_hp_loss":0.0,"gold_gain":0.0,"event_name":"Accursed Blacksmith","player_choice":"Forge","floor":4.0,"gold_loss":0.0,"damage_taken":0.0,"cards_upgraded":["Zap"]},{"damage_healed":0,"gold_gain":99,"player_choice":"Stole From Cult","damage_taken":0,"max_hp_gain":0,"max_hp_loss":0,"event_name":"Nest","floor":19,"gold_loss":0},{"cards_removed":["Defend_B"],"damage_healed":0,"gold_gain":0,"player_choice":"Gave Gold","damage_taken":0,"max_hp_gain":0,"max_hp_loss":0,"event_name":"Beggar","floor":21,"gold_loss":75},{"damage_healed":0,"gold_gain":0,"cards_transformed":["Defend_B"],"player_choice":"Transformed","damage_taken":0,"max_hp_gain":0,"max_hp_loss":0,"event_name":"Transmorgrifier","floor":28,"gold_loss":0,"cards_obtained":["Steam Power"]},{"damage_healed":0,"gold_gain":0,"player_choice":"Memory 1","damage_taken":0,"max_hp_gain":0,"max_hp_loss":0,"event_name":"SensoryStone","floor":37,"gold_loss":0},{"damage_healed":0,"gold_gain":0,"player_choice":"Max HP","damage_taken":0,"max_hp_gain":0,"max_hp_loss":4,"event_name":"Winding Halls","floor":38,"gold_loss":0},{"damage_healed":0,"gold_gain":0,"player_choice":"Ignored","damage_taken":0,"max_hp_gain":0,"max_hp_loss":0,"event_name":"Mysterious Sphere","floor":46,"gold_loss":0},{"cards_removed":["Zap"],"damage_healed":0,"gold_gain":0,"player_choice":"Removed Skill","damage_taken":0,"max_hp_gain":0,"max_hp_loss":0,"event_name":"Falling","floor":48,"gold_loss":0}],"is_beta":false,"boss_relics":[{"not_picked":["Coffee Dripper","Runic Dome"],"picked":"Empty Cage"},{"not_picked":["Astrolabe","Philosopher\u0027s Stone"],"picked":"Nuclear Battery"}],"items_purged_floors":[3,22,42],"is_endless":false,"potions_floor_spawned":[5,8,12,23,27,29,31,33,35,36,39,41,44,47],"ascension_level":6}}