{"host":"sjj8vlgjxyarc0at","time":1610141052,"event":{"mods":["BaseMod","Colored Powertips","Minty Spire (QoL Compilation)","Replay The Spire","SOS（斯巴达之子）","StSLib","The Administrix","The Construct","The Servant 0.9.4","【功能Mod】聪明的最终Boss"],"gold_per_floor":[137,137,137,160,212,212,256,256,256,256,340,340,407,51,51,51,51],"floor_reached":16,"playtime":1254,"items_purged":["Defend_Dante"],"score":113,"play_id":"f0f7e467-e9fb-4589-846c-a4b0580288df","local_time":"20210109052412","is_ascension_mode":true,"campfire_choices":[{"data":"Provocation","floor":6,"key":"SMITH"},{"data":"Attack_b","floor":8,"key":"SMITH"},{"data":"LucifercomboC","floor":12,"key":"SMITH"},{"floor":15,"key":"REST"}],"circlet_count":0,"master_deck":["Attack_a","Attack_a","Attack_b+1","Shoot","Shoot","Provocation+1","Defend_Dante","Defend_Dante","Defend_Dante","Redorb","LucifercomboC+1","AdministrixMod:RebukeDesires","CutThroughFate","BottledTime","Swordcombo","DevilstarL"],"relics":["SSS","Combocheck","Golden Idol","PrismaticShard","Anchor","Replay:Accelerometer","PreservedInsect"],"acts_visited":["Exordium"],"potions_floor_usage":[],"damage_taken":[{"damage":4,"enemies":"Small Slimes","floor":1,"turns":4},{"damage":2,"enemies":"Jaw Worm","floor":4,"turns":3},{"damage":0,"enemies":"Cultist","floor":5,"turns":2},{"damage":31,"enemies":"3 Sentries","floor":7,"turns":9},{"damage":21,"enemies":"Lagavulin","floor":11,"turns":6},{"damage":0,"enemies":"Red Slaver","floor":13,"turns":2},{"damage":37,"enemies":"The Guardian","floor":16,"turns":4}],"seed_played":"406070860656343753","potions_obtained":[],"is_trial":false,"path_per_floor":["M","?","?","M","M","R","E","R","T","?","E","R","M","$","R","B"],"character_chosen":"DANTE","items_purchased":["Swordcombo","DevilstarL"],"campfire_rested":1,"item_purchase_floors":[14,14],"current_hp_per_floor":[84,62,62,60,60,60,29,29,29,29,8,8,8,8,34,0,0],"gold":51,"neow_bonus":"TEN_PERCENT_HP_BONUS","is_daily":false,"chose_seed":false,"campfire_upgraded":3,"win_rate":0.0,"timestamp":1610141052,"path_taken":["M","?","?","M","M","R","E","R","T","?","E","R","?","?","R","BOSS"],"items_purchased_type":["Card","Card"],"build_version":"2020-12-22","purchased_purges":1,"victory":false,"max_hp_per_floor":[88,88,88,88,88,88,88,88,88,88,88,88,88,88,88,88,88],"card_choices":[{"not_picked":["VitalstarS","Weaponupgrade"],"picked":"LucifercomboC","floor":1},{"not_picked":["construct:Disrupt","construct:FierceBash"],"picked":"AdministrixMod:RebukeDesires","floor":4},{"not_picked":["Hightime","EbonyIvory","construct:Construct_Overclock"],"picked":"SKIP","floor":5},{"not_picked":["Caltrops","Capacitor","construct:ModeShift"],"picked":"SKIP","floor":7},{"not_picked":["Halt","Twin Strike"],"picked":"CutThroughFate","floor":11},{"not_picked":["Sweeping Beam","TimeWarp"],"picked":"BottledTime","floor":13}],"player_experience":21413,"relics_obtained":[{"floor":7,"key":"Anchor"},{"floor":9,"key":"Replay:Accelerometer"},{"floor":11,"key":"PreservedInsect"}],"event_choices":[{"damage_healed":0,"gold_gain":0,"player_choice":"Take Damage","damage_taken":22,"relics_obtained":["Golden Idol"],"max_hp_gain":0,"max_hp_loss":0,"event_name":"Golden Idol","floor":2,"gold_loss":0},{"cards_removed":["Regret"],"damage_healed":0,"gold_gain":0,"player_choice":"Purged","damage_taken":0,"max_hp_gain":0,"max_hp_loss":0,"event_name":"Purifier","floor":10,"gold_loss":0}],"is_beta":false,"boss_relics":[],"items_purged_floors":[14],"is_endless":false,"potions_floor_spawned":[7],"killed_by":"The Guardian","ascension_level":1}}