{"host":"t75twhtg6c476ygg","time":1610110053,"event":{"mods":["AchievementEnabler","BaseMod","Colored Powertips","Minty Spire (QoL Compilation)","Quick Restart","Relic Stats","StSLib","SuperFastMode"],"gold_per_floor":[144,189,234,84,84,84,129,174,199,358,403,403,493,538,538,838,838,883,937,982,932,977,1067,1067,1112,1137,1137,1182,1227,461,761,761,1070,1070,1115,1160,610,760,814,814,904,904,904,958,1003,1003,1048,1093,1093,1093],"floor_reached":51,"playtime":2622,"items_purged":["Rampage","True Grit"],"score":832,"play_id":"8843b29c-2f5c-476b-bc12-9d5efe36e3ea","local_time":"20210108124733","daily_mods":["Draft","Uncertain Future","Midas"],"is_ascension_mode":false,"campfire_choices":[{"floor":12.0,"key":"REST"},{"floor":15.0,"key":"REST"},{"floor":24.0,"key":"REST"},{"floor":27.0,"key":"REST"},{"floor":32.0,"key":"REST"},{"floor":40,"key":"REST"},{"data":"Warcry+1","floor":46,"key":"PURGE"},{"data":"Cleave","floor":49,"key":"PURGE"}],"circlet_count":0,"master_deck":["Twin Strike+1","Flame Barrier+1","Flex+1","Battle Trance+1","Sword Boomerang+1","Whirlwind","Shrug It Off+1","Flex+1","Flex+1","Flame Barrier+1","TalkToTheHand+1","Double Tap","Shrug It Off+1","TalkToTheHand","LessonLearned+1","Juggernaut+1","TalkToTheHand+1","LessonLearned+1","Buffer+1","Parasite"],"relics":["Burning Blood","PrismaticShard","Boot","Meat on the Bone","Gremlin Horn","Calling Bell","CeramicFish","Molten Egg 2","Torii","Mummified Hand","White Beast Statue","Bag of Preparation","Vajra","Prayer Wheel","DollysMirror","Chemical X","StoneCalendar","Self Forming Clay","Philosopher\u0027s Stone","Oddly Smooth Stone","Regal Pillow","Frozen Eye","Turnip","Peace Pipe","Blue Candle"],"acts_visited":["Exordium","TheCity","TheBeyond"],"potions_floor_usage":[33,39,42,50,50],"damage_taken":[{"damage":0.0,"enemies":"2 Louse","floor":1.0,"turns":2.0},{"damage":0.0,"enemies":"Small Slimes","floor":2.0,"turns":2.0},{"damage":0.0,"enemies":"Jaw Worm","floor":3.0,"turns":1.0},{"damage":2.0,"enemies":"Gremlin Gang","floor":7.0,"turns":3.0},{"damage":0.0,"enemies":"2 Fungi Beasts","floor":8.0,"turns":3.0},{"damage":39.0,"enemies":"Lagavulin Event","floor":10.0,"turns":8.0},{"damage":0.0,"enemies":"3 Louse","floor":11.0,"turns":2.0},{"damage":8.0,"enemies":"Gremlin Nob","floor":13.0,"turns":4.0},{"damage":0.0,"enemies":"Blue Slaver","floor":14.0,"turns":4.0},{"damage":17.0,"enemies":"Hexaghost","floor":16.0,"turns":9.0},{"damage":28.0,"enemies":"Chosen","floor":18.0,"turns":7.0},{"damage":10.0,"enemies":"Shell Parasite","floor":19.0,"turns":3.0},{"damage":26.0,"enemies":"Sentry and Sphere","floor":20.0,"turns":8.0},{"damage":34.0,"enemies":"Shelled Parasite and Fungi","floor":22.0,"turns":8.0},{"damage":17.0,"enemies":"Book of Stabbing","floor":23.0,"turns":4.0},{"damage":2.0,"enemies":"Centurion and Healer","floor":25.0,"turns":7.0},{"damage":9.0,"enemies":"Snecko","floor":28.0,"turns":5.0},{"damage":8.0,"enemies":"Snake Plant","floor":29.0,"turns":2.0},{"damage":11.0,"enemies":"Colosseum Slavers","floor":31.0,"turns":3.0},{"damage":9.0,"enemies":"Colosseum Nobs","floor":31.0,"turns":4.0},{"damage":12,"enemies":"Collector","floor":33,"turns":5},{"damage":1,"enemies":"3 Darklings","floor":35,"turns":2},{"damage":10,"enemies":"3 Shapes","floor":36,"turns":2},{"damage":0,"enemies":"Mind Bloom Boss Battle","floor":38,"turns":5},{"damage":0,"enemies":"Transient","floor":39,"turns":5},{"damage":0,"enemies":"Giant Head","floor":41,"turns":4},{"damage":0,"enemies":"Writhing Mass","floor":44,"turns":3},{"damage":13,"enemies":"4 Shapes","floor":45,"turns":3},{"damage":0,"enemies":"Jaw Worm Horde","floor":47,"turns":1},{"damage":0,"enemies":"Maw","floor":48,"turns":5},{"damage":14,"enemies":"Awakened One","floor":50,"turns":8}],"seed_played":"-6062085814737979882","potions_obtained":[{"floor":1.0,"key":"Weak Potion"},{"floor":8.0,"key":"GamblersBrew"},{"floor":10.0,"key":"SteroidPotion"},{"floor":16.0,"key":"AttackPotion"},{"floor":22.0,"key":"SmokeBomb"},{"floor":25.0,"key":"DistilledChaos"},{"floor":29.0,"key":"DuplicationPotion"},{"floor":31.0,"key":"Weak Potion"},{"floor":33,"key":"DistilledChaos"},{"floor":38,"key":"HeartOfIron"},{"floor":39,"key":"Block Potion"},{"floor":42,"key":"Fruit Juice"},{"floor":42,"key":"LiquidMemories"},{"floor":48,"key":"HeartOfIron"}],"is_trial":false,"path_per_floor":["M","M","M","$","?","?","M","M","T","?","M","R","E","M","R","B",null,"M","M","M","?","M","E","R","M","T","R","M","M","$","?","R","B",null,"M","M","$","?","M","R","E","?","T","M","M","R","M","M","R","B",null],"character_chosen":"IRONCLAD","items_purchased":["PrismaticShard","Vajra","Prayer Wheel","DollysMirror","Fruit Juice","Oddly Smooth Stone","Regal Pillow","Frozen Eye"],"campfire_rested":6,"item_purchase_floors":[4,30,30,30,30,37,37,37],"current_hp_per_floor":[80,80,80,80,80,80,80,80,80,47,53,77,75,80,80,69,80,58,54,46,46,30,31,55,59,59,80,77,75,75,67,80,79,85,85,81,81,85,85,85,85,90,90,90,83,83,89,90,90,82],"gold":1093,"neow_bonus":"","is_daily":true,"chose_seed":false,"campfire_upgraded":0,"win_rate":0.0,"timestamp":1610110053,"path_taken":["M","M","M","$","?","?","M","M","T","?","M","R","E","M","R","BOSS","M","M","M","?","M","E","R","M","T","R","?","M","$","?","R","BOSS","M","M","$","?","M","R","E","?","T","M","M","R","?","M","R","BOSS"],"items_purchased_type":["Relic","Relic","Relic","Relic","Potion","Relic","Relic","Relic"],"build_version":"2020-12-22","purchased_purges":2,"victory":true,"max_hp_per_floor":[80,80,80,80,80,80,80,80,80,80,80,80,80,80,80,80,80,80,80,80,80,80,80,80,80,80,80,80,80,80,80,80,85,85,85,85,85,85,85,85,85,90,90,90,90,90,90,90,90,90],"relic_stats":{"Regal Pillow":0,"Gremlin Horn":[11,16],"Torii":33,"counters":[31,132],"Self Forming Clay":[15],"CeramicFish":45,"Blue Candle":[2],"StoneCalendar":[52],"Bag of Preparation":[30],"Boot":[41],"Burning Blood":127,"Peace Pipe":2,"Mummified Hand":[35],"Prayer Wheel":7,"Turnip":[3],"Chemical X":[18],"obtain_stats":[{"Regal Pillow":37,"Gremlin Horn":13,"Torii":17,"CeramicFish":17,"Vajra":30,"StoneCalendar":31,"Bag of Preparation":26,"PrismaticShard":4,"Boot":9,"Empty Cage":39,"Burning Blood":0,"Frozen Eye":37,"Mummified Hand":23,"DollysMirror":30,"Prayer Wheel":30,"Philosopher\u0027s Stone":34,"Chemical X":31,"Self Forming Clay":31,"Blue Candle":43,"Oddly Smooth Stone":37,"White Beast Statue":23,"Calling Bell":17,"Peace Pipe":41,"Molten Egg 2":17,"Turnip":38,"Meat on the Bone":10},{"Regal Pillow":23,"Gremlin Horn":8,"Torii":10,"CeramicFish":10,"Vajra":18,"StoneCalendar":20,"Bag of Preparation":16,"PrismaticShard":3,"Boot":5,"Empty Cage":25,"Burning Blood":0,"Frozen Eye":23,"Mummified Hand":15,"DollysMirror":18,"Prayer Wheel":18,"Philosopher\u0027s Stone":21,"Chemical X":19,"Self Forming Clay":20,"Blue Candle":26,"Oddly Smooth Stone":23,"White Beast Statue":15,"Calling Bell":10,"Peace Pipe":26,"Molten Egg 2":10,"Turnip":24,"Meat on the Bone":5},{"Regal Pillow":98,"Gremlin Horn":25,"Torii":38,"CeramicFish":38,"Vajra":82,"StoneCalendar":89,"Bag of Preparation":75,"PrismaticShard":5,"Boot":11,"Empty Cage":108,"Burning Blood":0,"Frozen Eye":98,"Mummified Hand":65,"DollysMirror":82,"Prayer Wheel":82,"Philosopher\u0027s Stone":94,"Chemical X":83,"Self Forming Clay":89,"Blue Candle":112,"Oddly Smooth Stone":98,"White Beast Statue":68,"Calling Bell":38,"Peace Pipe":112,"Molten Egg 2":38,"Turnip":103,"Meat on the Bone":11}],"Meat on the Bone":36},"card_choices":[{"not_picked":["Iron Wave","Metallicize"],"picked":"Intimidate","floor":0.0},{"not_picked":["Sword Boomerang","Anger"],"picked":"Rampage","floor":0.0},{"not_picked":["Havoc","Wild Strike"],"picked":"Clothesline","floor":0.0},{"not_picked":["Clash","Anger"],"picked":"Twin Strike","floor":0.0},{"not_picked":["Pommel Strike","Warcry"],"picked":"Flame Barrier","floor":0.0},{"not_picked":["Warcry","Disarm"],"picked":"Flex","floor":0.0},{"not_picked":["Fire Breathing","Armaments"],"picked":"Cleave","floor":0.0},{"not_picked":["Cleave","Rupture"],"picked":"Battle Trance","floor":0.0},{"not_picked":["Sever Soul","Dual Wield"],"picked":"Sword Boomerang","floor":0.0},{"not_picked":["Wild Strike","Combust"],"picked":"Whirlwind","floor":0.0},{"not_picked":["Metallicize","Reckless Charge"],"picked":"Flex","floor":0.0},{"not_picked":["Entrench","Battle Trance"],"picked":"Shrug It Off","floor":0.0},{"not_picked":["Reckless Charge","Seeing Red"],"picked":"True Grit","floor":0.0},{"not_picked":["Clash","Cleave"],"picked":"Warcry","floor":0.0},{"not_picked":["Thunderclap","Disarm"],"picked":"Flex","floor":0.0},{"not_picked":["Armaments","Perfected Strike","True Grit"],"picked":"SKIP","floor":1.0},{"not_picked":["Hemokinesis","Ghostly Armor"],"picked":"Flex","floor":2.0},{"not_picked":["Clothesline","Rupture"],"picked":"Flame Barrier","floor":3.0},{"not_picked":["Cold Snap","Clothesline"],"picked":"TalkToTheHand","floor":7.0},{"not_picked":["Deep Breath","ClearTheMind"],"picked":"Double Tap","floor":8.0},{"not_picked":["Bandage Up","FlurryOfBlows"],"picked":"Shrug It Off","floor":11.0},{"not_picked":["SignatureMove","Deflect"],"picked":"TalkToTheHand","floor":13.0},{"not_picked":["Clash","Beam Cell","Armaments"],"picked":"SKIP","floor":14.0},{"not_picked":["Unload","Glass Knife"],"picked":"Juggernaut","floor":16.0},{"not_picked":["LikeWater","Doom and Gloom+1","Panacea+1"],"picked":"SKIP","floor":18.0},{"not_picked":["Dodge and Roll","EmptyMind"],"picked":"TalkToTheHand+1","floor":19.0},{"not_picked":["Recycle","Swivel+1","EmptyBody"],"picked":"SKIP","floor":20.0},{"not_picked":["EmptyFist+1","Eviscerate+1","Clothesline+1"],"picked":"SKIP","floor":22.0},{"not_picked":["FlurryOfBlows+1","Hemokinesis+1","Tantrum+1"],"picked":"SKIP","floor":23.0},{"not_picked":["Bane+1","Exhume","Havoc"],"picked":"SKIP","floor":25.0},{"not_picked":["Headbutt+1","Pommel Strike+1","Beam Cell+1"],"picked":"SKIP","floor":28.0},{"not_picked":["Beam Cell+1","Flechettes+1","Pommel Strike+1"],"picked":"SKIP","floor":29.0},{"not_picked":["Secret Technique","Die Die Die+1"],"picked":"Buffer","floor":33},{"not_picked":["Underhanded Strike+1","Choke+1","Quick Slash+1"],"picked":"SKIP","floor":35},{"not_picked":["FlurryOfBlows+1","True Grit","Brutality"],"picked":"SKIP","floor":35},{"not_picked":["Sword Boomerang+1","DeceiveReality+1","Auto Shields"],"picked":"SKIP","floor":36},{"not_picked":["BowlingBash+1","JustLucky+1","Swift Strike+1"],"picked":"SKIP","floor":36},{"not_picked":["Prostrate+1","Flechettes+1"],"picked":"Wireheading+1","floor":39},{"not_picked":["Concentrate","Body Slam+1","FTL+1"],"picked":"SKIP","floor":39},{"not_picked":["Slice+1","Dropkick+1","Dagger Throw+1"],"picked":"SKIP","floor":41},{"not_picked":["Iron Wave+1","Heel Hook+1","Deadly Poison"],"picked":"SKIP","floor":44},{"not_picked":["Scrape+1","Sever Soul+1","Brilliance+1"],"picked":"SKIP","floor":44},{"not_picked":["Perfected Strike+1","EmptyMind+1","Rebound+1"],"picked":"SKIP","floor":45},{"not_picked":["SashWhip+1","Infinite Blades","Combust"],"picked":"SKIP","floor":45},{"not_picked":["Steam","Evaluate","Prostrate+1"],"picked":"SKIP","floor":47},{"not_picked":["Rebound+1","EmptyBody","Study+1"],"picked":"SKIP","floor":47},{"not_picked":["Sword Boomerang+1","Go for the Eyes+1","Backflip+1"],"picked":"SKIP","floor":48},{"not_picked":["Uppercut+1","Panache","Combust+1"],"picked":"SKIP","floor":48}],"player_experience":232758,"relics_obtained":[{"floor":9.0,"key":"Boot"},{"floor":13.0,"key":"Gremlin Horn"},{"floor":17.0,"key":"CeramicFish"},{"floor":17.0,"key":"Molten Egg 2"},{"floor":17.0,"key":"Torii"},{"floor":23.0,"key":"White Beast Statue"},{"floor":26.0,"key":"Bag of Preparation"},{"floor":31.0,"key":"StoneCalendar"},{"floor":31.0,"key":"Self Forming Clay"},{"floor":38,"key":"Turnip"},{"floor":41,"key":"Peace Pipe"},{"floor":43,"key":"Blue Candle"}],"event_choices":[{"damage_healed":0.0,"max_hp_gain":0.0,"max_hp_loss":0.0,"gold_gain":0.0,"event_name":"Liars Game","player_choice":"Ignored","floor":5.0,"gold_loss":0.0,"damage_taken":0.0},{"damage_healed":0.0,"max_hp_gain":0.0,"max_hp_loss":0.0,"gold_gain":0.0,"cards_transformed":["Clothesline"],"event_name":"Living Wall","player_choice":"Change","floor":6.0,"gold_loss":0.0,"damage_taken":0.0,"cards_obtained":["True Grit"]},{"damage_healed":0.0,"max_hp_gain":0.0,"max_hp_loss":0.0,"gold_gain":0.0,"event_name":"Dead Adventurer","player_choice":"Searched \u00272\u0027 times","floor":10.0,"gold_loss":0.0,"damage_taken":0.0,"relics_obtained":["Meat on the Bone"]},{"damage_healed":0.0,"max_hp_gain":0.0,"max_hp_loss":0.0,"gold_gain":0.0,"event_name":"The Joust","player_choice":"Bet on Murderer","floor":21.0,"gold_loss":50.0,"damage_taken":0.0},{"damage_healed":0.0,"max_hp_gain":0.0,"max_hp_loss":0.0,"gold_gain":0.0,"event_name":"Colosseum","player_choice":"Fight","floor":31.0,"gold_loss":0.0,"damage_taken":0.0},{"damage_healed":0.0,"max_hp_gain":0.0,"max_hp_loss":0.0,"gold_gain":0.0,"event_name":"Colosseum","player_choice":"Fought Nobs","floor":31.0,"gold_loss":0.0,"damage_taken":0.0},{"damage_healed":0,"gold_gain":0,"player_choice":"Fight","damage_taken":0,"max_hp_gain":0,"max_hp_loss":0,"event_name":"MindBloom","floor":38,"gold_loss":0},{"damage_healed":0,"gold_gain":0,"player_choice":"Got Potions","damage_taken":0,"max_hp_gain":0,"max_hp_loss":0,"event_name":"Lab","floor":42,"gold_loss":0}],"is_beta":false,"boss_relics":[{"not_picked":["Runic Cube","Runic Pyramid"],"picked":"Calling Bell"},{"not_picked":["Sozu","Tiny House"],"picked":"Philosopher\u0027s Stone"}],"items_purged_floors":[30,37],"is_endless":false,"potions_floor_spawned":[1,8,10,13,16,18,22,25,28,29,31,31,33,35,36,38,39,41,44,45,47,48],"ascension_level":0}}