{"host":"xw61u809yplklae2","time":1610122745,"event":{"mods":["BaseMod","Better Third Choice","Colored Map","Conspire","DeckTracker","Downfall","Hubris","Minty Spire (QoL Compilation)","Replay The Spire","StSLib"],"gold_per_floor":[349,369,382,401,131,131,154,139,156,156,156,188,8,8,20,20,20],"floor_reached":16,"playtime":1229,"items_purged":["hubris:Lust"],"score":131,"play_id":"89e4f8c0-5049-465a-8abc-bed176a1fe2e","local_time":"20210108111905","is_ascension_mode":true,"campfire_choices":[{"data":"sneckomod:SnekBite","floor":1,"key":"SMITH"},{"data":"sneckomod:SoulRoll","floor":6,"key":"SMITH"},{"data":"sneckomod:ImprovisedGuard","floor":11,"key":"SMITH"}],"circlet_count":0,"master_deck":["sneckomod:Strike","sneckomod:Strike","sneckomod:Strike","sneckomod:Defend","sneckomod:Defend","sneckomod:Defend","sneckomod:TailWhip","sneckomod:SnekBite+1","sneckomod:Unknown","sneckomod:Unknown","sneckomod:SoulRoll+1","sneckomod:UnknownBlock","sneckomod:SoulDraw+1","sneckomod:ImprovisedGuard+1","sneckomod:QuickBite+1","sneckomod:DiceBlock","sneckomod:UnknownRareSkill","sneckomod:QuickBite","Apotheosis","sneckomod:UnknownBlock"],"relics":["sneckomod:SneckoSoul","ReplayFunnel","hubris:OldNail","Vajra","CultistMask"],"acts_visited":["Exordium"],"potions_floor_usage":[12,16],"damage_taken":[{"damage":22,"enemies":"Cultist","floor":2,"turns":4},{"damage":6,"enemies":"2 Louse","floor":3,"turns":2},{"damage":29,"enemies":"Jaw Worm","floor":4,"turns":4},{"damage":20,"enemies":"downfall:FleeingMerchant","floor":5,"turns":4},{"damage":4,"enemies":"downfall:FleeingMerchant","floor":8,"turns":4},{"damage":1,"enemies":"Blue Slaver","floor":9,"turns":4},{"damage":0,"enemies":"Replay:BlueRogue","floor":12,"turns":7},{"damage":13,"enemies":"downfall:FleeingMerchant","floor":13,"turns":4},{"damage":0,"enemies":"Lots of Slimes","floor":15,"turns":4},{"damage":13,"enemies":"downfall:Defect","floor":16,"turns":5}],"seed_played":"6893385827711879191","potions_obtained":[{"floor":4,"key":"PowerPotion"},{"floor":9,"key":"Adrenaline Potion"},{"floor":15,"key":"SpeedPotion"}],"is_trial":false,"path_per_floor":["R","M","M","M","$","R","T","$","M","?","R","E","$","?","M","B"],"character_chosen":"THE_SNECKO","items_purchased":["sneckomod:QuickBite+1","ReplayFunnel","Apotheosis"],"campfire_rested":0,"item_purchase_floors":[5,5,13],"current_hp_per_floor":[90,68,63,39,19,19,19,15,14,14,14,15,10,10,11,0,0],"gold":20,"neow_bonus":"TWO_FIFTY_GOLD","is_daily":false,"chose_seed":false,"campfire_upgraded":3,"win_rate":0.0,"timestamp":1610122745,"path_taken":["R","M","M","?","$","R","T","?","M","?","R","E","$","?","M","BOSS"],"items_purchased_type":["Card","Relic","Card"],"build_version":"2020-12-22","purchased_purges":1,"victory":false,"max_hp_per_floor":[90,90,91,91,91,91,91,91,91,91,91,92,92,92,93,93,93],"card_choices":[{"not_picked":["sneckomod:RainOfDice","sneckomod:TrashToTreasure"],"picked":"sneckomod:SoulRoll","floor":2},{"not_picked":["sneckomod:RainOfDice","sneckomod:Unknown1Cost"],"picked":"sneckomod:UnknownBlock","floor":3},{"not_picked":["sneckomod:UnknownClassTHE_CHAMP_GRAY","sneckomod:UnknownClassBLUE"],"picked":"sneckomod:SoulDraw","floor":4},{"not_picked":["sneckomod:UnknownEthereal","sneckomod:UnknownClassRED"],"picked":"sneckomod:ImprovisedGuard","floor":5},{"not_picked":["sneckomod:DiceCrush","sneckomod:UnknownStrike"],"picked":"sneckomod:DiceBlock","floor":8},{"not_picked":["sneckomod:UnknownClassHEXA_GHOST_PURPLE","sneckomod:SoulDraw","sneckomod:SoulRoll"],"picked":"SKIP","floor":9},{"not_picked":["sneckomod:IronFang","sneckomod:SoulRoll"],"picked":"sneckomod:UnknownRareSkill","floor":12},{"not_picked":["sneckomod:SoulRoll","sneckomod:DiceBlock"],"picked":"sneckomod:QuickBite","floor":13},{"not_picked":["sneckomod:DiceBlock","sneckomod:SoulRoll"],"picked":"sneckomod:UnknownBlock","floor":15}],"player_experience":882762,"relics_obtained":[{"floor":7,"key":"hubris:OldNail"},{"floor":12,"key":"Vajra"}],"event_choices":[{"damage_healed":0,"gold_gain":0,"player_choice":"Trade","damage_taken":0,"relics_obtained":["CultistMask"],"max_hp_gain":0,"max_hp_loss":0,"event_name":"FaceTrader","floor":14,"gold_loss":0}],"is_beta":false,"boss_relics":[],"items_purged_floors":[5],"is_endless":false,"potions_floor_spawned":[4,9,15],"killed_by":"downfall:Defect","ascension_level":1}}