{"host":"ig7tc0uedzltt2sr","time":1610069484,"event":{"mods":["BaseMod","Better Twitch Integration","Block Reminder","Colored Map","Colored Powertips","Communication Mod","Current Relic Mod","GifTheSpireLib","HexUI Lib","Minty Spire (QoL Compilation)","Quick Restart","Random Character Button","Rare Cards Sparkle","Relic Sorter","Relic Stats","Slay the Relics Exporter","StSLib","SuperFastMode","Synergy Search","Twitch Decklist","Twitch Utils","everything is the same but u backflip on backflip","slay the spire mod where everything is the same but ironclad has a cowboy hat"],"gold_per_floor":[112,112,127,27,42,42,53,53,101,119,119,131,146,158,158,158,158],"floor_reached":16,"playtime":99,"items_purged":[],"score":96,"play_id":"01b3bcf5-1deb-41f8-b42b-af8640aeaf86","local_time":"20210107173124","is_ascension_mode":false,"campfire_choices":[{"data":"Strike_R","floor":6,"key":"SMITH"},{"data":"Anger","floor":8,"key":"SMITH"},{"floor":11,"key":"REST"},{"data":"Hemokinesis","floor":15,"key":"SMITH"}],"circlet_count":0,"master_deck":["Strike_R+1","Strike_R","Strike_R","Strike_R","Strike_R","Defend_R","Defend_R","Defend_R","Defend_R","Bash","Uppercut","Writhe","Spot Weakness","Anger+1","Limit Break","Hemokinesis+1","Blood for Blood","Intimidate","Blood for Blood","Dropkick"],"relics":["Burning Blood","NeowsBlessing"],"acts_visited":["Exordium"],"potions_floor_usage":[],"damage_taken":[{"damage":0,"enemies":"2 Louse","floor":1,"turns":2},{"damage":0,"enemies":"Cultist","floor":3,"turns":1},{"damage":0,"enemies":"Jaw Worm","floor":5,"turns":1},{"damage":7,"enemies":"Exordium Wildlife","floor":7,"turns":6},{"damage":55,"enemies":"Large Slime","floor":10,"turns":8},{"damage":2,"enemies":"Looter","floor":12,"turns":3},{"damage":10,"enemies":"2 Fungi Beasts","floor":13,"turns":4},{"damage":16,"enemies":"Lots of Slimes","floor":14,"turns":3},{"damage":54,"enemies":"Slime Boss","floor":16,"turns":7}],"seed_played":"-8516894531465385824","potions_obtained":[{"floor":1,"key":"SteroidPotion"},{"floor":5,"key":"PowerPotion"},{"floor":7,"key":"Fire Potion"}],"is_trial":false,"path_per_floor":["M","?","M","$","M","R","M","R","T","M","R","M","M","M","R","B"],"character_chosen":"IRONCLAD","items_purchased":["Anger","FearPotion"],"campfire_rested":1,"item_purchase_floors":[4,4],"current_hp_per_floor":[80,80,80,80,80,80,79,79,79,30,54,58,54,44,44,0,0],"gold":158,"neow_bonus":"THREE_ENEMY_KILL","is_daily":false,"chose_seed":false,"campfire_upgraded":3,"win_rate":0.0,"timestamp":1610069484,"path_taken":["M","?","M","$","M","R","M","R","T","M","R","?","M","M","R","BOSS"],"items_purchased_type":["Card","Potion"],"build_version":"2020-12-22","purchased_purges":0,"victory":false,"max_hp_per_floor":[80,80,80,80,80,80,80,80,80,80,80,80,80,80,80,80,80],"relic_stats":{"counters":[9,35],"obtain_stats":[{"NeowsBlessing":0,"Burning Blood":0},{"NeowsBlessing":0,"Burning Blood":0},{"NeowsBlessing":0,"Burning Blood":0}],"Burning Blood":30},"card_choices":[{"not_picked":["Flex","Thunderclap"],"picked":"Uppercut","floor":1},{"not_picked":["Twin Strike","Clash"],"picked":"Spot Weakness","floor":3},{"not_picked":["Heavy Blade","Perfected Strike"],"picked":"Limit Break","floor":5},{"not_picked":["Sword Boomerang","Disarm"],"picked":"Hemokinesis","floor":7},{"not_picked":["Cleave","Second Wind"],"picked":"Blood for Blood","floor":10},{"not_picked":["Headbutt","Evolve"],"picked":"Intimidate","floor":12},{"not_picked":["Thunderclap","Anger"],"picked":"Blood for Blood","floor":13},{"not_picked":["Havoc","Shrug It Off"],"picked":"Dropkick","floor":14}],"player_experience":1466752,"relics_obtained":[],"event_choices":[{"damage_healed":0,"gold_gain":0,"player_choice":"1 cards matched","damage_taken":0,"max_hp_gain":0,"max_hp_loss":0,"event_name":"Match and Keep!","floor":2,"gold_loss":0,"cards_obtained":["Writhe"]}],"is_beta":false,"boss_relics":[],"items_purged_floors":[],"is_endless":false,"potions_floor_spawned":[1,5,7],"killed_by":"Slime Boss","ascension_level":0}}