{"host":"eeuhgv8goqdjv4ip","time":1610087993,"event":{"mods":["2.2 Compatiblity","AchievementEnabler","BaseMod","Challenge The Spire","Colored Map","Colored Powertips","Conspire","Dark Map","Hubris","Infinite Spire","Marisa????????","Minty Spire (QoL Compilation)","Remilia??????","Replay The Spire","SIMod","StSLib","The Alterego","The Animator","The Marked","The Saiyan","The Servant 0.9.4","The Wild Card"],"gold_per_floor":[131,149,4,32,52,66,93,104,154,154,54,78,78,78,78,182,182,182,182],"floor_reached":18,"playtime":5703,"items_purged":[],"score":164,"play_id":"966b769c-6051-4d4b-9409-4744148d56b1","local_time":"20210108023953","is_ascension_mode":false,"campfire_choices":[{"data":"animator:ElricEdward","floor":10,"key":"SMITH"},{"data":"Ghostly","floor":13,"key":"SMITH"},{"floor":15,"key":"REST"}],"circlet_count":0,"master_deck":["animator:Strike_FullmetalAlchemist","animator:Defend_FullmetalAlchemist","animator:Strike","animator:Strike","animator:Strike","animator:Defend","animator:Defend","animator:Defend","animator:ElricEdward+1","animator:ElricAlphonse","animator:RoyMustang","animator:Mikaela","animator:LizardPriest","animator:MaesHughes","animator:UneriGinkaku","animator:RinTohsaka","animator:UneriGinkaku","Ghostly+1","animator:Greed","animator:Sora","ReplayTheSpireMod:Splinters","alterego_mod:BrynhildrsRune","animator:Gilgamesh","animator:Urushihara","infinitespire:UltimateForm"],"relics":["animator:LivingPicture","animator:TheMissingPiece","NeowsBlessing","Toolbox","hubris:Metronome","Blood Vial","Pyrelight","ReplayTheSpireMod:SealedPack"],"acts_visited":["Exordium","TheCity"],"potions_floor_usage":[6,16,16],"damage_taken":[{"damage":0,"enemies":"Cultist","floor":1,"turns":1},{"damage":0,"enemies":"infinitespire:Voidling","floor":2,"turns":1},{"damage":0,"enemies":"Small Slimes","floor":4,"turns":1},{"damage":10,"enemies":"Looter","floor":5,"turns":4},{"damage":11,"enemies":"Large Slime","floor":6,"turns":4},{"damage":27,"enemies":"3 Sentries","floor":7,"turns":4},{"damage":0,"enemies":"Gremlin Gang","floor":8,"turns":4},{"damage":0,"enemies":"Red Slaver","floor":12,"turns":2},{"damage":5,"enemies":"Slime Boss","floor":16,"turns":8},{"damage":24,"enemies":"Shell Parasite","floor":18,"turns":4}],"seed_played":"-3432944445161300219","potions_obtained":[{"floor":5,"key":"Explosive Potion"},{"floor":8,"key":"Fire Potion"},{"floor":12,"key":"ColorlessPotion"},{"floor":16,"key":"Milkshake"}],"is_trial":false,"path_per_floor":["M","M","$","M","M","M","E","M","T","R","?","M","R","?","R","B",null,"M"],"character_chosen":"THE_ANIMATOR","items_purchased":["Toolbox"],"campfire_rested":1,"item_purchase_floors":[3],"current_hp_per_floor":[66,66,66,66,57,46,19,19,19,19,19,21,21,21,41,38,67,43,43],"gold":182,"neow_bonus":"THREE_ENEMY_KILL","is_daily":false,"chose_seed":false,"campfire_upgraded":2,"win_rate":0.0,"timestamp":1610087993,"path_taken":["M","M","$","?","?","?","E","M","T","R","?","M","R","?","R","BOSS","M"],"items_purchased_type":["Relic"],"build_version":"2020-12-22","purchased_purges":0,"victory":false,"max_hp_per_floor":[66,66,66,66,67,67,67,67,67,67,67,67,67,67,67,67,67,67,67],"card_choices":[{"not_picked":["animator:Archer","animator:Shigure"],"picked":"animator:RoyMustang","floor":1},{"not_picked":["animator:Demiurge","animator:DolaRiku"],"picked":"animator:Mikaela","floor":2},{"not_picked":["animator:Caster","animator:Spearman"],"picked":"animator:LizardPriest","floor":4},{"not_picked":["animator:Sloth","animator:Scar"],"picked":"animator:MaesHughes","floor":5},{"not_picked":["animator:Yuuichirou","animator:KrulTepes"],"picked":"animator:UneriGinkaku","floor":6},{"not_picked":["animator:MaesHughes","animator:FeridBathory"],"picked":"animator:RinTohsaka","floor":7},{"not_picked":["animator:DolaSchwi","animator:Entoma"],"picked":"animator:UneriGinkaku","floor":8},{"not_picked":["animator:ElricAlphonse","animator:Sloth"],"picked":"animator:Greed","floor":12},{"not_picked":["animator:Ainz","animator:Envy"],"picked":"animator:Sora","floor":16},{"not_picked":["alterego_mod:BigMeatyClaws","Saiyan:EnergyBlast"],"picked":"alterego_mod:BrynhildrsRune","floor":17},{"not_picked":["animator:Guren","animator:Father"],"picked":"animator:Gilgamesh","floor":17},{"not_picked":["animator:IchigoKurosaki","animator:Cirno"],"picked":"animator:Urushihara","floor":17},{"not_picked":["infinitespire:Punishment","infinitespire:Oblivion"],"picked":"infinitespire:UltimateForm","floor":17}],"player_experience":404359,"relics_obtained":[{"floor":7,"key":"hubris:Metronome"},{"floor":9,"key":"Blood Vial"}],"event_choices":[{"damage_healed":0,"gold_gain":0,"player_choice":"Argue","damage_taken":0,"max_hp_gain":0,"max_hp_loss":0,"event_name":"conspire:LoneGhost","floor":11,"gold_loss":0}],"is_beta":false,"boss_relics":[{"not_picked":["animator:RacePiece","Tiny House"],"picked":"ReplayTheSpireMod:SealedPack"}],"items_purged_floors":[],"is_endless":false,"potions_floor_spawned":[5,8,12,16],"killed_by":"Shell Parasite","ascension_level":0}}