{"host":"wghdsg8ym2wc7ov9","time":1610075912,"event":{"mods":["AchievementEnabler","Astrologer","BaseMod","Beaked The Cultist","Better Altar","Better Note","Colored Map","Downfall","Hermit","Highlight Path","Jorbs\u0027s Wanderer Trilogy","KinomotoSakuraMod(????)","Minty Spire (QoL Compilation)","Random Character Button","Relic Stats","SIMod","Shop Mod","StSLib","The Blackbeard","The Bladedancer","The Construct","The Cursed","The Death Knight","The Gatherer","The Hierophant","The Marked","The Mystic","The Necromancer","The Runesmith","The Senshi","The Servant 0.9.4"],"gold_per_floor":[118,137,137,137,151,151,151,165,195,214,238,271,121,121,121,217,217,231,245,266,266,266,298,298,298,298,298,298],"floor_reached":26,"playtime":3308,"items_purged":[],"score":236,"play_id":"357d69df-19f1-4fae-84cb-29f06b35f7ca","local_time":"20210107191832","is_ascension_mode":false,"campfire_choices":[{"floor":6,"key":"RECALL"},{"floor":13,"key":"REST"},{"floor":15,"key":"REST"}],"circlet_count":0,"master_deck":["hexamod:Strike","hexamod:Strike","hexamod:Strike","hexamod:Strike","hexamod:Defend","hexamod:Defend","hexamod:Defend","hexamod:Defend","hexamod:Sear","hexamod:Float","hexamod:HauntingEcho","hexamod:RadiantFlame+1","hexamod:HeatShield","hexamod:Incineration","hexamod:RadiantFlame","hexamod:ExtraCrispy","hexamod:FourthSeal","hexamod:PhantomCloak","hexamod:ExtraCrispy","hexamod:VolcanoVisage+1","hexamod:SwordOfDarkness","hexamod:SecondSeal","hexamod:WildfireWeapon","hexamod:DynamicBlow+1"],"relics":["hexamod:SpiritBrand","The Courier","Lantern","Odd Mushroom","Centennial Puzzle","downfall:HeartBlessingRed","downfall:HeartBlessingGreen","construct:ClawGrip","Question Card","Toy Ornithopter"],"acts_visited":["Exordium","TheCity"],"potions_floor_usage":[11,12,16,18,20,20,23,23,26,26],"damage_taken":[{"damage":0,"enemies":"Jaw Worm","floor":1,"turns":4},{"damage":0,"enemies":"Small Slimes","floor":2,"turns":3},{"damage":0,"enemies":"Cultist","floor":4,"turns":1},{"damage":0,"enemies":"3 Louse","floor":5,"turns":3},{"damage":0,"enemies":"2 Fungi Beasts","floor":8,"turns":5},{"damage":15,"enemies":"Lagavulin","floor":9,"turns":6},{"damage":4,"enemies":"Large Slime","floor":10,"turns":6},{"damage":15,"enemies":"The Mushroom Lair","floor":11,"turns":4},{"damage":16,"enemies":"Gremlin Nob","floor":12,"turns":5},{"damage":51,"enemies":"downfall:Defect","floor":16,"turns":7},{"damage":2,"enemies":"Spheric Guardian","floor":18,"turns":5},{"damage":6,"enemies":"Chosen","floor":19,"turns":5},{"damage":25,"enemies":"3 Cultists","floor":20,"turns":6},{"damage":32,"enemies":"Slavers","floor":23,"turns":6},{"damage":16,"enemies":"Shelled Parasite and Fungi","floor":26,"turns":3}],"seed_played":"-1254768237182434681","potions_obtained":[{"floor":5,"key":"DeathKnight:BottledBloodEchoes"},{"floor":9,"key":"LiquidMemories"},{"floor":10,"key":"ColorlessPotion"},{"floor":11,"key":"Dexterity Potion"},{"floor":12,"key":"Energy Potion"},{"floor":12,"key":"AttackPotion"},{"floor":18,"key":"Swift Potion"},{"floor":19,"key":"hexamod:EctoCoolerPotion"},{"floor":20,"key":"SteroidPotion"},{"floor":20,"key":"SkillPotion"},{"floor":23,"key":"hexamod:DoubleChargePotion"}],"is_trial":false,"path_per_floor":["M","M","?","M","M","R","T","M","E","M","?","E","R","?","R","B",null,"M","M","M","?","?","E","T","?","M"],"character_chosen":"THE_SPIRIT","items_purchased":[],"campfire_rested":2,"item_purchase_floors":[],"current_hp_per_floor":[77,77,77,77,77,77,77,77,62,58,43,27,50,50,73,22,77,75,69,44,44,33,1,1,1,0,0,0],"gold":298,"neow_bonus":"TEN_PERCENT_HP_BONUS","is_daily":false,"chose_seed":false,"campfire_upgraded":0,"win_rate":0.0,"timestamp":1610075912,"path_taken":["M","M","?","M","M","R","T","M","E","M","?","E","R","?","R","BOSS","M","M","M","?","?","E","T","?","M"],"items_purchased_type":[],"build_version":"2020-12-22","purchased_purges":0,"victory":false,"max_hp_per_floor":[77,77,77,77,77,77,77,77,77,77,77,77,77,77,77,77,77,77,77,77,77,77,77,77,77,77,77,77],"relic_stats":{"Centennial Puzzle":[18],"counters":[15,69],"Question Card":0,"obtain_stats":[{"Lantern":9,"Centennial Puzzle":12,"construct:ClawGrip":17,"downfall:BrokenWingStatue":3,"downfall:HeartBlessingRed":13,"downfall:HeartBlessingGreen":13,"The Courier":7,"Odd Mushroom":11,"Question Card":23,"hexamod:SpiritBrand":0,"Toy Ornithopter":24},{"Lantern":6,"Centennial Puzzle":9,"construct:ClawGrip":10,"downfall:BrokenWingStatue":2,"downfall:HeartBlessingRed":9,"downfall:HeartBlessingGreen":9,"The Courier":4,"Odd Mushroom":8,"Question Card":14,"hexamod:SpiritBrand":0,"Toy Ornithopter":14},{"Lantern":22,"Centennial Puzzle":37,"construct:ClawGrip":44,"downfall:BrokenWingStatue":7,"downfall:HeartBlessingRed":37,"downfall:HeartBlessingGreen":37,"The Courier":11,"Odd Mushroom":32,"Question Card":66,"hexamod:SpiritBrand":0,"Toy Ornithopter":66}],"Toy Ornithopter":10},"card_choices":[{"not_picked":["hexamod:GhostLash","hexamod:BacktrackSmack"],"picked":"hexamod:HauntingEcho","floor":1},{"not_picked":["hexamod:GhostLash","hexamod:HeatCrush"],"picked":"hexamod:RadiantFlame","floor":2},{"not_picked":["hexamod:GhostShield","hexamod:Hexaguard"],"picked":"hexamod:HeatShield","floor":4},{"not_picked":["hexamod:RainOfEmbers","hexamod:BurningTouch"],"picked":"hexamod:Incineration","floor":5},{"not_picked":["hexamod:ChargedBarrage","hexamod:PhantomFireball"],"picked":"hexamod:RadiantFlame","floor":8},{"not_picked":["hexamod:BurningTouch","hexamod:SpectersWail"],"picked":"hexamod:ExtraCrispy","floor":9},{"not_picked":["hexamod:GhostShield","hexamod:RainOfEmbers"],"picked":"hexamod:FourthSeal","floor":10},{"not_picked":["hexamod:DynamicBlow","hexamod:ThermalTransfer"],"picked":"hexamod:PhantomCloak","floor":11},{"not_picked":["hexamod:GhostShield","hexamod:SpectralAdrenaline"],"picked":"hexamod:ExtraCrispy","floor":12},{"not_picked":["hexamod:HexaLevel","hexamod:CrushingStance"],"picked":"hexamod:VolcanoVisage","floor":16},{"not_picked":["hexamod:FastForward","hexamod:GhostLash"],"picked":"hexamod:SwordOfDarkness","floor":18},{"not_picked":["hexamod:FastForward","hexamod:RainOfEmbers"],"picked":"hexamod:SecondSeal","floor":19},{"not_picked":["hexamod:RetreatToShadows","hexamod:NightmareStrike"],"picked":"hexamod:WildfireWeapon","floor":20},{"not_picked":["hexamod:SecondSeal","hexamod:RetreatToShadows"],"picked":"hexamod:DynamicBlow+1","floor":23}],"player_experience":628590,"relics_obtained":[{"floor":7,"key":"The Courier"},{"floor":9,"key":"Lantern"},{"floor":11,"key":"Odd Mushroom"},{"floor":12,"key":"Centennial Puzzle"},{"floor":23,"key":"Question Card"},{"floor":24,"key":"Toy Ornithopter"}],"event_choices":[{"damage_healed":0,"gold_gain":0,"player_choice":"Fought Mushrooms","damage_taken":0,"max_hp_gain":0,"max_hp_loss":0,"event_name":"Mushrooms","floor":11,"gold_loss":0},{"damage_healed":0,"gold_gain":0,"player_choice":"Upgraded","damage_taken":0,"max_hp_gain":0,"max_hp_loss":0,"event_name":"Upgrade Shrine","floor":14,"gold_loss":0,"cards_upgraded":["hexamod:RadiantFlame"]},{"damage_healed":0,"gold_gain":0,"player_choice":"Upgraded","damage_taken":0,"max_hp_gain":0,"max_hp_loss":0,"event_name":"Upgrade Shrine","floor":21,"gold_loss":0,"cards_upgraded":["hexamod:VolcanoVisage"]},{"damage_healed":0,"gold_gain":0,"player_choice":"Ignored","damage_taken":0,"max_hp_gain":0,"max_hp_loss":0,"event_name":"Purifier","floor":25,"gold_loss":0}],"is_beta":false,"boss_relics":[{"not_picked":["Empty Cage","Tiny House"],"picked":"construct:ClawGrip"}],"items_purged_floors":[],"is_endless":false,"potions_floor_spawned":[5,9,10,12,20,23],"killed_by":"Shelled Parasite and Fungi","ascension_level":0}}