{"host":"oluf6aumjll4vfac","time":1610121975,"event":{"mods":["BaseMod","Colored Map","Colored Powertips","Conspire","Downfall","Minty Spire (QoL Compilation)","Quick Restart","Shop Mod","StSLib","SuperFastMode"],"gold_per_floor":[117,136,149,168,168,168,200,200,253,271,271,271,289,62,62,160,160,174,38,38,52,65,65,83,118,145,145,145,20,20,37,37,138,138,158,171,32,44,57,57,77,77,77],"floor_reached":42,"playtime":1244,"items_purged":["Evolve+1"],"score":422,"play_id":"a2950715-0961-471b-8cf1-2c87c5922dcf","local_time":"20210109000615","is_ascension_mode":false,"campfire_choices":[{"data":"Entrench","floor":6,"key":"SMITH"},{"data":"Bash","floor":8,"key":"SMITH"},{"floor":15,"key":"REST"},{"data":"Feed","floor":23,"key":"SMITH"},{"floor":28,"key":"REST"},{"data":"Apotheosis","floor":32,"key":"SMITH"},{"data":"Apotheosis","floor":40,"key":"SMITH"}],"circlet_count":0,"master_deck":["Defend_R","Defend_R","Defend_R","Bash+1","Wild Strike","Entrench+1","Anger","Twin Strike","Corruption+1","Shockwave","Perfected Strike","Inflame+1","Feed+1","Flame Barrier","Clash","Pommel Strike","Thunderclap+1","Rupture+1","Slimebound:Tackle+1","Slimebound:Tackle+1","Slimebound:Tackle+1","Apotheosis+1","Flex","expansioncontent:Sear","Blood for Blood","Barricade+1","Anger+1","Apotheosis+1","Flex","Seeing Red","Flame Barrier+1","Demon Form+1","Cleave+1"],"relics":["Burning Blood","Frozen Egg 2","White Beast Statue","MerchantsRug","Membership Card","Orichalcum","MealTicket","Bronze Scales","Anchor","SacredBark"],"acts_visited":["Exordium","TheCity","TheBeyond"],"potions_floor_usage":[1,3,7,7,10,16,16,18,22,22,24,25,31,31,33,33,38,38,38,39,42],"damage_taken":[{"damage":6,"enemies":"Cultist","floor":1,"turns":4},{"damage":10,"enemies":"conspire:RoseBush","floor":2,"turns":2},{"damage":11,"enemies":"Jaw Worm","floor":3,"turns":2},{"damage":19,"enemies":"Blue Slaver","floor":4,"turns":3},{"damage":18,"enemies":"Lagavulin","floor":7,"turns":3},{"damage":21,"enemies":"Large Slime","floor":10,"turns":5},{"damage":26,"enemies":"Gremlin Gang","floor":13,"turns":4},{"damage":47,"enemies":"Hexaghost","floor":16,"turns":8},{"damage":22,"enemies":"2 Thieves","floor":18,"turns":3},{"damage":14,"enemies":"Spheric Guardian","floor":21,"turns":4},{"damage":12,"enemies":"conspire:HollyBat","floor":22,"turns":7},{"damage":18,"enemies":"Centurion and Healer","floor":24,"turns":5},{"damage":24,"enemies":"Book of Stabbing","floor":25,"turns":5},{"damage":8,"enemies":"Snake Plant","floor":31,"turns":3},{"damage":47,"enemies":"Champ","floor":33,"turns":9},{"damage":25,"enemies":"Orb Walker","floor":35,"turns":4},{"damage":16,"enemies":"3 Shapes","floor":36,"turns":4},{"damage":13,"enemies":"3 Darklings","floor":38,"turns":3},{"damage":42,"enemies":"Jaw Worm Horde","floor":39,"turns":5},{"damage":51,"enemies":"Spire Growth","floor":41,"turns":5},{"damage":30,"enemies":"Giant Head","floor":42,"turns":5}],"seed_played":"3194574174754240867","potions_obtained":[{"floor":0,"key":"SteroidPotion"},{"floor":0,"key":"GamblersBrew"},{"floor":0,"key":"DistilledChaos"},{"floor":4,"key":"champ:CounterPotion"},{"floor":7,"key":"LiquidBronze"},{"floor":10,"key":"BloodPotion"},{"floor":13,"key":"EssenceOfSteel"},{"floor":16,"key":"Guardian:BlockOnCardUsePotion"},{"floor":18,"key":"Block Potion"},{"floor":21,"key":"BloodPotion"},{"floor":22,"key":"Dexterity Potion"},{"floor":24,"key":"LiquidMemories"},{"floor":25,"key":"DuplicationPotion"},{"floor":31,"key":"AttackPotion"},{"floor":33,"key":"SneckoOil"},{"floor":35,"key":"DuplicationPotion"},{"floor":36,"key":"FearPotion"},{"floor":38,"key":"BloodPotion"},{"floor":39,"key":"Fire Potion"},{"floor":41,"key":"BlessingOfTheForge"}],"is_trial":false,"path_per_floor":["M","M","M","M","?","R","E","R","T","M","T","?","M","$","R","B",null,"M","$","T","M","M","R","M","E","T","?","R","$","?","M","R","B",null,"M","M","$","M","M","R","M","E"],"character_chosen":"IRONCLAD","items_purchased":["MerchantsRug","Inflame+1","Membership Card","Orichalcum","Apotheosis","Energy Potion","Fire Potion","Flex","Apotheosis","Flex","Seeing Red"],"campfire_rested":2,"item_purchase_floors":[14,14,19,19,29,29,29,29,37,37,37],"current_hp_per_floor":[80,76,71,58,58,58,46,46,46,31,31,31,11,11,35,10,80,67,67,67,59,69,69,57,39,39,39,63,78,66,64,64,23,83,68,58,73,66,64,64,19,0,0],"gold":77,"neow_bonus":"THREE_SMALL_POTIONS","is_daily":false,"chose_seed":false,"campfire_upgraded":5,"win_rate":0.0,"timestamp":1610121975,"path_taken":["M","?","?","M","?","R","E","R","T","M","?","?","?","$","R","BOSS","M","$","?","M","M","R","M","E","T","?","R","$","?","M","R","BOSS","M","M","?","M","?","R","M","E"],"items_purchased_type":["Relic","Card","Relic","Relic","Card","Potion","Potion","Card","Card","Card","Card"],"build_version":"2020-12-22","purchased_purges":1,"victory":false,"max_hp_per_floor":[80,80,80,80,80,80,80,80,80,80,80,80,80,80,80,80,80,83,83,83,83,83,83,83,83,83,83,83,83,83,83,83,83,83,87,87,87,87,87,87,87,87,87],"card_choices":[{"not_picked":["Power Through","Sever Soul"],"picked":"Wild Strike","floor":1},{"not_picked":["Havoc","Second Wind"],"picked":"Entrench","floor":2},{"not_picked":["Dropkick","Perfected Strike"],"picked":"Anger","floor":3},{"not_picked":["Ghostly Armor","conspire:ExplosiveBarrier"],"picked":"Twin Strike","floor":4},{"not_picked":["Ghostly Armor","True Grit"],"picked":"Corruption+1","floor":7},{"not_picked":["True Grit","Reckless Charge"],"picked":"Shockwave","floor":10},{"not_picked":["Warcry","Wild Strike"],"picked":"Evolve+1","floor":13},{"not_picked":["conspire:HitWhereItHurts","Offering"],"picked":"Feed","floor":16},{"not_picked":["Body Slam+1","Evolve+1"],"picked":"Flame Barrier","floor":18},{"not_picked":["conspire:ExplosiveBarrier","Flame Barrier"],"picked":"Clash","floor":21},{"not_picked":["Body Slam","Twin Strike"],"picked":"Pommel Strike","floor":22},{"not_picked":["Shockwave+1","Twin Strike"],"picked":"Thunderclap+1","floor":24},{"not_picked":["Sever Soul","Battle Trance"],"picked":"Rupture+1","floor":25},{"not_picked":["Pummel+1","Hemokinesis"],"picked":"Blood for Blood","floor":31},{"not_picked":["Brutality+1","Feed"],"picked":"Barricade+1","floor":33},{"not_picked":["Thunderclap+1","Heavy Blade"],"picked":"Anger+1","floor":35},{"not_picked":["Ghostly Armor","Wild Strike","Pommel Strike"],"picked":"SKIP","floor":36},{"not_picked":["Iron Wave","Thunderclap"],"picked":"Flame Barrier+1","floor":38},{"not_picked":["Armaments+1","Bloodletting"],"picked":"Demon Form+1","floor":39},{"not_picked":["Perfected Strike","Havoc+1"],"picked":"Cleave+1","floor":41}],"player_experience":61064,"relics_obtained":[{"floor":7,"key":"Frozen Egg 2"},{"floor":9,"key":"Tiny Chest"},{"floor":11,"key":"White Beast Statue"},{"floor":20,"key":"MealTicket"},{"floor":25,"key":"Bronze Scales"},{"floor":26,"key":"Anchor"}],"event_choices":[{"cards_removed":["Defend_R"],"damage_healed":0,"gold_gain":0,"player_choice":"Forget","damage_taken":0,"max_hp_gain":0,"max_hp_loss":0,"event_name":"Living Wall","floor":5,"gold_loss":0},{"damage_healed":0,"gold_gain":0,"cards_transformed":["Strike_R"],"player_choice":"Transformed","damage_taken":0,"max_hp_gain":0,"max_hp_loss":0,"event_name":"Transmorgrifier","floor":12,"gold_loss":0,"cards_obtained":["Perfected Strike"]},{"damage_healed":0,"gold_gain":0,"player_choice":"CARD ","damage_taken":12,"max_hp_gain":0,"max_hp_loss":0,"event_name":"Knowing Skull","floor":30,"potions_obtained":[],"gold_loss":0,"cards_obtained":["expansioncontent:Sear"]}],"is_beta":false,"boss_relics":[{"not_picked":["Ectoplasm","Velvet Choker"],"picked":"conspire:SlowCooker"},{"not_picked":["Black Star","Snecko Eye"],"picked":"SacredBark"}],"items_purged_floors":[19],"is_endless":false,"potions_floor_spawned":[4,7,10,13,16,18,21,22,24,25,31,33,35,36,38,39,41],"killed_by":"Giant Head","ascension_level":0}}