{"host":"d1za9dvx43o9v494","time":1610064407,"event":{"mods":["2.2 Compatiblity","BaseMod","Better-Laid Plans","Colored Map","Downfall","Emptier Cage","Minty Spire (QoL Compilation)","Permanent Neow","StSLib","Wandering Minibosses"],"gold_per_floor":[99,115,115,134,148,148,148,148,161,161,71,101,113,154,178,190,190],"floor_reached":16,"playtime":976,"items_purged":["downfall:Malfunctioning"],"score":116,"play_id":"4805ce49-f5db-4415-ad25-db802b000f0f","local_time":"20210108030647","is_ascension_mode":true,"campfire_choices":[{"data":"bronze:CloningBeam","floor":1.0,"key":"SMITH"},{"data":"bronze:WhirlingStrike","floor":6.0,"key":"SMITH"},{"data":"bronze:Replicate","floor":10,"key":"SMITH"},{"data":"bronze:DelayedSlice","floor":13,"key":"SMITH"}],"circlet_count":0,"master_deck":["bronze:Strike","bronze:Strike","bronze:Defend","bronze:Defend","bronze:Defend","bronze:Defend","bronze:Replicate+1","bronze:Goto","bronze:CloningBeam+1","bronze:WhirlingStrike+1","bronze:CloningBeam+1","bronze:Virus","bronze:DelayedSlice+1"],"relics":["bronze:BronzeCore","bronze:Timepiece","MawBank","Dream Catcher"],"acts_visited":["Exordium"],"potions_floor_usage":[9,11,14,16],"damage_taken":[{"damage":6.0,"enemies":"Jaw Worm","floor":2.0,"turns":3.0},{"damage":6.0,"enemies":"Cultist","floor":4.0,"turns":3.0},{"damage":0.0,"enemies":"2 Louse","floor":5.0,"turns":2.0},{"damage":7,"enemies":"Blue Slaver","floor":9,"turns":4},{"damage":10,"enemies":"downfall:FleeingMerchant","floor":11,"turns":4},{"damage":36,"enemies":"Lagavulin","floor":12,"turns":5},{"damage":2,"enemies":"3 Sentries","floor":14,"turns":2},{"damage":0,"enemies":"3 Louse","floor":15,"turns":1},{"damage":24,"enemies":"downfall:Defect","floor":16,"turns":3}],"seed_played":"-6576416417921526868","potions_obtained":[{"floor":4.0,"key":"Weak Potion"},{"floor":9,"key":"FearPotion"},{"floor":12,"key":"Dexterity Potion"},{"floor":14,"key":"Strength Potion"}],"is_trial":false,"path_per_floor":["R","M","?","M","M","R","T","?","M","R","$","E","R","E","M","B"],"character_chosen":"THE_AUTOMATON","items_purchased":[],"campfire_rested":0,"item_purchase_floors":[],"current_hp_per_floor":[70,64,64,58,58,58,58,58,51,51,41,5,5,3,3,0,0],"gold":190,"neow_bonus":"THREE_CARDS","is_daily":false,"chose_seed":false,"campfire_upgraded":4,"win_rate":0.0,"timestamp":1610064407,"path_taken":["R","M","?","M","?","R","T","?","?","R","$","E","R","E","M","BOSS"],"items_purchased_type":[],"build_version":"2020-12-22","purchased_purges":1,"victory":false,"max_hp_per_floor":[70,70,70,70,70,70,70,70,70,70,70,70,70,70,70,70,70],"card_choices":[{"not_picked":["bronze:Constructor","bronze:Terminator"],"picked":"bronze:CloningBeam","floor":0.0},{"not_picked":["bronze:Fortify","bronze:Deprecate"],"picked":"bronze:WhirlingStrike","floor":2.0},{"not_picked":["bronze:WhirlingStrike","bronze:Iterate","bronze:BugBarrage"],"picked":"SKIP","floor":4.0},{"not_picked":["bronze:BronzeArmor","bronze:Invalidate","bronze:CutThrough"],"picked":"SKIP","floor":5.0},{"not_picked":["bronze:GetLatest","bronze:CloningBeam"],"picked":"bronze:Virus","floor":9},{"not_picked":["bronze:DelayedSlice","bronze:DelayedGuard"],"picked":"bronze:Iterate","floor":11},{"not_picked":["bronze:MaxOutput","bronze:GetLatest","bronze:NullPointer"],"picked":"SKIP","floor":12},{"not_picked":["bronze:CleanCode","bronze:Repulsor","bronze:Constructor"],"picked":"SKIP","floor":14},{"not_picked":["bronze:OilSpill","bronze:Turbo","bronze:Terminator"],"picked":"SKIP","floor":15}],"player_experience":681988,"relics_obtained":[{"floor":7.0,"key":"bronze:Timepiece"},{"floor":12,"key":"MawBank"},{"floor":14,"key":"Dream Catcher"}],"event_choices":[],"is_beta":false,"boss_relics":[],"items_purged_floors":[11],"is_endless":false,"potions_floor_spawned":[4,9,12,14],"killed_by":"downfall:Defect","ascension_level":1}}