{"host":"s41rn2jhghpwfrvz","time":1610105987,"event":{"mods":["BaseMod","Minty Spire (QoL Compilation)","Quick Restart","Relic Stats","SuperFastMode"],"gold_per_floor":[118,135,150,75,94,119,138,138,138,176,188,35,62,62,62,141,191,207,207,226,241,53,53,66,79,79,105,136,148,182,57,57,136,136,156,156,173,208,221,247,281,312,312,324,358,373,408,408,408,408,408,408,408,5,35,35],"floor_reached":57,"playtime":2122,"items_purged":["ClearTheMind","Dash","Cloak And Dagger","Sweeping Beam+1"],"score":3874,"play_id":"b3967bbf-6018-405d-828a-5fa8d2fed6ed","local_time":"20210108133947","daily_mods":["SealedDeck","Diverse","DeadlyEvents"],"is_ascension_mode":true,"campfire_choices":[{"data":"Body Slam","floor":8,"key":"SMITH"},{"data":"TalkToTheHand","floor":11,"key":"SMITH"},{"data":"Genetic Algorithm","floor":15,"key":"SMITH"},{"data":"Feel No Pain","floor":32,"key":"SMITH"},{"floor":49,"key":"RECALL"},{"data":"Prostrate","floor":53,"key":"SMITH"}],"circlet_count":0,"master_deck":["AscendersBane","Perseverance","Blade Dance+1","Backflip+1","Body Slam+1","Prostrate+1","TalkToTheHand+1","Genetic Algorithm+1","Feel No Pain+1","Evolve","TalkToTheHand+1","Acrobatics","Dark Embrace"],"relics":["Burning Blood","Matryoshka","MawBank","Self Forming Clay","Champion Belt","OrangePellets","Anchor","Tiny House","Bag of Preparation","Ice Cream","Omamori","Dream Catcher","Runic Pyramid","Magic Flower","Centennial Puzzle","TungstenRod","HornCleat","Letter Opener","Orichalcum","War Paint","Incense Burner"],"acts_visited":["Exordium","TheCity","TheBeyond","TheEnding"],"potions_floor_usage":[38,56],"damage_taken":[{"damage":0,"enemies":"Cultist","floor":1,"turns":3},{"damage":0,"enemies":"Jaw Worm","floor":2,"turns":2},{"damage":7,"enemies":"Small Slimes","floor":3,"turns":3},{"damage":4,"enemies":"Red Slaver","floor":5,"turns":3},{"damage":0,"enemies":"Lagavulin","floor":6,"turns":5},{"damage":10,"enemies":"Large Slime","floor":7,"turns":5},{"damage":4,"enemies":"3 Sentries","floor":10,"turns":7},{"damage":2,"enemies":"Gremlin Nob","floor":13,"turns":4},{"damage":0,"enemies":"The Guardian","floor":16,"turns":6},{"damage":0,"enemies":"Chosen","floor":18,"turns":3},{"damage":0,"enemies":"Shell Parasite","floor":20,"turns":4},{"damage":0,"enemies":"Cultist and Chosen","floor":21,"turns":5},{"damage":5,"enemies":"3 Cultists","floor":24,"turns":4},{"damage":0,"enemies":"Snake Plant","floor":25,"turns":4},{"damage":0,"enemies":"Gremlin Leader","floor":27,"turns":5},{"damage":18,"enemies":"Slavers","floor":28,"turns":5},{"damage":0,"enemies":"Centurion and Healer","floor":29,"turns":6},{"damage":0,"enemies":"Gremlin Leader","floor":30,"turns":7},{"damage":14,"enemies":"Automaton","floor":33,"turns":6},{"damage":0,"enemies":"Orb Walker","floor":35,"turns":3},{"damage":0,"enemies":"3 Darklings","floor":37,"turns":4},{"damage":35,"enemies":"Reptomancer","floor":38,"turns":5},{"damage":0,"enemies":"Sphere and 2 Shapes","floor":39,"turns":3},{"damage":0,"enemies":"Giant Head","floor":40,"turns":4},{"damage":22,"enemies":"Reptomancer","floor":41,"turns":6},{"damage":0,"enemies":"Giant Head","floor":42,"turns":4},{"damage":17,"enemies":"4 Shapes","floor":44,"turns":3},{"damage":0,"enemies":"Nemesis","floor":45,"turns":3},{"damage":0,"enemies":"Spire Growth","floor":46,"turns":4},{"damage":35,"enemies":"Reptomancer","floor":47,"turns":4},{"damage":0,"enemies":"Donu and Deca","floor":50,"turns":5},{"damage":3,"enemies":"Awakened One","floor":51,"turns":6},{"damage":0,"enemies":"Shield and Spear","floor":55,"turns":3},{"damage":0,"enemies":"The Heart","floor":56,"turns":6}],"seed_played":"5446284018791022052","potions_obtained":[{"floor":3,"key":"FearPotion"},{"floor":5,"key":"EssenceOfSteel"},{"floor":17,"key":"LiquidMemories"},{"floor":20,"key":"SpeedPotion"},{"floor":38,"key":"SkillPotion"}],"is_trial":true,"path_per_floor":["M","M","M","$","M","E","M","R","T","E","R","$","E","$","R","B",null,"M","?","M","M","$","?","M","M","T","E","E","M","E","$","R","B",null,"M","$","M","E","M","E","E","E","T","M","E","M","E","?","R","B","B",null,"R","$","E","B",null],"character_chosen":"IRONCLAD","items_purchased":["OrangePellets","Evolve","Dark Embrace","War Paint"],"campfire_rested":0,"item_purchase_floors":[12,22,54,54],"current_hp_per_floor":[74,75,74,74,75,75,71,71,71,73,73,73,75,75,75,75,80,80,80,80,80,80,80,80,80,80,80,68,74,80,80,80,72,78,80,80,80,51,60,69,56,65,65,57,66,75,49,40,40,49,55,74,74,74,80,80],"gold":35,"neow_bonus":"","is_daily":false,"chose_seed":false,"campfire_upgraded":5,"win_rate":0.0,"timestamp":1610105987,"path_taken":["M","M","?","?","M","E","M","R","T","E","R","$","E","$","R","BOSS","M","?","M","M","$","?","M","M","T","?","E","M","E","?","R","BOSS","M","?","M","?","?","E","?","E","T","M","E","M","E","?","R","BOSS","BOSS","R","$","E","BOSS"],"items_purchased_type":["Relic","Card","Card","Relic"],"build_version":"2020-12-22","purchased_purges":4,"victory":true,"max_hp_per_floor":[75,75,75,75,75,75,75,75,75,75,75,75,75,75,75,75,80,80,80,80,80,80,80,80,80,80,80,80,80,80,80,80,80,80,80,80,80,80,80,80,80,80,80,80,80,80,80,80,80,80,80,80,80,80,80,80],"relic_stats":{"counters":[34,150],"Self Forming Clay":[54],"Magic Flower":[30],"Bag of Preparation":[40],"Letter Opener":[197],"Orichalcum":[0],"War Paint":["Backflip","Blade Dance"],"MawBank":36,"Burning Blood":167,"OrangePellets":[10],"Dream Catcher":0,"Centennial Puzzle":[11],"Champion Belt":[0],"obtain_stats":[{"Ice Cream":27,"Tiny House":17,"Self Forming Clay":9,"Magic Flower":38,"Bag of Preparation":26,"Omamori":28,"Incense Burner":55,"Letter Opener":43,"Orichalcum":47,"War Paint":54,"MawBank":9,"Burning Blood":0,"OrangePellets":12,"Anchor":13,"Dream Catcher":30,"Centennial Puzzle":40,"Matryoshka":6,"HornCleat":42,"Champion Belt":10,"TungstenRod":41,"Runic Pyramid":34},{"Ice Cream":15,"Tiny House":9,"Self Forming Clay":6,"Magic Flower":22,"Bag of Preparation":14,"Omamori":16,"Incense Burner":33,"Letter Opener":26,"Orichalcum":30,"War Paint":32,"MawBank":6,"Burning Blood":0,"OrangePellets":7,"Anchor":8,"Dream Catcher":18,"Centennial Puzzle":24,"Matryoshka":5,"HornCleat":26,"Champion Belt":7,"TungstenRod":25,"Runic Pyramid":19},{"Ice Cream":63,"Tiny House":38,"Self Forming Clay":21,"Magic Flower":99,"Bag of Preparation":58,"Omamori":68,"Incense Burner":144,"Letter Opener":116,"Orichalcum":130,"War Paint":141,"MawBank":21,"Burning Blood":0,"OrangePellets":28,"Anchor":32,"Dream Catcher":81,"Centennial Puzzle":106,"Matryoshka":16,"HornCleat":116,"Champion Belt":28,"TungstenRod":112,"Runic Pyramid":87}],"TungstenRod":6},"card_choices":[{"not_picked":["Ghostly Armor","FlurryOfBlows","Meditate"],"picked":"SKIP","floor":1},{"not_picked":["Havoc","Hello World","Setup"],"picked":"SKIP","floor":2},{"not_picked":["Armaments","Loop","Redo"],"picked":"SKIP","floor":3},{"not_picked":["Quick Slash","Coolheaded"],"picked":"Genetic Algorithm","floor":5},{"not_picked":["Consecrate","FlyingSleeves","Wild Strike"],"picked":"SKIP","floor":6},{"not_picked":["Prepared","Pray"],"picked":"Feel No Pain","floor":7},{"not_picked":["Pummel","True Grit","Steam"],"picked":"SKIP","floor":10},{"not_picked":["Electrodynamics","ReachHeaven","Vengeance"],"picked":"SKIP","floor":13},{"not_picked":["Iron Wave","FlyingSleeves","Pommel Strike"],"picked":"SKIP","floor":18},{"not_picked":["Dagger Throw","Havoc","Outmaneuver"],"picked":"SKIP","floor":20},{"not_picked":["Heavy Blade","Thunderclap","Die Die Die"],"picked":"SKIP","floor":21},{"not_picked":["Combust","Stack","Heatsinks"],"picked":"SKIP","floor":24},{"not_picked":["Leap","Sweeping Beam","Crescendo"],"picked":"SKIP","floor":25},{"not_picked":["True Grit","Finisher","Deflect"],"picked":"SKIP","floor":27},{"not_picked":["Pommel Strike","Genetic Algorithm","FollowUp"],"picked":"SKIP","floor":28},{"not_picked":["Seeing Red","Noxious Fumes+1"],"picked":"Acrobatics","floor":29},{"not_picked":["Consume","Uppercut","Loop"],"picked":"SKIP","floor":30},{"not_picked":["Deflect","Sentinel","Wallop"],"picked":"SKIP","floor":35},{"not_picked":["CrushJoints","True Grit","Setup"],"picked":"SKIP","floor":37},{"not_picked":["Havoc","CrushJoints+1","Genetic Algorithm+1"],"picked":"SKIP","floor":38},{"not_picked":["Armaments","CrushJoints+1","Genetic Algorithm+1"],"picked":"SKIP","floor":39},{"not_picked":["MentalFortress+1","Acrobatics","InnerPeace"],"picked":"SKIP","floor":40},{"not_picked":["Leg Sweep","Go for the Eyes+1","FlurryOfBlows"],"picked":"SKIP","floor":41},{"not_picked":["All Out Attack","Steam","Go for the Eyes+1"],"picked":"SKIP","floor":42},{"not_picked":["Chaos+1","Evaluate","ThirdEye"],"picked":"SKIP","floor":44},{"not_picked":["Scrawl","Static Discharge","Stack+1"],"picked":"SKIP","floor":45},{"not_picked":["Backflip","Hello World","MentalFortress"],"picked":"SKIP","floor":46},{"not_picked":["Quick Slash","Genetic Algorithm","Noxious Fumes"],"picked":"SKIP","floor":47},{"not_picked":["Sweeping Beam+1","Undo","MentalFortress"],"picked":"SKIP","floor":55}],"player_experience":1675391,"relics_obtained":[{"floor":6,"key":"Matryoshka"},{"floor":9,"key":"MawBank"},{"floor":9,"key":"Self Forming Clay"},{"floor":10,"key":"Champion Belt"},{"floor":13,"key":"Anchor"},{"floor":26,"key":"Bag of Preparation"},{"floor":27,"key":"Ice Cream"},{"floor":28,"key":"Omamori"},{"floor":30,"key":"Dream Catcher"},{"floor":38,"key":"Magic Flower"},{"floor":40,"key":"Centennial Puzzle"},{"floor":41,"key":"TungstenRod"},{"floor":42,"key":"HornCleat"},{"floor":43,"key":"Letter Opener"},{"floor":47,"key":"Orichalcum"},{"floor":55,"key":"Incense Burner"}],"event_choices":[{"damage_healed":0,"gold_gain":0,"player_choice":"Ignored","damage_taken":0,"max_hp_gain":0,"max_hp_loss":0,"event_name":"Vampires","floor":19,"gold_loss":0},{"damage_healed":0,"gold_gain":0,"player_choice":"Copied","damage_taken":0,"max_hp_gain":0,"max_hp_loss":0,"event_name":"Duplicator","floor":23,"gold_loss":0,"cards_obtained":["TalkToTheHand"]},{"damage_healed":0,"gold_gain":0,"player_choice":"Memory 3","damage_taken":10,"max_hp_gain":0,"max_hp_loss":0,"event_name":"SensoryStone","floor":48,"gold_loss":0}],"is_beta":false,"boss_relics":[{"not_picked":["Astrolabe","Ectoplasm"],"picked":"Tiny House"},{"not_picked":["Empty Cage","Fusion Hammer"],"picked":"Runic Pyramid"}],"items_purged_floors":[4,22,31,54],"is_endless":false,"potions_floor_spawned":[3,5,6,10,16,20,24,25,33,37,38,41,42,44,45],"ascension_level":20}}