{"host":"82mktlv603bf215z","time":1610094489,"event":{"mods":["BaseMod","Downfall","Marisa（F雨　魔理沙）","Minty Spire (QoL Compilation)","Shop Mod","Spicy Shops","StSLib","TestMod","The Cursed","The Hierophant","篝火指南"],"gold_per_floor":[119,194,214,214,71,105,140,170,193,235,5,32,62,94,94,196,196,215,215,227,254,66,95,95,95,95,146,186,227,326,286,286,398,398,429,429,462,475,510,560,610,675,752,786,845,1120,35,52,52,157,207,218,231,241,416,416,416,464,509,509,558,558,558,633,36,36,166,166,182,97,197,72,1071,1115,69,128,169,169,187,298,1000190,199,211,360,372,400,412,412],"floor_reached":87,"playtime":4166,"items_purged":["Regret","MillisecondPulsars","PowerUp","Regret"],"score":2457,"play_id":"711656e7-a2f2-46b1-b719-993ce17a3d17","local_time":"20210108162809","daily_mods":["Draft","Vintage","Heirloom","Time Dilation","Flight","downfall:Lament","Elite Swarm","downfall:ExchangeController"],"is_ascension_mode":true,"campfire_choices":[{"floor":15,"key":"REST"},{"data":"SuperNova","floor":24,"key":"SMITH"},{"data":"EscapeVelocity","floor":25,"key":"SMITH"},{"data":"OortCloud","floor":32,"key":"SMITH"},{"floor":49,"key":"DIG"},{"data":"MilkyWay","floor":57,"key":"SMITH"},{"floor":66,"key":"DIG"},{"floor":83,"key":"DIG"}],"circlet_count":0,"master_deck":["Acceleration+1","DoubleSpark","AsteroidBelt+1","OortCloud+1","MilkyWay+1","WitchOfGreed+1","EnergyFlow","UnstableBomb+1","DC","MysteriousBeam","MilkyWay","PowerUp+1","NonDirectionalLaser","StarBarrage","SuperNova+1","EscapeVelocity+1","SuperNova+1","CasketOfStar+1","MillisecondPulsars+1","AbsoluteMagnitude+1","CasketOfStar+1","BinaryStars+1","CasketOfStar+1","UltimateShortwave+1","SatelliteIllusion+1","SuperNova+1","EscapeVelocity+1","ManaRampage+1","CasketOfStar+1","BigCrunch+1","StarDustReverie+1","FinalSpark","UltimateShortwave+1","BinaryStars+1","StarDustReverie+1","CasketOfStar+1","EscapeVelocity+1","TreasureHunter","TreasureHunter","ManaRampage+1"],"relics":["MiniHakkero","testmod-TestBox","downfall:NeowBlessing_Player","NeowsBlessing","testmod-IntensifyImprint","Shovel","testmod-OneHitWonder","Bronze Scales","Potion Belt","sneckomod:BlankCard","War Paint","Juzu Bracelet","Pen Nib","testmod-AssaultLearning","testmod-Justice","testmod-Faith","Membership Card","Frozen Egg 2","InkBottle","Lantern","testmod-TimeTraveler","Question Card","Centennial Puzzle","Toxic Egg 2","SproutingBranch","Bottled Tornado","Mummified Hand","StrikeDummy","Oddly Smooth Stone","Happy Flower","sneckomod:SneckoTalon","Toy Ornithopter","Eternal Feather","Gambling Chip","HornCleat","testmod-Alchemist","testmod-CasingShield","testmod-ThousandKnives","testmod-Maize","Pantograph","The Courier","Peace Pipe","testmod-Fortitude","Vajra","testmod-Register","hexamod:BolsterEngine","testmod-ArcanaOfDestiny","Lee\u0027s Waffle","champ:DuelingGlove","CeramicFish","testmod-Nyarlathotep","testmod-Hope","Art of War","Guardian:GemstoneGun","Whetstone","testmod-ObsoleteBoomerang","downfall:NeowBlessing_Player","NeowsBlessing","Prayer Wheel","Dream Catcher","Omamori","Golden Idol","Sundial","champ:Barbells","Guardian:PocketSentry","testmod-BouquetWithThorns","Boot","MealTicket","testmod-HeartOfDaVinci","testmod-FatalChain","Bottled Flame","HoveringKite","TheCursedMod:Tack","Red Skull","Cauldron","champ:FightingForDummies","SimpleLauncher","FossilizedHelix","testmod-LifeArmor","Strawberry","testmod-Acrobat","hierophant:DonationBoxRelic","testmod-Antiphasic","hexamod:MatchstickCase","Akabeko","Letter Opener","Cables","DataDisk","Thread and Needle","PreservedInsect","MawBank","AmplifyWand","Philosopher\u0027s Stone","Orichalcum"],"acts_visited":["Exordium","TheCity","TheBeyond","Exordium","TheCity","TheBeyond"],"potions_floor_usage":[],"damage_taken":[{"damage":0,"enemies":"2 Louse","floor":1,"turns":1},{"damage":0,"enemies":"Cultist","floor":3,"turns":1},{"damage":0,"enemies":"Gremlin Nob","floor":6,"turns":1},{"damage":34,"enemies":"Lagavulin","floor":7,"turns":4},{"damage":0,"enemies":"Gremlin Nob","floor":8,"turns":2},{"damage":27,"enemies":"Lagavulin","floor":10,"turns":5},{"damage":18,"enemies":"Gremlin Nob","floor":12,"turns":4},{"damage":18,"enemies":"3 Sentries","floor":13,"turns":3},{"damage":8,"enemies":"Gremlin Nob","floor":14,"turns":5},{"damage":52,"enemies":"The Guardian","floor":16,"turns":8},{"damage":9,"enemies":"2 Thieves","floor":18,"turns":2},{"damage":3,"enemies":"3 Byrds","floor":20,"turns":1},{"damage":8,"enemies":"Centurion and Healer","floor":21,"turns":4},{"damage":24,"enemies":"Slavers","floor":23,"turns":4},{"damage":14,"enemies":"Book of Stabbing","floor":27,"turns":3},{"damage":14,"enemies":"Slavers","floor":28,"turns":2},{"damage":12,"enemies":"Gremlin Leader","floor":29,"turns":2},{"damage":6,"enemies":"Automaton","floor":33,"turns":6},{"damage":0,"enemies":"3 Darklings","floor":35,"turns":1},{"damage":2,"enemies":"Orb Walker","floor":37,"turns":2},{"damage":0,"enemies":"Spire Growth","floor":38,"turns":2},{"damage":9,"enemies":"3 Darklings","floor":39,"turns":2},{"damage":57,"enemies":"Reptomancer","floor":40,"turns":4},{"damage":0,"enemies":"Nemesis","floor":41,"turns":5},{"damage":0,"enemies":"Mind Bloom Boss Battle","floor":42,"turns":2},{"damage":0,"enemies":"Reptomancer","floor":44,"turns":1},{"damage":0,"enemies":"Nemesis","floor":45,"turns":2},{"damage":0,"enemies":"4 Shapes","floor":48,"turns":1},{"damage":0,"enemies":"Donu and Deca","floor":50,"turns":1},{"damage":0,"enemies":"Jaw Worm","floor":52,"turns":1},{"damage":0,"enemies":"Cultist","floor":53,"turns":1},{"damage":0,"enemies":"2 Louse","floor":54,"turns":1},{"damage":0,"enemies":"Lagavulin","floor":58,"turns":1},{"damage":0,"enemies":"Gremlin Nob","floor":59,"turns":2},{"damage":0,"enemies":"3 Sentries","floor":61,"turns":2},{"damage":0,"enemies":"Slime Boss","floor":67,"turns":1},{"damage":0,"enemies":"2 Thieves","floor":69,"turns":1},{"damage":0,"enemies":"Slavers","floor":74,"turns":1},{"damage":0,"enemies":"Book of Stabbing","floor":76,"turns":1},{"damage":0,"enemies":"Slavers","floor":77,"turns":1},{"damage":0,"enemies":"Spheric Guardian","floor":79,"turns":1},{"damage":0,"enemies":"Champ","floor":84,"turns":1},{"damage":0,"enemies":"Orb Walker","floor":86,"turns":1},{"damage":0,"enemies":"3 Darklings","floor":87,"turns":1}],"seed_played":"-6631646617945645291","potions_obtained":[{"floor":3,"key":"Dexterity Potion"},{"floor":7,"key":"ShroomBrew"},{"floor":8,"key":"Fruit Juice"},{"floor":10,"key":"LiquidBronze"},{"floor":13,"key":"AttackPotion"},{"floor":16,"key":"Dexterity Potion"},{"floor":21,"key":"SkillPotion"},{"floor":21,"key":"Regen Potion"},{"floor":27,"key":"Guardian:BlockOnCardUsePotion"},{"floor":27,"key":"Weak Potion"},{"floor":28,"key":"Energy Potion"},{"floor":28,"key":"DuplicationPotion"},{"floor":29,"key":"ShroomBrew"},{"floor":29,"key":"Explosive Potion"},{"floor":33,"key":"LiquidMemories"},{"floor":33,"key":"SteroidPotion"},{"floor":35,"key":"Regen Potion"},{"floor":35,"key":"SteroidPotion"},{"floor":37,"key":"FearPotion"},{"floor":37,"key":"BottledSpark"},{"floor":39,"key":"champ:CounterPotion"},{"floor":39,"key":"Slimebound:ThreeZeroPotion"},{"floor":40,"key":"ColorlessPotion"},{"floor":41,"key":"SkillPotion"},{"floor":41,"key":"testmod-SpacePotion"},{"floor":42,"key":"Guardian:BlockOnCardUsePotion"},{"floor":45,"key":"hexamod:EctoCoolerPotion"},{"floor":50,"key":"LiquidBronze"},{"floor":51,"key":"Fire Potion"},{"floor":54,"key":"Block Potion"},{"floor":58,"key":"CultistPotion"},{"floor":59,"key":"SpeedPotion"},{"floor":72,"key":"Explosive Potion"},{"floor":72,"key":"SneckoOil"},{"floor":72,"key":"PowerPotion"},{"floor":72,"key":"Weak Potion"},{"floor":72,"key":"PowerPotion"},{"floor":76,"key":"ShroomBrew"},{"floor":79,"key":"BottledSpark"},{"floor":84,"key":"SteroidPotion"}],"is_trial":true,"path_per_floor":["M","?","M","?","$","E","E","E","T","E","$","E","E","E","R","B",null,"M","?","M","M","$","E","R","R","T","E","E","E","?","?","R","B",null,"M","T","M","M","M","E","E","?","T","E","E","?","$","M","R","B",null,"M","M","M","?","?","R","E","E","T","E","?","?","?","$","R","B",null,"M","?","?","$","?","E","$","E","E","?","M","?","$","?","R","B",null,"M","M"],"character_chosen":"MARISA","items_purchased":["sneckomod:BlankCard","testmod-Faith","Membership Card","SproutingBranch","testmod-Fortitude","Vajra","testmod-Register","hexamod:BolsterEngine","testmod-ArcanaOfDestiny","Lee\u0027s Waffle","champ:DuelingGlove","CeramicFish","testmod-Nyarlathotep","testmod-Hope","Art of War","Guardian:GemstoneGun","champ:Barbells","Guardian:PocketSentry","testmod-BouquetWithThorns","Boot","MealTicket","testmod-HeartOfDaVinci","testmod-FatalChain","Cauldron","champ:FightingForDummies","SimpleLauncher","FossilizedHelix","testmod-LifeArmor","Strawberry","testmod-Acrobat","hierophant:DonationBoxRelic","testmod-Antiphasic","hexamod:MatchstickCase","Akabeko","Letter Opener","Cables","DataDisk","Thread and Needle","PreservedInsect"],"campfire_rested":1,"item_purchase_floors":[5,11,11,22,47,47,47,47,47,47,47,47,47,47,47,47,65,65,65,65,65,65,65,72,72,75,75,75,75,75,75,75,75,75,75,75,75,75,75],"current_hp_per_floor":[175,158,158,158,158,158,124,124,124,97,97,79,61,53,105,53,275,266,266,263,255,255,243,243,243,243,238,229,222,222,222,222,231,375,375,375,373,375,366,321,335,340,340,340,345,345,382,382,382,382,587,587,587,587,587,587,587,587,587,587,587,587,587,576,576,587,587,687,687,687,687,687,687,687,694,694,694,694,694,694,694,694,694,694,794,794,794,794],"gold":412,"neow_bonus":"","is_daily":false,"chose_seed":false,"campfire_upgraded":4,"win_rate":0.0,"timestamp":1610094489,"path_taken":["M","?","?","?","$","E","E","E","T","E","?","E","E","E","R","BOSS","M","?","M","M","$","E","R","R","T","E","E","E","?","?","R","BOSS","M","?","M","M","M","E","E","?","T","E","E","?","$","M","R","BOSS","M","M","M","?","?","R","E","E","T","E","?","?","?","$","R","BOSS","M","?","?","$","?","E","$","E","E","?","M","?","?","?","R","BOSS","M","M"],"items_purchased_type":["Relic","Relic","Relic","Relic","Relic","Relic","Relic","Relic","Relic","Relic","Relic","Relic","Relic","Relic","Relic","Relic","Relic","Relic","Relic","Relic","Relic","Relic","Relic","Relic","Relic","Relic","Relic","Relic","Relic","Relic","Relic","Relic","Relic","Relic","Relic","Relic","Relic","Relic","Relic"],"build_version":"2020-12-22","purchased_purges":4,"victory":false,"max_hp_per_floor":[175,175,175,175,175,175,175,175,175,175,175,175,175,175,175,175,275,275,275,275,275,275,275,275,275,275,275,275,275,275,275,275,275,375,375,375,375,375,375,375,375,375,375,375,375,375,382,382,382,382,587,587,587,587,587,587,587,587,587,587,587,587,587,587,587,587,587,687,687,687,687,687,687,687,694,694,694,694,694,694,694,694,694,694,794,794,794,794],"card_choices":[{"not_picked":["StarlightTyphoon","MilkyWay"],"picked":"Acceleration","floor":0},{"not_picked":["Orbital","AsteroidBelt"],"picked":"DoubleSpark","floor":0},{"not_picked":["MeteoricShower","IllusionStar"],"picked":"AsteroidBelt","floor":0},{"not_picked":["PulseMagic","DC"],"picked":"OortCloud","floor":0},{"not_picked":["SporeBomb","PropBag"],"picked":"MilkyWay","floor":0},{"not_picked":["PulseMagic","AsteroidBelt"],"picked":"PowerUp","floor":0},{"not_picked":["PowerUp","OortCloud"],"picked":"WitchOfGreed","floor":0},{"not_picked":["StarlightTyphoon","SporeBomb"],"picked":"EnergyFlow","floor":0},{"not_picked":["SporeBomb","DC"],"picked":"UnstableBomb","floor":0},{"not_picked":["WitchOfGreed","LuminesStrike"],"picked":"DC","floor":0},{"not_picked":["Acceleration","IllusionStar"],"picked":"MysteriousBeam","floor":0},{"not_picked":["OrrerysSun","ManaConvection"],"picked":"MilkyWay","floor":0},{"not_picked":["6A","DC"],"picked":"PowerUp","floor":0},{"not_picked":["DarkSpark","PowerUp"],"picked":"NonDirectionalLaser","floor":0},{"not_picked":["GravityBeat","UnstableBomb"],"picked":"StarBarrage","floor":0},{"not_picked":["FinalSpark","ManaRampage"],"picked":"SuperNova","floor":6},{"not_picked":["BigCrunch","CasketOfStar"],"picked":"MillisecondPulsars","floor":7},{"not_picked":["MillisecondPulsars","SatelliteIllusion"],"picked":"EscapeVelocity","floor":8},{"not_picked":["FinalSpark","JA"],"picked":"SuperNova","floor":10},{"not_picked":["UltimateShortwave","AbsoluteMagnitude"],"picked":"CasketOfStar+1","floor":12},{"not_picked":["ManaRampage","AbsoluteMagnitude"],"picked":"MillisecondPulsars+1","floor":13},{"not_picked":["JA","EscapeVelocity+1"],"picked":"AbsoluteMagnitude","floor":14},{"not_picked":["TreasureHunter","MillisecondPulsars+1"],"picked":"CasketOfStar+1","floor":16},{"not_picked":["FinalSpark","CollectingQuirk","AbsoluteMagnitude"],"picked":"BinaryStars+1","floor":23},{"not_picked":["TreasureHunter","CollectingQuirk","BlazingStar"],"picked":"CasketOfStar+1","floor":27},{"not_picked":["AbsoluteMagnitude","BlazingStar","BigCrunch+1"],"picked":"UltimateShortwave+1","floor":28},{"not_picked":["CollectingQuirk","BinaryStars+1","TreasureHunter"],"picked":"SatelliteIllusion+1","floor":29},{"not_picked":["MillisecondPulsars+1","BlazingStar","JA"],"picked":"SuperNova+1","floor":33},{"not_picked":["SatelliteIllusion+1","ManaRampage+1","MillisecondPulsars+1"],"picked":"EscapeVelocity+1","floor":40},{"not_picked":["JA","BinaryStars+1","CasketOfStar+1"],"picked":"ManaRampage+1","floor":41},{"not_picked":["SatelliteIllusion+1","JA","SuperNova+1"],"picked":"CasketOfStar+1","floor":44},{"not_picked":["CollectingQuirk","TreasureHunter","JA"],"picked":"BigCrunch+1","floor":45},{"not_picked":["MaximisePower+1","BlazingStar","AbsoluteMagnitude"],"picked":"StarDustReverie+1","floor":50},{"not_picked":["MaximisePower+1","UltimateShortwave+1","BigCrunch+1"],"picked":"FinalSpark","floor":58},{"not_picked":["ManaRampage+1","TreasureHunter","BlazingStar"],"picked":"UltimateShortwave+1","floor":59},{"not_picked":["JA","SatelliteIllusion+1","SuperNova+1"],"picked":"BinaryStars+1","floor":61},{"not_picked":["TreasureHunter","SatelliteIllusion+1","EscapeVelocity+1"],"picked":"StarDustReverie+1","floor":67},{"not_picked":["AbsoluteMagnitude","SatelliteIllusion+1","EscapeVelocity+1"],"picked":"CasketOfStar+1","floor":74},{"not_picked":["BinaryStars+1","CasketOfStar+1","StarDustReverie+1"],"picked":"EscapeVelocity+1","floor":76},{"not_picked":["ManaRampage+1","MillisecondPulsars+1","SuperNova+1"],"picked":"TreasureHunter","floor":77},{"not_picked":["BinaryStars+1","BigCrunch+1","MaximisePower+1"],"picked":"ManaRampage+1","floor":84}],"player_experience":429358,"relics_obtained":[{"floor":1,"key":"testmod-OneHitWonder"},{"floor":3,"key":"Bronze Scales"},{"floor":6,"key":"War Paint"},{"floor":7,"key":"Juzu Bracelet"},{"floor":8,"key":"Pen Nib"},{"floor":9,"key":"testmod-AssaultLearning"},{"floor":10,"key":"testmod-Justice"},{"floor":12,"key":"Frozen Egg 2"},{"floor":13,"key":"InkBottle"},{"floor":14,"key":"Lantern"},{"floor":18,"key":"Question Card"},{"floor":20,"key":"Centennial Puzzle"},{"floor":21,"key":"Toxic Egg 2"},{"floor":23,"key":"Bottled Tornado"},{"floor":26,"key":"Mummified Hand"},{"floor":27,"key":"StrikeDummy"},{"floor":28,"key":"Oddly Smooth Stone"},{"floor":29,"key":"Happy Flower"},{"floor":35,"key":"Toy Ornithopter"},{"floor":36,"key":"Eternal Feather"},{"floor":37,"key":"Gambling Chip"},{"floor":38,"key":"HornCleat"},{"floor":39,"key":"testmod-Alchemist"},{"floor":40,"key":"testmod-CasingShield"},{"floor":41,"key":"testmod-ThousandKnives"},{"floor":42,"key":"testmod-Maize"},{"floor":43,"key":"Pantograph"},{"floor":44,"key":"The Courier"},{"floor":45,"key":"Peace Pipe"},{"floor":48,"key":"Whetstone"},{"floor":49,"key":"testmod-ObsoleteBoomerang"},{"floor":52,"key":"Prayer Wheel"},{"floor":53,"key":"Dream Catcher"},{"floor":54,"key":"Omamori"},{"floor":60,"key":"Sundial"},{"floor":66,"key":"Bottled Flame"},{"floor":69,"key":"TheCursedMod:Tack"},{"floor":79,"key":"MawBank"},{"floor":83,"key":"AmplifyWand"},{"floor":86,"key":"Orichalcum"}],"event_choices":[{"damage_healed":0,"gold_gain":75,"player_choice":"Touch","damage_taken":17,"max_hp_gain":0,"max_hp_loss":0,"event_name":"FaceTrader","floor":2,"gold_loss":0},{"damage_healed":0,"gold_gain":0,"player_choice":"Box","damage_taken":0,"relics_obtained":["Potion Belt"],"max_hp_gain":0,"max_hp_loss":0,"event_name":"Big Fish","floor":4,"gold_loss":0,"cards_obtained":["Regret"]},{"damage_healed":0,"gold_gain":0,"player_choice":"Ignored","damage_taken":0,"max_hp_gain":0,"max_hp_loss":0,"event_name":"Ghosts","floor":19,"gold_loss":0},{"damage_healed":0,"gold_gain":99,"player_choice":"Stole From Cult","damage_taken":0,"max_hp_gain":0,"max_hp_loss":0,"event_name":"Nest","floor":30,"gold_loss":0},{"damage_healed":0,"gold_gain":0,"player_choice":"Upgrade","damage_taken":0,"max_hp_gain":0,"max_hp_loss":0,"event_name":"Designer","floor":31,"gold_loss":40,"cards_upgraded":["SuperNova"]},{"damage_healed":0,"gold_gain":0,"player_choice":"Fight","damage_taken":0,"max_hp_gain":0,"max_hp_loss":0,"event_name":"MindBloom","floor":42,"gold_loss":0},{"damage_healed":0,"gold_gain":275,"player_choice":"Desecrate","damage_taken":0,"max_hp_gain":0,"max_hp_loss":0,"event_name":"Golden Shrine","floor":46,"gold_loss":0,"cards_obtained":["Regret"]},{"damage_healed":0,"gold_gain":175,"player_choice":"AGREE","damage_taken":0,"max_hp_gain":0,"max_hp_loss":0,"event_name":"Liars Game","floor":55,"gold_loss":0,"cards_obtained":["Doubt"]},{"damage_healed":0,"gold_gain":0,"player_choice":"Take Wound","damage_taken":0,"relics_obtained":["Golden Idol"],"max_hp_gain":0,"max_hp_loss":0,"event_name":"Golden Idol","floor":56,"gold_loss":0,"cards_obtained":["Injury"]},{"damage_healed":0,"gold_gain":0,"player_choice":"Searched \u00270\u0027 times","damage_taken":0,"max_hp_gain":0,"max_hp_loss":0,"event_name":"Dead Adventurer","floor":62,"gold_loss":0},{"damage_healed":0,"gold_gain":0,"player_choice":"Leave","damage_taken":0,"max_hp_gain":0,"max_hp_loss":0,"event_name":"The Cleric","floor":63,"gold_loss":0},{"damage_healed":0,"gold_gain":75,"player_choice":"Gather Gold","damage_taken":11,"max_hp_gain":0,"max_hp_loss":0,"event_name":"World of Goop","floor":64,"gold_loss":0},{"damage_healed":0,"gold_gain":0,"player_choice":"Obtained Relic","damage_taken":0,"relics_obtained":["Red Skull"],"max_hp_gain":0,"max_hp_loss":0,"event_name":"Addict","floor":70,"gold_loss":85},{"damage_healed":0,"gold_gain":100,"player_choice":"Pray","damage_taken":0,"max_hp_gain":0,"max_hp_loss":0,"event_name":"Golden Shrine","floor":71,"gold_loss":0},{"damage_healed":0,"gold_gain":999,"player_choice":"Sell","damage_taken":0,"max_hp_gain":0,"max_hp_loss":0,"event_name":"恩洛斯的盘子","floor":73,"relics_lost":["Tiny House"],"gold_loss":0},{"damage_healed":0,"gold_gain":0,"player_choice":"Simplicity","damage_taken":0,"max_hp_gain":0,"max_hp_loss":0,"event_name":"Back to Basics","floor":78,"gold_loss":0,"cards_upgraded":[]},{"damage_healed":0,"gold_gain":99,"player_choice":"Stole From Cult","damage_taken":0,"max_hp_gain":0,"max_hp_loss":0,"event_name":"Nest","floor":80,"gold_loss":0}],"is_beta":false,"boss_relics":[{"not_picked":["testmod-BatchProcessingSystem","Coffee Dripper"],"picked":"testmod-TimeTraveler"},{"not_picked":["testmod-Nine","Empty Cage"],"picked":"sneckomod:SneckoTalon"},{"not_picked":["Velvet Choker","Runic Dome"],"picked":"Tiny House"},{"not_picked":["Velvet Choker","Busted Crown"],"picked":"HoveringKite"},{"not_picked":["TheCursedMod:OminousMark","testmod-Nine"],"picked":"Philosopher\u0027s Stone"}],"items_purged_floors":[11,22,22,47],"is_endless":true,"potions_floor_spawned":[3,7,8,13,16,21,27,28,29,33,35,37,39,41,50,54,58,59,76,79,84],"killed_by":"3 Darklings","ascension_level":1}}