{"host":"qjv9b7mze4c73keh","time":1610131994,"event":{"mods":["BaseMod","Minty Spire (QoL Compilation)"],"gold_per_floor":[114,114,114,114,65,65,77,77,104,104,104,104,120,148,148,253,253,273,198,210,25,36,36,53,79,79,179,179,189,189,199,199,296,296,314,325,325,325],"floor_reached":37,"playtime":2762,"items_purged":[],"score":387,"play_id":"b395861f-e134-4be8-b7cc-8773e87b4d49","local_time":"20210108235314","is_ascension_mode":false,"campfire_choices":[{"data":"Flex","floor":6.0,"key":"SMITH"},{"data":"Bash","floor":10.0,"key":"SMITH"},{"data":"True Grit","floor":12.0,"key":"SMITH"},{"floor":15.0,"key":"REST"},{"floor":23.0,"key":"REST"},{"floor":28.0,"key":"REST"},{"floor":30.0,"key":"REST"},{"data":"Carnage","floor":32.0,"key":"SMITH"}],"circlet_count":0,"master_deck":["Strike_R","Strike_R","Strike_R","Strike_R","Bash+1","True Grit+1","Flex+1","Spot Weakness","Carnage+1","Berserk","Shrug It Off+1","Seeing Red+1","Rampage+1","Anger+1","Master of Strategy","Heavy Blade","Bludgeon","Cleave"],"relics":["Black Blood","Ancient Tea Set","Meat on the Bone","Astrolabe","FossilizedHelix","Anchor"],"acts_visited":["Exordium","TheCity","TheBeyond"],"potions_floor_usage":[],"damage_taken":[{"damage":0.0,"enemies":"Small Slimes","floor":1.0,"turns":3.0},{"damage":0.0,"enemies":"2 Louse","floor":7.0,"turns":2.0},{"damage":6.0,"enemies":"Jaw Worm","floor":13.0,"turns":2.0},{"damage":22.0,"enemies":"Lagavulin","floor":14.0,"turns":5.0},{"damage":80.0,"enemies":"Hexaghost","floor":16.0,"turns":8.0},{"damage":53.0,"enemies":"Shell Parasite","floor":18.0,"turns":5.0},{"damage":0.0,"enemies":"Chosen","floor":20.0,"turns":4.0},{"damage":19.0,"enemies":"Snake Plant","floor":22.0,"turns":3.0},{"damage":44.0,"enemies":"Sentry and Sphere","floor":24.0,"turns":6.0},{"damage":38.0,"enemies":"Slavers","floor":25.0,"turns":6.0},{"damage":27.0,"enemies":"Shelled Parasite and Fungi","floor":29.0,"turns":5.0},{"damage":0.0,"enemies":"Cultist and Chosen","floor":31.0,"turns":5.0},{"damage":48.0,"enemies":"Collector","floor":33.0,"turns":5.0},{"damage":27,"enemies":"Orb Walker","floor":35,"turns":3},{"damage":60,"enemies":"3 Darklings","floor":36,"turns":6},{"damage":47,"enemies":"Spire Growth","floor":37,"turns":3}],"seed_played":"-1948614333583555789","potions_obtained":[{"floor":14.0,"key":"Fire Potion"},{"floor":16.0,"key":"Energy Potion"},{"floor":18.0,"key":"Weak Potion"},{"floor":24.0,"key":"SpeedPotion"},{"floor":29.0,"key":"Dexterity Potion"},{"floor":31.0,"key":"ColorlessPotion"}],"is_trial":false,"path_per_floor":["M","?","?","?","$","R","M","$","T","R","?","R","M","E","R","B",null,"M","?","M","$","M","R","M","E","T","?","R","M","R","M","R","B",null,"M","M","M"],"character_chosen":"IRONCLAD","items_purchased":["Flex","Master of Strategy"],"campfire_rested":4,"item_purchase_floors":[5,21],"current_hp_per_floor":[80,85,85,85,85,85,85,85,85,85,85,85,85,69,85,23,85,50,50,56,56,55,80,54,34,34,34,59,50,75,81,81,51,85,70,34,0,0],"gold":325,"neow_bonus":"REMOVE_CARD","is_daily":false,"chose_seed":false,"campfire_upgraded":4,"win_rate":0.0,"timestamp":1610131994,"path_taken":["M","?","?","?","?","R","M","$","T","R","?","R","M","E","R","BOSS","M","?","M","$","M","R","M","E","T","?","R","M","R","M","R","BOSS","M","M","M"],"items_purchased_type":["Card","Card"],"build_version":"2020-12-22","purchased_purges":0,"victory":false,"max_hp_per_floor":[80,85,85,85,85,85,85,85,85,85,85,85,85,85,85,85,85,85,85,85,85,85,85,85,85,85,85,85,85,85,85,85,85,85,85,85,85,85],"card_choices":[{"not_picked":["Perfected Strike","Ghostly Armor"],"picked":"True Grit","floor":1.0},{"not_picked":["Warcry","Bloodletting"],"picked":"Evolve","floor":7.0},{"not_picked":["Armaments","Shrug It Off"],"picked":"Spot Weakness","floor":13.0},{"not_picked":["Perfected Strike","Warcry"],"picked":"Carnage","floor":14.0},{"not_picked":["Fiend Fire","Double Tap"],"picked":"Berserk","floor":16.0},{"not_picked":["Headbutt+1","Warcry"],"picked":"Anger+1","floor":18.0},{"not_picked":["Body Slam","Shrug It Off","Metallicize"],"picked":"SKIP","floor":20.0},{"not_picked":["Dark Embrace","Pommel Strike","Perfected Strike"],"picked":"SKIP","floor":22.0},{"not_picked":["Hemokinesis","Warcry","True Grit"],"picked":"SKIP","floor":24.0},{"not_picked":["True Grit+1","Entrench+1","Sword Boomerang"],"picked":"SKIP","floor":25.0},{"not_picked":["True Grit","Burning Pact"],"picked":"Heavy Blade","floor":29.0},{"not_picked":["Wild Strike","Dark Embrace+1","Fiend Fire"],"picked":"SKIP","floor":31.0},{"not_picked":["Corruption","Fiend Fire"],"picked":"Bludgeon","floor":33.0},{"not_picked":["Inflame+1","Disarm","Pommel Strike"],"picked":"SKIP","floor":35},{"not_picked":["Anger+1","Clothesline+1"],"picked":"Cleave","floor":36}],"player_experience":47149,"relics_obtained":[{"floor":9.0,"key":"Ancient Tea Set"},{"floor":14.0,"key":"Meat on the Bone"},{"floor":25.0,"key":"FossilizedHelix"},{"floor":26.0,"key":"Anchor"}],"event_choices":[{"damage_healed":0.0,"max_hp_gain":5.0,"max_hp_loss":0.0,"gold_gain":0.0,"event_name":"Big Fish","player_choice":"Donut","floor":2.0,"gold_loss":0.0,"damage_taken":0.0},{"cards_removed":["Defend_R"],"damage_healed":0.0,"max_hp_gain":0.0,"max_hp_loss":0.0,"gold_gain":0.0,"event_name":"Living Wall","player_choice":"Forget","floor":3.0,"gold_loss":0.0,"damage_taken":0.0},{"damage_healed":0.0,"max_hp_gain":0.0,"max_hp_loss":0.0,"gold_gain":0.0,"event_name":"Scrap Ooze","player_choice":"Fled","floor":4.0,"gold_loss":0.0,"damage_taken":0.0},{"damage_healed":0.0,"max_hp_gain":0.0,"max_hp_loss":0.0,"gold_gain":0.0,"event_name":"Dead Adventurer","player_choice":"Searched \u00270\u0027 times","floor":11.0,"gold_loss":0.0,"damage_taken":0.0},{"cards_removed":["Defend_R"],"damage_healed":0.0,"max_hp_gain":0.0,"max_hp_loss":0.0,"gold_gain":0.0,"event_name":"Beggar","player_choice":"Gave Gold","floor":19.0,"gold_loss":75.0,"damage_taken":0.0},{"damage_healed":0.0,"max_hp_gain":0.0,"max_hp_loss":0.0,"gold_gain":100.0,"event_name":"Golden Shrine","player_choice":"Pray","floor":27.0,"gold_loss":0.0,"damage_taken":0.0}],"is_beta":false,"boss_relics":[{"not_picked":["SlaversCollar","Mark of Pain"],"picked":"Astrolabe"},{"not_picked":["Runic Dome","Tiny House"],"picked":"Black Blood"}],"items_purged_floors":[],"is_endless":false,"potions_floor_spawned":[14,16,18,24,29,31],"killed_by":"Spire Growth","ascension_level":0}}