{"host":"uflv0e3ja7hvnij7","time":1610071665,"event":{"mods":["BaseMod","Better Altar","Better Match","Better Note","Better Sensory Stone","Better Skull","Better Third Choice","Marisa????????","Minty Spire (QoL Compilation)","Permanent Neow","Replay The Spire","StSLib"],"gold_per_floor":[215,215,234,248,139,139,155,155,155,5,16,16,16,16,16,130,130,165,165,191,219,119,119,119,119,119,136,136,169,169,211,211,335,335,379,229,371,384,395,423,473,473,473,493,493,493,552,224,224,224],"floor_reached":51,"playtime":2674,"items_purged":["Regret","MysteriousBeam","AlicesGift+1"],"score":931,"play_id":"ce3de5d3-2cca-4ac6-bd73-17384d3d517f","local_time":"20210107210745","is_ascension_mode":false,"campfire_choices":[{"data":"DoubleSpark","floor":6,"key":"SMITH"},{"data":"MasterSpark","floor":8,"key":"SMITH"},{"floor":15,"key":"REST"},{"data":"FinalSpark","floor":23,"key":"SMITH"},{"data":"MachineGunSpark","floor":25,"key":"SMITH"},{"data":"CollectingQuirk","floor":30,"key":"SMITH"},{"data":"WitchOfGreed","floor":32,"key":"SMITH"},{"floor":42,"key":"DIG"},{"floor":49,"key":"DIG"}],"circlet_count":0,"master_deck":["Strike_MRS","Strike_MRS","Strike_MRS+1","Strike_MRS+1","Defend_MRS","Defend_MRS","Defend_MRS","Defend_MRS","MasterSpark+1","UpSweep","DoubleSpark+1","Acceleration","EnergyFlow","MilkyWay+1","WitchOfGreed+1","MachineGunSpark+1","PowerUp","FinalSpark+1","EarthLightRay","RefractionSpark+1","CollectingQuirk+1","TreasureHunter","PowerUp","Singularity+1","MagicChant+1","BlazeAway+1","ChargingUp+1","CollectingQuirk","Panache"],"relics":["MiniHakkero","Divine Protection","ReplayTheSpireMod:Shallot","ReplayTheSpireMod:Ring of Collecting","Vajra","Matryoshka","Philosopher\u0027s Stone","Ring of Peace","Strawberry","Mercury Hourglass","Replay:Wax Seal","Prayer Wheel","ExperimentalFamiliar","ClockworkSouvenir","PreservedInsect","Whetstone","Mummified Hand","Replay:Multitool","Turnip","Replay:Arrowhead","Shuriken","Ring of Hypnosis","CaptainsWheel","Ornamental Fan","Lee\u0027s Waffle","Toy Ornithopter"],"acts_visited":["Exordium","TheCity","TheBeyond"],"potions_floor_usage":[7,16,16,18,27,31,33],"damage_taken":[{"damage":1,"enemies":"Jaw Worm","floor":1,"turns":3},{"damage":0,"enemies":"Small Slimes","floor":3,"turns":2},{"damage":0,"enemies":"Cultist","floor":4,"turns":3},{"damage":2,"enemies":"Exordium Thugs","floor":7,"turns":3},{"damage":0,"enemies":"Blue Slaver","floor":11,"turns":2},{"damage":19,"enemies":"The Guardian","floor":16,"turns":6},{"damage":0,"enemies":"2 Thieves","floor":18,"turns":4},{"damage":0,"enemies":"Shell Parasite","floor":20,"turns":3},{"damage":4,"enemies":"Snake Plant","floor":21,"turns":4},{"damage":0,"enemies":"Centurion and Healer","floor":27,"turns":3},{"damage":0,"enemies":"Slavers","floor":29,"turns":4},{"damage":37,"enemies":"Gremlin Leader","floor":31,"turns":5},{"damage":46,"enemies":"Champ","floor":33,"turns":7},{"damage":0,"enemies":"Orb Walker","floor":35,"turns":2},{"damage":0,"enemies":"3 Darklings","floor":38,"turns":2},{"damage":0,"enemies":"Jaw Worm Horde","floor":39,"turns":1},{"damage":0,"enemies":"Reptomancer","floor":40,"turns":3},{"damage":0,"enemies":"Mind Bloom Boss Battle","floor":41,"turns":2},{"damage":18,"enemies":"4 Shapes","floor":44,"turns":1},{"damage":0,"enemies":"Nemesis","floor":47,"turns":3},{"damage":0,"enemies":"Time Eater","floor":50,"turns":1}],"seed_played":"-4824361065925269579","potions_obtained":[{"floor":3,"key":"Strength Potion"},{"floor":4,"key":"SkillPotion"},{"floor":11,"key":"Dexterity Potion"},{"floor":16,"key":"Block Potion"},{"floor":20,"key":"SkillPotion"},{"floor":21,"key":"SmokeBomb"},{"floor":21,"key":"FairyPotion"},{"floor":29,"key":"CultistPotion"},{"floor":31,"key":"SneckoOil"},{"floor":33,"key":"LiquidMemories"},{"floor":33,"key":"Fire Potion"}],"is_trial":false,"path_per_floor":["M","?","M","M","$","R","M","R","T","$","M","?","?","$","R","B",null,"M","$","M","M","$","R","?","R","T","M","?","E","R","E","R","B",null,"M","$","?","M","M","E","?","R","T","M","?","?","E","$","R","B",null],"character_chosen":"MARISA","items_purchased":["EnergyFlow","MilkyWay+1","WitchOfGreed","MachineGunSpark","ClockworkSouvenir","Lee\u0027s Waffle","AttackPotion"],"campfire_rested":1,"item_purchase_floors":[5,10,10,10,36,48,48],"current_hp_per_floor":[74,74,74,74,74,74,72,72,72,72,72,72,12,12,34,15,75,75,75,75,71,71,71,71,71,78,82,82,82,82,49,49,7,82,82,82,62,66,66,66,70,70,70,52,52,82,82,89,89,89],"gold":224,"neow_bonus":"HUNDRED_GOLD","is_daily":false,"chose_seed":false,"campfire_upgraded":6,"win_rate":0.0,"timestamp":1610071665,"path_taken":["M","?","M","M","$","R","M","R","T","$","M","?","?","?","R","BOSS","M","$","M","?","$","R","?","R","T","M","?","E","R","E","R","BOSS","M","$","?","M","M","E","?","R","T","M","?","?","E","$","R","BOSS"],"items_purchased_type":["Card","Card","Card","Card","Relic","Relic","Potion"],"build_version":"2020-12-22","purchased_purges":3,"victory":true,"max_hp_per_floor":[75,75,75,75,75,75,75,75,75,75,75,75,75,75,75,75,75,75,75,75,75,75,75,75,75,82,82,82,82,82,82,82,82,82,82,82,82,82,82,82,82,82,82,82,82,82,82,89,89,89],"card_choices":[{"not_picked":["IllusionStar","MilkyWay"],"picked":"MysteriousBeam","floor":1},{"not_picked":["MilkyWay","IllusionStar"],"picked":"DoubleSpark","floor":3},{"not_picked":["EventHorizon","EnergyRecoil"],"picked":"Acceleration","floor":4},{"not_picked":["Orbital","MysteriousBeam","DragonMeteor"],"picked":"SKIP","floor":7},{"not_picked":["DragonMeteor","Acceleration"],"picked":"PowerUp","floor":11},{"not_picked":["MaximisePower","StarDustReverie"],"picked":"FinalSpark","floor":16},{"not_picked":["AsteroidBelt","ChargeUpSpray"],"picked":"EarthLightRay","floor":18},{"not_picked":["WitchOfGreed","GalacticHalo","6A"],"picked":"SKIP","floor":20},{"not_picked":["SporeBomb","GrandCross+1"],"picked":"RefractionSpark","floor":21},{"not_picked":["6A","LuminesStrike","StarBarrage"],"picked":"SKIP","floor":27},{"not_picked":["MeteoricShower","6A"],"picked":"CollectingQuirk","floor":29},{"not_picked":["GalacticHalo","LuminesStrike+1","6A"],"picked":"SKIP","floor":31},{"not_picked":["ManaRampage","CollectingQuirk"],"picked":"TreasureHunter","floor":33},{"not_picked":["WitchOfGreed+1","WitchLeyline"],"picked":"PowerUp","floor":35},{"not_picked":["LuminesStrike+1","UnstableBomb"],"picked":"Singularity+1","floor":35},{"not_picked":["NonDirectionalLaser","SporeBomb+1"],"picked":"MagicChant+1","floor":37},{"not_picked":["DC","MeteoricShower+1"],"picked":"AlicesGift+1","floor":37},{"not_picked":["PulseMagic","LuminesStrike+1"],"picked":"BlazeAway+1","floor":38},{"not_picked":["LuminesStrike+1","WitchLeyline+1","ChargeUpSpray"],"picked":"SKIP","floor":38},{"not_picked":["BlazingStar","DC+1","SuperPerseids+1"],"picked":"SKIP","floor":39},{"not_picked":["GalacticHalo","NonDirectionalLaser","Robbery+1"],"picked":"SKIP","floor":39},{"not_picked":["DarkSpark","GravityBeat+1","EscapeVelocity"],"picked":"SKIP","floor":40},{"not_picked":["WitchLeyline","WitchOfGreed+1"],"picked":"ChargingUp+1","floor":41},{"not_picked":["ShootingEcho","WitchLeyline"],"picked":"CollectingQuirk","floor":44},{"not_picked":["LuminesStrike+1","GalacticHalo","SporeBomb"],"picked":"SKIP","floor":44},{"not_picked":["Dramatic Entrance","Finesse"],"picked":"Panache","floor":45},{"not_picked":["StarBarrage","DeepEcoloBomb","PropBag+1"],"picked":"SKIP","floor":47}],"player_experience":516583,"relics_obtained":[{"floor":9,"key":"ReplayTheSpireMod:Shallot"},{"floor":12,"key":"ReplayTheSpireMod:Ring of Collecting"},{"floor":26,"key":"Ring of Peace"},{"floor":26,"key":"Strawberry"},{"floor":26,"key":"Mercury Hourglass"},{"floor":29,"key":"Replay:Wax Seal"},{"floor":31,"key":"Prayer Wheel"},{"floor":37,"key":"PreservedInsect"},{"floor":37,"key":"Whetstone"},{"floor":40,"key":"Mummified Hand"},{"floor":40,"key":"Replay:Multitool"},{"floor":41,"key":"Turnip"},{"floor":41,"key":"Replay:Arrowhead"},{"floor":42,"key":"Shuriken"},{"floor":43,"key":"Ring of Hypnosis"},{"floor":43,"key":"CaptainsWheel"},{"floor":47,"key":"Ornamental Fan"},{"floor":49,"key":"Toy Ornithopter"}],"event_choices":[{"damage_healed":0,"gold_gain":0,"player_choice":"Box","damage_taken":0,"relics_obtained":["Divine Protection"],"max_hp_gain":0,"max_hp_loss":0,"event_name":"Big Fish","floor":2,"gold_loss":0,"cards_obtained":["Regret"]},{"damage_healed":0,"gold_gain":1,"player_choice":"Relic Relic ","damage_taken":60,"max_hp_gain":0,"max_hp_loss":0,"event_name":"betterThird:BetterScrap","floor":13,"gold_loss":0,"cards_obtained":["Replay:Poison Smokescreen"]},{"damage_healed":0,"gold_gain":0,"player_choice":"Upgraded","damage_taken":0,"max_hp_gain":0,"max_hp_loss":0,"event_name":"Upgrade Shrine","floor":24,"gold_loss":0,"cards_upgraded":["RefractionSpark"]},{"damage_healed":0,"gold_gain":0,"player_choice":"Ignored","damage_taken":0,"max_hp_gain":0,"max_hp_loss":0,"event_name":"betterNote:BetterNote","floor":28,"gold_loss":0,"cards_obtained":["Phantasmal Killer"]},{"damage_healed":0,"gold_gain":0,"player_choice":"Fight","damage_taken":0,"max_hp_gain":0,"max_hp_loss":0,"event_name":"MindBloom","floor":41,"gold_loss":0},{"damage_healed":0,"gold_gain":3,"player_choice":"1","damage_taken":0,"max_hp_gain":0,"max_hp_loss":0,"event_name":"betterStone:BetterStone","floor":45,"gold_loss":0},{"damage_healed":30,"gold_gain":0,"player_choice":"Full Heal","damage_taken":0,"max_hp_gain":0,"max_hp_loss":0,"event_name":"Wheel of Change","floor":46,"gold_loss":0}],"is_beta":false,"boss_relics":[{"not_picked":["Replay:Ancient Bell","SlaversCollar"],"picked":"Philosopher\u0027s Stone"},{"not_picked":["Calling Bell","Replay:Grab Bag"],"picked":"ExperimentalFamiliar"}],"items_purged_floors":[5,22,48],"is_endless":false,"potions_floor_spawned":[3,4,11,20,21,29,33,38,39,41],"ascension_level":0}}