{"host":"38maufg2dcy7va3m","time":1610093539,"event":{"mods":["Act Like it!","BaseMod","Downfall","GifTheSpireLib","Hubris","Infinite Spire","Minty Spire (QoL Compilation)","Replay The Spire","StSLib","The Construct","The Cursed","The Hierophant","The Necromancer","The Poker Player","The Runesmith","everything is the same but u backflip on backflip"],"gold_per_floor":[115,127,137,85,95,95,130,147,147,164,175,186,186,9,9,114,114,132,132,132,232,244,244,262,262,262,262,93,113,133,133,133,232,232,245,295,295,306,306,306,306,306,306,306,332,49,49,49,49],"floor_reached":48,"playtime":3163,"items_purged":[],"score":635,"play_id":"a1750a83-417d-4737-9ed5-7c03ba3647b4","local_time":"20210108001219","is_ascension_mode":false,"campfire_choices":[{"data":"Toxic_Smoke_Screen","floor":6,"key":"SMITH"},{"data":"Spectral_Armor","floor":13,"key":"SMITH"},{"data":"Thousand_Bone_Knives","floor":15,"key":"SMITH"},{"data":"Bone_Bullets","floor":23,"key":"SMITH"},{"data":"Finger_Of_Death","floor":25,"key":"SMITH"},{"floor":27,"key":"REST"},{"floor":32,"key":"REST"},{"data":"ReplayTheSpireMod:Chaos Vortex","floor":40,"key":"SMITH"},{"data":"expansioncontent:StudyTheSpire","floor":42,"key":"SMITH"}],"circlet_count":0,"master_deck":["Strike_W","Strike_W","Strike_W","Strike_W","Defend_W","Defend_W","Defend_W","Defend_W","Negative_Energy_Arrows+1","Bone_Wall+1","Toxic_Smoke_Screen+1","Negative_Energy_Sphere","Spectral_Armor+1","Death_March_Dance","Life_Drain","Negative_Energy_Shield","Bone_Bullets+1","Bone_Prison","Thousand_Bone_Knives+1","Negative_Energy_Javelin","Negative_Energy_Bomb","Finger_Of_Death+1","Finger_Of_Death","Life_Drain","Bone_Shift+1","Chill_Blood+1","Bone_Shift+1","Necrotic_Claws","expansioncontent:StudyTheSpire+1","Replay:Sssssssssshield","Mayhem","Blood_for_Blood+1","Necrotic_Claws","ReplayTheSpireMod:Chaos Vortex+1","Detonate_Bones","Bones_to_Steel+1","Negative_Energy_Burst+1","Negative_Energy_Sphere+1","Writhe","Impatience","Enlightenment","hubris:InfiniteBlow","Summon_Undead_Army","Pandemic"],"relics":["Vampire_Amulet","ReplayFunnel","Ginger","hubris:EmptyBottle","construct:WeddingRing","ReplayTheSpireMod:Ninjato","ReplayTheSpireMod:ShopPack","SlaversCollar","Durian","WingedGreaves","Ring of Chaos","Replay:Wax Seal","Du-Vu Doll","infinitespire:Lucky Rock"],"acts_visited":["Exordium","TheCity","TheBeyond"],"potions_floor_usage":[5,11,11,24,24,33,33,38,38],"damage_taken":[{"damage":0,"enemies":"Cultist","floor":1,"turns":3},{"damage":0,"enemies":"2 Louse","floor":2,"turns":3},{"damage":1,"enemies":"Small Slimes","floor":3,"turns":5},{"damage":12,"enemies":"Exordium Wildlife","floor":5,"turns":5},{"damage":13,"enemies":"Replay:BlueRogue","floor":7,"turns":8},{"damage":0,"enemies":"Blue Slaver","floor":8,"turns":5},{"damage":0,"enemies":"3 Louse","floor":10,"turns":4},{"damage":0,"enemies":"Lots of Slimes","floor":11,"turns":3},{"damage":0,"enemies":"Large Slime","floor":12,"turns":5},{"damage":45,"enemies":"Slime Boss","floor":16,"turns":11},{"damage":22,"enemies":"Chosen","floor":18,"turns":5},{"damage":0,"enemies":"3 Byrds","floor":22,"turns":6},{"damage":12,"enemies":"Centurion and Healer","floor":24,"turns":4},{"damage":30,"enemies":"3 Cultists","floor":29,"turns":6},{"damage":26,"enemies":"Snake Plant","floor":30,"turns":6},{"damage":42,"enemies":"Pondfish","floor":33,"turns":18},{"damage":23,"enemies":"3 Shapes","floor":35,"turns":5},{"damage":1,"enemies":"Mind Bloom Boss Battle","floor":36,"turns":10},{"damage":20,"enemies":"3 Darklings","floor":38,"turns":6},{"damage":77,"enemies":"Nightmare","floor":45,"turns":12},{"damage":32,"enemies":"Transient","floor":48,"turns":4}],"seed_played":"2134883144093338147","potions_obtained":[{"floor":1,"key":"EssenceOfSteel"},{"floor":7,"key":"Adrenaline Potion"},{"floor":10,"key":"LiquidMemories"},{"floor":22,"key":"Toxic Potion"},{"floor":30,"key":"champ:CounterPotion"},{"floor":36,"key":"SteroidPotion"}],"is_trial":false,"path_per_floor":["M","M","M","$","M","R","E","M","T","M","M","M","R","$","R","B",null,"M","?","?","?","M","R","M","R","T","R","$","M","M","AVR","R","B",null,"M","?","?","M","?","R","AVR","R","T","?","NM","$","?","M"],"character_chosen":"NECROMANCER","items_purchased":["Death_March_Dance","hubris:EmptyBottle","Negative_Energy_Javelin","Necrotic_Claws","ReplayTheSpireMod:ShopPack","Summon_Undead_Army","infinitespire:Lucky Rock","Pandemic"],"campfire_rested":2,"item_purchase_floors":[4,14,14,28,28,46,46,46],"current_hp_per_floor":[75,75,75,75,67,67,68,70,70,75,75,75,75,75,75,42,75,55,55,55,55,61,61,65,65,65,75,75,55,37,37,59,45,75,64,80,80,68,80,80,80,80,80,75,20,20,20,0,0],"gold":49,"neow_bonus":"UPGRADE_CARD","is_daily":false,"chose_seed":false,"campfire_upgraded":7,"win_rate":0.0,"timestamp":1610093539,"path_taken":["M","M","M","$","M","R","E","M","T","M","?","M","R","$","R","BOSS","M","?","?","?","M","R","M","R","T","R","?","?","M","AVR","R","BOSS","M","?","?","?","?","R","AVR","R","T","?","NM","$","?","M"],"items_purchased_type":["Card","Relic","Card","Card","Relic","Card","Relic","Card"],"build_version":"2020-12-22","purchased_purges":0,"victory":false,"max_hp_per_floor":[75,75,75,75,75,75,75,75,75,75,75,75,75,75,75,75,75,75,75,75,75,75,75,75,75,75,75,75,75,75,75,75,75,75,75,80,80,80,80,80,80,80,80,80,80,80,80,80,80],"card_choices":[{"not_picked":["Vampiric_Strike","Bone_Spikes"],"picked":"Toxic_Smoke_Screen","floor":1},{"not_picked":["Death_Coil","Siphon_Strength"],"picked":"Negative_Energy_Sphere","floor":2},{"not_picked":["Negative_Energy_Mist","Vampiric_Strike"],"picked":"Spectral_Armor","floor":3},{"not_picked":["Blood_Whip","Whirlwind_of_Bones"],"picked":"Life_Drain","floor":5},{"not_picked":["Negative_Energy_Burst","Bone_Armory"],"picked":"Negative_Energy_Shield","floor":7},{"not_picked":["Bone_Spikes","Blood_Whip"],"picked":"Bone_Bullets","floor":8},{"not_picked":["Blood_Whip","Negative_Energy_Sphere"],"picked":"Bone_Prison","floor":10},{"not_picked":["Negative_Energy_Bomb","Vampiric_Strike"],"picked":"Thousand_Bone_Knives","floor":11},{"not_picked":["Chill_Blood","Blood_Curse"],"picked":"Negative_Energy_Javelin","floor":12},{"not_picked":["Blood_Magic","Reap_The_Weak"],"picked":"Negative_Energy_Bomb","floor":16},{"not_picked":["Death_March_Dance","Blood_Is_Power"],"picked":"Finger_Of_Death","floor":18},{"not_picked":["Bone_Prison","Violent_Necrosis"],"picked":"Finger_Of_Death","floor":21},{"not_picked":["Negative_Energy_Bomb","Vampiric_Strike"],"picked":"Life_Drain","floor":21},{"not_picked":["Strike_from_Beyond","Life_Tap"],"picked":"Bone_Shift+1","floor":21},{"not_picked":["Blood_Whip","Negative_Energy_Mist"],"picked":"Chill_Blood+1","floor":22},{"not_picked":["Blood_Is_Power","Death_March_Dance"],"picked":"Bone_Shift+1","floor":24},{"not_picked":["Metamorphosis","Chrysalis"],"picked":"expansioncontent:StudyTheSpire","floor":28},{"not_picked":["Panache","expansioncontent:Flail"],"picked":"Replay:Sssssssssshield","floor":28},{"not_picked":["ReplayTheSpireMod:Uncanny Aura","expansioncontent:BronzeBeam"],"picked":"Mayhem","floor":28},{"not_picked":["Negative_Energy_Mist","Finger_Of_Death"],"picked":"Blood_for_Blood+1","floor":29},{"not_picked":["Consume_Illness","Bone_Bullets"],"picked":"Necrotic_Claws","floor":30},{"not_picked":["Hellfire","Requiem"],"picked":"Detonate_Bones","floor":33},{"not_picked":["Vampiric_Strike","Strike_from_Beyond+1"],"picked":"Bones_to_Steel+1","floor":35},{"not_picked":["Death_March_Dance+1","Death_Coil+1"],"picked":"Negative_Energy_Burst+1","floor":36},{"not_picked":["Spectral_Walk","Death_Coil"],"picked":"Negative_Energy_Sphere+1","floor":38},{"not_picked":["expansioncontent:YouAreMine","expansioncontent:Collect"],"picked":"Impatience","floor":44},{"not_picked":["expansioncontent:DefensiveStance","Replay:SS_hec_1"],"picked":"Enlightenment","floor":44},{"not_picked":["infinitespire:Execution","infinitespire:TheBestDefense"],"picked":"hubris:InfiniteBlow","floor":45},{"not_picked":["Pandemic+1","Blood_Magic","Bones_to_Steel"],"picked":"SKIP","floor":45}],"player_experience":238361,"relics_obtained":[{"floor":7,"key":"ReplayFunnel"},{"floor":9,"key":"Ginger"},{"floor":26,"key":"ReplayTheSpireMod:Ninjato"},{"floor":36,"key":"Durian"},{"floor":43,"key":"Replay:Wax Seal"},{"floor":45,"key":"Du-Vu Doll"}],"event_choices":[{"damage_healed":0,"gold_gain":0,"player_choice":"Ignored","damage_taken":0,"max_hp_gain":0,"max_hp_loss":0,"event_name":"Ghosts","floor":20,"gold_loss":0},{"damage_healed":0,"gold_gain":0,"player_choice":"Fight","damage_taken":0,"max_hp_gain":0,"max_hp_loss":0,"event_name":"MindBloom","floor":36,"gold_loss":0},{"cards_removed":["Negative_Energy_Javelin"],"damage_healed":0,"gold_gain":0,"player_choice":"Gave Card","damage_taken":0,"relics_obtained":["WingedGreaves"],"max_hp_gain":0,"max_hp_loss":0,"event_name":"WeMeetAgain","floor":37,"gold_loss":0},{"damage_healed":20,"gold_gain":0,"player_choice":"Writhe","damage_taken":0,"max_hp_gain":0,"max_hp_loss":0,"event_name":"Winding Halls","floor":39,"gold_loss":0,"cards_obtained":["Writhe"]},{"damage_healed":0,"gold_gain":0,"player_choice":"Memory 2","damage_taken":5,"max_hp_gain":0,"max_hp_loss":0,"event_name":"SensoryStone","floor":44,"gold_loss":0}],"is_beta":false,"boss_relics":[{"not_picked":["Replay:Ancient Bell","infinitespire:Cupcake"],"picked":"construct:WeddingRing"},{"not_picked":["Black Star","Replay:Grab Bag"],"picked":"SlaversCollar"}],"items_purged_floors":[],"is_endless":false,"potions_floor_spawned":[1,7,10,22,30,36],"killed_by":"Transient","ascension_level":0}}