{"host":"bxn2em57qlx5u4i0","time":1610080673,"event":{"mods":["BaseMod","Colored Map","Colored Powertips","Highlight Path","Minty Spire (QoL Compilation)","Random Character Button","Relic Sorter","Relic Stats","StSLib","SuperFastMode"],"gold_per_floor":[111,111,36,36,46,80,80,143,143,56,67,101,101,120,120,194,194,209,259,92,104,119,152,152,182,207,132,132,149,149,176,176,254,254,268,57,57,71,96,123,173,203,203,238,238,257,20,52,52,52,52,52,52,52,81,81],"floor_reached":57,"playtime":2332,"items_purged":["Strike_G","Strike_G","Defend_G"],"score":3264,"play_id":"8b20c450-4d99-44af-a255-44a07ad8b41e","local_time":"20210107233753","is_ascension_mode":true,"campfire_choices":[{"data":"Bane","floor":7.0,"key":"SMITH"},{"floor":13.0,"key":"REST"},{"data":"Bouncing Flask","floor":15.0,"key":"SMITH"},{"data":"Wraith Form v2","floor":24.0,"key":"SMITH"},{"floor":28.0,"key":"REST"},{"data":"Calculated Gamble","floor":30.0,"key":"SMITH"},{"data":"Noxious Fumes","floor":32.0,"key":"SMITH"},{"data":"Tactician","floor":45,"key":"SMITH"},{"floor":49,"key":"RECALL"},{"data":"Reflex","floor":53,"key":"SMITH"}],"circlet_count":0,"master_deck":["AscendersBane","Defend_G","Defend_G","Defend_G","Defend_G","Survivor","Neutralize","Crippling Poison+1","Bane+1","Adrenaline","Calculated Gamble+1","Reflex+1","PiercingWail","Bouncing Flask+1","Wraith Form v2+1","Acrobatics","Noxious Fumes+1","Well Laid Plans","Malaise","Acrobatics+1","Tactician+1","Reflex","Wraith Form v2"],"relics":["Ring of the Snake","NeowsBlessing","Turnip","Snake Skull","Ornamental Fan","TungstenRod","SlaversCollar","Medical Kit","Centennial Puzzle","Singing Bowl","Bronze Scales","Ancient Tea Set","HoveringKite","Ginger","WingedGreaves","Toy Ornithopter","Strawberry","Bag of Marbles","Orichalcum"],"acts_visited":["Exordium","TheCity","TheBeyond","TheEnding"],"potions_floor_usage":[35,42,44,50,50],"damage_taken":[{"damage":0.0,"enemies":"Jaw Worm","floor":1.0,"turns":1.0},{"damage":0.0,"enemies":"2 Louse","floor":5.0,"turns":1.0},{"damage":0.0,"enemies":"3 Sentries","floor":6.0,"turns":2.0},{"damage":4.0,"enemies":"3 Sentries","floor":8.0,"turns":8.0},{"damage":0.0,"enemies":"Small Slimes","floor":11.0,"turns":2.0},{"damage":24.0,"enemies":"Gremlin Nob","floor":12.0,"turns":4.0},{"damage":0.0,"enemies":"3 Louse","floor":14.0,"turns":2.0},{"damage":3.0,"enemies":"Hexaghost","floor":16.0,"turns":9.0},{"damage":21.0,"enemies":"Shell Parasite","floor":18.0,"turns":5.0},{"damage":4.0,"enemies":"Spheric Guardian","floor":21.0,"turns":3.0},{"damage":5.0,"enemies":"Snecko","floor":22.0,"turns":5.0},{"damage":5.0,"enemies":"Book of Stabbing","floor":23.0,"turns":5.0},{"damage":7.0,"enemies":"Slavers","floor":25.0,"turns":5.0},{"damage":14.0,"enemies":"Snake Plant","floor":29.0,"turns":3.0},{"damage":0.0,"enemies":"Book of Stabbing","floor":31.0,"turns":5.0},{"damage":8.0,"enemies":"Champ","floor":33.0,"turns":9.0},{"damage":0,"enemies":"3 Shapes","floor":35,"turns":5},{"damage":0,"enemies":"3 Darklings","floor":38,"turns":4},{"damage":0,"enemies":"Mind Bloom Boss Battle","floor":39,"turns":6},{"damage":0,"enemies":"Giant Head","floor":40,"turns":7},{"damage":0,"enemies":"Nemesis","floor":42,"turns":7},{"damage":10,"enemies":"Giant Head","floor":44,"turns":8},{"damage":0,"enemies":"Jaw Worm Horde","floor":46,"turns":3},{"damage":0,"enemies":"Nemesis","floor":48,"turns":5},{"damage":53,"enemies":"Time Eater","floor":50,"turns":12},{"damage":22,"enemies":"Donu and Deca","floor":51,"turns":6},{"damage":0,"enemies":"Shield and Spear","floor":55,"turns":5},{"damage":39,"enemies":"The Heart","floor":56,"turns":9}],"seed_played":"3216333453084569455","potions_obtained":[{"floor":1.0,"key":"Swift Potion"},{"floor":6.0,"key":"CultistPotion"},{"floor":14.0,"key":"DuplicationPotion"},{"floor":16.0,"key":"EssenceOfSteel"},{"floor":18.0,"key":"Energy Potion"},{"floor":25.0,"key":"Fruit Juice"},{"floor":29.0,"key":"ColorlessPotion"},{"floor":39,"key":"PowerPotion"},{"floor":42,"key":"Regen Potion"}],"is_trial":false,"path_per_floor":["M","?","$","?","M","E","R","?","T","$","M","E","R","M","R","B",null,"M","?","$","M","M","E","R","E","T","?","R","M","R","E","R","B",null,"M","$","?","M","?","E","?","E","T","E","R","M","$","E","R","B","B",null,"R","$","E","B",null],"character_chosen":"THE_SILENT","items_purchased":["Reflex","Medical Kit","Fruit Juice","Fruit Juice"],"campfire_rested":2,"item_purchase_floors":[10,20,36,47],"current_hp_per_floor":[59,39,39,32,32,32,32,28,28,28,28,4,23,23,23,20,55,34,34,34,30,25,20,20,15,15,15,41,29,29,31,31,23,64,64,64,64,66,68,70,70,82,82,96,96,96,96,98,98,56,34,87,87,87,87,48],"gold":81,"neow_bonus":"THREE_ENEMY_KILL","is_daily":false,"chose_seed":false,"campfire_upgraded":7,"win_rate":0.0,"timestamp":1610080673,"path_taken":["M","?","$","?","M","E","R","?","T","$","M","E","R","M","R","BOSS","M","?","$","M","M","E","R","E","T","?","R","M","R","E","R","BOSS","M","$","?","M","?","E","?","E","T","E","R","?","?","E","R","BOSS","BOSS","R","$","E","BOSS"],"items_purchased_type":["Card","Relic","Potion","Potion"],"build_version":"2020-12-22","purchased_purges":3,"victory":true,"max_hp_per_floor":[66,66,66,66,66,66,66,66,66,66,66,66,66,66,66,66,66,66,66,66,66,66,66,66,68,68,68,73,75,75,77,77,77,77,77,77,77,79,81,83,83,90,90,97,97,97,97,99,99,104,104,104,104,104,104,104],"relic_stats":{"Singing Bowl":16,"counters":[28,146],"HoveringKite":[50],"Snake Skull":[421],"Ginger":[7],"Orichalcum":[36],"Medical Kit":[22],"Centennial Puzzle":[21],"Ornamental Fan":[52],"Bronze Scales":[356],"Turnip":[19],"obtain_stats":[{"NeowsBlessing":0,"Singing Bowl":25,"HoveringKite":34,"Snake Skull":8,"Ginger":39,"Orichalcum":55,"Medical Kit":20,"Ancient Tea Set":31,"SlaversCollar":17,"Centennial Puzzle":23,"Ornamental Fan":9,"Bronze Scales":26,"Strawberry":44,"Turnip":6,"WingedGreaves":40,"Bag of Marbles":48,"TungstenRod":12,"Toy Ornithopter":42,"Ring of the Snake":0},{"NeowsBlessing":0,"Singing Bowl":13,"HoveringKite":16,"Snake Skull":4,"Ginger":19,"Orichalcum":27,"Medical Kit":9,"Ancient Tea Set":15,"SlaversCollar":8,"Centennial Puzzle":12,"Ornamental Fan":4,"Bronze Scales":13,"Strawberry":22,"Turnip":3,"WingedGreaves":20,"Bag of Marbles":24,"TungstenRod":6,"Toy Ornithopter":21,"Ring of the Snake":0},{"NeowsBlessing":0,"Singing Bowl":52,"HoveringKite":69,"Snake Skull":12,"Ginger":84,"Orichalcum":137,"Medical Kit":34,"Ancient Tea Set":60,"SlaversCollar":29,"Centennial Puzzle":47,"Ornamental Fan":12,"Bronze Scales":52,"Strawberry":106,"Turnip":4,"WingedGreaves":91,"Bag of Marbles":114,"TungstenRod":18,"Toy Ornithopter":98,"Ring of the Snake":0}],"TungstenRod":128,"Toy Ornithopter":16,"Ring of the Snake":[56]},"card_choices":[{"not_picked":["Cloak And Dagger","Dagger Spray"],"picked":"Crippling Poison","floor":1.0},{"not_picked":["Dagger Throw","PiercingWail"],"picked":"Bane","floor":5.0},{"not_picked":["Tools of the Trade","Prepared"],"picked":"Adrenaline","floor":6.0},{"not_picked":["Dagger Throw","Caltrops"],"picked":"Calculated Gamble","floor":8.0},{"not_picked":["Caltrops","Slice"],"picked":"PiercingWail","floor":11.0},{"not_picked":["Deflect","Quick Slash","Dodge and Roll"],"picked":"SKIP","floor":12.0},{"not_picked":["Acrobatics","Deflect"],"picked":"Bouncing Flask","floor":14.0},{"not_picked":["Grand Finale","Die Die Die"],"picked":"Wraith Form v2","floor":16.0},{"not_picked":["Riddle With Holes+1","Finisher","Deadly Poison"],"picked":"SKIP","floor":18.0},{"not_picked":["Blur","Blade Dance"],"picked":"Acrobatics","floor":21.0},{"not_picked":["Concentrate","Deflect"],"picked":"Noxious Fumes","floor":22.0},{"not_picked":["Dagger Spray+1","Dash"],"picked":"Well Laid Plans","floor":23.0},{"not_picked":["Footwork","Skewer+1","Sucker Punch"],"picked":"Singing Bowl","floor":25.0},{"not_picked":["Crippling Poison","Concentrate","Sucker Punch"],"picked":"Singing Bowl","floor":29.0},{"not_picked":["Concentrate","Acrobatics","Quick Slash"],"picked":"Singing Bowl","floor":31.0},{"not_picked":["Glass Knife","A Thousand Cuts"],"picked":"Malaise","floor":33.0},{"not_picked":["Deadly Poison","Accuracy"],"picked":"Acrobatics+1","floor":35},{"not_picked":["Slice","Blade Dance","Setup"],"picked":"Singing Bowl","floor":38},{"not_picked":["Backflip","Underhanded Strike+1","Well Laid Plans"],"picked":"Singing Bowl","floor":39},{"not_picked":["Underhanded Strike","Distraction","Riddle With Holes"],"picked":"Singing Bowl","floor":40},{"not_picked":["Poisoned Stab","PiercingWail","Dagger Spray"],"picked":"Singing Bowl","floor":42},{"not_picked":["Storm of Steel","Flying Knee"],"picked":"Tactician","floor":44},{"not_picked":["All Out Attack+1","Deadly Poison"],"picked":"Reflex","floor":46},{"not_picked":["Sucker Punch","Blade Dance","Flying Knee"],"picked":"Singing Bowl","floor":48},{"not_picked":["Poisoned Stab","Escape Plan"],"picked":"Wraith Form v2","floor":55}],"player_experience":2874420,"relics_obtained":[{"floor":6.0,"key":"Turnip"},{"floor":8.0,"key":"Snake Skull"},{"floor":9.0,"key":"Ornamental Fan"},{"floor":12.0,"key":"TungstenRod"},{"floor":23.0,"key":"Centennial Puzzle"},{"floor":25.0,"key":"Singing Bowl"},{"floor":26.0,"key":"Bronze Scales"},{"floor":31.0,"key":"Ancient Tea Set"},{"floor":39,"key":"Ginger"},{"floor":40,"key":"WingedGreaves"},{"floor":42,"key":"Toy Ornithopter"},{"floor":44,"key":"Strawberry"},{"floor":48,"key":"Bag of Marbles"},{"floor":55,"key":"Orichalcum"}],"event_choices":[{"damage_healed":0.0,"max_hp_gain":0.0,"max_hp_loss":0.0,"gold_gain":0.0,"event_name":"Shining Light","player_choice":"Entered Light","floor":2.0,"gold_loss":0.0,"damage_taken":20.0,"cards_upgraded":["Strike_G","Crippling Poison"]},{"cards_removed":["Strike_G"],"damage_healed":0.0,"max_hp_gain":0.0,"max_hp_loss":0.0,"gold_gain":0.0,"event_name":"Golden Wing","player_choice":"Card Removal","floor":4.0,"gold_loss":0.0,"damage_taken":7.0},{"damage_healed":0.0,"max_hp_gain":0.0,"max_hp_loss":0.0,"gold_gain":0.0,"event_name":"Dead Adventurer","player_choice":"Searched \u00271\u0027 times","floor":8.0,"gold_loss":0.0,"damage_taken":0.0},{"damage_healed":0.0,"max_hp_gain":0.0,"max_hp_loss":0.0,"gold_gain":50.0,"event_name":"Nest","player_choice":"Stole From Cult","floor":19.0,"gold_loss":0.0,"damage_taken":0.0},{"cards_removed":["Strike_G"],"damage_healed":0.0,"max_hp_gain":0.0,"max_hp_loss":0.0,"gold_gain":0.0,"event_name":"Beggar","player_choice":"Gave Gold","floor":27.0,"gold_loss":75.0,"damage_taken":0.0},{"cards_removed":["Strike_G"],"damage_healed":0,"gold_gain":0,"player_choice":"Removed Attack","damage_taken":0,"max_hp_gain":0,"max_hp_loss":0,"event_name":"Falling","floor":37,"gold_loss":0},{"damage_healed":0,"gold_gain":0,"player_choice":"Fight","damage_taken":0,"max_hp_gain":0,"max_hp_loss":0,"event_name":"MindBloom","floor":39,"gold_loss":0},{"damage_healed":0,"gold_gain":50,"player_choice":"Pray","damage_taken":0,"max_hp_gain":0,"max_hp_loss":0,"event_name":"Golden Shrine","floor":41,"gold_loss":0}],"is_beta":false,"boss_relics":[{"not_picked":["WristBlade","Snecko Eye"],"picked":"SlaversCollar"},{"not_picked":["Runic Pyramid","Astrolabe"],"picked":"HoveringKite"}],"items_purged_floors":[3,36,47],"is_endless":false,"potions_floor_spawned":[1,6,14,16,18,25,29,39,42],"ascension_level":20}}