{"host":"9som2zyqy2qnw00t","time":1610092417,"event":{"mods":["BaseMod","Colored Map","Colored Powertips","Downfall","Googly Eyes","Highlight Path","Minty Spire (QoL Compilation)","StSLib"],"gold_per_floor":[99,115,129,143,50,50,98,111,111,211,227,227,252,264,293,305,305,305],"floor_reached":16,"playtime":1037,"items_purged":[],"score":102,"play_id":"f0d60d91-0017-49d3-96d5-7d38431af9c3","local_time":"20210108015337","is_ascension_mode":false,"campfire_choices":[{"data":"Guardian:CurlUp","floor":1,"key":"SMITH"},{"data":"Guardian:ChargeUp","floor":9,"key":"SMITH"}],"circlet_count":0,"master_deck":["Guardian:Strike_Guardian","Guardian:Strike_Guardian","Guardian:Defend_Guardian","Guardian:Defend_Guardian","Guardian:Defend_Guardian","Guardian:Defend_Guardian+1","Guardian:CurlUp+1","Guardian:TwinSlam","Guardian:SpikerProtocol","Guardian:PrismaticBarrier+1","Guardian:ShieldCharger","Guardian:ChargeUp+1","Guardian:Gem_Crimson","Guardian:Orbwalk+1","Guardian:Gem_Red","Regret","Guardian:CrystalBeam","Guardian:DonusPower"],"relics":["Guardian:ModeShifter","downfall:BrokenWingStatue","Bag of Marbles","MawBank"],"acts_visited":["Exordium"],"potions_floor_usage":[11,13],"damage_taken":[{"damage":0,"enemies":"Small Slimes","floor":2,"turns":4},{"damage":1,"enemies":"Cultist","floor":3,"turns":5},{"damage":2,"enemies":"2 Louse","floor":4,"turns":2},{"damage":0,"enemies":"downfall:FleeingMerchant","floor":5,"turns":4},{"damage":10,"enemies":"Large Slime","floor":8,"turns":8},{"damage":1,"enemies":"Exordium Wildlife","floor":11,"turns":5},{"damage":20,"enemies":"Gremlin Nob","floor":13,"turns":5},{"damage":13,"enemies":"Blue Slaver","floor":15,"turns":4},{"damage":26,"enemies":"downfall:Defect","floor":16,"turns":5}],"seed_played":"6076195135678907484","potions_obtained":[{"floor":2,"key":"Fire Potion"},{"floor":4,"key":"SkillPotion"}],"is_trial":false,"path_per_floor":["R","M","M","M","$","?","T","M","R","?","M","?","E","?","M","B"],"character_chosen":"GUARDIAN","items_purchased":["Guardian:Orbwalk"],"campfire_rested":0,"item_purchase_floors":[5],"current_hp_per_floor":[80,80,79,77,77,77,77,67,67,67,66,66,46,46,33,7,7,7],"gold":305,"neow_bonus":"TRANSFORM_CARD","is_daily":false,"chose_seed":false,"campfire_upgraded":2,"win_rate":0.0,"timestamp":1610092417,"path_taken":["R","M","M","M","$","?","T","M","R","?","?","?","E","?","M","BOSS"],"items_purchased_type":["Card"],"build_version":"2020-12-22","purchased_purges":0,"victory":false,"max_hp_per_floor":[80,80,80,80,80,80,80,80,80,80,80,80,80,80,80,80,80,80],"card_choices":[{"not_picked":["Guardian:FloatingOrbs","Guardian:GuardianWhirl"],"picked":"Guardian:PrismaticBarrier","floor":2},{"not_picked":["Guardian:TemporalShield","Guardian:TimeBomb"],"picked":"Guardian:ShieldCharger","floor":3},{"not_picked":["Guardian:Planning","Guardian:TemporalStrike"],"picked":"Guardian:ChargeUp","floor":4},{"not_picked":["Guardian:EvasiveProtocol","Guardian:TemporalStrike"],"picked":"Guardian:Gem_Crimson","floor":5},{"not_picked":["Guardian:GuardianWhirl","Guardian:TemporalShield","Guardian:TimeBomb"],"picked":"SKIP","floor":8},{"not_picked":["Guardian:Gem_Lightblue","Guardian:RollAttack"],"picked":"Guardian:Gem_Red","floor":11},{"not_picked":["Guardian:DonusPower","Guardian:EvasiveProtocol"],"picked":"Guardian:CrystalBeam","floor":13},{"not_picked":["Guardian:Gem_Purple","Guardian:VentSteam"],"picked":"Guardian:DonusPower","floor":15}],"player_experience":270050,"relics_obtained":[{"floor":7,"key":"Bag of Marbles"},{"floor":13,"key":"MawBank"}],"event_choices":[],"is_beta":false,"boss_relics":[],"items_purged_floors":[],"is_endless":false,"potions_floor_spawned":[2,4],"killed_by":"downfall:Defect","ascension_level":0}}