{"host":"ypphcgdomtfqpc2w","time":1610098904,"event":{"mods":["BaseMod","Minty Spire (QoL Compilation)","StSLib"],"gold_per_floor":[212,212,226,20,20,53,53,89,115,127,158,201,287,318,330,438,450,480,492,504,527,558,605,617,660,697,739,768,780,821,845,857,945,957,980,992,1004,1016,1046,1084,1096,1120,1132,1169,1181,750,781,781,781,781,781,781],"floor_reached":51,"playtime":3973,"items_purged":["Strike_R"],"score":1638,"play_id":"b727c2eb-623c-41cd-b1c9-2c693b63f07b","local_time":"20210108184144","is_ascension_mode":true,"campfire_choices":[{"data":"Uppercut","floor":7,"key":"SMITH"},{"floor":10,"key":"REST"},{"data":"True Grit","floor":15,"key":"SMITH"},{"data":"True Grit","floor":29,"key":"SMITH"},{"data":"Whirlwind","floor":32,"key":"SMITH"},{"data":"Juggernaut","floor":41,"key":"SMITH"},{"data":"Rupture","floor":45,"key":"SMITH"},{"floor":49,"key":"RECALL"}],"circlet_count":0,"master_deck":["AscendersBane","Strike_R","Strike_R","Defend_R","Defend_R","Defend_R","Defend_R","Uppercut+1","Metallicize","Carnage","Reaper","Anger","Whirlwind+1","Thunderclap+1","True Grit+1","True Grit+1","Offering","Blood for Blood","True Grit+1","Uppercut+1","Dark Embrace","Hemokinesis+1","True Grit","Evolve","Power Through","Feel No Pain","Pummel","Fiend Fire","Enlightenment","Juggernaut+1","Pummel+1","Rupture+1","Entrench"],"relics":["Burning Blood","Bloody Idol","Sling","Shuriken","Odd Mushroom","MawBank","Mercury Hourglass","Shovel","Snecko Eye","Nunchaku","Centennial Puzzle","Toy Ornithopter","Whetstone","Coffee Dripper","Unceasing Top","Vajra","Boot","Self Forming Clay","Happy Flower"],"acts_visited":["Exordium","TheCity","TheBeyond"],"potions_floor_usage":[13,16,18,23,30,39,40,42,50,51],"damage_taken":[{"damage":9,"enemies":"Jaw Worm","floor":1,"turns":5},{"damage":8,"enemies":"2 Louse","floor":3,"turns":3},{"damage":29,"enemies":"Gremlin Nob","floor":6,"turns":4},{"damage":35,"enemies":"The Mushroom Lair","floor":8,"turns":6},{"damage":1,"enemies":"Cultist","floor":11,"turns":3},{"damage":13,"enemies":"3 Sentries","floor":12,"turns":7},{"damage":10,"enemies":"3 Sentries","floor":13,"turns":3},{"damage":9,"enemies":"3 Louse","floor":14,"turns":3},{"damage":46,"enemies":"The Guardian","floor":16,"turns":13},{"damage":18,"enemies":"Shell Parasite","floor":18,"turns":4},{"damage":16,"enemies":"Spheric Guardian","floor":21,"turns":5},{"damage":26,"enemies":"3 Cultists","floor":22,"turns":5},{"damage":16,"enemies":"Book of Stabbing","floor":23,"turns":4},{"damage":42,"enemies":"Gremlin Leader","floor":25,"turns":6},{"damage":39,"enemies":"Slavers","floor":27,"turns":3},{"damage":8,"enemies":"Cultist and Chosen","floor":28,"turns":2},{"damage":8,"enemies":"Gremlin Leader","floor":30,"turns":4},{"damage":8,"enemies":"Snecko","floor":31,"turns":5},{"damage":20,"enemies":"Collector","floor":33,"turns":9},{"damage":19,"enemies":"3 Shapes","floor":35,"turns":3},{"damage":47,"enemies":"3 Darklings","floor":39,"turns":4},{"damage":20,"enemies":"Giant Head","floor":40,"turns":7},{"damage":23,"enemies":"4 Shapes","floor":42,"turns":6},{"damage":39,"enemies":"Reptomancer","floor":44,"turns":5},{"damage":16,"enemies":"Nemesis","floor":47,"turns":5},{"damage":74,"enemies":"Awakened One","floor":50,"turns":11},{"damage":28,"enemies":"Time Eater","floor":51,"turns":7}],"seed_played":"7279073504617634412","potions_obtained":[{"floor":11,"key":"BloodPotion"},{"floor":12,"key":"AttackPotion"},{"floor":13,"key":"BlessingOfTheForge"},{"floor":16,"key":"AttackPotion"},{"floor":18,"key":"Block Potion"},{"floor":22,"key":"BloodPotion"},{"floor":27,"key":"Swift Potion"},{"floor":33,"key":"Energy Potion"},{"floor":39,"key":"ColorlessPotion"},{"floor":40,"key":"BlessingOfTheForge"},{"floor":42,"key":"ElixirPotion"}],"is_trial":false,"path_per_floor":["M","?","M","$","$","E","R","?","T","R","M","E","?","M","R","B",null,"M","?","?","M","M","E","?","E","T","E","M","R","E","M","R","B",null,"M","?","$","?","M","E","R","M","T","E","R","$","E","?","R","B","B"],"character_chosen":"IRONCLAD","items_purchased":["Sling","Carnage","Self Forming Clay","Entrench"],"campfire_rested":1,"item_purchase_floors":[4,4,46,46],"current_hp_per_floor":[65,65,63,63,63,40,40,23,23,43,48,53,61,58,58,28,58,65,65,68,68,59,68,68,37,47,40,62,67,68,68,68,65,68,64,65,65,55,56,61,65,65,65,48,53,58,53,53,53,8,0,0],"gold":781,"neow_bonus":"HUNDRED_GOLD","is_daily":false,"chose_seed":false,"campfire_upgraded":6,"win_rate":0.0,"timestamp":1610098904,"path_taken":["M","?","M","?","$","E","R","?","T","R","M","E","?","M","R","BOSS","M","?","?","M","?","E","?","E","T","E","M","R","E","M","R","BOSS","M","?","$","?","M","E","R","M","T","E","R","$","E","?","R","BOSS","BOSS"],"items_purchased_type":["Relic","Card","Relic","Card"],"build_version":"2020-12-22","purchased_purges":1,"victory":false,"max_hp_per_floor":[75,68,68,68,68,68,68,68,68,68,68,68,68,68,68,68,68,68,68,68,68,68,68,68,68,68,68,68,68,68,68,68,68,68,68,65,65,65,65,65,65,65,65,65,65,65,65,65,65,65,65,65],"card_choices":[{"not_picked":["Iron Wave","Anger"],"picked":"Uppercut","floor":1},{"not_picked":["Reckless Charge","Shockwave"],"picked":"Metallicize","floor":3},{"not_picked":["Anger","Dual Wield"],"picked":"Reaper","floor":6},{"not_picked":["Twin Strike","Hemokinesis"],"picked":"Anger","floor":8},{"not_picked":["Body Slam","Havoc"],"picked":"Whirlwind","floor":11},{"not_picked":["Headbutt","Feel No Pain"],"picked":"Thunderclap","floor":12},{"not_picked":["Headbutt","Whirlwind"],"picked":"True Grit","floor":13},{"not_picked":["Perfected Strike","Havoc"],"picked":"True Grit","floor":14},{"not_picked":["Impervious","Brutality"],"picked":"Offering","floor":16},{"not_picked":["Dual Wield","Uppercut"],"picked":"Blood for Blood","floor":18},{"not_picked":["Flex","Sever Soul+1"],"picked":"Uppercut+1","floor":21},{"not_picked":["Sword Boomerang+1","Armaments","Havoc"],"picked":"SKIP","floor":22},{"not_picked":["Wild Strike","Shockwave"],"picked":"Dark Embrace","floor":23},{"not_picked":["Whirlwind","Heavy Blade+1"],"picked":"Evolve","floor":25},{"not_picked":["Heavy Blade","Perfected Strike","Havoc+1"],"picked":"SKIP","floor":27},{"not_picked":["Thunderclap","Rage"],"picked":"Power Through","floor":28},{"not_picked":["Offering","Hemokinesis"],"picked":"Feel No Pain","floor":30},{"not_picked":["Carnage","Evolve"],"picked":"Pummel","floor":31},{"not_picked":["Brutality","Berserk"],"picked":"Fiend Fire","floor":33},{"not_picked":["Warcry","Wild Strike+1","Perfected Strike"],"picked":"SKIP","floor":35},{"not_picked":["Trip","Panache"],"picked":"Enlightenment","floor":38},{"not_picked":["Thunderclap","Wild Strike","True Grit"],"picked":"SKIP","floor":39},{"not_picked":["Twin Strike","Sword Boomerang"],"picked":"Juggernaut","floor":40},{"not_picked":["Thunderclap","Havoc"],"picked":"Pummel+1","floor":42},{"not_picked":["Pummel+1","Flame Barrier"],"picked":"Rupture","floor":44},{"not_picked":["Entrench","Thunderclap","Wild Strike+1"],"picked":"SKIP","floor":47}],"player_experience":1996078,"relics_obtained":[{"floor":6,"key":"Shuriken"},{"floor":8,"key":"Odd Mushroom"},{"floor":9,"key":"MawBank"},{"floor":12,"key":"Mercury Hourglass"},{"floor":13,"key":"Shovel"},{"floor":23,"key":"Nunchaku"},{"floor":25,"key":"Centennial Puzzle"},{"floor":27,"key":"Toy Ornithopter"},{"floor":30,"key":"Whetstone"},{"floor":40,"key":"Unceasing Top"},{"floor":43,"key":"Vajra"},{"floor":44,"key":"Boot"},{"floor":47,"key":"Happy Flower"}],"event_choices":[{"damage_healed":0,"gold_gain":0,"player_choice":"Lose Max HP","damage_taken":0,"relics_obtained":["Golden Idol"],"max_hp_gain":0,"max_hp_loss":7,"event_name":"Golden Idol","floor":2,"gold_loss":0},{"damage_healed":0,"gold_gain":0,"player_choice":"Fought Mushrooms","damage_taken":0,"max_hp_gain":0,"max_hp_loss":0,"event_name":"Mushrooms","floor":8,"gold_loss":0},{"damage_healed":0,"gold_gain":0,"player_choice":"Searched \u00271\u0027 times","damage_taken":0,"max_hp_gain":0,"max_hp_loss":0,"event_name":"Dead Adventurer","floor":13,"gold_loss":0},{"damage_healed":0,"gold_gain":0,"player_choice":"Gave Idol","damage_taken":0,"relics_obtained":["Bloody Idol"],"max_hp_gain":0,"max_hp_loss":0,"event_name":"Forgotten Altar","floor":19,"relics_lost":["Golden Idol"],"gold_loss":0},{"damage_healed":0,"gold_gain":0,"player_choice":"Copied","damage_taken":0,"max_hp_gain":0,"max_hp_loss":0,"event_name":"Duplicator","floor":20,"gold_loss":0,"cards_obtained":["True Grit"]},{"damage_healed":0,"gold_gain":0,"cards_transformed":["Strike_R","Strike_R"],"player_choice":"Became Test Subject","damage_taken":0,"max_hp_gain":0,"max_hp_loss":0,"event_name":"Drug Dealer","floor":24,"gold_loss":0,"cards_obtained":["Hemokinesis","True Grit"]},{"damage_healed":0,"gold_gain":0,"player_choice":"Max HP","damage_taken":0,"max_hp_gain":0,"max_hp_loss":3,"event_name":"Winding Halls","floor":36,"gold_loss":0},{"damage_healed":0,"gold_gain":0,"player_choice":"Memory 3","damage_taken":10,"max_hp_gain":0,"max_hp_loss":0,"event_name":"SensoryStone","floor":38,"gold_loss":0},{"cards_removed":["Bash"],"damage_healed":0,"gold_gain":0,"player_choice":"Removed Attack","damage_taken":0,"max_hp_gain":0,"max_hp_loss":0,"event_name":"Falling","floor":48,"gold_loss":0}],"is_beta":false,"boss_relics":[{"not_picked":["SacredBark","Fusion Hammer"],"picked":"Snecko Eye"},{"not_picked":["Calling Bell","SlaversCollar"],"picked":"Coffee Dripper"}],"items_purged_floors":[46],"is_endless":false,"potions_floor_spawned":[11,12,13,16,18,22,27,33,39,40,42],"killed_by":"Time Eater","ascension_level":20}}