{"host":"2lo6hma6kymb0g9i","time":1610076006,"event":{"mods":["BaseMod","Colored Map","DeckTracker","Minty Spire (QoL Compilation)"],"gold_per_floor":[117,117,117,137,38,38,55,88,111,139,139,98,116,116,116,219,219,230,180,80,90,107,107,140,140,166,166,166],"floor_reached":27,"playtime":1499,"items_purged":["Writhe","Strike_B"],"score":386,"play_id":"dad77c2d-e076-4e32-8956-bf679333bc8d","local_time":"20210108122006","is_ascension_mode":true,"campfire_choices":[{"data":"Consume","floor":6,"key":"SMITH"},{"data":"Defragment","floor":15,"key":"SMITH"},{"data":"Redo","floor":23,"key":"SMITH"},{"data":"Buffer","floor":25,"key":"SMITH"}],"circlet_count":0,"master_deck":["Strike_B+1","Strike_B","Strike_B","Defend_B+1","Defend_B","Defend_B","Defend_B","Zap","Dualcast","Consume+1","Loop","Cold Snap","Redo+1","Buffer+1","Defragment+1","Chaos+1","Seek","Go for the Eyes+1","Skim"],"relics":["Cracked Core","FossilizedHelix","Happy Flower","Strawberry","Pen Nib","Pear","Inserter","Shuriken","Akabeko"],"acts_visited":["Exordium","TheCity"],"potions_floor_usage":[18,22,27,27],"damage_taken":[{"damage":16,"enemies":"Jaw Worm","floor":1,"turns":6},{"damage":0,"enemies":"Small Slimes","floor":4,"turns":2},{"damage":0,"enemies":"Cultist","floor":7,"turns":3},{"damage":3,"enemies":"Gremlin Nob","floor":8,"turns":4},{"damage":7,"enemies":"Lagavulin","floor":10,"turns":5},{"damage":0,"enemies":"2 Fungi Beasts","floor":13,"turns":3},{"damage":0,"enemies":"Slime Boss","floor":16,"turns":7},{"damage":7,"enemies":"3 Byrds","floor":18,"turns":5},{"damage":8,"enemies":"Spheric Guardian","floor":21,"turns":4},{"damage":6,"enemies":"Cultist and Chosen","floor":22,"turns":6},{"damage":17,"enemies":"Book of Stabbing","floor":24,"turns":6},{"damage":57,"enemies":"Slavers","floor":27,"turns":6}],"seed_played":"4930496114362468786","potions_obtained":[{"floor":1,"key":"SneckoOil"},{"floor":7,"key":"Block Potion"},{"floor":10,"key":"Dexterity Potion"},{"floor":16,"key":"Fire Potion"},{"floor":22,"key":"SkillPotion"},{"floor":24,"key":"SkillPotion"}],"is_trial":false,"path_per_floor":["M","?","?","M","$","R","M","E","T","E","T","$","M","?","R","B",null,"M","?","$","M","M","R","E","R","T","E"],"character_chosen":"DEFECT","items_purchased":["Cold Snap","Defragment"],"campfire_rested":0,"item_purchase_floors":[5,12],"current_hp_per_floor":[59,59,44,44,44,44,44,41,48,41,51,51,51,51,51,51,82,75,75,75,67,61,61,44,44,44,0,0],"gold":166,"neow_bonus":"ONE_RARE_RELIC","is_daily":false,"chose_seed":false,"campfire_upgraded":4,"win_rate":0.0,"timestamp":1610076006,"path_taken":["M","?","?","M","?","R","M","E","T","E","?","$","?","?","R","BOSS","M","?","$","?","?","R","E","R","T","E"],"items_purchased_type":["Card","Card"],"build_version":"2020-12-22","purchased_purges":2,"victory":false,"max_hp_per_floor":[75,75,75,75,75,75,75,75,82,82,92,92,92,92,92,92,92,92,92,92,92,92,92,92,92,92,92,92],"card_choices":[{"not_picked":["Beam Cell","Stack"],"picked":"Consume","floor":1},{"not_picked":["Beam Cell","Barrage"],"picked":"Loop","floor":4},{"not_picked":["Ball Lightning","Static Discharge","Steam Power"],"picked":"SKIP","floor":7},{"not_picked":["Barrage","Heatsinks"],"picked":"Redo","floor":8},{"not_picked":["Scrape","Coolheaded"],"picked":"Buffer","floor":10},{"not_picked":["Barrage","Turbo"],"picked":"Chaos","floor":13},{"not_picked":["Biased Cognition","Thunder Strike"],"picked":"Seek","floor":16},{"not_picked":["BootSequence","Stack"],"picked":"Go for the Eyes+1","floor":18},{"not_picked":["FTL","Darkness"],"picked":"Skim","floor":21},{"not_picked":["Beam Cell+1","Rebound","Reprogram"],"picked":"SKIP","floor":22},{"not_picked":["Beam Cell","Creative AI","Coolheaded"],"picked":"SKIP","floor":24}],"player_experience":952854,"relics_obtained":[{"floor":8,"key":"Happy Flower"},{"floor":9,"key":"Strawberry"},{"floor":10,"key":"Pen Nib"},{"floor":11,"key":"Pear"},{"floor":24,"key":"Shuriken"},{"floor":26,"key":"Akabeko"}],"event_choices":[{"damage_healed":0,"gold_gain":0,"player_choice":"Ignored","damage_taken":0,"max_hp_gain":0,"max_hp_loss":0,"event_name":"Liars Game","floor":2,"gold_loss":0},{"damage_healed":0,"gold_gain":0,"player_choice":"Entered Light","damage_taken":15,"max_hp_gain":0,"max_hp_loss":0,"event_name":"Shining Light","floor":3,"gold_loss":0,"cards_upgraded":["Defend_B","Strike_B"]},{"damage_healed":0,"gold_gain":0,"player_choice":"Upgraded","damage_taken":0,"max_hp_gain":0,"max_hp_loss":0,"event_name":"Upgrade Shrine","floor":14,"gold_loss":0,"cards_upgraded":["Chaos"]},{"damage_healed":0,"gold_gain":0,"player_choice":"Bet on Owner","damage_taken":0,"max_hp_gain":0,"max_hp_loss":0,"event_name":"The Joust","floor":19,"gold_loss":50}],"is_beta":false,"boss_relics":[{"not_picked":["Velvet Choker","Black Star"],"picked":"Inserter"}],"items_purged_floors":[5,20],"is_endless":false,"potions_floor_spawned":[1,7,10,16,18,22,24],"killed_by":"Slavers","ascension_level":5}}