{"host":"m77rrhbqzv44va4v","time":1610126232,"event":{"mods":["AchievementEnabler","BaseMod","Colored Map","DeckTracker","Keyboard Shortcuts","Minty Spire (QoL Compilation)","StSLib","SuperFastMode","everything is the same but u backflip on backflip"],"gold_per_floor":[114,13,13,26,1,33,43,70,96,108,120,162,174,186,198,287,299,326,388,420,432,463,475,475],"floor_reached":23,"playtime":472,"items_purged":["Defend_G"],"score":464,"play_id":"0d6a3abc-9bee-4a7c-b7d8-2fbb7ebbda50","local_time":"20210109021712","is_ascension_mode":true,"campfire_choices":[{"floor":10.0,"key":"REST"},{"floor":15.0,"key":"REST"}],"circlet_count":0,"master_deck":["AscendersBane","Strike_G","Strike_G","Strike_G","Strike_G","Defend_G","Defend_G","Defend_G","Defend_G","Survivor","Neutralize","PiercingWail","Backflip","Acrobatics","Underhanded Strike","Noxious Fumes+1","Crippling Poison","Reflex","Dagger Throw+1","Wraith Form v2","Terror","Concentrate"],"relics":["Ring of the Snake","NeowsBlessing","Bronze Scales","Happy Flower","MawBank","Dream Catcher","Molten Egg 2","Fusion Hammer"],"acts_visited":["Exordium","TheCity"],"potions_floor_usage":[],"damage_taken":[{"damage":0.0,"enemies":"Jaw Worm","floor":1.0,"turns":1.0},{"damage":0.0,"enemies":"Small Slimes","floor":4.0,"turns":1.0},{"damage":0.0,"enemies":"Lagavulin","floor":6.0,"turns":1.0},{"damage":1.0,"enemies":"2 Louse","floor":7.0,"turns":2.0},{"damage":20.0,"enemies":"Gremlin Nob","floor":8.0,"turns":4.0},{"damage":34.0,"enemies":"3 Sentries","floor":12.0,"turns":7.0},{"damage":23.0,"enemies":"The Guardian","floor":16.0,"turns":11.0},{"damage":0.0,"enemies":"3 Byrds","floor":18.0,"turns":3.0},{"damage":14,"enemies":"Shell Parasite","floor":20,"turns":6},{"damage":21,"enemies":"Snecko","floor":22,"turns":6},{"damage":20,"enemies":"Gremlin Leader","floor":23,"turns":6}],"seed_played":"-7594868388407794535","potions_obtained":[{"floor":4.0,"key":"ColorlessPotion"},{"floor":7.0,"key":"Fire Potion"},{"floor":8.0,"key":"Weak Potion"},{"floor":22,"key":"GamblersBrew"}],"is_trial":false,"path_per_floor":["M","$","?","M","$","E","M","E","T","R","?","E","T","?","R","B",null,"M","?","M","?","M","E"],"character_chosen":"THE_SILENT","items_purchased":["Backflip","Underhanded Strike"],"campfire_rested":2,"item_purchase_floors":[2,5],"current_hp_per_floor":[59,59,52,52,52,52,51,31,31,50,55,21,21,21,42,19,58,58,58,44,44,23,3,3],"gold":475,"neow_bonus":"THREE_ENEMY_KILL","is_daily":false,"chose_seed":false,"campfire_upgraded":0,"win_rate":0.0,"timestamp":1610126232,"path_taken":["M","$","?","M","$","E","M","E","T","R","?","E","?","?","R","BOSS","M","?","?","?","M","E"],"items_purchased_type":["Card","Card"],"build_version":"2020-12-22","purchased_purges":1,"victory":false,"max_hp_per_floor":[66,66,66,66,66,66,66,66,66,66,71,71,71,71,71,71,71,71,71,71,71,71,71,71],"card_choices":[{"not_picked":["Cloak And Dagger","Deadly Poison"],"picked":"PiercingWail","floor":1.0},{"not_picked":["Blur","Concentrate"],"picked":"Acrobatics","floor":4.0},{"not_picked":["Underhanded Strike","Deadly Poison"],"picked":"Noxious Fumes","floor":6.0},{"not_picked":["Underhanded Strike","Concentrate"],"picked":"Crippling Poison","floor":7.0},{"not_picked":["Deflect","Deadly Poison"],"picked":"Reflex","floor":8.0},{"not_picked":["Blur","Deflect","Blade Dance"],"picked":"SKIP","floor":12.0},{"not_picked":["Sucker Punch+1","Masterful Stab+1"],"picked":"Dagger Throw+1","floor":15.0},{"not_picked":["Unload+1","Doppelganger"],"picked":"Wraith Form v2","floor":16.0},{"not_picked":["Backflip","Deadly Poison","Cloak And Dagger+1"],"picked":"SKIP","floor":18.0},{"not_picked":["Dodge and Roll","Acrobatics"],"picked":"Terror","floor":20},{"not_picked":["Backstab+1","Deadly Poison"],"picked":"Concentrate","floor":22}],"player_experience":915470,"relics_obtained":[{"floor":6.0,"key":"Bronze Scales"},{"floor":8.0,"key":"Happy Flower"},{"floor":9.0,"key":"MawBank"},{"floor":12.0,"key":"Dream Catcher"},{"floor":13.0,"key":"Molten Egg 2"}],"event_choices":[{"cards_removed":["Strike_G"],"damage_healed":0.0,"max_hp_gain":0.0,"max_hp_loss":0.0,"gold_gain":0.0,"event_name":"Golden Wing","player_choice":"Card Removal","floor":3.0,"gold_loss":0.0,"damage_taken":7.0},{"damage_healed":0.0,"max_hp_gain":5.0,"max_hp_loss":0.0,"gold_gain":0.0,"event_name":"Big Fish","player_choice":"Donut","floor":11.0,"gold_loss":0.0,"damage_taken":0.0},{"damage_healed":0.0,"max_hp_gain":0.0,"max_hp_loss":0.0,"gold_gain":0.0,"event_name":"Living Wall","player_choice":"Grow","floor":14.0,"gold_loss":0.0,"damage_taken":0.0,"cards_upgraded":["Noxious Fumes"]},{"damage_healed":0.0,"max_hp_gain":0.0,"max_hp_loss":0.0,"gold_gain":50.0,"event_name":"Golden Shrine","player_choice":"Pray","floor":19.0,"gold_loss":0.0,"damage_taken":0.0},{"damage_healed":0,"gold_gain":0,"player_choice":"Ignored","damage_taken":0,"max_hp_gain":0,"max_hp_loss":0,"event_name":"Vampires","floor":21,"gold_loss":0}],"is_beta":false,"boss_relics":[{"not_picked":["Busted Crown","Black Star"],"picked":"Fusion Hammer"}],"items_purged_floors":[2],"is_endless":false,"potions_floor_spawned":[4,7,8,22],"killed_by":"Gremlin Leader","ascension_level":20}}