{"host":"w9yruvs4bqht6bhw","time":1610070902,"event":{"mods":["BaseMod","Colored Powertips","Minty Spire (QoL Compilation)"],"gold_per_floor":[119,119,94,94,113,113,113,149,225,239,275,275,298,47,47,167,167,190,190,190],"floor_reached":19,"playtime":479,"items_purged":[],"score":245,"play_id":"b0d6c969-463c-41b8-9814-9b6267e6dba4","local_time":"20210107205502","is_ascension_mode":true,"campfire_choices":[{"data":"Heavy Blade","floor":6,"key":"SMITH"},{"floor":15,"key":"REST"}],"circlet_count":0,"master_deck":["Strike_R","Strike_R","Strike_R+1","Strike_R","Strike_R+1","Defend_R","Defend_R","Defend_R","Defend_R","Bash","Heavy Blade+1","Thunderclap","Clash","Spot Weakness+1","Shrug It Off"],"relics":["Burning Blood","Golden Idol","Whetstone","Darkstone Periapt","StoneCalendar","Shuriken"],"acts_visited":["Exordium","TheCity"],"potions_floor_usage":[11,11,16,16],"damage_taken":[{"damage":0,"enemies":"Small Slimes","floor":1,"turns":3},{"damage":3,"enemies":"2 Louse","floor":5,"turns":2},{"damage":66,"enemies":"Lagavulin","floor":8,"turns":7},{"damage":0,"enemies":"Cultist","floor":10,"turns":3},{"damage":18,"enemies":"Gremlin Nob","floor":11,"turns":4},{"damage":12,"enemies":"Looter","floor":13,"turns":3},{"damage":18,"enemies":"Hexaghost","floor":16,"turns":7},{"damage":30,"enemies":"Shell Parasite","floor":18,"turns":7},{"damage":45,"enemies":"3 Byrds","floor":19,"turns":3}],"seed_played":"749240964861700429","potions_obtained":[{"floor":8,"key":"BlessingOfTheForge"},{"floor":10,"key":"BloodPotion"},{"floor":12,"key":"PowerPotion"},{"floor":12,"key":"FearPotion"},{"floor":12,"key":"SkillPotion"},{"floor":16,"key":"FearPotion"}],"is_trial":false,"path_per_floor":["M","?","$","?","M","R","?","E","T","M","E","?","M","$","R","B",null,"M","M"],"character_chosen":"IRONCLAD","items_purchased":["Clash","Shuriken"],"campfire_rested":1,"item_purchase_floors":[3,14],"current_hp_per_floor":[78,74,74,74,74,74,74,14,14,20,22,22,16,16,38,26,62,38,0,0],"gold":190,"neow_bonus":"THREE_CARDS","is_daily":false,"chose_seed":false,"campfire_upgraded":1,"win_rate":0.0,"timestamp":1610070902,"path_taken":["M","?","$","?","M","R","?","E","T","M","E","?","M","$","R","BOSS","M","?"],"items_purchased_type":["Card","Relic"],"build_version":"2020-12-22","purchased_purges":0,"victory":false,"max_hp_per_floor":[80,74,74,74,74,74,74,74,74,74,74,74,74,74,74,74,74,74,74,74],"card_choices":[{"not_picked":["Iron Wave","Flex"],"picked":"Heavy Blade","floor":0},{"not_picked":["True Grit","Ghostly Armor"],"picked":"Thunderclap","floor":1},{"not_picked":["Second Wind","Wild Strike"],"picked":"Spot Weakness","floor":5},{"not_picked":["Cleave","Berserk","Thunderclap"],"picked":"SKIP","floor":8},{"not_picked":["Blood for Blood","Pommel Strike"],"picked":"Shrug It Off","floor":10},{"not_picked":["Heavy Blade","True Grit","Body Slam"],"picked":"SKIP","floor":11},{"not_picked":["Armaments","Havoc","Thunderclap"],"picked":"SKIP","floor":13},{"not_picked":["True Grit","Heavy Blade+1","Warcry+1"],"picked":"SKIP","floor":18}],"player_experience":351168,"relics_obtained":[{"floor":8,"key":"Whetstone"},{"floor":9,"key":"Darkstone Periapt"},{"floor":11,"key":"StoneCalendar"}],"event_choices":[{"damage_healed":0,"gold_gain":0,"player_choice":"Lose Max HP","damage_taken":0,"relics_obtained":["Golden Idol"],"max_hp_gain":0,"max_hp_loss":6,"event_name":"Golden Idol","floor":2,"gold_loss":0},{"damage_healed":0,"gold_gain":0,"player_choice":"Leave","damage_taken":0,"max_hp_gain":0,"max_hp_loss":0,"event_name":"The Cleric","floor":4,"gold_loss":0},{"damage_healed":0,"gold_gain":0,"player_choice":"Grow","damage_taken":0,"max_hp_gain":0,"max_hp_loss":0,"event_name":"Living Wall","floor":7,"gold_loss":0,"cards_upgraded":["Spot Weakness"]},{"damage_healed":0,"gold_gain":0,"player_choice":"Got Potions","damage_taken":0,"max_hp_gain":0,"max_hp_loss":0,"event_name":"Lab","floor":12,"gold_loss":0}],"is_beta":false,"boss_relics":[{"not_picked":["Runic Dome","Philosopher\u0027s Stone","Cursed Key"]}],"items_purged_floors":[],"is_endless":false,"potions_floor_spawned":[8,10,13,16],"killed_by":"3 Byrds","ascension_level":8}}