{"host":"8fup84v061vi31le","time":1610097230,"event":{"mods":["Aspiration","BaseMod","Better Match","Better Third Choice","Minty Spire (QoL Compilation)","Shop Mod","Spicy Shops","StSLib"],"gold_per_floor":[114,39,53,72,84,84,84,117,117,135,60,79,96,113,113,209,209,225,140,140,159,175,208,208,208,208,238,238,249,249,102,102,197,197,216,233,233,233,233],"floor_reached":38,"playtime":1517,"items_purged":["Strike_R"],"score":631,"play_id":"de4232ab-92a6-46d5-804b-e50e814935c6","local_time":"20210108171350","is_ascension_mode":true,"campfire_choices":[{"data":"Clash","floor":6.0,"key":"SMITH"},{"data":"Anger","floor":15,"key":"SMITH"},{"floor":24,"key":"REST"},{"floor":25,"key":"REST"},{"data":"Anger","floor":30,"key":"SMITH"},{"floor":32,"key":"REST"}],"circlet_count":0,"master_deck":["Strike_R","Strike_R","Strike_R","Strike_R","Defend_R","Defend_R","Defend_R","Bash","Clash+1","Headbutt","Anger+1","Anger+1","Clash","Clash","Battle Trance+1"],"relics":["Black Blood","NeowsBlessing","OrangePellets","Pen Nib","WingedGreaves","SlaversCollar","Singing Bowl","aspiration:HummingbirdHeart","HornCleat","Juzu Bracelet","Nunchaku"],"acts_visited":["Exordium","TheCity","TheBeyond"],"potions_floor_usage":[16,18,23],"damage_taken":[{"damage":0.0,"enemies":"Jaw Worm","floor":1.0,"turns":1.0},{"damage":0.0,"enemies":"Small Slimes","floor":3.0,"turns":1.0},{"damage":0.0,"enemies":"Cultist","floor":4.0,"turns":1.0},{"damage":6.0,"enemies":"Gremlin Gang","floor":5.0,"turns":4.0},{"damage":18.0,"enemies":"Gremlin Nob","floor":8.0,"turns":4.0},{"damage":12.0,"enemies":"Looter","floor":10.0,"turns":3.0},{"damage":8,"enemies":"Blue Slaver","floor":12,"turns":3},{"damage":4,"enemies":"Red Slaver","floor":13,"turns":3},{"damage":6,"enemies":"Looter","floor":14,"turns":2},{"damage":35,"enemies":"Slime Boss","floor":16,"turns":9},{"damage":13,"enemies":"2 Thieves","floor":18,"turns":3},{"damage":7,"enemies":"Chosen","floor":21,"turns":3},{"damage":47,"enemies":"Centurion and Healer","floor":22,"turns":4},{"damage":44,"enemies":"Book of Stabbing","floor":23,"turns":4},{"damage":29,"enemies":"Gremlin Leader","floor":27,"turns":6},{"damage":1,"enemies":"Chosen and Byrds","floor":29,"turns":4},{"damage":72,"enemies":"Collector","floor":33,"turns":9},{"damage":38,"enemies":"3 Darklings","floor":35,"turns":7},{"damage":3,"enemies":"Orb Walker","floor":36,"turns":3},{"damage":77,"enemies":"2 Orb Walkers","floor":38,"turns":4}],"seed_played":"-4471970767368551532","potions_obtained":[{"floor":3.0,"key":"GamblersBrew"},{"floor":8.0,"key":"Explosive Potion"},{"floor":10.0,"key":"Swift Potion"},{"floor":16,"key":"SkillPotion"},{"floor":18,"key":"FairyPotion"},{"floor":33,"key":"PowerPotion"},{"floor":35,"key":"ColorlessPotion"}],"is_trial":false,"path_per_floor":["M","$","M","M","M","R","?","E","T","M","?","M","M","M","R","B",null,"M","?","?","M","M","E","R","R","T","E","?","M","R","$","R","B",null,"M","M","?","?"],"character_chosen":"IRONCLAD","items_purchased":["OrangePellets","Nunchaku"],"campfire_rested":3,"item_purchase_floors":[2,31],"current_hp_per_floor":[78,78,80,80,80,80,85,73,73,67,67,65,67,67,67,38,73,66,66,66,67,28,16,42,68,68,47,47,54,54,54,81,17,76,52,61,63,0,0],"gold":233,"neow_bonus":"THREE_ENEMY_KILL","is_daily":false,"chose_seed":false,"campfire_upgraded":3,"win_rate":0.0,"timestamp":1610097230,"path_taken":["M","$","M","M","M","R","?","E","T","M","?","M","M","?","R","BOSS","M","?","?","?","M","E","R","R","T","E","?","M","R","$","R","BOSS","M","M","?","?"],"items_purchased_type":["Relic","Relic"],"build_version":"2020-12-22","purchased_purges":1,"victory":false,"max_hp_per_floor":[80,80,80,80,80,80,85,85,85,85,85,85,85,85,85,85,85,85,85,85,87,89,89,89,89,89,91,91,93,93,93,93,95,95,97,97,99,99,99],"card_choices":[{"not_picked":["Armaments","Pummel"],"picked":"Clash","floor":1.0},{"not_picked":["Bloodletting","Clothesline"],"picked":"Headbutt","floor":3.0},{"not_picked":["Reckless Charge","Clothesline","Headbutt"],"picked":"SKIP","floor":4.0},{"not_picked":["Wild Strike","Havoc","Evolve"],"picked":"SKIP","floor":5.0},{"not_picked":["Feed","Battle Trance","Disarm"],"picked":"SKIP","floor":8.0},{"not_picked":["Combust","Shrug It Off"],"picked":"Anger","floor":10.0},{"not_picked":["Cleave","True Grit"],"picked":"Anger","floor":12},{"not_picked":["Flame Barrier","Sword Boomerang","Flex"],"picked":"SKIP","floor":13},{"not_picked":["Spot Weakness","Burning Pact","Pommel Strike"],"picked":"SKIP","floor":14},{"not_picked":["Headbutt","Rage"],"picked":"Clash","floor":18},{"not_picked":["Spot Weakness","Pommel Strike","Uppercut"],"picked":"Singing Bowl","floor":21},{"not_picked":["Headbutt","Pommel Strike","Combust"],"picked":"Singing Bowl","floor":22},{"not_picked":["True Grit","Metallicize+1"],"picked":"Clash","floor":23},{"not_picked":["Twin Strike","Disarm","Power Through+1"],"picked":"Singing Bowl","floor":27},{"not_picked":["Shrug It Off","Twin Strike","True Grit"],"picked":"Singing Bowl","floor":29},{"not_picked":["Berserk","Limit Break","Reaper"],"picked":"Singing Bowl","floor":33},{"not_picked":["Anger+1","Perfected Strike","Pommel Strike"],"picked":"Singing Bowl","floor":35},{"not_picked":["Searing Blow","Headbutt"],"picked":"Battle Trance+1","floor":36},{"not_picked":["PanicButton","Sadistic Nature","Deep Breath"],"picked":"Singing Bowl","floor":37}],"player_experience":153234,"relics_obtained":[{"floor":8.0,"key":"Pen Nib"},{"floor":9.0,"key":"WingedGreaves"},{"floor":23,"key":"aspiration:HummingbirdHeart"},{"floor":26,"key":"HornCleat"},{"floor":27,"key":"Juzu Bracelet"}],"event_choices":[{"damage_healed":0.0,"max_hp_gain":5.0,"max_hp_loss":0.0,"gold_gain":0.0,"event_name":"Big Fish","player_choice":"Donut","floor":7.0,"gold_loss":0.0,"damage_taken":0.0},{"damage_healed":0,"gold_gain":0,"player_choice":"3","damage_taken":0,"max_hp_gain":0,"max_hp_loss":0,"event_name":"betterMatch:BetterMatch","floor":11,"gold_loss":0,"cards_obtained":[]},{"damage_healed":0,"gold_gain":0,"player_choice":"Obtained Relic","damage_taken":0,"relics_obtained":["Singing Bowl"],"max_hp_gain":0,"max_hp_loss":0,"event_name":"Addict","floor":19,"gold_loss":85},{"cards_removed":["Defend_R"],"damage_healed":0,"gold_gain":0,"player_choice":"Purged","damage_taken":0,"max_hp_gain":0,"max_hp_loss":0,"event_name":"Purifier","floor":20,"gold_loss":0},{"damage_healed":0,"gold_gain":0,"player_choice":"Ignored","damage_taken":0,"max_hp_gain":0,"max_hp_loss":0,"event_name":"Vampires","floor":28,"gold_loss":0},{"damage_healed":0,"gold_gain":0,"player_choice":"Memory 1","damage_taken":0,"max_hp_gain":0,"max_hp_loss":0,"event_name":"SensoryStone","floor":37,"gold_loss":0},{"damage_healed":0,"gold_gain":0,"player_choice":"Fight","damage_taken":0,"max_hp_gain":0,"max_hp_loss":0,"event_name":"Mysterious Sphere","floor":38,"gold_loss":0}],"is_beta":false,"boss_relics":[{"not_picked":["Coffee Dripper","Velvet Choker"],"picked":"SlaversCollar"},{"not_picked":["aspiration:FutureDiary","Cursed Key"],"picked":"Black Blood"}],"items_purged_floors":[31],"is_endless":false,"potions_floor_spawned":[3,8,10,16,18,21,33,35],"killed_by":"2 Orb Walkers","ascension_level":9}}