{"host":"7k2a2omxz3voj5ax","time":1610123001,"event":{"mods":["BaseMod","Marisa£¨ìFÓê¡¡Ä§ÀíÉ³£©","Minty Spire (QoL Compilation)","Quick Restart","Spicy Shops","StSLib","Starting Relic: Pandora\u0027s Box","óô»ðÖ¸ÄÏ"],"gold_per_floor":[140,65,65,123,183,183,266,266,266,266,329,413,413,487,487,487,487],"floor_reached":16,"playtime":536,"items_purged":["LuminesStrike"],"score":236,"play_id":"b949b1a5-ddbf-48c1-a664-c4fc98acaca5","local_time":"20210109012321","is_ascension_mode":true,"campfire_choices":[{"data":"WitchOfGreed","floor":6.0,"key":"SMITH"},{"data":"UpSweep","floor":8.0,"key":"SMITH"},{"data":"MilkyWay","floor":15.0,"key":"SMITH"}],"circlet_count":0,"master_deck":["AscendersBane","MasterSpark","UpSweep+1","WitchOfGreed+1","LuminesStrike","MilkyWay+1","MilkyWay","GalacticHalo","WitchOfGreed+1","SuperPerseids","WitchLeyline","6A","NonDirectionalLaser","SuperNova","Acceleration"],"relics":["MiniHakkero","NeowsBlessing","Mango","Molten Egg 2","Blue Candle","Golden Idol","Bag of Marbles"],"acts_visited":["Exordium"],"potions_floor_usage":[],"damage_taken":[{"damage":0.0,"enemies":"Cultist","floor":1.0,"turns":2.0},{"damage":0.0,"enemies":"Small Slimes","floor":4.0,"turns":2.0},{"damage":0.0,"enemies":"Jaw Worm","floor":5.0,"turns":1.0},{"damage":14.0,"enemies":"Lagavulin","floor":7.0,"turns":5.0},{"damage":15.0,"enemies":"Exordium Wildlife","floor":11.0,"turns":3.0},{"damage":28.0,"enemies":"Gremlin Nob","floor":12.0,"turns":4.0},{"damage":23.0,"enemies":"3 Sentries","floor":14.0,"turns":6.0},{"damage":2,"enemies":"The Guardian","floor":16,"turns":2}],"seed_played":"-8571920211217201435","potions_obtained":[{"floor":1.0,"key":"FearPotion"},{"floor":4.0,"key":"Energy Potion"},{"floor":5.0,"key":"Fruit Juice"},{"floor":5.0,"key":"SkillPotion"},{"floor":7.0,"key":"LiquidBronze"},{"floor":7.0,"key":"SpeedPotion"},{"floor":11.0,"key":"CultistPotion"},{"floor":12.0,"key":"ShroomBrew"},{"floor":12.0,"key":"Swift Potion"}],"is_trial":false,"path_per_floor":["M","$","?","M","M","R","E","R","T","?","M","E","?","E","R","B"],"character_chosen":"MARISA","items_purchased":[],"campfire_rested":0,"item_purchase_floors":[],"current_hp_per_floor":[63,63,63,63,68,68,68,68,68,68,53,25,25,2,2,0,0],"gold":487,"neow_bonus":"THREE_ENEMY_KILL","is_daily":false,"chose_seed":false,"campfire_upgraded":3,"win_rate":0.0,"timestamp":1610123001,"path_taken":["M","$","?","?","M","R","E","R","T","?","?","E","?","E","R","BOSS"],"items_purchased_type":[],"build_version":"2020-12-22","purchased_purges":1,"victory":false,"max_hp_per_floor":[70,70,70,70,75,75,89,89,89,89,89,89,81,81,81,81,81],"card_choices":[{"not_picked":["GalacticHalo","UnstableBomb","MagicAbsorber"],"picked":"SKIP","floor":1.0},{"not_picked":["AlicesGift","MysteriousBeam"],"picked":"WitchLeyline","floor":4.0},{"not_picked":["IllusionStar","SprinkleStarSeal"],"picked":"6A","floor":5.0},{"not_picked":["DC","EventHorizon"],"picked":"NonDirectionalLaser","floor":7.0},{"not_picked":["LuminesStrike+1","DC+1","MysteriousBeam+1"],"picked":"SKIP","floor":11.0},{"not_picked":["GravityBeat+1","DarkSpark+1"],"picked":"SuperNova","floor":12.0},{"not_picked":["OortCloud","ChargingUp"],"picked":"Acceleration","floor":14.0}],"player_experience":407444,"relics_obtained":[{"floor":7.0,"key":"Mango"},{"floor":9.0,"key":"Molten Egg 2"},{"floor":12.0,"key":"Blue Candle"},{"floor":14.0,"key":"Bag of Marbles"}],"event_choices":[{"damage_healed":0.0,"max_hp_gain":0.0,"max_hp_loss":0.0,"gold_gain":0.0,"event_name":"Upgrade Shrine","player_choice":"Upgraded","floor":3.0,"gold_loss":0.0,"damage_taken":0.0,"cards_upgraded":["WitchOfGreed"]},{"damage_healed":0.0,"max_hp_gain":0.0,"max_hp_loss":0.0,"gold_gain":0.0,"event_name":"Match and Keep!","player_choice":"0 cards matched","floor":10.0,"gold_loss":0.0,"damage_taken":0.0,"cards_obtained":[]},{"damage_healed":0.0,"max_hp_gain":0.0,"max_hp_loss":8.0,"gold_gain":0.0,"event_name":"Golden Idol","player_choice":"Lose Max HP","floor":13.0,"gold_loss":0.0,"damage_taken":0.0,"relics_obtained":["Golden Idol"]}],"is_beta":false,"boss_relics":[],"items_purged_floors":[2],"is_endless":false,"potions_floor_spawned":[4,5,12],"killed_by":"The Guardian","ascension_level":20}}