{"host":"alk2ftu785mujiir","time":1610120047,"event":{"mods":["BaseMod","Colored Map","Downfall","Minty Spire (QoL Compilation)","StSLib"],"gold_per_floor":[99,110,125,35,52,52,125,125,151,151,151,164,164,181,194,294,294,219,237,237,255,265,265,265,281,297,327,346,196,206,223,237,341,341,341,353,364,364,364,364,387,25,56,72,72,72,104,104,124,124,124,124],"floor_reached":50,"playtime":2594,"items_purged":["Guardian:Aged","Slimebound:Strike_Slimebound+1"],"score":553,"play_id":"5afa1fe7-2d73-4048-8e70-2c1bc982705b","local_time":"20210108103407","is_ascension_mode":false,"campfire_choices":[{"data":"Slimebound:Split","floor":1.0,"key":"SMITH"},{"data":"Slimebound:Equalize","floor":6.0,"key":"SMITH"},{"floor":8.0,"key":"RECALL"},{"data":"Slimebound:Teamwork","floor":18.0,"key":"SMITH"},{"data":"Slimebound:SlimeSpikes","floor":23.0,"key":"SMITH"},{"data":"Slimebound:SlimeSpikes","floor":29.0,"key":"SMITH"},{"data":"Slimebound:RallyTheTroops","floor":35,"key":"SMITH"},{"floor":40,"key":"REST"},{"floor":45,"key":"REST"}],"circlet_count":0,"master_deck":["Slimebound:Strike_Slimebound+1","Slimebound:Tackle+1","Slimebound:Defend_Slimebound+1","Slimebound:Defend_Slimebound+1","Slimebound:Defend_Slimebound+1","Slimebound:Defend_Slimebound+1","Slimebound:Split+1","Slimebound:CorrosiveSpit+1","Slimebound:GoopSpray+1","Slimebound:MegaLick+1","Slimebound:Equalize+1","Slimebound:LeechLife+1","Slimebound:SplitAcid+1","Slimebound:Nibble+1","Slimebound:Schlurp+1","Slimebound:Teamwork+1","Slimebound:LeechingTouch+1","Slimebound:SlimeSpikes+1","Slimebound:SplitLeeching+1","Slimebound:ViciousTackle+1","Slimebound:FlameTackle+1","Slimebound:SlimeSpikes+1","Slimebound:RollThrough+1","Slimebound:SlimeBarrage+1","Slimebound:TongueLash+1","Slimebound:RallyTheTroops+1","Slimebound:SamplingLick+1","Slimebound:RejuvenatingLick+1","Slimebound:LeechEnergy+1","expansioncontent:Chronoboost","expansioncontent:SuperHexaguard","expansioncontent:Flail","Slimebound:LivingWall+1","Slimebound:LevelUp"],"relics":["Slimebound:AbsorbEndCombat","Meat on the Bone","Pen Nib","Philosopher\u0027s Stone","Blood Vial","Slimebound:TarBlob","Bottled Flame","Bronze Scales","Bottled Lightning","Whetstone","Dream Catcher"],"acts_visited":["Exordium","TheCity","TheBeyond"],"potions_floor_usage":[36],"damage_taken":[{"damage":15.0,"enemies":"2 Louse","floor":2.0,"turns":3.0},{"damage":18.0,"enemies":"Jaw Worm","floor":3.0,"turns":4.0},{"damage":13.0,"enemies":"downfall:FleeingMerchant","floor":4.0,"turns":4.0},{"damage":12.0,"enemies":"Cultist","floor":5.0,"turns":3.0},{"damage":24.0,"enemies":"3 Sentries","floor":9.0,"turns":5.0},{"damage":19.0,"enemies":"Blue Slaver","floor":12.0,"turns":4.0},{"damage":19.0,"enemies":"Gremlin Gang","floor":14.0,"turns":4.0},{"damage":31.0,"enemies":"Large Slime","floor":15.0,"turns":4.0},{"damage":84.0,"enemies":"downfall:Ironclad","floor":16.0,"turns":8.0},{"damage":24.0,"enemies":"Shell Parasite","floor":19.0,"turns":4.0},{"damage":12.0,"enemies":"Chosen","floor":21.0,"turns":3.0},{"damage":24.0,"enemies":"Snake Plant","floor":22.0,"turns":3.0},{"damage":17.0,"enemies":"3 Cultists","floor":25.0,"turns":4.0},{"damage":23.0,"enemies":"Shelled Parasite and Fungi","floor":26.0,"turns":4.0},{"damage":22.0,"enemies":"Slavers","floor":27.0,"turns":4.0},{"damage":31.0,"enemies":"Chosen and Byrds","floor":28.0,"turns":7.0},{"damage":25.0,"enemies":"Centurion and Healer","floor":30.0,"turns":8.0},{"damage":17.0,"enemies":"Snake Plant","floor":31.0,"turns":3.0},{"damage":4.0,"enemies":"3 Cultists","floor":32.0,"turns":3.0},{"damage":55.0,"enemies":"downfall:Watcher","floor":33.0,"turns":8.0},{"damage":47,"enemies":"3 Darklings","floor":36,"turns":5},{"damage":42,"enemies":"Orb Walker","floor":37,"turns":4},{"damage":18,"enemies":"downfall:FleeingMerchant","floor":42,"turns":4},{"damage":28,"enemies":"Nemesis","floor":43,"turns":5},{"damage":25,"enemies":"Maw","floor":44,"turns":5},{"damage":53,"enemies":"Reptomancer","floor":47,"turns":4},{"damage":32,"enemies":"Spire Growth","floor":49,"turns":3},{"damage":135,"enemies":"downfall:Silent","floor":50,"turns":5}],"seed_played":"-4053497537449078833","potions_obtained":[{"floor":2.0,"key":"Energy Potion"},{"floor":5.0,"key":"BlessingOfTheForge"},{"floor":9.0,"key":"SteroidPotion"},{"floor":12.0,"key":"LiquidBronze"},{"floor":16.0,"key":"Slimebound:ThreeZeroPotion"},{"floor":25.0,"key":"Swift Potion"},{"floor":33.0,"key":"Block Potion"},{"floor":37,"key":"PowerPotion"},{"floor":43,"key":"PowerPotion"}],"is_trial":false,"path_per_floor":["R","M","M","$","M","R","T","R","E","?","?","M","?","M","M","B",null,"R","M","?","M","M","R","T","M","M","E","M","R","M","M","M","B",null,"R","M","M","?","?","R","T","$","E","M","R","?","E","?","M","B"],"character_chosen":"SLIMEBOUND","items_purchased":["Bottled Lightning"],"campfire_rested":2,"item_purchase_floors":[42],"current_hp_per_floor":[72,67,61,60,60,60,60,60,60,60,60,67,67,72,65,41,72,72,72,72,72,62,62,62,69,65,72,55,65,82,82,82,58,82,82,65,65,65,65,82,82,82,76,82,82,72,82,82,82,0,0,0],"gold":124,"neow_bonus":"TWENTY_PERCENT_HP_BONUS","is_daily":false,"chose_seed":false,"campfire_upgraded":6,"win_rate":0.0,"timestamp":1610120047,"path_taken":["R","M","M","$","M","R","T","R","E","?","?","?","?","?","M","BOSS","R","M","?","M","M","R","T","M","M","E","M","R","M","?","M","BOSS","R","M","M","?","?","R","T","$","E","M","R","?","E","?","M","BOSS"],"items_purchased_type":["Relic"],"build_version":"2020-12-22","purchased_purges":2,"victory":false,"max_hp_per_floor":[72,72,72,72,72,72,72,72,72,72,72,72,72,72,72,72,72,72,72,72,72,72,72,72,72,72,72,72,82,82,82,82,82,82,82,82,82,82,82,82,82,82,82,82,82,82,82,82,82,82,82,82],"card_choices":[{"not_picked":["Slimebound:GoopTackle","Slimebound:DivideAndConquer"],"picked":"Slimebound:GoopSpray","floor":2.0},{"not_picked":["Slimebound:ProtectTheBoss","Slimebound:GrowthPunch"],"picked":"Slimebound:MegaLick","floor":3.0},{"not_picked":["Slimebound:GoopSpray","Slimebound:SlimeBrawl","Slimebound:ProtectTheBoss"],"picked":"SKIP","floor":4.0},{"not_picked":["Slimebound:Schlurp","Slimebound:LeechEnergy"],"picked":"Slimebound:Equalize","floor":5.0},{"not_picked":["Slimebound:Schlurp","Slimebound:LivingWall"],"picked":"Slimebound:LeechLife","floor":9.0},{"not_picked":["Slimebound:SlimeSpikes","Slimebound:GoopSpray"],"picked":"Slimebound:SplitAcid","floor":12.0},{"not_picked":["Slimebound:LeadByExample","Slimebound:BestDefense"],"picked":"Slimebound:Nibble","floor":14.0},{"not_picked":["Slimebound:TongueLash","Slimebound:ComboTackle"],"picked":"Slimebound:Schlurp","floor":15.0},{"not_picked":["Slimebound:Overexert","Slimebound:DuplicatedForm"],"picked":"Slimebound:Teamwork","floor":16.0},{"not_picked":["Slimebound:HungryTackle","Slimebound:ItLooksTasty"],"picked":"Slimebound:LeechingTouch","floor":19.0},{"not_picked":["Slimebound:GoopSpray","Slimebound:ForwardTackle"],"picked":"Slimebound:SlimeSpikes","floor":21.0},{"not_picked":["Slimebound:Nibble","Slimebound:SplitAcid"],"picked":"Slimebound:SplitLeeching","floor":22.0},{"not_picked":["Slimebound:SplitMire","Slimebound:PrepareCrush"],"picked":"Slimebound:ViciousTackle","floor":25.0},{"not_picked":["Slimebound:ViciousTackle","Slimebound:PressTheAttack+1","Slimebound:Grow"],"picked":"SKIP","floor":26.0},{"not_picked":["Slimebound:GoopSpray","Slimebound:BestDefense"],"picked":"Slimebound:FlameTackle+1","floor":27.0},{"not_picked":["Slimebound:Replication","Slimebound:FormOfPuddle"],"picked":"Slimebound:SlimeSpikes","floor":28.0},{"not_picked":["Slimebound:SplitBruiser","Slimebound:Gluttony"],"picked":"Slimebound:RollThrough+1","floor":30.0},{"not_picked":["Slimebound:LeechingTouch","Slimebound:RollThrough"],"picked":"Slimebound:SlimeBarrage+1","floor":31.0},{"not_picked":["Slimebound:SamplingLick","Slimebound:Nibble+1"],"picked":"Slimebound:TongueLash","floor":32.0},{"not_picked":["Slimebound:LeechLife","Slimebound:Overexert"],"picked":"Slimebound:RallyTheTroops","floor":33.0},{"not_picked":["Slimebound:DivideAndConquer+1","Slimebound:ComboTackle","Slimebound:ForwardTackle+1"],"picked":"SKIP","floor":36},{"not_picked":["Slimebound:SlimeSpikes+1","Slimebound:HauntingLick"],"picked":"Slimebound:SamplingLick+1","floor":37},{"not_picked":["Slimebound:ComboTackle+1","Slimebound:LeechingTouch+1"],"picked":"Slimebound:RejuvenatingLick+1","floor":42},{"not_picked":["Slimebound:Teamwork","Slimebound:FirmFortitude+1","Slimebound:ProtectTheBoss"],"picked":"SKIP","floor":43},{"not_picked":["Slimebound:DivideAndConquer+1","Slimebound:SlimeBarrage+1"],"picked":"Slimebound:LeechEnergy+1","floor":44},{"not_picked":["expansioncontent:TimeRipple","expansioncontent:DonusPower"],"picked":"expansioncontent:Chronoboost","floor":46},{"not_picked":["expansioncontent:AwakenDeath","expansioncontent:DarkVoid"],"picked":"expansioncontent:SuperHexaguard","floor":46},{"not_picked":["expansioncontent:Chronoboost","expansioncontent:AwakenDeath"],"picked":"expansioncontent:Flail","floor":46},{"not_picked":["Slimebound:SamplingLick+1","Slimebound:SplitLeeching+1"],"picked":"Slimebound:LivingWall+1","floor":47},{"not_picked":["Slimebound:ComboTackle","Slimebound:LeechingTouch+1"],"picked":"Slimebound:LevelUp","floor":49}],"player_experience":1741060,"relics_obtained":[{"floor":7.0,"key":"Meat on the Bone"},{"floor":9.0,"key":"Pen Nib"},{"floor":27.0,"key":"Blood Vial"},{"floor":38,"key":"Bottled Flame"},{"floor":41,"key":"Bronze Scales"},{"floor":43,"key":"Whetstone"},{"floor":47,"key":"Dream Catcher"}],"event_choices":[{"damage_healed":0.0,"max_hp_gain":0.0,"max_hp_loss":0.0,"gold_gain":0.0,"event_name":"Living Wall","player_choice":"Grow","floor":10.0,"gold_loss":0.0,"damage_taken":0.0,"cards_upgraded":["Slimebound:MegaLick"]}],"is_beta":false,"boss_relics":[{"not_picked":["Black Star","Coffee Dripper"],"picked":"Philosopher\u0027s Stone"},{"not_picked":["Pandora\u0027s Box","Snecko Eye"],"picked":"Slimebound:TarBlob"}],"items_purged_floors":[4,42],"is_endless":false,"potions_floor_spawned":[2,5,9,12,16,21,25,26,33,37,43,49],"killed_by":"downfall:Silent","ascension_level":0}}