{"host":"dqv8oo4v229c1o2l","time":1610123707,"event":{"mods":["AchievementEnabler","BaseMod","Colored Map","Colored Powertips","Minty Spire (QoL Compilation)","Quick Restart","Rare Cards Sparkle","StSLib","Synergy Search"],"gold_per_floor":[114,124,124,124,142,173,4,38,91,91,91,106,106,118,118,218,218,232,157,190,190,209,209,209,209],"floor_reached":24,"playtime":1198,"items_purged":[],"score":290,"play_id":"6f246ba0-d5a3-427c-a3ea-592c496e9576","local_time":"20210108083507","is_ascension_mode":true,"campfire_choices":[{"floor":10,"key":"REST"},{"data":"Recycle","floor":13,"key":"SMITH"},{"data":"Go for the Eyes","floor":15,"key":"SMITH"},{"data":"Hologram","floor":23,"key":"SMITH"}],"circlet_count":0,"master_deck":["Defend_B","Defend_B","Defend_B","Defend_B","Zap+1","Dualcast+1","Hologram+1","Gash","Rebound","Recycle+1","FTL","Flash of Steel","Go for the Eyes+1","BootSequence","Core Surge","Reinforced Body","Bite","Bite","Bite","Bite","Bite"],"relics":["Cracked Core","InkBottle","War Paint","MealTicket","Sozu","Red Mask"],"acts_visited":["Exordium","TheCity"],"potions_floor_usage":[8,16,24],"damage_taken":[{"damage":0,"enemies":"Small Slimes","floor":1,"turns":3},{"damage":6,"enemies":"2 Louse","floor":2,"turns":2},{"damage":2,"enemies":"Jaw Worm","floor":5,"turns":3},{"damage":37,"enemies":"3 Sentries","floor":6,"turns":8},{"damage":16,"enemies":"Gremlin Nob","floor":8,"turns":4},{"damage":0,"enemies":"Exordium Wildlife","floor":12,"turns":2},{"damage":0,"enemies":"Looter","floor":14,"turns":2},{"damage":23,"enemies":"Hexaghost","floor":16,"turns":10},{"damage":0,"enemies":"Chosen","floor":18,"turns":4},{"damage":36,"enemies":"Masked Bandits","floor":20,"turns":5},{"damage":5,"enemies":"3 Byrds","floor":22,"turns":5},{"damage":29,"enemies":"Gremlin Leader","floor":24,"turns":4}],"seed_played":"8706811736064193498","potions_obtained":[{"floor":2,"key":"SpeedPotion"},{"floor":8,"key":"GamblersBrew"},{"floor":16,"key":"GamblersBrew"}],"is_trial":false,"path_per_floor":["M","M","?","?","M","E","$","E","T","R","?","M","R","M","R","B",null,"M","?","?","?","M","R","E"],"character_chosen":"DEFECT","items_purchased":["FTL","Flash of Steel"],"campfire_rested":1,"item_purchase_floors":[7,7],"current_hp_per_floor":[68,62,62,67,65,28,28,12,12,36,29,29,29,29,29,6,62,62,62,26,26,35,35,16,16],"gold":209,"neow_bonus":"THREE_CARDS","is_daily":false,"chose_seed":false,"campfire_upgraded":3,"win_rate":0.0,"timestamp":1610123707,"path_taken":["M","M","?","?","M","E","$","E","T","R","?","M","R","M","R","BOSS","M","?","?","?","M","R","E"],"items_purchased_type":["Card","Card"],"build_version":"2020-12-22","purchased_purges":0,"victory":false,"max_hp_per_floor":[75,75,75,80,80,80,80,80,80,80,80,80,80,80,80,80,80,80,80,80,56,56,56,56,56],"card_choices":[{"not_picked":["Stack","Undo"],"picked":"Hologram","floor":0},{"not_picked":["Go for the Eyes","White Noise"],"picked":"Gash","floor":1},{"not_picked":["Undo","Ball Lightning"],"picked":"Rebound","floor":2},{"not_picked":["Sweeping Beam","Barrage","Cold Snap"],"picked":"SKIP","floor":5},{"not_picked":["Lockon","Rebound"],"picked":"Recycle","floor":6},{"not_picked":["Blizzard","Sweeping Beam"],"picked":"Go for the Eyes","floor":8},{"not_picked":["Creative AI","Defragment"],"picked":"BootSequence","floor":12},{"not_picked":["Force Field","Compile Driver","Darkness"],"picked":"SKIP","floor":14},{"not_picked":["Multi-Cast","Creative AI"],"picked":"Core Surge","floor":16},{"not_picked":["Sweeping Beam+1","Cold Snap","Rebound"],"picked":"SKIP","floor":18},{"not_picked":["Undo","Chill"],"picked":"Reinforced Body","floor":20},{"not_picked":["Barrage","Compile Driver","Force Field"],"picked":"SKIP","floor":22}],"player_experience":253650,"relics_obtained":[{"floor":6,"key":"InkBottle"},{"floor":8,"key":"War Paint"},{"floor":9,"key":"MealTicket"},{"floor":20,"key":"Red Mask"}],"event_choices":[{"damage_healed":0,"gold_gain":0,"player_choice":"Ignored","damage_taken":0,"max_hp_gain":0,"max_hp_loss":0,"event_name":"Liars Game","floor":3,"gold_loss":0},{"damage_healed":0,"gold_gain":0,"player_choice":"Donut","damage_taken":0,"max_hp_gain":5,"max_hp_loss":0,"event_name":"Big Fish","floor":4,"gold_loss":0},{"cards_removed":["Strike_B"],"damage_healed":0,"gold_gain":0,"player_choice":"Card Removal","damage_taken":7,"max_hp_gain":0,"max_hp_loss":0,"event_name":"Golden Wing","floor":11,"gold_loss":0},{"cards_removed":["Strike_B"],"damage_healed":0,"gold_gain":0,"player_choice":"Gave Gold","damage_taken":0,"max_hp_gain":0,"max_hp_loss":0,"event_name":"Beggar","floor":19,"gold_loss":75},{"damage_healed":0,"gold_gain":0,"player_choice":"Fought Bandits","damage_taken":0,"max_hp_gain":0,"max_hp_loss":0,"event_name":"Masked Bandits","floor":20,"gold_loss":0},{"damage_healed":0,"gold_gain":0,"player_choice":"Became a vampire","damage_taken":0,"max_hp_gain":0,"max_hp_loss":24,"event_name":"Vampires","floor":21,"gold_loss":0,"cards_obtained":["Bite","Bite","Bite","Bite","Bite"]}],"is_beta":false,"boss_relics":[{"not_picked":["FrozenCore","Cursed Key"],"picked":"Sozu"}],"items_purged_floors":[],"is_endless":false,"potions_floor_spawned":[2,8,16,18],"killed_by":"Gremlin Leader","ascension_level":6}}