{"host":"066y5nba5qw19k68","time":1610092769,"event":{"mods":["BaseMod","Colored Powertips","Downfall","Minty Spire (QoL Compilation)","Replay The Spire","Shop Mod","StSLib"],"gold_per_floor":[114,125,125,138,154,154,173,41,67,83,83,107,107,126,126,126,126],"floor_reached":16,"playtime":634,"items_purged":["Strike_R"],"score":103,"play_id":"787b5576-099b-4999-b9c3-4d854a23538d","local_time":"20210108155929","is_ascension_mode":true,"campfire_choices":[{"data":"Second Wind","floor":6.0,"key":"SMITH"},{"data":"Searing Blow","floor":11,"key":"SMITH"},{"data":"Searing Blow+1","floor":13,"key":"SMITH"},{"data":"Searing Blow+2","floor":15,"key":"SMITH"}],"circlet_count":0,"master_deck":["Strike_R","Strike_R","Strike_R","Strike_R","Defend_R","Defend_R","Defend_R","Defend_R","Bash","Armaments+1","Shrug It Off","Second Wind+1","Heavy Blade","Shrug It Off","Searing Blow+3","Searing Blow","Pummel","Body Slam"],"relics":["Burning Blood","NeowsBlessing","Strawberry","Odd Mushroom"],"acts_visited":["Exordium"],"potions_floor_usage":[16],"damage_taken":[{"damage":0.0,"enemies":"Cultist","floor":1.0,"turns":1.0},{"damage":0.0,"enemies":"2 Louse","floor":2.0,"turns":1.0},{"damage":0.0,"enemies":"Jaw Worm","floor":4.0,"turns":1.0},{"damage":5.0,"enemies":"Red Slaver","floor":5.0,"turns":6.0},{"damage":16,"enemies":"Gremlin Gang","floor":7,"turns":6},{"damage":4,"enemies":"3 Louse","floor":10,"turns":5},{"damage":38,"enemies":"The Mushroom Lair","floor":12,"turns":5},{"damage":5,"enemies":"Blue Slaver","floor":14,"turns":3},{"damage":49,"enemies":"Hexaghost","floor":16,"turns":9}],"seed_played":"-5781016151215007149","potions_obtained":[{"floor":1.0,"key":"Elixir"},{"floor":4.0,"key":"BlessingOfTheForge"},{"floor":10,"key":"LiquidBronze"}],"is_trial":false,"path_per_floor":["M","M","?","M","M","R","M","$","T","M","R","?","R","M","R","B"],"character_chosen":"IRONCLAD","items_purchased":["Searing Blow"],"campfire_rested":0,"item_purchase_floors":[8],"current_hp_per_floor":[80,80,80,80,80,80,70,70,77,79,79,47,47,48,48,0,0],"gold":126,"neow_bonus":"THREE_ENEMY_KILL","is_daily":false,"chose_seed":false,"campfire_upgraded":4,"win_rate":0.0,"timestamp":1610092769,"path_taken":["M","M","?","M","M","R","M","$","T","M","R","?","R","M","R","BOSS"],"items_purchased_type":["Card"],"build_version":"2020-12-22","purchased_purges":1,"victory":false,"max_hp_per_floor":[80,80,80,80,80,80,80,80,87,87,87,87,87,87,87,87,87],"card_choices":[{"not_picked":["ReplayTheSpireMod:Muscle Training","Sword Boomerang"],"picked":"Armaments","floor":1.0},{"not_picked":["Spot Weakness","Life Link"],"picked":"Shrug It Off","floor":2.0},{"not_picked":["Sword Boomerang","Twin Strike"],"picked":"Second Wind","floor":4.0},{"not_picked":["Thunderclap","ReplayTheSpireMod:Limb From Limb"],"picked":"Heavy Blade","floor":5.0},{"not_picked":["Sever Soul","Second Wind"],"picked":"Shrug It Off","floor":7},{"not_picked":["Cleave","Uppercut"],"picked":"Pummel","floor":10},{"not_picked":["Bloodletting","Cleave"],"picked":"Body Slam","floor":12},{"not_picked":["Heavy Blade","Defy Death","Pummel"],"picked":"SKIP","floor":14}],"player_experience":97108,"relics_obtained":[{"floor":9,"key":"Strawberry"},{"floor":12,"key":"Odd Mushroom"}],"event_choices":[{"damage_healed":0.0,"max_hp_gain":0.0,"max_hp_loss":0.0,"gold_gain":0.0,"event_name":"Living Wall","player_choice":"Grow","floor":3.0,"gold_loss":0.0,"damage_taken":0.0,"cards_upgraded":["Armaments"]},{"damage_healed":0,"gold_gain":0,"player_choice":"Fought Mushrooms","damage_taken":0,"max_hp_gain":0,"max_hp_loss":0,"event_name":"Mushrooms","floor":12,"gold_loss":0}],"is_beta":false,"boss_relics":[],"items_purged_floors":[8],"is_endless":false,"potions_floor_spawned":[1,4,10],"killed_by":"Hexaghost","ascension_level":2}}