{"host":"8f5cu9y0fpol72qs","time":1610094714,"event":{"mods":["AlwaysNeverKeys","BaseMod","Colored Map","Colored Powertips","Curses Come First","Highlight Path","Key Reminder","Minty Spire (QoL Compilation)","StSLib"],"gold_per_floor":[117,192,204,204,221,249,174,205,232,246,277,277,98,109,109,183,183,193,204,217,217,92,117,117,117,143,169,180,214,214,225,225,299,299,318,330,330,340,340,366,381,381,381,381,392,419,419,446,446,446,446,446,8,40,40],"floor_reached":56,"playtime":7220,"items_purged":["Strike_R","Strike_R","Strike_R","Cleave"],"score":2016,"play_id":"1fe68a16-9e43-43f7-b3de-ace4d761d00c","local_time":"20210108003154","is_ascension_mode":true,"campfire_choices":[{"data":"Shockwave","floor":15.0,"key":"SMITH"},{"data":"Whirlwind","floor":24.0,"key":"SMITH"},{"floor":30.0,"key":"DIG"},{"floor":32.0,"key":"DIG"},{"floor":42.0,"key":"DIG"},{"floor":44.0,"key":"DIG"},{"floor":49,"key":"RECALL"},{"floor":52,"key":"DIG"}],"circlet_count":0,"master_deck":["AscendersBane","Defend_R","Defend_R","Defend_R","Bash","Pummel","Shockwave+1","Impervious","Twin Strike","Shrug It Off","Battle Trance","Whirlwind+1","Clothesline","Reaper","Pommel Strike","Shrug It Off+1","Shrug It Off+1","Corruption","Pommel Strike+1","Armaments+1","Barricade","Dark Embrace","Shrug It Off","Feel No Pain"],"relics":["Burning Blood","Happy Flower","Omamori","Pen Nib","Oddly Smooth Stone","Coffee Dripper","HornCleat","Shovel","Incense Burner","Letter Opener","InkBottle","Snecko Eye","Sundial","Dream Catcher","Paper Frog","Potion Belt","Juzu Bracelet","Eternal Feather","Bottled Flame","TheAbacus","Pear"],"acts_visited":["Exordium","TheCity","TheBeyond","TheEnding"],"potions_floor_usage":[54,55,55,55],"damage_taken":[{"damage":10.0,"enemies":"Small Slimes","floor":1.0,"turns":4.0},{"damage":6.0,"enemies":"Cultist","floor":3.0,"turns":4.0},{"damage":9.0,"enemies":"Jaw Worm","floor":5.0,"turns":3.0},{"damage":26.0,"enemies":"Gremlin Nob","floor":6.0,"turns":5.0},{"damage":7.0,"enemies":"Lagavulin","floor":8.0,"turns":7.0},{"damage":10.0,"enemies":"Blue Slaver","floor":10.0,"turns":3.0},{"damage":8.0,"enemies":"Gremlin Nob","floor":11.0,"turns":4.0},{"damage":0.0,"enemies":"3 Louse","floor":14.0,"turns":2.0},{"damage":41.0,"enemies":"Slime Boss","floor":16.0,"turns":11.0},{"damage":12.0,"enemies":"Spheric Guardian","floor":18.0,"turns":6.0},{"damage":0.0,"enemies":"3 Byrds","floor":19.0,"turns":4.0},{"damage":0.0,"enemies":"3 Cultists","floor":20.0,"turns":3.0},{"damage":12.0,"enemies":"Gremlin Leader","floor":23.0,"turns":6.0},{"damage":10.0,"enemies":"Book of Stabbing","floor":27.0,"turns":5.0},{"damage":11.0,"enemies":"Shelled Parasite and Fungi","floor":28.0,"turns":6.0},{"damage":24.0,"enemies":"Gremlin Leader","floor":29.0,"turns":5.0},{"damage":2.0,"enemies":"Chosen and Byrds","floor":31.0,"turns":4.0},{"damage":72.0,"enemies":"Champ","floor":33.0,"turns":17.0},{"damage":0.0,"enemies":"3 Shapes","floor":35.0,"turns":2.0},{"damage":4.0,"enemies":"3 Darklings","floor":36.0,"turns":4.0},{"damage":0.0,"enemies":"4 Shapes","floor":38.0,"turns":5.0},{"damage":38.0,"enemies":"Nemesis","floor":40.0,"turns":6.0},{"damage":0.0,"enemies":"Writhing Mass","floor":41.0,"turns":6.0},{"damage":3.0,"enemies":"Sphere and 2 Shapes","floor":45.0,"turns":4.0},{"damage":0.0,"enemies":"Giant Head","floor":46.0,"turns":5.0},{"damage":0,"enemies":"Reptomancer","floor":48,"turns":5},{"damage":25,"enemies":"Time Eater","floor":50,"turns":13},{"damage":26,"enemies":"Shield and Spear","floor":54,"turns":5},{"damage":39,"enemies":"The Heart","floor":55,"turns":8}],"seed_played":"-6367944479724012287","potions_obtained":[{"floor":1.0,"key":"Fire Potion"},{"floor":6.0,"key":"Dexterity Potion"},{"floor":10.0,"key":"FairyPotion"},{"floor":11.0,"key":"DistilledChaos"},{"floor":18.0,"key":"BlessingOfTheForge"},{"floor":19.0,"key":"Explosive Potion"},{"floor":28.0,"key":"Strength Potion"},{"floor":29.0,"key":"LiquidMemories"},{"floor":35.0,"key":"Strength Potion"},{"floor":36.0,"key":"FearPotion"},{"floor":38.0,"key":"LiquidBronze"},{"floor":45.0,"key":"SkillPotion"},{"floor":48,"key":"Block Potion"},{"floor":54,"key":"SmokeBomb"}],"is_trial":false,"path_per_floor":["M","?","M","?","M","E","$","E","T","M","E","?","$","M","R","B",null,"M","M","M","?","$","E","R","?","T","E","M","E","R","M","R","B",null,"M","M","?","M","?","E","M","R","T","R","M","E","?","E","R","B",null,"R","$","E","B",null],"character_chosen":"IRONCLAD","items_purchased":["Whirlwind","Feel No Pain","Strength Potion","PowerPotion","TheAbacus"],"campfire_rested":0,"item_purchase_floors":[13,53,53,53,53],"current_hp_per_floor":[76,65,65,65,62,42,42,41,41,37,35,28,28,34,34,32,74,68,77,88,88,88,88,88,71,71,73,76,70,70,83,83,21,75,81,91,91,93,93,73,83,83,83,83,93,93,83,93,93,74,88,93,93,83,85],"gold":40,"neow_bonus":"TEN_PERCENT_HP_BONUS","is_daily":false,"chose_seed":false,"campfire_upgraded":2,"win_rate":0.0,"timestamp":1610094714,"path_taken":["M","?","M","?","M","E","$","E","T","?","E","?","$","M","R","BOSS","M","M","M","?","$","E","R","?","T","E","M","E","R","M","R","BOSS","M","M","?","M","?","E","M","R","T","R","M","E","?","E","R","BOSS","R","$","E","BOSS"],"items_purchased_type":["Card","Card","Potion","Potion","Relic"],"build_version":"2020-12-22","purchased_purges":4,"victory":true,"max_hp_per_floor":[88,88,88,88,88,88,88,88,88,88,88,88,88,88,88,88,88,88,88,88,88,88,88,88,93,93,93,93,93,93,93,93,93,93,93,93,93,93,93,93,93,93,93,93,93,93,93,93,93,93,93,93,93,103,103],"card_choices":[{"not_picked":["Clash","Havoc"],"picked":"Pummel","floor":1.0},{"not_picked":["Perfected Strike","Body Slam"],"picked":"Cleave","floor":3.0},{"not_picked":["Flex","Power Through"],"picked":"Shockwave","floor":5.0},{"not_picked":["Heavy Blade","True Grit"],"picked":"Impervious","floor":6.0},{"not_picked":["Havoc","Rage"],"picked":"Twin Strike","floor":8.0},{"not_picked":["Power Through","Iron Wave"],"picked":"Shrug It Off","floor":10.0},{"not_picked":["Warcry","Metallicize"],"picked":"Battle Trance","floor":11.0},{"not_picked":["Clash","Power Through"],"picked":"Clothesline","floor":14.0},{"not_picked":["Juggernaut","Impervious"],"picked":"Reaper","floor":16.0},{"not_picked":["Anger","Clothesline","Heavy Blade"],"picked":"SKIP","floor":18.0},{"not_picked":["Clothesline","Entrench","Intimidate+1"],"picked":"SKIP","floor":19.0},{"not_picked":["Entrench","Burning Pact","Anger+1"],"picked":"SKIP","floor":20.0},{"not_picked":["Power Through","Clothesline","Limit Break"],"picked":"SKIP","floor":23.0},{"not_picked":["Pummel+1","Perfected Strike","Twin Strike"],"picked":"SKIP","floor":27.0},{"not_picked":["Headbutt","Anger"],"picked":"Pommel Strike","floor":28.0},{"not_picked":["True Grit","Rampage"],"picked":"Shrug It Off+1","floor":29.0},{"not_picked":["Flex","Exhume"],"picked":"Shrug It Off+1","floor":31.0},{"not_picked":["Offering","Juggernaut"],"picked":"Corruption","floor":33.0},{"not_picked":["Pommel Strike+1","Body Slam","Rupture+1"],"picked":"SKIP","floor":35.0},{"not_picked":["Body Slam","Rupture+1"],"picked":"Pommel Strike+1","floor":35.0},{"not_picked":["Infernal Blade","Iron Wave","Body Slam"],"picked":"SKIP","floor":36.0},{"not_picked":["Infernal Blade","Iron Wave","Body Slam"],"picked":"SKIP","floor":36.0},{"not_picked":["True Grit","Body Slam+1"],"picked":"Armaments+1","floor":38.0},{"not_picked":["Cleave","Barricade","Iron Wave+1"],"picked":"SKIP","floor":40.0},{"not_picked":["Cleave","Barricade","Iron Wave+1"],"picked":"SKIP","floor":40.0},{"not_picked":["Cleave","Iron Wave+1"],"picked":"Barricade","floor":40.0},{"not_picked":["Reckless Charge","Pommel Strike"],"picked":"Dark Embrace","floor":41.0},{"not_picked":["Dark Embrace","Pommel Strike","Whirlwind"],"picked":"SKIP","floor":45.0},{"not_picked":["Second Wind","Anger"],"picked":"Shrug It Off","floor":46.0},{"not_picked":["Havoc","True Grit","Anger"],"picked":"SKIP","floor":48},{"not_picked":["Clash","Warcry","Metallicize"],"picked":"SKIP","floor":54}],"player_experience":789512,"relics_obtained":[{"floor":6.0,"key":"Happy Flower"},{"floor":8.0,"key":"Omamori"},{"floor":9.0,"key":"Pen Nib"},{"floor":11.0,"key":"Oddly Smooth Stone"},{"floor":23.0,"key":"HornCleat"},{"floor":27.0,"key":"Shovel"},{"floor":29.0,"key":"Incense Burner"},{"floor":30.0,"key":"Letter Opener"},{"floor":32.0,"key":"InkBottle"},{"floor":40.0,"key":"Sundial"},{"floor":42.0,"key":"Dream Catcher"},{"floor":43.0,"key":"Paper Frog"},{"floor":44.0,"key":"Potion Belt"},{"floor":46.0,"key":"Juzu Bracelet"},{"floor":48,"key":"Eternal Feather"},{"floor":52,"key":"Bottled Flame"},{"floor":54,"key":"Pear"}],"event_choices":[{"damage_healed":0.0,"max_hp_gain":0.0,"max_hp_loss":0.0,"gold_gain":75.0,"event_name":"World of Goop","player_choice":"Gather Gold","floor":2.0,"gold_loss":0.0,"damage_taken":11.0},{"cards_removed":["Strike_R"],"damage_healed":0.0,"max_hp_gain":0.0,"max_hp_loss":0.0,"gold_gain":0.0,"event_name":"Purifier","player_choice":"Purged","floor":4.0,"gold_loss":0.0,"damage_taken":0.0},{"cards_removed":["Strike_R"],"damage_healed":0.0,"max_hp_gain":0.0,"max_hp_loss":0.0,"gold_gain":0.0,"event_name":"Golden Wing","player_choice":"Card Removal","floor":12.0,"gold_loss":0.0,"damage_taken":7.0},{"damage_healed":0.0,"max_hp_gain":0.0,"max_hp_loss":0.0,"gold_gain":0.0,"event_name":"Vampires","player_choice":"Ignored","floor":21.0,"gold_loss":0.0,"damage_taken":0.0},{"damage_healed":0.0,"max_hp_gain":5.0,"max_hp_loss":0.0,"gold_gain":0.0,"event_name":"Forgotten Altar","player_choice":"Shed Blood","floor":25.0,"gold_loss":0.0,"damage_taken":22.0},{"damage_healed":0.0,"max_hp_gain":0.0,"max_hp_loss":0.0,"gold_gain":0.0,"event_name":"Tomb of Lord Red Mask","player_choice":"Ignored","floor":37.0,"gold_loss":0.0,"damage_taken":0.0},{"cards_removed":["Defend_R"],"damage_healed":0.0,"max_hp_gain":0.0,"max_hp_loss":0.0,"gold_gain":0.0,"event_name":"Falling","player_choice":"Removed Skill","floor":39.0,"gold_loss":0.0,"damage_taken":0.0},{"damage_healed":0,"gold_gain":0,"player_choice":"Memory 3","damage_taken":10,"max_hp_gain":0,"max_hp_loss":0,"event_name":"SensoryStone","floor":47,"gold_loss":0}],"is_beta":false,"boss_relics":[{"not_picked":["Mark of Pain","Empty Cage"],"picked":"Coffee Dripper"},{"not_picked":["SlaversCollar","Astrolabe"],"picked":"Snecko Eye"}],"items_purged_floors":[7,13,22,53],"is_endless":false,"potions_floor_spawned":[1,6,10,11,18,19,28,29,35,36,38,45,48,54],"ascension_level":13}}