{"host":"p245q48pmopyklqs","time":1610066688,"event":{"mods":["AchievementEnabler","BaseMod","DeckTracker","Minty Spire (QoL Compilation)","Relic Stats","StSLib","SuperFastMode"],"gold_per_floor":[111,126,137,154,174,205,205,205,258,282,294,306,330,353,365,454,466,488,91,91,56,56,56,56],"floor_reached":23,"playtime":734,"items_purged":[],"score":415,"play_id":"1d3f1103-fb33-4b25-a39e-588d484b4ebb","local_time":"20210108094448","is_ascension_mode":true,"campfire_choices":[{"data":"Demon Form","floor":7.0,"key":"SMITH"},{"data":"Blood for Blood","floor":11.0,"key":"SMITH"},{"data":"Bloodletting","floor":15.0,"key":"SMITH"}],"circlet_count":0,"master_deck":["AscendersBane","Defend_R","Defend_R","Defend_R","Defend_R","Bash","Pommel Strike","Blood for Blood+1","Demon Form+1","Flame Barrier","Power Through","Feed","Bloodletting+1","Pommel Strike","Limit Break","Reaper","Shrug It Off","Seeing Red","Heavy Blade","Shockwave","Pommel Strike","Ghostly","Ghostly","Ghostly","Bite","Bite","Bite","Bite","Bite"],"relics":["Burning Blood","Magic Flower","Mango","MawBank","Velvet Choker","Orrery"],"acts_visited":["Exordium","TheCity"],"potions_floor_usage":[23,23],"damage_taken":[{"damage":5.0,"enemies":"2 Louse","floor":1.0,"turns":3.0},{"damage":9.0,"enemies":"Small Slimes","floor":2.0,"turns":4.0},{"damage":9.0,"enemies":"Jaw Worm","floor":3.0,"turns":4.0},{"damage":12.0,"enemies":"Looter","floor":4.0,"turns":4.0},{"damage":4.0,"enemies":"3 Louse","floor":5.0,"turns":5.0},{"damage":25.0,"enemies":"Lagavulin","floor":6.0,"turns":6.0},{"damage":29.0,"enemies":"Blue Slaver","floor":10.0,"turns":9.0},{"damage":27.0,"enemies":"Exordium Wildlife","floor":13.0,"turns":9.0},{"damage":11.0,"enemies":"2 Fungi Beasts","floor":14.0,"turns":6.0},{"damage":26.0,"enemies":"Hexaghost","floor":16.0,"turns":7.0},{"damage":44.0,"enemies":"Chosen","floor":18.0,"turns":7.0},{"damage":17.0,"enemies":"2 Thieves","floor":21.0,"turns":5.0},{"damage":59,"enemies":"Slavers","floor":23,"turns":7}],"seed_played":"8302644909072881975","potions_obtained":[{"floor":1.0,"key":"FearPotion"},{"floor":4.0,"key":"GamblersBrew"},{"floor":6.0,"key":"Swift Potion"},{"floor":13.0,"key":"Energy Potion"},{"floor":18.0,"key":"BloodPotion"}],"is_trial":false,"path_per_floor":["M","M","M","M","M","E","R","?","T","M","R","?","M","M","R","B",null,"M","$","?","M","?","E"],"character_chosen":"IRONCLAD","items_purchased":["Reaper","Shrug It Off","Orrery"],"campfire_rested":0,"item_purchase_floors":[19,19,19],"current_hp_per_floor":[68,68,68,65,68,66,66,66,66,51,51,56,43,41,41,29,79,49,49,49,41,34,0,0],"gold":56,"neow_bonus":"ONE_RARE_RELIC","is_daily":false,"chose_seed":false,"campfire_upgraded":3,"win_rate":0.0,"timestamp":1610066688,"path_taken":["M","M","M","M","M","E","R","?","T","M","R","?","M","M","R","BOSS","M","$","?","M","?","E"],"items_purchased_type":["Card","Card","Relic"],"build_version":"2020-12-22","purchased_purges":0,"victory":false,"max_hp_per_floor":[68,68,68,68,68,82,82,82,82,85,85,90,93,93,93,96,96,99,99,49,49,34,34,34],"relic_stats":{"counters":[13,76],"Magic Flower":[46],"MawBank":120,"obtain_stats":[{"Magic Flower":0,"Velvet Choker":17,"Orrery":19,"Mango":6,"MawBank":9,"Burning Blood":0},{"Magic Flower":0,"Velvet Choker":10,"Orrery":11,"Mango":6,"MawBank":6,"Burning Blood":0},{"Magic Flower":0,"Velvet Choker":57,"Orrery":64,"Mango":26,"MawBank":26,"Burning Blood":0}],"Burning Blood":102},"card_choices":[{"not_picked":["Ghostly Armor","Sword Boomerang"],"picked":"Pommel Strike","floor":1.0},{"not_picked":["Body Slam","Iron Wave"],"picked":"Blood for Blood","floor":2.0},{"not_picked":["Clothesline","Thunderclap"],"picked":"Demon Form","floor":3.0},{"not_picked":["Entrench","Cleave"],"picked":"Flame Barrier","floor":4.0},{"not_picked":["Carnage","Wild Strike"],"picked":"Power Through","floor":5.0},{"not_picked":["Dropkick","Whirlwind"],"picked":"Feed","floor":6.0},{"not_picked":["Uppercut","Sever Soul"],"picked":"Bloodletting","floor":10.0},{"not_picked":["Flame Barrier","Carnage"],"picked":"Pommel Strike","floor":13.0},{"not_picked":["Iron Wave","Havoc","Reckless Charge"],"picked":"SKIP","floor":14.0},{"not_picked":["Demon Form","Double Tap"],"picked":"Limit Break","floor":16.0},{"not_picked":["Wild Strike","Havoc","Power Through"],"picked":"SKIP","floor":18.0},{"not_picked":["True Grit","Combust+1"],"picked":"Seeing Red","floor":19.0},{"not_picked":["Sever Soul","Hemokinesis"],"picked":"Heavy Blade","floor":19.0},{"not_picked":["Clothesline","Exhume"],"picked":"Shockwave","floor":19.0},{"not_picked":["Sword Boomerang","Clothesline"],"picked":"Pommel Strike","floor":19.0},{"not_picked":["Hemokinesis","Feel No Pain","Inflame"],"picked":"SKIP","floor":21.0}],"player_experience":2326692,"relics_obtained":[{"floor":6.0,"key":"Mango"},{"floor":9.0,"key":"MawBank"}],"event_choices":[{"damage_healed":0.0,"max_hp_gain":0.0,"max_hp_loss":0.0,"gold_gain":0.0,"event_name":"The Cleric","player_choice":"Leave","floor":8.0,"gold_loss":0.0,"damage_taken":0.0},{"damage_healed":0.0,"max_hp_gain":5.0,"max_hp_loss":0.0,"gold_gain":0.0,"event_name":"Big Fish","player_choice":"Donut","floor":12.0,"gold_loss":0.0,"damage_taken":0.0},{"damage_healed":0.0,"max_hp_gain":0.0,"max_hp_loss":50.0,"gold_gain":0.0,"event_name":"Ghosts","player_choice":"Became a Ghost","floor":20.0,"gold_loss":0.0,"damage_taken":0.0,"cards_obtained":["Ghostly","Ghostly","Ghostly"]},{"damage_healed":0.0,"max_hp_gain":0.0,"max_hp_loss":15.0,"gold_gain":0.0,"event_name":"Vampires","player_choice":"Became a vampire","floor":22.0,"gold_loss":0.0,"damage_taken":0.0,"cards_obtained":["Bite","Bite","Bite","Bite","Bite"]}],"is_beta":false,"boss_relics":[{"not_picked":["Runic Dome","Black Blood"],"picked":"Velvet Choker"}],"items_purged_floors":[],"is_endless":false,"potions_floor_spawned":[1,4,6,13,18,21],"killed_by":"Slavers","ascension_level":20}}