{"host":"wonp23fsqqcu31ie","time":1610065315,"event":{"mods":["2.2 Compatiblity","AchievementEnabler","Aspiration","BaseMod","Bestiary","Better Altar","Better Match","Better Sensory Stone","Better Skull","Better Third Choice","BetterRewards","Block Reminder","Colored Map","Colored Powertips","Conspire","Curses Come First","DeckTracker","Displayed Cursed Tome","Downfall","Evolution","Hermit","Highlight Path","Hubris","Marisa????????","Minty Spire (QoL Compilation)","Permanent Neow","Prisma Mod","Quick Restart","Rare Cards Sparkle","Relic Stats","Replay The Spire","Robot Space Explorer","Shade Mod","Shop Mod","StSLib","SuperFastMode","The Animator","The Bug Knight","The Construct","The Cursed","The Dragon Tamer","The Gatherer","The Marked","The Necromancer","The Runesmith","The Servant 0.9.4"],"gold_per_floor":[118,118,132,150,225,258,275,300,371,371,381,25,25,25,25,25,25,120,120,132,132,11,11,23,52,52,52],"floor_reached":26,"playtime":409,"items_purged":[],"score":293,"play_id":"56357054-4048-41c9-b792-b22152dd52b2","local_time":"20210108112155","is_ascension_mode":true,"campfire_choices":[{"data":"Juggernaut","floor":10,"key":"SMITH"},{"floor":17,"key":"RECALL"}],"circlet_count":0,"master_deck":["Pommel Strike","Pommel Strike","Strike_R","Strike_R","Strike_R","Defend_R","Defend_R","Defend_R","Defend_R","Bash","Perfected Strike","Blind","Perfected Strike","Cleave","Rampage","Replay:Undeath\u0027s Touch","Juggernaut+1","Flex","Twin Strike","Inflame","Bludgeon","CurseOfTheBell","Thunderclap","Poisoned Strike","Replay:SS_fish_3","Replay:SS_forest_2","Twin Strike","ReplayReversal+1"],"relics":["Burning Blood","EVO:Axolotl","aspiration:Nostalgia","Guardian:ModeShifter","aspiration:SeaSaltIceCream","Boot","Paper Frog","Iron Hammer","Calling Bell","Happy Flower","hubris:TinFlute","TungstenRod","ReplayTheSpireMod:ShopPack","aspiration:RitualStick","aspiration:StickyExplosives_weak"],"acts_visited":["Exordium","TheCity"],"potions_floor_usage":[6,6,18,20,25,26],"damage_taken":[{"damage":11,"enemies":"Jaw Worm","floor":1,"turns":4},{"damage":0,"enemies":"Cultist","floor":3,"turns":2},{"damage":8,"enemies":"Small Slimes","floor":4,"turns":2},{"damage":13,"enemies":"Lagavulin","floor":6,"turns":5},{"damage":0,"enemies":"2 Fungi Beasts","floor":7,"turns":2},{"damage":16,"enemies":"Gremlin Nob","floor":8,"turns":4},{"damage":3,"enemies":"Looter","floor":11,"turns":2},{"damage":25,"enemies":"Hexaghost","floor":18,"turns":6},{"damage":12,"enemies":"2 Thieves","floor":20,"turns":3},{"damage":19,"enemies":"Shell Parasite","floor":24,"turns":3},{"damage":36,"enemies":"Slavers","floor":25,"turns":5},{"damage":20,"enemies":"Cultist and Chosen","floor":26,"turns":3}],"seed_played":"2613910801928593031","potions_obtained":[{"floor":3,"key":"Weak Potion"},{"floor":4,"key":"LifebloodPotion"},{"floor":6,"key":"Block Potion"},{"floor":18,"key":"Energy Potion"},{"floor":20,"key":"Dexterity Potion"},{"floor":25,"key":"sneckomod:MuddlingPotion"}],"is_trial":false,"path_per_floor":["M","?","M","M","?","E","M","E","T","R","M","$","?","PTL","PTL","?","R","B",null,"M","?","$","?","M","E","M"],"character_chosen":"IRONCLAD","items_purchased":["Iron Hammer","Twin Strike","Inflame","ReplayTheSpireMod:ShopPack"],"campfire_rested":0,"item_purchase_floors":[12,12,12,22],"current_hp_per_floor":[75,75,80,78,67,60,66,56,56,56,59,59,59,59,59,80,80,61,75,69,69,69,54,41,11,0,0],"gold":52,"neow_bonus":"NOSTALGIA","is_daily":false,"chose_seed":false,"campfire_upgraded":1,"win_rate":0.0,"timestamp":1610065315,"path_taken":["M","?","?","M","?","E","M","E","T","R","M","$","?","PTL","PTL","?","R","BOSS","M","?","$","?","M","E","M"],"items_purchased_type":["Relic","Card","Card","Relic"],"build_version":"2020-12-22","purchased_purges":0,"victory":false,"max_hp_per_floor":[80,80,80,80,80,80,80,80,80,80,80,80,80,80,80,80,80,80,80,80,80,80,80,80,80,80,80],"relic_stats":{"Happy Flower":[4],"counters":[12,41],"Boot":[33],"obtain_stats":[{"Happy Flower":19,"aspiration:Nostalgia":0,"Guardian:ModeShifter":0,"EVO:Axolotl":0,"aspiration:SeaSaltIceCream":6,"Boot":6,"Burning Blood":0,"aspiration:RitualStick":23,"aspiration:StickyExplosives_weak":25,"Calling Bell":19,"Iron Hammer":12,"hubris:TinFlute":19,"TungstenRod":19,"Paper Frog":8,"ReplayTheSpireMod:ShopPack":22},{"Happy Flower":8,"aspiration:Nostalgia":0,"Guardian:ModeShifter":0,"EVO:Axolotl":0,"aspiration:SeaSaltIceCream":4,"Boot":4,"Burning Blood":0,"aspiration:RitualStick":9,"aspiration:StickyExplosives_weak":11,"Calling Bell":8,"Iron Hammer":7,"hubris:TinFlute":8,"TungstenRod":8,"Paper Frog":6,"ReplayTheSpireMod:ShopPack":9},{"Happy Flower":27,"aspiration:Nostalgia":0,"Guardian:ModeShifter":0,"EVO:Axolotl":0,"aspiration:SeaSaltIceCream":13,"Boot":13,"Burning Blood":0,"aspiration:RitualStick":30,"aspiration:StickyExplosives_weak":38,"Calling Bell":27,"Iron Hammer":21,"hubris:TinFlute":27,"TungstenRod":27,"Paper Frog":19,"ReplayTheSpireMod:ShopPack":30}],"Burning Blood":65,"TungstenRod":16,"aspiration:RitualStick":[0]},"card_choices":[{"not_picked":["Shrug It Off","Havoc"],"picked":"Perfected Strike","floor":1},{"not_picked":["Replay:SS_forest_6","Crow Ritual"],"picked":"Blind","floor":2},{"not_picked":["Run Through","Replay:Undeath\u0027s Touch"],"picked":"Perfected Strike","floor":3},{"not_picked":["Clash","Rampage"],"picked":"Cleave","floor":4},{"not_picked":["Wild Strike","Massacre"],"picked":"Rampage","floor":6},{"not_picked":["Rage","Fire Breathing"],"picked":"Replay:Undeath\u0027s Touch","floor":7},{"not_picked":["Combust","Warcry"],"picked":"Juggernaut","floor":8},{"not_picked":["Wild Strike","ReplayTheSpireMod:Strike From Hell"],"picked":"Flex","floor":11},{"not_picked":["Juggernaut","Reaper"],"picked":"Bludgeon","floor":18},{"not_picked":["ReplayTheSpireMod:Strike From Hell","conspire:ExplosiveBarrier"],"picked":"Thunderclap","floor":20},{"not_picked":["Master of Strategy","Mayhem"],"picked":"Poisoned Strike","floor":22},{"not_picked":["hubris:Insight","expansioncontent:DecasProtection"],"picked":"Replay:SS_fish_3","floor":22},{"not_picked":["Transmutation","Trip"],"picked":"Replay:SS_forest_2","floor":22},{"not_picked":["Shockwave","Warcry"],"picked":"Twin Strike","floor":24},{"not_picked":["Hemokinesis","Iron Wave"],"picked":"ReplayReversal+1","floor":25}],"player_experience":485535,"relics_obtained":[{"floor":6,"key":"aspiration:SeaSaltIceCream"},{"floor":8,"key":"Paper Frog"},{"floor":19,"key":"Happy Flower"},{"floor":19,"key":"hubris:TinFlute"},{"floor":19,"key":"TungstenRod"},{"floor":25,"key":"aspiration:StickyExplosives_weak"}],"event_choices":[{"damage_healed":0,"gold_gain":1,"player_choice":"1","damage_taken":0,"max_hp_gain":0,"max_hp_loss":0,"event_name":"betterStone:BetterStone","floor":2,"gold_loss":0},{"damage_healed":0,"gold_gain":75,"player_choice":"Gold","damage_taken":11,"max_hp_gain":0,"max_hp_loss":0,"event_name":"betterThird:BetterGoop","floor":5,"gold_loss":0},{"damage_healed":0,"gold_gain":0,"player_choice":"Ignored","damage_taken":0,"max_hp_gain":0,"max_hp_loss":0,"event_name":"Golden Wing","floor":13,"gold_loss":0},{"damage_healed":26,"gold_gain":0,"player_choice":"Banana","damage_taken":0,"max_hp_gain":0,"max_hp_loss":0,"event_name":"Big Fish","floor":16,"gold_loss":0},{"damage_healed":0,"gold_gain":0,"player_choice":"Leave","damage_taken":0,"max_hp_gain":0,"max_hp_loss":0,"event_name":"conspire:Investor","floor":21,"gold_loss":0}],"is_beta":false,"boss_relics":[{"not_picked":["Runic Pyramid","Coffee Dripper"],"picked":"Calling Bell"}],"items_purged_floors":[],"is_endless":false,"potions_floor_spawned":[3,4,6,18,20,25],"killed_by":"Cultist and Chosen","ascension_level":5}}