{"host":"684z1xpuwaoqmmh1","time":1610114644,"event":{"mods":["BaseMod","Downfall","Hermit","Jorbs\u0027s Wanderer Trilogy","Marisa????????","Minty Spire (QoL Compilation)","StSLib","The Hierophant","The Mystic"],"gold_per_floor":[199,213,232,382,0,16,42,92,92,125,50,69,101,116,132,132,132,132],"floor_reached":16,"playtime":1053,"items_purged":["Doubt"],"score":207,"play_id":"c840baa7-3715-4f6b-b48f-ef0991ff2c87","local_time":"20210108160404","is_ascension_mode":true,"campfire_choices":[{"data":"champ:Taunt","floor":1.0,"key":"SMITH"},{"data":"champ:FocusedBerserking","floor":9.0,"key":"SMITH"},{"floor":11.0,"key":"REST"}],"circlet_count":0,"master_deck":["AscendersBane","champ:Strike","champ:Strike","champ:Strike","champ:Strike","champ:Defend","champ:Defend","champ:Defend","champ:Defend","champ:Execute","champ:Taunt+1","champ:FocusedBerserking+1","champ:AdrenalArmor","champ:ArenaPreparation","champ:FocusedGladiator","champ:Haymaker","champ:FaceSlap","champ:TornadoPunch","champ:DefensiveStyle","champ:CrookedStrike"],"relics":["champ:ChampionCrown","Membership Card","Shuriken","Oddly Smooth Stone","InkBottle","downfall:HeartBlessingGreen","Orichalcum"],"acts_visited":["Exordium"],"potions_floor_usage":[16],"damage_taken":[{"damage":6.0,"enemies":"Small Slimes","floor":2.0,"turns":4.0},{"damage":5.0,"enemies":"2 Louse","floor":3.0,"turns":3.0},{"damage":15.0,"enemies":"downfall:FleeingMerchant","floor":5.0,"turns":4.0},{"damage":36.0,"enemies":"Cultist","floor":6.0,"turns":4.0},{"damage":53.0,"enemies":"3 Sentries","floor":10.0,"turns":8.0},{"damage":15.0,"enemies":"Blue Slaver","floor":12.0,"turns":5.0},{"damage":54.0,"enemies":"Lagavulin","floor":13.0,"turns":7.0},{"damage":25.0,"enemies":"Large Slime","floor":14.0,"turns":7.0},{"damage":17.0,"enemies":"Blue Slaver","floor":15.0,"turns":3.0},{"damage":49,"enemies":"downfall:Defect","floor":16,"turns":8}],"seed_played":"-4356339900046667640","potions_obtained":[{"floor":2.0,"key":"SteroidPotion"},{"floor":3.0,"key":"Dexterity Potion"},{"floor":6.0,"key":"champ:OpenerPotion"},{"floor":14.0,"key":"SkillPotion"}],"is_trial":false,"path_per_floor":["R","M","M","?","$","M","T","?","R","E","R","M","E","M","M","B"],"character_chosen":"THE_CHAMP","items_purchased":["Membership Card","Shuriken","champ:FocusedGladiator"],"campfire_rested":1,"item_purchase_floors":[5,5,5],"current_hp_per_floor":[73,72,72,72,67,66,66,66,66,47,71,70,55,47,42,0,0,0],"gold":132,"neow_bonus":"HUNDRED_GOLD","is_daily":false,"chose_seed":false,"campfire_upgraded":2,"win_rate":0.0,"timestamp":1610114644,"path_taken":["R","M","M","?","$","M","T","?","R","E","R","M","E","?","M","BOSS"],"items_purchased_type":["Relic","Relic","Card"],"build_version":"2020-12-22","purchased_purges":1,"victory":false,"max_hp_per_floor":[81,81,81,81,81,81,81,81,81,81,81,81,81,81,81,81,81,81],"card_choices":[{"not_picked":["champ:FlashCut","champ:GutPunch"],"picked":"champ:FocusedBerserking","floor":2.0},{"not_picked":["champ:FocusedBerserking","champ:SkillfulDodge"],"picked":"champ:AdrenalArmor","floor":3.0},{"not_picked":["champ:GladiatorStyle","champ:BladeFlurry"],"picked":"champ:ArenaPreparation","floor":5.0},{"not_picked":["champ:FlashCut","champ:DefensiveShout"],"picked":"champ:Haymaker","floor":6.0},{"not_picked":["champ:Riposte","champ:FalseCounter","champ:FocusedBerserking"],"picked":"SKIP","floor":10.0},{"not_picked":["champ:AdrenalArmor","champ:RapidStrikes"],"picked":"champ:FaceSlap","floor":12.0},{"not_picked":["champ:RageSigil","champ:Shatter"],"picked":"champ:TornadoPunch","floor":13.0},{"not_picked":["champ:ArenaPreparation","champ:BladeFlurry"],"picked":"champ:DefensiveStyle","floor":14.0},{"not_picked":["champ:BerserkersShout","champ:DefensiveShout"],"picked":"champ:CrookedStrike","floor":15}],"player_experience":2433548,"relics_obtained":[{"floor":7.0,"key":"Oddly Smooth Stone"},{"floor":10.0,"key":"InkBottle"},{"floor":13.0,"key":"Orichalcum"}],"event_choices":[],"is_beta":false,"boss_relics":[],"items_purged_floors":[5],"is_endless":false,"potions_floor_spawned":[2,3,6,14,15],"killed_by":"downfall:Defect","ascension_level":17}}