{"host":"6febr6iklru1ag3j","time":1610124471,"event":{"mods":["Aspiration","BaseMod","Better Note","DeckTracker","Hubris","Minty Spire (QoL Compilation)","Replay The Spire","Shop Mod","StSLib","The Jungle","slay the spire mod where everything is the same but ironclad has a cowboy hat"],"gold_per_floor":[118,131,131,145,145,145,163,163,163,179,179,29,29,29,29,130,130,143,178,178,178],"floor_reached":20,"playtime":735,"items_purged":["Defend_B"],"score":203,"play_id":"3c3826d4-b622-4579-a44c-d33ec4a61fc8","local_time":"20210108114751","is_ascension_mode":true,"campfire_choices":[{"data":"Dualcast","floor":6.0,"key":"SMITH"},{"data":"Zap","floor":8.0,"key":"SMITH"},{"data":"Leap","floor":11.0,"key":"SMITH"},{"floor":15.0,"key":"RECALL"}],"circlet_count":0,"master_deck":["Strike_B","Strike_B","Strike_B","Strike_B","Defend_B","Defend_B","Defend_B","Zap+1","Dualcast+1","All For One","Gash","Steam","Leap+1","Multi-Cast","Sweeping Beam+1"],"relics":["Cracked Core","Pantograph","Gremlin Horn","hubris:Icosahedron","ChewingGum","Red Mask"],"acts_visited":["Exordium","TheCity"],"potions_floor_usage":[],"damage_taken":[{"damage":0.0,"enemies":"Small Slimes","floor":1.0,"turns":3.0},{"damage":8.0,"enemies":"Jaw Worm","floor":2.0,"turns":4.0},{"damage":1.0,"enemies":"Cultist","floor":4.0,"turns":3.0},{"damage":0.0,"enemies":"3 Louse","floor":7.0,"turns":3.0},{"damage":0.0,"enemies":"Looter","floor":10.0,"turns":2.0},{"damage":61.0,"enemies":"Fading Forest","floor":16.0,"turns":11.0},{"damage":15.0,"enemies":"3 Byrds","floor":18.0,"turns":4.0},{"damage":44,"enemies":"Masked Bandits","floor":19,"turns":6},{"damage":10,"enemies":"Shell Parasite","floor":20,"turns":2}],"seed_played":"-7687298497330672680","potions_obtained":[{"floor":1.0,"key":"Swift Potion"},{"floor":7.0,"key":"BlessingOfTheForge"}],"is_trial":false,"path_per_floor":["M","M","?","M","T","R","M","R","T","M","R","$","?","$","R","B",null,"M","?","M"],"character_chosen":"DEFECT","items_purchased":["DistilledChaos"],"campfire_rested":0,"item_purchase_floors":[12],"current_hp_per_floor":[54,46,54,53,53,53,53,53,53,53,53,53,53,53,53,14,60,45,1,0,0],"gold":178,"neow_bonus":"THREE_RARE_CARDS","is_daily":false,"chose_seed":false,"campfire_upgraded":3,"win_rate":0.0,"timestamp":1610124471,"path_taken":["M","M","?","M","?","R","M","R","T","M","R","$","?","?","R","BOSS","M","?","M"],"items_purchased_type":["Potion"],"build_version":"2020-12-22","purchased_purges":1,"victory":false,"max_hp_per_floor":[75,75,75,75,75,75,75,75,75,75,75,75,75,75,75,75,75,75,75,75,75],"card_choices":[{"not_picked":["Mirror Shield","Reboot"],"picked":"All For One","floor":0.0},{"not_picked":["Auto Shields","Stack"],"picked":"Gash","floor":1.0},{"not_picked":["Streamline","Barrage","Sunder"],"picked":"SKIP","floor":2.0},{"not_picked":["Barrage","ReplayTheSpireMod:Calculation Training"],"picked":"Steam","floor":4.0},{"not_picked":["Hologram","Storm"],"picked":"Leap","floor":7.0},{"not_picked":["ReplayTheSpireMod:System Scan","Leap","ReplayTheSpireMod:Repulse"],"picked":"SKIP","floor":10.0},{"not_picked":["Echo Form","Rainbow"],"picked":"Multi-Cast","floor":16.0},{"not_picked":["Steam","Stack"],"picked":"Sweeping Beam+1","floor":18.0}],"player_experience":364598,"relics_obtained":[{"floor":5.0,"key":"Pantograph"},{"floor":9.0,"key":"Gremlin Horn"},{"floor":19,"key":"Red Mask"}],"event_choices":[{"damage_healed":0,"gold_gain":0,"player_choice":"Fought Bandits","damage_taken":0,"max_hp_gain":0,"max_hp_loss":0,"event_name":"Masked Bandits","floor":19,"gold_loss":0}],"is_beta":false,"boss_relics":[{"not_picked":["Snecko Eye","Runic Dome"],"picked":"ChewingGum"}],"items_purged_floors":[12],"is_endless":false,"potions_floor_spawned":[1,7],"killed_by":"Shell Parasite","ascension_level":5}}