{"host":"19t2eyow02s954g8","time":1610095222,"event":{"mods":["BaseMod","Colored Map","DeckTracker","Minty Spire (QoL Compilation)","StSLib","SuperFastMode"],"gold_per_floor":[110,110,128,139,139,139,168,168,195,229,248,248,278,301,301,301,301],"floor_reached":16,"playtime":413,"items_purged":[],"score":236,"play_id":"3ef922a8-fc78-4130-99bc-1d07c6f466bc","local_time":"20210108174022","is_ascension_mode":true,"campfire_choices":[{"data":"Glass Knife","floor":6.0,"key":"SMITH"},{"floor":12.0,"key":"REST"},{"floor":15.0,"key":"REST"}],"circlet_count":0,"master_deck":["AscendersBane","Strike_G","Strike_G","Strike_G","Defend_G","Defend_G","Defend_G","Defend_G","Defend_G","Survivor","Neutralize","Glass Knife+1","Well Laid Plans","Dagger Spray","Sucker Punch","Terror","Backstab","Corpse Explosion"],"relics":["Ring of the Snake","Bag of Preparation","Mummified Hand","Darkstone Periapt","MealTicket"],"acts_visited":["Exordium"],"potions_floor_usage":[16],"damage_taken":[{"damage":7.0,"enemies":"Jaw Worm","floor":1.0,"turns":4.0},{"damage":1.0,"enemies":"2 Louse","floor":3.0,"turns":4.0},{"damage":0.0,"enemies":"Cultist","floor":4.0,"turns":3.0},{"damage":27.0,"enemies":"3 Sentries","floor":7.0,"turns":9.0},{"damage":6.0,"enemies":"Gremlin Nob","floor":10.0,"turns":3.0},{"damage":7.0,"enemies":"Exordium Wildlife","floor":11.0,"turns":3.0},{"damage":7.0,"enemies":"Lagavulin","floor":13.0,"turns":5.0},{"damage":0,"enemies":"Slime Boss","floor":16,"turns":4}],"seed_played":"5418658649310634956","potions_obtained":[{"floor":4.0,"key":"Swift Potion"},{"floor":7.0,"key":"Swift Potion"},{"floor":8.0,"key":"SteroidPotion"},{"floor":8.0,"key":"BlessingOfTheForge"},{"floor":13.0,"key":"BlessingOfTheForge"}],"is_trial":false,"path_per_floor":["M","?","M","M","?","R","E","?","T","E","M","R","E","T","R","B"],"character_chosen":"THE_SILENT","items_purchased":[],"campfire_rested":2,"item_purchase_floors":[],"current_hp_per_floor":[52,45,44,44,44,44,17,17,17,11,4,22,15,15,33,33,33],"gold":301,"neow_bonus":"THREE_RARE_CARDS","is_daily":false,"chose_seed":false,"campfire_upgraded":1,"win_rate":0.0,"timestamp":1610095222,"path_taken":["M","?","M","M","?","R","E","?","T","E","?","R","E","?","R","BOSS"],"items_purchased_type":[],"build_version":"2020-12-22","purchased_purges":0,"victory":false,"max_hp_per_floor":[60,60,60,60,60,60,60,60,60,60,60,60,60,60,60,60,60],"card_choices":[{"not_picked":["After Image","Grand Finale"],"picked":"Glass Knife","floor":0.0},{"not_picked":["Bane","Outmaneuver"],"picked":"Well Laid Plans","floor":1.0},{"not_picked":["Cloak And Dagger","Masterful Stab"],"picked":"Dagger Spray","floor":3.0},{"not_picked":["Deadly Poison","Slice","Sucker Punch"],"picked":"SKIP","floor":4.0},{"not_picked":["Setup","Outmaneuver"],"picked":"Terror","floor":7.0},{"not_picked":["Cloak And Dagger","Backflip","Prepared"],"picked":"SKIP","floor":10.0},{"not_picked":["Catalyst","Backflip"],"picked":"Backstab","floor":11.0},{"not_picked":["Flechettes","Finisher"],"picked":"Corpse Explosion","floor":13.0}],"player_experience":4198700,"relics_obtained":[{"floor":7.0,"key":"Bag of Preparation"},{"floor":10.0,"key":"Mummified Hand"},{"floor":13.0,"key":"Darkstone Periapt"},{"floor":14.0,"key":"MealTicket"}],"event_choices":[{"cards_removed":["Strike_G"],"damage_healed":0.0,"max_hp_gain":0.0,"max_hp_loss":0.0,"gold_gain":0.0,"event_name":"Golden Wing","player_choice":"Card Removal","floor":2.0,"gold_loss":0.0,"damage_taken":7.0},{"damage_healed":0.0,"max_hp_gain":0.0,"max_hp_loss":0.0,"gold_gain":0.0,"cards_transformed":["Strike_G"],"event_name":"Living Wall","player_choice":"Change","floor":5.0,"gold_loss":0.0,"damage_taken":0.0,"cards_obtained":["Sucker Punch"]},{"damage_healed":0.0,"max_hp_gain":0.0,"max_hp_loss":0.0,"gold_gain":0.0,"event_name":"Lab","player_choice":"Got Potions","floor":8.0,"gold_loss":0.0,"damage_taken":0.0}],"is_beta":false,"boss_relics":[],"items_purged_floors":[],"is_endless":false,"potions_floor_spawned":[4,7,13],"killed_by":"Slime Boss","ascension_level":20}}