{"host":"drrjwv4o5ms3zsrm","time":1610107262,"event":{"mods":["100% Spire Juice","ATMod(阿瑾Mod)","Act Like it!","Aspiration","BaseMod","CapriCore","Colored Powertips","Conspire","Friendly Minions","Gensokyo","Jedi Mod","Lobotomy","LobotomyExtend","Minty Spire (QoL Compilation)","MostiFishMod","Reimu（博丽灵梦）","Replay The Spire","RumiaBox-露米娅的神秘盒子","StSLib","TestMod","The Alterego","The Immortal","The Jungle","Waifu the Spire","WarShipGirlsR/战舰少女R mod","[IsaacMod]以撒尖塔","vexMod","【遗物卡牌】REMEMod","残留之物","篝火指南"],"gold_per_floor":[118,134,134,25,25,50,65,93,116,143,177,189,223,246,246,330,330,341,353,353,353,383,383,782,782,808,808,778,778,803,803,803,846,846,813,831,831,831,828,828,905,878,924,924,924,954,988,988,988,988,988],"floor_reached":52,"playtime":2103,"items_purged":["Strike_Lin:ReiMu","Strike_Lin:ReiMu","Strike_Lin:ReiMu","Defend_Lin:ReiMu","Defend_Lin:ReiMu","Defend_Lin:ReiMu","Defend_Lin:ReiMu","Stagnation:ReiMu","Amulet:ReiMu","testmod-FightingIntention+1","Pot Of Greed","Pot Of Greed","TightArray:ReiMu","ShadowOfCrow2:ReiMu"],"score":3285,"play_id":"d9dc3071-1b75-4d85-8deb-a9ac990093e5","local_time":"20210108200102","is_ascension_mode":true,"campfire_choices":[{"data":"MikOfLucky:ReiMu","floor":15,"key":"SMITH"}],"circlet_count":0,"master_deck":["AscendersBane","NB:ReiMu","AT_FamilyPortrait+1","PlaceholderMod:Crystallization","UpKicking:ReiMu","KamiRite:ReiMu","MikOfLucky:ReiMu+1","PrayRite:ReiMu","EmergencyTakeOff:ReiMu","FoulBorder2:ReiMu","SealNeedle:ReiMu","Free:ReiMu+1","UpKicking:ReiMu","Gathering:ReiMu","PrayRite:ReiMu","SpreadBorder2:ReiMu","EmergencyTakeOff:ReiMu","MostiFishMod:StoryBook","MostiFishMod:SupremeArchaeology+1","FantasyMoon:ReiMu","MostiFishMod:StoryBook","testmod-BloodBlade+1","REME_MawOfCthun","RainPray2:ReiMu+1","PassingAway:ReiMu","SubAcupoint:ReiMu+1","CeremonyResonance:ReiMu","MikOfLucky:ReiMu+1","FantasyMoon:ReiMu","DoubleButterfly:ReiMu","CleanRite:ReiMu+1","RainPray2:ReiMu","UpKicking:ReiMu+1","UpKicking:ReiMu+1","RainPray2:ReiMu","REME_WheelOfFate+1","YinYang:ReiMu","REME_WheelOfFate+1","Madness","SealNeedle:ReiMu","Revelation:ReiMu","Pot Of Greed+1","Pot Of Greed+1","KamiRite:ReiMu","REME_BodyOfCthun","BettingIsNotGood","EmergencyTakeOff:ReiMu","EmergencyTakeOff:ReiMu","SubAcupoint:ReiMu+1","ReplayUltimateDefense+1","Pot Of Greed+1","BettingIsNotGood","EmergencyTakeOff:ReiMu","MostiFishMod:BrokenBlackCloak","Madness"],"relics":["FlyPower:ReiMu","testmod-TestBox","DaveBox","AT_ATBox","REME_ComplimentaryCards","Membership Card","GuppysPaw","testmod-BouquetWithThorns","SynthV:TestCard","Burning Blood","RuthlessExorcism:ReiMu","Oddly Smooth Stone","Matryoshka","AT_SunfireAegis","SalivaCoin","SteamSale","PlaceholderMod:LiveLive","testmod-Charity","AT_SilvercatRing","Bag of Marbles","aspiration:ChemicalBlood","jedi:arcanewood","ReplayTheSpireMod:ShopPack","HowToJump","conspire:DeflatedDodgeball","PlaceholderMod:FlatBlood","Replay:Rubber Ducky","PlaceholderMod:DeVermisMysteriis","testmod-OneHitWonder","AT_GoldPhoenixTree","NineVolt","PillsDrop","AT_ImmortalShieldbow","Dream Catcher","REME_OnlineShoppingPlatform","UnicornStump","Nunchaku","jedi:gremlinknob","testmod-ArcanaOfDestiny","testmod-TurbochargingSystem","OrangePellets","ChampionBelt","Ornamental Fan","testmod-EqualTreatment","testmod-Justice","Shuriken","DollysMirror","Replay:Bandana","Torii","LastBattle","Grinning Jar","conspire:Flyswatter","Replay:Bottled Snecko","BookOfRevelations","vexMod:CardConverter","REME_HandOfSuture","Strange Spoon","TheBean","ChiLing","Chi","Ling","Bronze Scales","MealTicket","Replay:Baseball","CaptainsWheel","testmod-ObsoleteBoomerang","BFFS","MagicDraw4","Pear"],"acts_visited":["Exordium","Exordium","TheBeyond"],"potions_floor_usage":[52,52,52,52,52,52,52,52,52,52,52,52,52,52,52,52,52,52,52,52,52,52,52,52,52,52,52,52],"damage_taken":[{"damage":5,"enemies":"Small Slimes","floor":1,"turns":5},{"damage":0,"enemies":"2 Louse","floor":2,"turns":1},{"damage":8,"enemies":"Replay:BlueRogue","floor":6,"turns":6},{"damage":0,"enemies":"Jaw Worm","floor":7,"turns":3},{"damage":0,"enemies":"3 Sentries","floor":8,"turns":1},{"damage":3,"enemies":"Blue Slaver","floor":10,"turns":4},{"damage":14,"enemies":"Gremlin Gang","floor":11,"turns":2},{"damage":0,"enemies":"3 Louse","floor":12,"turns":2},{"damage":14,"enemies":"Lagavulin","floor":13,"turns":6},{"damage":12,"enemies":"Looter","floor":14,"turns":4},{"damage":5,"enemies":"The Guardian","floor":16,"turns":8},{"damage":0,"enemies":"theJungle:Flameango_and_Byrd","floor":18,"turns":4},{"damage":0,"enemies":"Shell Parasite","floor":19,"turns":3},{"damage":12,"enemies":"Snake Plant","floor":22,"turns":3},{"damage":0,"enemies":"theJungle:2_Phrogs","floor":28,"turns":3},{"damage":0,"enemies":"theJungle:MamaSnecko","floor":30,"turns":4},{"damage":0,"enemies":"theJungle:FunGuy","floor":33,"turns":3},{"damage":0,"enemies":"Giant Head","floor":35,"turns":2},{"damage":0,"enemies":"2 Orb Walkers","floor":36,"turns":2},{"damage":0,"enemies":"Reptomancer","floor":39,"turns":1},{"damage":0,"enemies":"R_Hoarder","floor":41,"turns":3},{"damage":0,"enemies":"Nemesis","floor":42,"turns":1},{"damage":3,"enemies":"Reptomancer","floor":46,"turns":2},{"damage":3,"enemies":"R_Hoarder","floor":47,"turns":3},{"damage":0,"enemies":"conspire:OrnateMirror","floor":50,"turns":1},{"damage":0,"enemies":"Donu and Deca","floor":51,"turns":2},{"damage":9,"enemies":"Malkuth","floor":52,"turns":5},{"damage":6,"enemies":"Hod","floor":52,"turns":3},{"damage":52,"enemies":"Geburah","floor":52,"turns":7},{"damage":3,"enemies":"Binah","floor":52,"turns":5},{"damage":14,"enemies":"Angela","floor":52,"turns":1}],"seed_played":"-5128360601096676555","potions_obtained":[{"floor":1,"key":"BottledKami:ReiMu"},{"floor":2,"key":"PowerPotion"}],"is_trial":false,"path_per_floor":["M","M","?","$","?","E","M","E","T","M","M","M","E","M","R","B",null,"M","M","$","?","M","R","?","R","T","R","E","$","E","$","R","B",null,"M","?","?","$","M","R","E","M","T","R","$","M","M","R","R","B","B",null],"character_chosen":"REIMU","items_purchased":["KamiRite:ReiMu","MikOfLucky:ReiMu","testmod-Charity","AT_SilvercatRing","Bag of Marbles","aspiration:ChemicalBlood","jedi:arcanewood","MostiFishMod:StoryBook","MostiFishMod:SupremeArchaeology","FantasyMoon:ReiMu","ReplayTheSpireMod:ShopPack","HowToJump","conspire:DeflatedDodgeball","PlaceholderMod:FlatBlood","Madness","testmod-OneHitWonder","AT_GoldPhoenixTree","NineVolt","RainPray2:ReiMu","PassingAway:ReiMu","AT_ImmortalShieldbow","Dream Catcher","REME_OnlineShoppingPlatform","SubAcupoint:ReiMu+1","Nunchaku","jedi:gremlinknob","MikOfLucky:ReiMu","testmod-ArcanaOfDestiny","testmod-TurbochargingSystem","OrangePellets","FantasyMoon:ReiMu","testmod-FightingIntention","DoubleButterfly:ReiMu","testmod-Justice","Shuriken","DollysMirror","RainPray2:ReiMu","REME_WheelOfFate","Amulet:ReiMu","REME_WheelOfFate","Madness","SealNeedle:ReiMu","Revelation:ReiMu","Torii","LastBattle","vexMod:CardConverter","REME_HandOfSuture","Strange Spoon","REME_BodyOfCthun","TheBean","ChiLing","Bronze Scales","BettingIsNotGood","EmergencyTakeOff:ReiMu","CaptainsWheel","testmod-ObsoleteBoomerang","BFFS","ReplayUltimateDefense","BettingIsNotGood","EmergencyTakeOff:ReiMu","TightArray:ReiMu","MagicDraw4","Pear","MostiFishMod:BrokenBlackCloak","Madness","ShadowOfCrow2:ReiMu"],"campfire_rested":0,"item_purchase_floors":[4,4,20,20,20,23,23,23,23,23,23,25,25,25,25,27,27,27,27,27,29,29,29,29,31,31,31,32,32,32,32,32,32,38,38,38,38,38,38,40,40,40,40,40,40,44,44,44,44,45,45,45,45,45,48,48,48,48,48,48,48,49,49,49,49,49],"current_hp_per_floor":[54,54,54,54,39,37,43,49,49,52,44,50,42,36,36,37,58,64,65,65,65,63,63,64,64,65,65,72,72,73,73,73,74,74,75,76,76,76,77,77,93,100,101,103,107,117,136,146,162,172,182],"gold":433,"neow_bonus":"REMOVE_CARD","is_daily":false,"chose_seed":false,"campfire_upgraded":1,"win_rate":0.0,"timestamp":1610107262,"path_taken":["M","M","?","?","?","E","M","E","T","M","M","M","E","M","R","BOSS","M","?","$","?","M","R","?","R","T","R","E","$","E","$","R","BOSS","M","?","?","$","M","R","E","M","T","R","$","M","M","?","R","BOSS","BOSS"],"items_purchased_type":["Card","Card","Relic","Relic","Relic","Relic","Relic","Card","Card","Card","Relic","Relic","Relic","Relic","Card","Relic","Relic","Relic","Card","Card","Relic","Relic","Relic","Card","Relic","Relic","Card","Relic","Relic","Relic","Card","Card","Card","Relic","Relic","Relic","Card","Card","Card","Card","Card","Card","Card","Relic","Relic","Relic","Relic","Relic","Card","Relic","Relic","Relic","Card","Card","Relic","Relic","Relic","Card","Card","Card","Card","Relic","Relic","Card","Card","Card"],"build_version":"2020-12-22","purchased_purges":14,"victory":true,"max_hp_per_floor":[65,65,65,65,65,65,65,65,65,65,65,65,65,65,65,65,65,65,65,65,65,69,69,70,70,71,71,72,72,73,73,73,74,74,75,76,76,76,77,77,93,100,101,103,107,117,136,146,162,172,182],"card_choices":[{"not_picked":[],"picked":"Bomb","floor":0},{"not_picked":["Enchanting:ReiMu","RainPray2:ReiMu"],"picked":"UpKicking:ReiMu","floor":1},{"not_picked":["Amulet:ReiMu","Enchanting:ReiMu","Dreaming2:ReiMu","OrbThrow:ReiMu"],"picked":"Bomb","floor":2},{"not_picked":["FantasyMoon:ReiMu","SealNeedle:ReiMu","Amulet:ReiMu","Mountainwind:ReiMu"],"picked":"PrayRite:ReiMu","floor":6},{"not_picked":["Enchanting:ReiMu","AlertArray:ReiMu","OrbThrow:ReiMu","CareerPray:ReiMu"],"picked":"EmergencyTakeOff:ReiMu","floor":7},{"not_picked":["MountainWay:ReiMu","Meditation:ReiMu","UniversalSpiritual:ReiMu","PhosphorusFlame:ReiMu"],"picked":"FoulBorder2:ReiMu","floor":8},{"not_picked":["ForcedLanding:ReiMu","CollectionFlower2:ReiMu","Gathering:ReiMu","FineLineFantasy:ReiMu"],"picked":"SealNeedle:ReiMu","floor":10},{"not_picked":["Conquer:ReiMu","AlertArray:ReiMu","OrbThrow:ReiMu","SafetyPray:ReiMu"],"picked":"Free:ReiMu","floor":11},{"not_picked":["YinYangSange:ReiMu","Amulet:ReiMu","SubcavityInstant:ReiMu","OrbThrow:ReiMu","SafetyPray:ReiMu"],"picked":"SKIP","floor":12},{"not_picked":["AlertArray:ReiMu","Amulet:ReiMu","ForcedLanding:ReiMu","AirManeuver:ReiMu"],"picked":"UpKicking:ReiMu","floor":13},{"not_picked":["PrepareRite:ReiMu","Meditation:ReiMu","SafetyPray:ReiMu","Amulet:ReiMu"],"picked":"Gathering:ReiMu","floor":14},{"not_picked":["SubcavityFantasy:ReiMu","DependentForm:ReiMu","CardOfSanctity:ReiMu","Authority:ReiMu"],"picked":"PrayRite:ReiMu","floor":16},{"not_picked":["AirStrike:ReiMu","Meditation:ReiMu","Amulet:ReiMu","OrbThrow:ReiMu+1","SubcavityInstant:ReiMu"],"picked":"SKIP","floor":18},{"not_picked":["FoulBorder2:ReiMu","OrbThrow:ReiMu","Meditation:ReiMu+1","SafetyPray:ReiMu"],"picked":"SpreadBorder2:ReiMu","floor":19},{"not_picked":["Authority:ReiMu","PrepareRite:ReiMu","MountainWay:ReiMu","Conquer:ReiMu"],"picked":"EmergencyTakeOff:ReiMu","floor":22},{"not_picked":["testmod-BloodBlade","Chrysalis","REME_ProfessionalPlagiarism","testmod-BloodShelter"],"picked":"MostiFishMod:StoryBook","floor":23},{"not_picked":["testmod-Reverberation","testmod-Librarian","testmod-TaurusBlackCat","testmod-Wormhole"],"picked":"testmod-BloodBlade","floor":23},{"not_picked":["Dark Shackles","Metamorphosis","testmod-DeathImprint","Panacea"],"picked":"REME_MawOfCthun","floor":23},{"not_picked":["PayForSelf:ReiMu","LovePray:ReiMu+1","NineCharacters:ReiMu","AirStrike:ReiMu","WonderfulDomain:ReiMu"],"picked":"SKIP","floor":28},{"not_picked":["SpringWay:ReiMu","OctopathSalyBorderN:ReiMu","SafetyPray:ReiMu","DoubleButterfly:ReiMu+1"],"picked":"CeremonyResonance:ReiMu","floor":30},{"not_picked":["SubcavityFantasy:ReiMu","Authority:ReiMu","DependentForm:ReiMu","KyokaiOfKami:ReiMu"],"picked":"CleanRite:ReiMu","floor":33},{"not_picked":["YinYangSign:ReiMu+1","WonderfulDomain:ReiMu","PrepareRite:ReiMu+1","CareerPray:ReiMu"],"picked":"RainPray2:ReiMu","floor":35},{"not_picked":["YinYangSange:ReiMu","Amulet:ReiMu","KamiRite:ReiMu","SubcavityInstant:ReiMu"],"picked":"UpKicking:ReiMu+1","floor":36},{"not_picked":["SubcavityInstant:ReiMu","PrepareRite:ReiMu+1","Intuition:ReiMu","NineCharacters:ReiMu"],"picked":"YinYang:ReiMu","floor":39},{"not_picked":["YinYang:ReiMu","Amulet:ReiMu+1","CareerPray:ReiMu","FoulBorder2:ReiMu+1"],"picked":"KamiRite:ReiMu","floor":41},{"not_picked":["Gathering:ReiMu","Amulet:ReiMu","BarrageOfMoneybags:ReiMu","AlertArray:ReiMu+1","SubcavityInstant:ReiMu"],"picked":"SKIP","floor":42},{"not_picked":["SpringWay:ReiMu","SealNeedle:ReiMu","InherentArray:ReiMu+1","DoubleButterfly:ReiMu"],"picked":"EmergencyTakeOff:ReiMu","floor":46},{"not_picked":["YinYangSange:ReiMu","WonderfulDomain:ReiMu","FoulBorder2:ReiMu","NineCharacters:ReiMu+1"],"picked":"SubAcupoint:ReiMu+1","floor":47}],"player_experience":308158,"relics_obtained":[{"floor":1,"key":"SynthV:TestCard"},{"floor":6,"key":"Oddly Smooth Stone"},{"floor":8,"key":"Matryoshka"},{"floor":9,"key":"AT_SunfireAegis"},{"floor":9,"key":"SalivaCoin"},{"floor":13,"key":"SteamSale"},{"floor":26,"key":"Replay:Rubber Ducky"},{"floor":26,"key":"PlaceholderMod:DeVermisMysteriis"},{"floor":28,"key":"PillsDrop"},{"floor":30,"key":"UnicornStump"},{"floor":35,"key":"Ornamental Fan"},{"floor":36,"key":"testmod-EqualTreatment"},{"floor":39,"key":"Replay:Bandana"},{"floor":41,"key":"conspire:Flyswatter"},{"floor":42,"key":"Replay:Bottled Snecko"},{"floor":43,"key":"BookOfRevelations"},{"floor":46,"key":"MealTicket"},{"floor":47,"key":"Replay:Baseball"}],"event_choices":[{"damage_healed":0,"gold_gain":0,"player_choice":"Swap Relic","damage_taken":0,"relics_obtained":["aspiration:Nostalgia"],"max_hp_gain":0,"max_hp_loss":0,"event_name":"给自己的盒子","floor":3,"relics_lost":["aspiration:Nostalgia"],"gold_loss":0},{"damage_healed":0,"gold_gain":0,"player_choice":"Ignored","damage_taken":0,"max_hp_gain":0,"max_hp_loss":0,"event_name":"Transmorgrifier","floor":21,"gold_loss":0},{"damage_healed":0,"gold_gain":400,"player_choice":"Sell","damage_taken":0,"max_hp_gain":0,"max_hp_loss":0,"event_name":"恩洛斯的盘子","floor":24,"relics_lost":["HushsDoor"],"gold_loss":0},{"damage_healed":0,"gold_gain":0,"player_choice":"Fight","damage_taken":0,"max_hp_gain":0,"max_hp_loss":0,"event_name":"Mysterious Sphere","floor":36,"gold_loss":0},{"cards_removed":["Madness"],"damage_healed":0,"gold_gain":0,"player_choice":"Removed Skill","damage_taken":0,"max_hp_gain":0,"max_hp_loss":0,"event_name":"Falling","floor":37,"gold_loss":0}],"is_beta":false,"boss_relics":[{"not_picked":["SacredBark","RhineFirstAidKit"],"picked":"PlaceholderMod:LiveLive"},{"not_picked":[]},{"not_picked":["testmod-StringDisintegrator","OneHitWonderSystem"],"picked":"ChampionBelt"}],"items_purged_floors":[4,20,23,25,27,29,31,32,38,40,44,45,48,49],"is_endless":false,"potions_floor_spawned":[1,2,7,11,12,19,22,33,36,41,42,46],"ascension_level":20}}