{"host":"ct28ocsd8g8yr2ah","time":1610135607,"event":{"mods":["BaseMod","Better Third Choice","Hermit","Marisa????????","Minty Spire (QoL Compilation)","Remilia??????","StSLib","The Animator","The Gatherer","The Servant 0.9.4","Waifu the Spire"],"gold_per_floor":[128,4,20,20,20,47,71,71,96,115,115,127,127,138,138,242,242,261,287,97,114,0,20,36,36,36],"floor_reached":25,"playtime":2027,"items_purged":["animator:Strike","animator:Strike"],"score":232,"play_id":"312c3e10-4d76-4198-a907-e0730d700042","local_time":"20210109005327","is_ascension_mode":false,"campfire_choices":[{"data":"animator:ElricAlphonse","floor":11,"key":"SMITH"},{"data":"animator:ElricEdward","floor":13,"key":"SMITH"},{"floor":15,"key":"REST"}],"circlet_count":0,"master_deck":["animator:Strike_FullmetalAlchemist","animator:Defend_FullmetalAlchemist","animator:Strike","animator:Defend","animator:Defend+1","animator:Defend","animator:ElricEdward","animator:ElricAlphonse+1","animator:LeleiLaLalena+1","animator:Kuribayashi","animator:ElricEdward+1","animator:YaoHaDucy","animator:MaesHughes","animator:WinryRockbell","animator:MaesHughes","animator:MumenRider","animator:Hans","animator:ElricAlphonse","animator:NagisaMomoe","animator:LimeBell","animator:Melzalgald","animator:OrikoMikuni","animator:ElricAlphonse"],"relics":["animator:LivingPicture","animator:TheMissingPiece","NeowsBlessing","CloakClasp","Red Skull","Boot","Velvet Choker"],"acts_visited":["Exordium","TheCity"],"potions_floor_usage":[12,21,23,23,23,24],"damage_taken":[{"damage":0,"enemies":"2 Louse","floor":1,"turns":1},{"damage":0,"enemies":"Jaw Worm","floor":3,"turns":1},{"damage":0,"enemies":"Gremlin Nob","floor":6,"turns":1},{"damage":0,"enemies":"Cultist","floor":7,"turns":3},{"damage":4,"enemies":"Blue Slaver","floor":10,"turns":3},{"damage":9,"enemies":"Large Slime","floor":12,"turns":7},{"damage":0,"enemies":"Exordium Wildlife","floor":14,"turns":3},{"damage":11,"enemies":"The Guardian","floor":16,"turns":12},{"damage":8,"enemies":"Chosen","floor":18,"turns":6},{"damage":31,"enemies":"3 Byrds","floor":19,"turns":6},{"damage":23,"enemies":"Snake Plant","floor":21,"turns":6},{"damage":0,"enemies":"Centurion and Healer","floor":23,"turns":9},{"damage":0,"enemies":"Snecko","floor":24,"turns":5},{"damage":33,"enemies":"3 Cultists","floor":25,"turns":4}],"seed_played":"7434219505986169637","potions_obtained":[{"floor":1,"key":"Dexterity Potion"},{"floor":7,"key":"SpeedPotion"},{"floor":10,"key":"LiquidBronze"},{"floor":12,"key":"Energy Potion"},{"floor":21,"key":"Regen Potion"},{"floor":23,"key":"animator:FalseLifePotion"}],"is_trial":false,"path_per_floor":["M","$","M","?","?","E","M","?","T","M","R","M","R","M","R","B",null,"M","M","$","M","?","M","M","M"],"character_chosen":"THE_ANIMATOR","items_purchased":["animator:Kuribayashi","animator:LimeBell"],"campfire_rested":1,"item_purchase_floors":[2,20],"current_hp_per_floor":[66,66,66,53,53,54,54,47,47,44,44,35,35,35,55,44,68,60,29,29,6,6,22,22,0,0],"gold":36,"neow_bonus":"THREE_ENEMY_KILL","is_daily":false,"chose_seed":false,"campfire_upgraded":2,"win_rate":0.0,"timestamp":1610135607,"path_taken":["M","$","M","?","?","E","M","?","T","M","R","M","R","?","R","BOSS","M","M","$","M","?","M","M","M"],"items_purchased_type":["Card","Card"],"build_version":"2020-12-22","purchased_purges":2,"victory":false,"max_hp_per_floor":[66,66,66,66,66,67,67,67,67,68,68,68,68,68,68,68,68,68,68,68,68,68,69,69,69,69],"card_choices":[{"not_picked":["animator:Bozes","animator:Tyuule"],"picked":"animator:LeleiLaLalena","floor":1},{"not_picked":["animator:Tatsumaki","animator:MumenRider"],"picked":"animator:ElricEdward","floor":3},{"not_picked":["animator:Vanir","animator:KyokoSakura"],"picked":"animator:YaoHaDucy","floor":6},{"not_picked":["animator:Gluttony","animator:Sloth"],"picked":"animator:MaesHughes","floor":7},{"not_picked":["animator:SilverFang","animator:HomuraAkemi"],"picked":"animator:WinryRockbell","floor":10},{"not_picked":["animator:Mitsurugi","animator:Priestess"],"picked":"animator:MaesHughes","floor":12},{"not_picked":["animator:DolaRiku","animator:Vanir"],"picked":"animator:MumenRider","floor":14},{"not_picked":["animator:Greed","animator:HomuraAkemi"],"picked":"animator:Hans","floor":16},{"not_picked":["animator:MaesHughes","animator:Pride"],"picked":"animator:ElricAlphonse","floor":18},{"not_picked":["animator:PinaCoLada","animator:KyokoSakura"],"picked":"animator:NagisaMomoe","floor":19},{"not_picked":["animator:DolaSchwi","animator:YuiTsuruno+1"],"picked":"animator:Melzalgald","floor":21},{"not_picked":["animator:DwarfShaman","animator:YaoHaDucy"],"picked":"animator:OrikoMikuni","floor":23},{"not_picked":["animator:Gluttony","animator:MaesHughes"],"picked":"animator:ElricAlphonse","floor":24}],"player_experience":490828,"relics_obtained":[{"floor":6,"key":"CloakClasp"},{"floor":9,"key":"Boot"}],"event_choices":[{"damage_healed":66,"gold_gain":0,"player_choice":"Upgrade","damage_taken":13,"max_hp_gain":0,"max_hp_loss":66,"event_name":"betterThird:BetterShining","floor":4,"gold_loss":0,"cards_upgraded":["animator:LeleiLaLalena","animator:Defend"]},{"damage_healed":0,"gold_gain":0,"player_choice":"Relic ","damage_taken":7,"max_hp_gain":0,"max_hp_loss":0,"event_name":"betterThird:BetterScrap","floor":8,"gold_loss":0,"cards_obtained":["Concentrate"]},{"damage_healed":0,"gold_gain":0,"player_choice":"Paid Fearfully","damage_taken":0,"max_hp_gain":0,"max_hp_loss":0,"event_name":"Masked Bandits","floor":22,"gold_loss":114}],"is_beta":false,"boss_relics":[{"not_picked":["Tiny House","Philosopher\u0027s Stone"],"picked":"Velvet Choker"}],"items_purged_floors":[2,20],"is_endless":false,"potions_floor_spawned":[1,7,10,12,21,23],"killed_by":"3 Cultists","ascension_level":0}}