{"host":"t6w2q9o6m1ipuhb5","time":1610097770,"event":{"mods":["2.2 Compatiblity","Abigail Mod","AchievementEnabler","Arknights The Spire","BaseMod","Chen","Colored Map","Colored Powertips","Downfall","Friendly Minions","GifTheSpireLib","Hermit","Hubris","Infinite Spire","KinomotoSakuraMod(????)","Kiyohime????","Marisa????????","Mimic Mod","Minty Spire (QoL Compilation)","Permanent Neow","Prisma Mod","Quick Restart","Reimu??????","Remilia??????","Replay The Spire","StSLib","SuperFastMode","The Animator","The Bug Knight","The Construct","The Cursed","The Marked","The Mystic","The Senshi","Waifu the Spire"],"gold_per_floor":[111,111,111,127,138,138,6,22,22,39,66,76,76,76,76,76,76],"floor_reached":16,"playtime":709,"items_purged":[],"score":102,"play_id":"61772210-5bc8-48b1-b190-bebfd4d8728d","local_time":"20210108042250","is_ascension_mode":false,"campfire_choices":[{"data":"theSenshi:CrisisMakeUp","floor":6,"key":"SMITH"},{"floor":13,"key":"REST"},{"floor":15,"key":"DIG"}],"circlet_count":0,"master_deck":["theSenshi:SailorKick","theSenshi:SailorKick","theSenshi:SailorKick","theSenshi:SailorKick","theSenshi:SailorBlock","theSenshi:SailorBlock","theSenshi:SailorBlock","theSenshi:SailorBlock","theSenshi:RoseThrow","theSenshi:MoonPrismPowerMakeUp","theSenshi:SailorStarFighterAssists","theSenshi:FatedKiss","theSenshi:HesSoDreamy","theSenshi:MoonPunch","theSenshi:CrisisMakeUp+1","theSenshi:MoonCosmicPowerMakeUp","theSenshi:MoonKick","theSenshi:MoonHealingEscalation","theSenshi:MoonTiaraMagic","theSenshi:SaturnsMystery"],"relics":["theSenshi:TransformationBroochRelic","NeowsBlessing","AntiCross","hubris:ToyBattleship","hubris:Zylophone"],"acts_visited":["Exordium"],"potions_floor_usage":[16,16,16],"damage_taken":[{"damage":0,"enemies":"Cultist","floor":1,"turns":1},{"damage":0,"enemies":"Small Slimes","floor":4,"turns":1},{"damage":0,"enemies":"Jaw Worm","floor":5,"turns":1},{"damage":19,"enemies":"2 Fungi Beasts","floor":8,"turns":3},{"damage":10,"enemies":"Looter","floor":10,"turns":3},{"damage":18,"enemies":"Lagavulin","floor":11,"turns":5},{"damage":19,"enemies":"Blue Slaver","floor":12,"turns":4},{"damage":79,"enemies":"Slime Boss","floor":16,"turns":12}],"seed_played":"-2428628686882452650","potions_obtained":[{"floor":4,"key":"SteroidPotion"},{"floor":11,"key":"SteroidPotion"}],"is_trial":false,"path_per_floor":["M","?","?","M","M","R","$","M","T","M","E","M","R","?","R_BF","B"],"character_chosen":"THE_SENSHI","items_purchased":["theSenshi:MoonCosmicPowerMakeUp","Energy Potion"],"campfire_rested":1,"item_purchase_floors":[7,7],"current_hp_per_floor":[75,75,75,75,75,75,75,56,56,46,33,19,41,41,41,0,0],"gold":76,"neow_bonus":"THREE_ENEMY_KILL","is_daily":false,"chose_seed":false,"campfire_upgraded":1,"win_rate":0.0,"timestamp":1610097770,"path_taken":["M","?","?","M","?","R","?","M","T","M","E","M","R","?","R_BF","BOSS"],"items_purchased_type":["Card","Potion"],"build_version":"2020-12-22","purchased_purges":0,"victory":false,"max_hp_per_floor":[75,75,75,75,75,75,75,75,75,75,75,75,75,75,75,75,75],"card_choices":[{"not_picked":["theSenshi:OdangoHead","theSenshi:MoonTiaraMagic"],"picked":"theSenshi:SailorStarFighterAssists","floor":1},{"not_picked":["theSenshi:SailorV","theSenshi:SailorChibiMoonAssists"],"picked":"theSenshi:MoonPunch","floor":4},{"not_picked":["theSenshi:TuxedoMaskAssists","theSenshi:SupersonicWaves"],"picked":"theSenshi:CrisisMakeUp","floor":5},{"not_picked":["theSenshi:SchoolBag","theSenshi:YouCanTalk"],"picked":"theSenshi:MoonKick","floor":8},{"not_picked":["theSenshi:MoonlightKnight","theSenshi:RainbowMoonHeartAche"],"picked":"theSenshi:MoonHealingEscalation","floor":10},{"not_picked":["theSenshi:GatheringStrength","theSenshi:OdangoHead"],"picked":"theSenshi:MoonTiaraMagic","floor":11},{"not_picked":["theSenshi:LunasBite","theSenshi:StudyParty"],"picked":"theSenshi:SaturnsMystery","floor":12}],"player_experience":370425,"relics_obtained":[{"floor":9,"key":"AntiCross"},{"floor":11,"key":"hubris:ToyBattleship"},{"floor":15,"key":"hubris:Zylophone"}],"event_choices":[{"damage_healed":0,"gold_gain":0,"player_choice":"Ignored","damage_taken":0,"max_hp_gain":0,"max_hp_loss":0,"event_name":"Liars Game","floor":2,"gold_loss":0},{"damage_healed":0,"gold_gain":0,"player_choice":"2 cards matched","damage_taken":0,"max_hp_gain":0,"max_hp_loss":0,"event_name":"Match and Keep!","floor":3,"gold_loss":0,"cards_obtained":["theSenshi:FatedKiss","theSenshi:HesSoDreamy"]}],"is_beta":false,"boss_relics":[],"items_purged_floors":[],"is_endless":false,"potions_floor_spawned":[4,11],"killed_by":"Slime Boss","ascension_level":0}}