{"host":"15f3wpiimhe5yrng","time":1610125761,"event":{"mods":["100% Spire Juice","2.2 Compatiblity","BaseMod","Bestiary","Better Altar","Better Match","Better Note","Better Sensory Stone","Better Skull","Better Third Choice","Colored Map","Colored Powertips","Downfall","Good Game Mod","Marisa????????","Minty Spire (QoL Compilation)","Permanent Neow","Relic Filter","SacredBarkPlus","Spicy Shops","StSLib","The Animator","The Marked","TheSwordswoman"],"gold_per_floor":[112,122,122,12,30,55,73,73,73,92,125,125,145,145,25,127,127,137,137,153,63,63,63,92,92,92,107,126,41,56,56,56,158,38,51,103,114,11,29,58,58,83,136,150,169,0,0,17,17,17,17,17,17,42,42],"floor_reached":56,"playtime":2355,"items_purged":[],"score":1438,"play_id":"79fcc383-39e1-4cf4-a559-799d6ab24213","local_time":"20210108180921","is_ascension_mode":false,"campfire_choices":[{"data":"Moonworks:Ambush","floor":8.0,"key":"SMITH"},{"data":"Moonworks:AnotherUltimateWeapon","floor":12.0,"key":"SMITH"},{"data":"Moonworks:BigMagnum","floor":15.0,"key":"SMITH"},{"data":"Moonworks:ExtendedPhotonRifle","floor":23.0,"key":"SMITH"},{"data":"Moonworks:SakisCookie","floor":25.0,"key":"SMITH"},{"floor":32.0,"key":"REST"},{"data":"Moonworks:SubspaceTunnel","floor":41.0,"key":"SMITH"},{"floor":49,"key":"RECALL"},{"data":"Moonworks:AccelHyper","floor":52,"key":"SMITH"}],"circlet_count":0,"master_deck":["Moonworks:Strike","Moonworks:Defend","Moonworks:Defend","Moonworks:Defend","Moonworks:Defend","Moonworks:Ambush+1","Moonworks:LongDistanceShot","Moonworks:ExtendedPhotonRifle+1","Moonworks:IndiscriminateFireSupport+1","Moonworks:BigMagnum","Moonworks:CookingTime","Moonworks:BigMagnum+1","Moonworks:SakisCookie+1","Moonworks:BigMagnum","Moonworks:AnotherUltimateWeapon+1","Moonworks:EvilSpyWorkPreparation+1","Moonworks:AccelHyper+1","Moonworks:BigMagnum+1","Moonworks:NicePresent+1","Moonworks:SakisCookie","Moonworks:CookingTime","Moonworks:Dinner+1","Moonworks:SubspaceTunnel+1","Moonworks:SakisCookie+1","Moonworks:Poppoformation","Moonworks:SakisCookie+1","Moonworks:TreasureThief+1","Moonworks:BindingChains","Moonworks:SakisCookie+1","Moonworks:GoAway","Moonworks:SakisCookie+1"],"relics":["Moonworks:BrokenBomb","Moonworks:Homemark","REME:ComplimentaryCards","Vajra","Strawberry","HornCleat","Centennial Puzzle","SlaversCollar","Pantograph","Gremlin Horn","Mango","SacredBark","Calipers","Bottled Lightning","Bronze Scales","Anchor","Red Mask","Shuriken"],"acts_visited":["Exordium","TheCity","TheBeyond","TheEnding"],"potions_floor_usage":[55,55],"damage_taken":[{"damage":1.0,"enemies":"Cultist","floor":1.0,"turns":3.0},{"damage":6.0,"enemies":"Jaw Worm","floor":2.0,"turns":2.0},{"damage":0.0,"enemies":"Small Slimes","floor":4.0,"turns":1.0},{"damage":12.0,"enemies":"Blue Slaver","floor":5.0,"turns":3.0},{"damage":5.0,"enemies":"Gremlin Nob","floor":6.0,"turns":2.0},{"damage":5.0,"enemies":"Large Slime","floor":7.0,"turns":3.0},{"damage":7.0,"enemies":"Exordium Wildlife","floor":10.0,"turns":2.0},{"damage":21.0,"enemies":"Lagavulin","floor":11.0,"turns":3.0},{"damage":0.0,"enemies":"3 Louse","floor":13.0,"turns":1.0},{"damage":22.0,"enemies":"Hexaghost","floor":16.0,"turns":4.0},{"damage":20.0,"enemies":"2 Thieves","floor":18.0,"turns":2.0},{"damage":10.0,"enemies":"Shell Parasite","floor":20.0,"turns":2.0},{"damage":29.0,"enemies":"Slavers","floor":24.0,"turns":2.0},{"damage":12.0,"enemies":"Shelled Parasite and Fungi","floor":27.0,"turns":1.0},{"damage":0.0,"enemies":"3 Cultists","floor":28.0,"turns":1.0},{"damage":18.0,"enemies":"Gremlin Leader","floor":29.0,"turns":3.0},{"damage":14.0,"enemies":"Chosen and Byrds","floor":30.0,"turns":2.0},{"damage":33.0,"enemies":"Champ","floor":33.0,"turns":3.0},{"damage":8.0,"enemies":"Orb Walker","floor":35.0,"turns":2.0},{"damage":12.0,"enemies":"2 Orb Walkers","floor":36.0,"turns":1.0},{"damage":5.0,"enemies":"3 Shapes","floor":37.0,"turns":1.0},{"damage":6.0,"enemies":"3 Darklings","floor":38.0,"turns":1.0},{"damage":26.0,"enemies":"Jaw Worm Horde","floor":39.0,"turns":2.0},{"damage":5.0,"enemies":"Reptomancer","floor":40.0,"turns":2.0},{"damage":16.0,"enemies":"Giant Head","floor":42.0,"turns":2.0},{"damage":22.0,"enemies":"Spire Growth","floor":44.0,"turns":2.0},{"damage":21.0,"enemies":"Transient","floor":45.0,"turns":3.0},{"damage":11.0,"enemies":"3 Darklings","floor":48.0,"turns":2.0},{"damage":32,"enemies":"Donu and Deca","floor":50,"turns":4},{"damage":22,"enemies":"Shield and Spear","floor":54,"turns":3},{"damage":127,"enemies":"The Heart","floor":55,"turns":7}],"seed_played":"121337087982168156","potions_obtained":[{"floor":2.0,"key":"DuplicationPotion"},{"floor":4.0,"key":"SkillPotion"},{"floor":7.0,"key":"DuplicationPotion"},{"floor":11.0,"key":"Block Potion"},{"floor":18.0,"key":"DuplicationPotion"}],"is_trial":false,"path_per_floor":["M","M","?","M","M","E","M","R","T","M","E","R","M","?","R","B",null,"M","?","M","?","T","R","E","R","T","M","M","E","M","?","R","B",null,"M","?","M","M","M","E","R","E","T","M","M","?","$","M","R","B",null,"R","$","E","B",null],"character_chosen":"THE_STARBREAKER","items_purchased":[],"campfire_rested":1,"item_purchase_floors":[],"current_hp_per_floor":[59,53,53,53,44,46,46,46,46,43,24,24,24,17,17,5,67,47,47,43,43,43,43,18,18,18,15,15,24,26,26,50,67,81,73,71,66,66,56,57,57,67,67,65,66,66,66,79,79,72,81,81,81,69,1],"gold":42,"neow_bonus":"RANDOM_COMMON_RELIC","is_daily":false,"chose_seed":false,"campfire_upgraded":7,"win_rate":0.0,"timestamp":1610125761,"path_taken":["M","M","?","?","?","E","M","R","T","M","E","R","M","?","R","BOSS","M","?","?","?","?","R","E","R","T","M","M","E","M","?","R","BOSS","M","?","M","M","M","E","R","E","T","M","M","?","$","M","R","BOSS","R","$","E","BOSS"],"items_purchased_type":[],"build_version":"2020-12-22","purchased_purges":0,"victory":true,"max_hp_per_floor":[60,60,60,60,60,67,67,67,67,67,67,67,67,67,67,67,67,67,67,67,67,67,67,67,67,67,67,67,81,81,81,81,81,81,81,81,81,81,81,81,81,81,81,81,81,81,81,81,81,81,81,81,81,81,81],"card_choices":[{"not_picked":["Moonworks:ReproductionOfRecords","Moonworks:Assault"],"picked":"Moonworks:IndiscriminateFireSupport","floor":1.0},{"not_picked":["Moonworks:DeployBits","Moonworks:LulusLuckyEgg"],"picked":"Moonworks:BigMagnum","floor":2.0},{"not_picked":["Moonworks:NicePresent","Moonworks:LulusLuckyEgg"],"picked":"Moonworks:CookingTime","floor":4.0},{"not_picked":["Moonworks:Bloodlust","Moonworks:IndiscriminateFireSupport"],"picked":"Moonworks:BigMagnum","floor":5.0},{"not_picked":["Moonworks:Dinner","Moonworks:WindyEnchantment"],"picked":"Moonworks:SakisCookie","floor":6.0},{"not_picked":["Moonworks:AngelHand","Moonworks:DeployBits"],"picked":"Moonworks:BigMagnum","floor":7.0},{"not_picked":["Moonworks:UnluckyCharm","Moonworks:SelfDestruct"],"picked":"Moonworks:AnotherUltimateWeapon","floor":10.0},{"not_picked":["Moonworks:BigMagnum","Moonworks:LulusLuckyEgg","Moonworks:JonathanRush"],"picked":"SKIP","floor":11.0},{"not_picked":["Moonworks:JonathanRush","Moonworks:TreasureThief"],"picked":"Moonworks:EvilSpyWorkPreparation","floor":13.0},{"not_picked":["Moonworks:LeapThroughSpace","Moonworks:RocketCannon"],"picked":"Moonworks:AccelHyper","floor":16.0},{"not_picked":["Moonworks:JonathanRush","Moonworks:ImOnFire+1","Moonworks:LulusLuckyEgg"],"picked":"SKIP","floor":18.0},{"not_picked":["Moonworks:ImOnFire","Moonworks:Assault+1"],"picked":"Moonworks:BigMagnum+1","floor":20.0},{"not_picked":["Moonworks:IndiscriminateFireSupport","Moonworks:BeyondHell+1"],"picked":"Moonworks:NicePresent+1","floor":24.0},{"not_picked":["Moonworks:BigMagnum","Moonworks:JonathanRush"],"picked":"Moonworks:SakisCookie","floor":27.0},{"not_picked":["Moonworks:EvilMastermind","Moonworks:Assault","Moonworks:DeployBits"],"picked":"SKIP","floor":28.0},{"not_picked":["Moonworks:BigBangBell","Moonworks:LulusLuckyEgg"],"picked":"Moonworks:CookingTime","floor":29.0},{"not_picked":["Moonworks:BigMagnum","Moonworks:Bloodlust"],"picked":"Moonworks:Dinner+1","floor":30.0},{"not_picked":["Moonworks:RocketCannon","Moonworks:EvilMastermind"],"picked":"Moonworks:SubspaceTunnel","floor":33.0},{"not_picked":["Moonworks:IndiscriminateFireSupport","Moonworks:WindyEnchantment+1"],"picked":"Moonworks:SakisCookie+1","floor":35.0},{"not_picked":["Moonworks:BigMagnum","Moonworks:ImOnFire+1"],"picked":"Moonworks:Poppoformation","floor":36.0},{"not_picked":["Moonworks:ImOnFire","Moonworks:Dinner"],"picked":"Moonworks:SakisCookie+1","floor":37.0},{"not_picked":["Moonworks:LulusLuckyEgg","Moonworks:NicePresent"],"picked":"Moonworks:TreasureThief+1","floor":38.0},{"not_picked":["Moonworks:NicePresent","Moonworks:DevilHand","Moonworks:BigMagnum"],"picked":"SKIP","floor":39.0},{"not_picked":["Moonworks:UnluckyCharm","Moonworks:JonathanRush"],"picked":"Moonworks:BindingChains","floor":40.0},{"not_picked":["Moonworks:Heat300Percent","Moonworks:JonathanRush"],"picked":"Moonworks:SakisCookie+1","floor":42.0},{"not_picked":["Moonworks:AwakeningOfTalent","Moonworks:JonathanRush+1"],"picked":"Moonworks:GoAway","floor":44.0},{"not_picked":["Moonworks:BigMagnum","Moonworks:ImOnFire+1","Moonworks:ReproductionOfRecords"],"picked":"SKIP","floor":45.0},{"not_picked":["Moonworks:IndiscriminateFireSupport+1","Moonworks:Assault","Moonworks:CookingTime"],"picked":"SKIP","floor":48.0},{"not_picked":["Moonworks:RagingMadness+1","Moonworks:RedAndBlue"],"picked":"Moonworks:SakisCookie+1","floor":54}],"player_experience":134301,"relics_obtained":[{"floor":6.0,"key":"Strawberry"},{"floor":9.0,"key":"HornCleat"},{"floor":11.0,"key":"Centennial Puzzle"},{"floor":22.0,"key":"Pantograph"},{"floor":24.0,"key":"Gremlin Horn"},{"floor":29.0,"key":"Mango"},{"floor":36.0,"key":"Calipers"},{"floor":40.0,"key":"Bottled Lightning"},{"floor":42.0,"key":"Bronze Scales"},{"floor":43.0,"key":"Anchor"},{"floor":54,"key":"Shuriken"}],"event_choices":[{"cards_removed":["Moonworks:Strike"],"damage_healed":0.0,"max_hp_gain":0.0,"max_hp_loss":0.0,"gold_gain":0.0,"event_name":"Bonfire Elementals","player_choice":"Offered Basic","floor":3.0,"gold_loss":0.0,"damage_taken":0.0},{"cards_removed":["Moonworks:Strike"],"damage_healed":0.0,"max_hp_gain":0.0,"max_hp_loss":0.0,"gold_gain":0.0,"event_name":"Golden Wing","player_choice":"Card Removal","floor":14.0,"gold_loss":0.0,"damage_taken":7.0},{"damage_healed":0.0,"max_hp_gain":0.0,"max_hp_loss":0.0,"gold_gain":0.0,"event_name":"The Woman in Blue","player_choice":"Bought 0 Potions","floor":19.0,"gold_loss":0.0,"damage_taken":0.0},{"cards_removed":["Moonworks:Strike"],"damage_healed":0.0,"max_hp_gain":0.0,"max_hp_loss":0.0,"gold_gain":0.0,"event_name":"Designer","player_choice":"Upgrade and Remove","floor":21.0,"gold_loss":90.0,"damage_taken":0.0,"cards_upgraded":["Moonworks:IndiscriminateFireSupport"]},{"damage_healed":0.0,"max_hp_gain":0.0,"max_hp_loss":0.0,"gold_gain":0.0,"event_name":"Upgrade Shrine","player_choice":"Upgraded","floor":31.0,"gold_loss":0.0,"damage_taken":0.0,"cards_upgraded":["Moonworks:EvilSpyWorkPreparation"]},{"damage_healed":0.0,"max_hp_gain":0.0,"max_hp_loss":0.0,"gold_gain":0.0,"event_name":"Mysterious Sphere","player_choice":"Fight","floor":36.0,"gold_loss":0.0,"damage_taken":0.0},{"damage_healed":0.0,"max_hp_gain":0.0,"max_hp_loss":0.0,"gold_gain":0.0,"event_name":"Tomb of Lord Red Mask","player_choice":"Paid","floor":46.0,"gold_loss":169.0,"damage_taken":0.0,"relics_obtained":["Red Mask"]}],"is_beta":false,"boss_relics":[{"not_picked":["Fusion Hammer","Runic Dome"],"picked":"SlaversCollar"},{"not_picked":["Calling Bell","Astrolabe"],"picked":"SacredBark"}],"items_purged_floors":[],"is_endless":false,"potions_floor_spawned":[2,4,7,11,13,18,24,27,30,33,37,39,45,48,54],"ascension_level":0}}