{"host":"nzm1i0l8mrsm8hd2","time":1610109726,"event":{"mods":["ATMod(阿瑾Mod)","Act Like it!","Arknights The Spire","Aspiration","BaseMod","Better Third Choice","Challenge The Spire","Conspire","Gensokyo","Jedi Mod","Minty Spire (QoL Compilation)","Pale of the Ancients","Quick Restart","RumiaBox-露米娅的神秘盒子","Spicy Shops","StSLib","The Jungle","TheHeartMod"],"gold_per_floor":[114,59,79,79,6,36,-35,196,196,296,306,336,347,347,347,443,443,443,443],"floor_reached":18,"playtime":988,"items_purged":[],"score":282,"play_id":"60a4783a-ecb2-447e-8201-eb611bc52e9b","local_time":"20210108204206","is_ascension_mode":false,"campfire_choices":[{"data":"AT_CaressingTears","floor":15.0,"key":"SMITH"}],"circlet_count":0,"master_deck":["theHeart:BloodDrop","theHeart:Scab","theHeart:theHeartDefend","theHeart:theHeartDefend","theHeart:theHeartDefend","theHeart:theHeartDefend","theHeart:theHeartCommonAttack","theHeart:theHeartCommonAttack","theHeart:theHeartCommonAttack","theHeart:theHeartCommonAttack","theHeart:theHeartCommonAttack","AT_CaressingTears+1","theHeart:ArterialFlow","theHeart:Coagulation","theHeart:Pacemaker","theHeart:Debilitate+1","theHeart:BloodShots","theHeart:Buff"],"relics":["theHeart:BeatOfDeath","AT_ATBox","aspiration:Nostalgia","Ring of the Snake","Baka2","aspiration:HiddenCompartment","jedi:cryingmask","AT_DeathDance","Art of War","AddBug"],"acts_visited":["Exordium","Gensokyo:Gensokyo"],"potions_floor_usage":[18],"damage_taken":[{"damage":0.0,"enemies":"Gensokyo:2_Kodama","floor":1.0,"turns":3.0},{"damage":0.0,"enemies":"Gensokyo:3_Fairies","floor":2.0,"turns":3.0},{"damage":11.0,"enemies":"Gensokyo:Python","floor":3.0,"turns":5.0},{"damage":1.0,"enemies":"Gensokyo:Mamizou","floor":6.0,"turns":4.0},{"damage":25.0,"enemies":"Gensokyo:3_Kodama","floor":7.0,"turns":5.0},{"damage":15.0,"enemies":"Gensokyo:Aya","floor":8.0,"turns":8.0},{"damage":8.0,"enemies":"Gensokyo:5_Fairies","floor":11.0,"turns":2.0},{"damage":8.0,"enemies":"Gensokyo:Mamizou","floor":12.0,"turns":5.0},{"damage":2.0,"enemies":"Gensokyo:2_Rabbits","floor":13.0,"turns":6.0},{"damage":0.0,"enemies":"Gensokyo:Kokoro","floor":16.0,"turns":4.0},{"damage":101,"enemies":"Gensokyo:2_Gloops","floor":18,"turns":8}],"seed_played":"8405143107672976873","potions_obtained":[{"floor":1.0,"key":"Weak Potion"},{"floor":3.0,"key":"SteroidPotion"},{"floor":7.0,"key":"SteroidPotion"},{"floor":12.0,"key":"EssenceOfSteel"}],"is_trial":false,"path_per_floor":["M","M","M","?","COS","E","M","E","T","?","M","E","M","?","R","B",null,"M"],"character_chosen":"THE_HEART","items_purchased":[],"campfire_rested":0,"item_purchase_floors":[],"current_hp_per_floor":[75,75,71,71,71,73,52,75,75,75,68,68,66,73,73,83,85,0,0],"gold":443,"neow_bonus":"NOSTALGIA","is_daily":false,"chose_seed":false,"campfire_upgraded":1,"win_rate":0.0,"timestamp":1610109726,"path_taken":["M","M","?","?","COS","E","M","E","T","?","M","E","M","?","R","BOSS","M"],"items_purchased_type":[],"build_version":"2020-12-22","purchased_purges":0,"victory":false,"max_hp_per_floor":[75,75,75,75,75,75,75,75,75,75,75,78,78,85,85,85,85,85,85],"card_choices":[{"not_picked":["theHeart:Cleanse","theHeart:MindScape"],"picked":"theHeart:ArterialFlow","floor":1.0},{"not_picked":["theHeart:ArterialFlow","theHeart:Embolism"],"picked":"theHeart:Coagulation","floor":2.0},{"not_picked":["theHeart:Devour","theHeart:NoxiousBlood"],"picked":"theHeart:Pacemaker","floor":3.0},{"not_picked":["theHeart:FiberOpticCatheter","theHeart:SpireGrowth","theHeart:Arrhythmia"],"picked":"SKIP","floor":6.0},{"not_picked":["theHeart:HeartBurn","theHeart:Devour","theHeart:BloodTransfusion"],"picked":"SKIP","floor":7.0},{"not_picked":["theHeart:CapillaryExchange","theHeart:NoxiousBlood","theHeart:HeartBurn"],"picked":"SKIP","floor":8.0},{"not_picked":["theHeart:CapillaryExchange","theHeart:Embolism","theHeart:TentacleWhip"],"picked":"SKIP","floor":11.0},{"not_picked":["theHeart:TranquilRhythm","theHeart:Embolism","theHeart:Devour"],"picked":"SKIP","floor":12.0},{"not_picked":["theHeart:TentacleWhip","theHeart:PainfulStabs"],"picked":"theHeart:BloodShots","floor":13.0},{"not_picked":["theHeart:HyperCoagulation","theHeart:Enrage"],"picked":"theHeart:Buff","floor":16.0}],"player_experience":564035,"relics_obtained":[{"floor":1.0,"key":"Baka"},{"floor":2.0,"key":"Baka2"},{"floor":6.0,"key":"aspiration:HiddenCompartment"},{"floor":8.0,"key":"jedi:cryingmask"},{"floor":9.0,"key":"AT_DeathDance"}],"event_choices":[],"is_beta":false,"boss_relics":[{"not_picked":["Astrolabe","SacredBark"],"picked":"AddBug"}],"items_purged_floors":[],"is_endless":false,"potions_floor_spawned":[1,3,7,12,16],"killed_by":"Gensokyo:2_Gloops","ascension_level":0}}