{"host":"isy2gwbfe91wqj1j","time":1610068687,"event":{"mods":["AchievementEnabler","BaseMod","Better Altar","Better Match","Better Note","Better Sensory Stone","Better Skull","Better Third Choice","BetterRewards","Minty Spire (QoL Compilation)","StSLib"],"gold_per_floor":[115,125,25,40,53,53,81,106,106,126,157,170,187,204,204,308,308,323,323,377,390,340,340,358,377,401,417,417,417],"floor_reached":28,"playtime":1265,"items_purged":["Strike_R","Strike_R"],"score":285,"play_id":"7f022c50-2225-4f32-b67d-242d2236493c","local_time":"20210107181807","is_ascension_mode":true,"campfire_choices":[{"data":"Inflame","floor":6.0,"key":"SMITH"},{"floor":15.0,"key":"DIG"},{"data":"Demon Form","floor":23.0,"key":"SMITH"}],"circlet_count":0,"master_deck":["Strike_R","Strike_R","Strike_R","Defend_R","Defend_R","Defend_R","Defend_R","Bash","Reaper+1","Sword Boomerang+1","Cleave+1","Inflame+1","Pommel Strike+1","Armaments","Iron Wave+1","Whirlwind+1","Feel No Pain","Exhume","Demon Form+1","Seeing Red"],"relics":["Burning Blood","Molten Egg 2","Juzu Bracelet","Lizard Tail","Tiny Chest","Bronze Scales","Shovel","Blood Vial","Prayer Wheel","Busted Crown","Nloth\u0027s Gift","Ancient Tea Set","Bag of Marbles"],"acts_visited":["Exordium","TheCity"],"potions_floor_usage":[27,27,28],"damage_taken":[{"damage":11.0,"enemies":"Cultist","floor":1.0,"turns":4.0},{"damage":7.0,"enemies":"2 Louse","floor":2.0,"turns":3.0},{"damage":0.0,"enemies":"Small Slimes","floor":4.0,"turns":3.0},{"damage":24.0,"enemies":"Exordium Thugs","floor":5.0,"turns":4.0},{"damage":0.0,"enemies":"Gremlin Nob","floor":7.0,"turns":2.0},{"damage":18.0,"enemies":"The Mushroom Lair","floor":10.0,"turns":2.0},{"damage":14.0,"enemies":"3 Sentries","floor":11.0,"turns":4.0},{"damage":0.0,"enemies":"Large Slime","floor":12.0,"turns":3.0},{"damage":21.0,"enemies":"Blue Slaver","floor":13.0,"turns":3.0},{"damage":21.0,"enemies":"Exordium Thugs","floor":14.0,"turns":3.0},{"damage":21.0,"enemies":"Hexaghost","floor":16.0,"turns":9.0},{"damage":32.0,"enemies":"Shell Parasite","floor":18.0,"turns":4.0},{"damage":19.0,"enemies":"Spheric Guardian","floor":21.0,"turns":4.0},{"damage":38.0,"enemies":"Shelled Parasite and Fungi","floor":24.0,"turns":4.0},{"damage":43,"enemies":"Snake Plant","floor":25,"turns":4},{"damage":42,"enemies":"Snecko","floor":27,"turns":6},{"damage":29,"enemies":"Slavers","floor":28,"turns":1}],"seed_played":"-5321555767070090242","potions_obtained":[{"floor":4.0,"key":"AttackPotion"},{"floor":10.0,"key":"Block Potion"},{"floor":11.0,"key":"ColorlessPotion"},{"floor":12.0,"key":"LiquidBronze"},{"floor":16.0,"key":"LiquidBronze"},{"floor":18.0,"key":"ColorlessPotion"},{"floor":21.0,"key":"SneckoOil"},{"floor":25,"key":"Strength Potion"}],"is_trial":false,"path_per_floor":["M","M","$","M","M","R","E","T","T","?","E","M","M","M","R","B",null,"M","?","T","M","?","R","M","M","T","M","E"],"character_chosen":"IRONCLAD","items_purchased":["Molten Egg 2","Juzu Bracelet","Reaper+1","Sword Boomerang+1"],"campfire_rested":0,"item_purchase_floors":[0,0,0,0],"current_hp_per_floor":[75,79,79,80,62,62,76,76,76,76,80,80,65,64,64,68,80,54,54,54,43,43,43,21,49,49,20,0,0],"gold":417,"neow_bonus":"","is_daily":false,"chose_seed":false,"campfire_upgraded":2,"win_rate":0.0,"timestamp":1610068687,"path_taken":["M","M","$","M","M","R","E","?","T","?","E","M","M","M","R","BOSS","M","?","?","M","?","R","M","M","T","M","E"],"items_purchased_type":["Relic","Relic","Card","Card"],"build_version":"2020-12-22","purchased_purges":2,"victory":false,"max_hp_per_floor":[80,80,80,80,80,80,80,80,80,80,80,80,80,80,80,80,80,80,80,80,80,80,80,80,80,80,80,80,80],"card_choices":[{"not_picked":["Metallicize","Seeing Red"],"picked":"Cleave+1","floor":1.0},{"not_picked":["Metallicize","Clash+1"],"picked":"Inflame","floor":2.0},{"not_picked":["Entrench","Armaments"],"picked":"Pommel Strike+1","floor":4.0},{"not_picked":["Cleave+1","Second Wind"],"picked":"Armaments","floor":5.0},{"not_picked":["Cleave+1","Anger+1"],"picked":"Iron Wave+1","floor":7.0},{"not_picked":["Havoc","Perfected Strike+1"],"picked":"Whirlwind+1","floor":11.0},{"not_picked":["Pummel+1","Flex"],"picked":"Feel No Pain","floor":12.0},{"not_picked":["Spot Weakness","Dropkick+1","Uppercut+1"],"picked":"SKIP","floor":13.0},{"not_picked":["Body Slam+1","Disarm"],"picked":"Exhume","floor":14.0},{"not_picked":["Bludgeon+1","Berserk"],"picked":"Demon Form","floor":16.0},{"not_picked":["Havoc"],"picked":"SKIP","floor":18.0},{"not_picked":["Twin Strike+1"],"picked":"SKIP","floor":18.0},{"not_picked":["Warcry"],"picked":"SKIP","floor":21.0},{"not_picked":["Evolve"],"picked":"SKIP","floor":21.0},{"not_picked":["Havoc"],"picked":"SKIP","floor":24},{"not_picked":["Ghostly Armor"],"picked":"SKIP","floor":24},{"not_picked":[],"picked":"Seeing Red","floor":25},{"not_picked":["Clash+1"],"picked":"SKIP","floor":25},{"not_picked":["Armaments"],"picked":"SKIP","floor":27},{"not_picked":["True Grit"],"picked":"SKIP","floor":27}],"player_experience":155425,"relics_obtained":[{"floor":7.0,"key":"Tiny Chest"},{"floor":8.0,"key":"Bronze Scales"},{"floor":9.0,"key":"Shovel"},{"floor":10.0,"key":"Odd Mushroom"},{"floor":11.0,"key":"Blood Vial"},{"floor":15.0,"key":"Prayer Wheel"},{"floor":20.0,"key":"Ancient Tea Set"},{"floor":26,"key":"Bag of Marbles"}],"event_choices":[{"damage_healed":0.0,"max_hp_gain":0.0,"max_hp_loss":0.0,"gold_gain":0.0,"event_name":"Mushrooms","player_choice":"Fought Mushrooms","floor":10.0,"gold_loss":0.0,"damage_taken":0.0},{"damage_healed":0.0,"max_hp_gain":0.0,"max_hp_loss":0.0,"gold_gain":0.0,"event_name":"N\u0027loth","player_choice":"Traded Relic","floor":19.0,"relics_lost":["Odd Mushroom"],"gold_loss":0.0,"damage_taken":0.0,"relics_obtained":["Nloth\u0027s Gift"]},{"damage_healed":0.0,"max_hp_gain":0.0,"max_hp_loss":0.0,"gold_gain":0.0,"event_name":"The Joust","player_choice":"Bet on Owner","floor":22.0,"gold_loss":50.0,"damage_taken":0.0}],"is_beta":false,"boss_relics":[{"not_picked":["Calling Bell","SacredBark"],"picked":"Busted Crown"}],"items_purged_floors":[0,3],"is_endless":false,"potions_floor_spawned":[4,10,11,12,14,16,18,21,25],"killed_by":"Slavers","ascension_level":2}}