{"host":"tr12w2fixbnujl15","time":1610136903,"event":{"mods":["2.2 Compatiblity","BaseMod","Better Skull","BetterRewards","Clockwork Mod","Colored Powertips","Evolution","Hermit","Hubris","Infinite Spire","Koishi","Mad Scientist","Minty Spire (QoL Compilation)","Quick Restart","Replay The Spire","Shop Mod","StSLib","SuperFastMode","The Animator","The Bug Knight","The Construct","The Cursed","The Hierophant","The Necromancer","The Sage","The Senshi","The Servant 0.9.4","The Spell Scribe","TheFirefly","WarShipGirlsR/????R mod"],"gold_per_floor":[111,111,131,131,143,143,143,156,156,171,171,26,26,54,54,157,157,175,175,7,343,358,358,358,378,378,378,378,378],"floor_reached":28,"playtime":705,"items_purged":[],"score":206,"play_id":"4b6966c2-638b-48b0-bb43-afa16c6f09de","local_time":"20210108151503","is_ascension_mode":false,"campfire_choices":[{"data":"Neutralize","floor":6,"key":"SMITH"},{"floor":11,"key":"REST"},{"floor":15,"key":"REST"},{"floor":23,"key":"REST"},{"floor":27,"key":"REST"}],"circlet_count":0,"master_deck":["Strike_G","Strike_G","Strike_G+1","Strike_G","Defend_G+1","Defend_G","Defend_G","Defend_G","Defend_G","Survivor","Neutralize+1","ReplayTheSpireMod:From All Sides","Deadly Poison","Quick Slash","Blade Dance","hubris:DuctTapeCard","Draining Mist","Reflex","Die Die Die","ReplayTheSpireMod:The Works","Tools of the Trade","Madness","hubris:SlightOfHand+1","Sickly","Hidden Blade","hubris:Sloth"],"relics":["Ring of the Snake","EVO:Axolotl","NeowsBlessing","Chemical X","Odd Mushroom","Cursed Key","MerchantsRug","Simple Rune","Sundial"],"acts_visited":["Exordium","TheCity"],"potions_floor_usage":[14,25],"damage_taken":[{"damage":0,"enemies":"2 Louse","floor":1,"turns":1},{"damage":0,"enemies":"Small Slimes","floor":3,"turns":1},{"damage":0,"enemies":"Cultist","floor":5,"turns":1},{"damage":18,"enemies":"2 Fungi Beasts","floor":8,"turns":4},{"damage":6,"enemies":"Red Slaver","floor":10,"turns":3},{"damage":16,"enemies":"The Mushroom Lair","floor":14,"turns":4},{"damage":64,"enemies":"Slime Boss","floor":16,"turns":15},{"damage":3,"enemies":"Chosen","floor":18,"turns":5},{"damage":3,"enemies":"3 Byrds","floor":22,"turns":4},{"damage":31,"enemies":"Sentry and Sphere","floor":25,"turns":5},{"damage":0,"enemies":"Chosen and Byrds","floor":28,"turns":1}],"seed_played":"-6836633187137633017","potions_obtained":[{"floor":1,"key":"Poison Potion"},{"floor":8,"key":"Elixir"},{"floor":22,"key":"Venom Potion"}],"is_trial":false,"path_per_floor":["M","?","M","?","M","R","?","M","T","M","R","$","$","?","R","B",null,"M","?","$","?","M","R","T","M","T","R","M"],"character_chosen":"THE_SILENT","items_purchased":["Chemical X","MerchantsRug","Madness"],"campfire_rested":4,"item_purchase_floors":[12,20,20],"current_hp_per_floor":[70,70,70,70,70,70,70,52,52,46,67,67,67,51,70,6,70,67,67,67,39,36,57,57,26,26,47,47,47],"gold":378,"neow_bonus":"THREE_ENEMY_KILL","is_daily":false,"chose_seed":false,"campfire_upgraded":1,"win_rate":0.0,"timestamp":1610136903,"path_taken":["M","?","M","?","?","R","?","?","T","M","R","?","$","?","R","BOSS","M","?","$","?","?","R","?","M","T","R","M"],"items_purchased_type":["Relic","Relic","Card"],"build_version":"2020-12-22","purchased_purges":0,"victory":false,"max_hp_per_floor":[70,70,70,70,70,70,70,70,70,70,70,70,70,70,70,70,70,70,70,70,70,70,70,70,70,70,70,70,70],"card_choices":[{"not_picked":["Dagger Throw","Deflect"],"picked":"Bane","floor":1},{"not_picked":["Backflip","Die Die Die"],"picked":"Deadly Poison","floor":3},{"not_picked":["PiercingWail","Backflip"],"picked":"Quick Slash","floor":5},{"not_picked":["Dagger Throw","Poisoned Stab"],"picked":"Blade Dance","floor":8},{"not_picked":["Choke","Bane"],"picked":"Draining Mist","floor":10},{"not_picked":["Deflect","Expertise"],"picked":"Reflex","floor":14},{"not_picked":["Unload","A Thousand Cuts"],"picked":"Die Die Die","floor":16},{"not_picked":["Quick Slash","Replay:Poison Smokescreen"],"picked":"ReplayTheSpireMod:The Works","floor":18},{"not_picked":[],"picked":"Tools of the Trade","floor":19},{"not_picked":["Slice","Blade Dance"],"picked":"hubris:SlightOfHand+1","floor":22},{"not_picked":["Backflip+1","Calculated Gamble"],"picked":"Hidden Blade","floor":25}],"player_experience":39349,"relics_obtained":[{"floor":9,"key":"hubris:DuctTape"},{"floor":14,"key":"Odd Mushroom"},{"floor":24,"key":"Simple Rune"},{"floor":26,"key":"Sundial"}],"event_choices":[{"damage_healed":0,"gold_gain":0,"player_choice":"Ignored","damage_taken":0,"max_hp_gain":0,"max_hp_loss":0,"event_name":"NoteForYourself","floor":4,"gold_loss":0},{"damage_healed":0,"gold_gain":0,"player_choice":"Ignored","damage_taken":0,"max_hp_gain":0,"max_hp_loss":0,"event_name":"Purifier","floor":7,"gold_loss":0},{"damage_healed":0,"gold_gain":0,"player_choice":"Fought Mushrooms","damage_taken":0,"max_hp_gain":0,"max_hp_loss":0,"event_name":"Mushrooms","floor":14,"gold_loss":0},{"damage_healed":0,"gold_gain":336,"player_choice":"GO GO GO ","damage_taken":31,"relics_obtained":[],"max_hp_gain":0,"max_hp_loss":0,"event_name":"betterSkull:BetterSkull","floor":21,"gold_loss":0,"cards_upgraded":[]}],"is_beta":false,"boss_relics":[{"not_picked":["Runic Pyramid","infinitespire:Cupcake"],"picked":"Cursed Key"}],"items_purged_floors":[],"is_endless":false,"potions_floor_spawned":[1,8,22],"killed_by":"Chosen and Byrds","ascension_level":0}}