{"host":"6gnv7me3tk2udb7q","time":1610130303,"event":{"mods":["BaseMod","Bestiary","Colored Map","Minty Spire (QoL Compilation)"],"gold_per_floor":[210,223,223,243,257,257,257,257,282,311,311,338,338,351,351,476,476,497,497,516,516,539,539,562,598,598,618,618,618,170,208,208,208,208],"floor_reached":33,"playtime":1433,"items_purged":["Defend_B"],"score":464,"play_id":"d3f13f1f-103f-421b-b398-17d1b2a61cf5","local_time":"20210108132503","is_ascension_mode":true,"campfire_choices":[{"data":"Dualcast","floor":6.0,"key":"SMITH"},{"floor":11.0,"key":"REST"},{"floor":15.0,"key":"REST"},{"data":"Fission","floor":23,"key":"SMITH"},{"floor":28,"key":"REST"},{"floor":32,"key":"REST"}],"circlet_count":0,"master_deck":["Strike_B+1","Strike_B","Strike_B","Defend_B+1","Defend_B","Defend_B","Zap+1","Dualcast+1","Reinforced Body","Glacier","Auto Shields","Compile Driver+1","Darkness","Machine Learning","Biased Cognition","Steam","Fission+1","Capacitor+1","Hologram","Stack","Barrage+1","Defragment","Conserve Battery+1","Compile Driver+1","FTL+1","Sweeping Beam+1","White Noise","Echo Form","Aggregate"],"relics":["Cracked Core","PreservedInsect","Tiny Chest","Akabeko","Whetstone","Golden Idol","Philosopher\u0027s Stone","CultistMask","Question Card","Molten Egg 2","MawBank","Bronze Scales","Orrery","Dream Catcher"],"acts_visited":["Exordium","TheCity"],"potions_floor_usage":[25,27,33],"damage_taken":[{"damage":12.0,"enemies":"Jaw Worm","floor":1.0,"turns":3.0},{"damage":0.0,"enemies":"Small Slimes","floor":2.0,"turns":3.0},{"damage":0.0,"enemies":"2 Louse","floor":4.0,"turns":3.0},{"damage":0.0,"enemies":"2 Fungi Beasts","floor":5.0,"turns":5.0},{"damage":12.0,"enemies":"Gremlin Nob","floor":10.0,"turns":4.0},{"damage":0.0,"enemies":"Lagavulin","floor":12.0,"turns":7.0},{"damage":11.0,"enemies":"Exordium Thugs","floor":14.0,"turns":4.0},{"damage":6.0,"enemies":"The Guardian","floor":16.0,"turns":12.0},{"damage":0.0,"enemies":"Chosen","floor":18.0,"turns":3.0},{"damage":2.0,"enemies":"Shell Parasite","floor":20.0,"turns":5.0},{"damage":17,"enemies":"Snake Plant","floor":22,"turns":5},{"damage":6,"enemies":"Sentry and Sphere","floor":24,"turns":4},{"damage":30,"enemies":"Book of Stabbing","floor":25,"turns":7},{"damage":12,"enemies":"Centurion and Healer","floor":27,"turns":10},{"damage":27,"enemies":"Slavers","floor":31,"turns":4},{"damage":30,"enemies":"Collector","floor":33,"turns":3}],"seed_played":"5427955148145048086","potions_obtained":[{"floor":1.0,"key":"LiquidMemories"},{"floor":4.0,"key":"SkillPotion"},{"floor":5.0,"key":"FearPotion"},{"floor":14.0,"key":"FairyPotion"},{"floor":16.0,"key":"EssenceOfSteel"},{"floor":31,"key":"PowerPotion"}],"is_trial":false,"path_per_floor":["M","M","?","M","M","R","?","?","T","E","R","E","?","M","R","B",null,"M","?","M","T","M","R","M","E","T","M","R","?","$","E","R","B"],"character_chosen":"DEFECT","items_purchased":["Defragment","Bronze Scales","Orrery"],"campfire_rested":4,"item_purchase_floors":[30,30,30],"current_hp_per_floor":[56,56,44,44,44,44,29,22,22,10,32,32,32,21,41,35,61,61,61,59,59,42,42,36,6,6,15,35,35,35,8,28,0,0],"gold":208,"neow_bonus":"HUNDRED_GOLD","is_daily":false,"chose_seed":false,"campfire_upgraded":2,"win_rate":0.0,"timestamp":1610130303,"path_taken":["M","M","?","M","M","R","?","?","T","E","R","E","?","M","R","BOSS","M","?","?","?","?","R","M","E","T","M","R","?","$","E","R","BOSS"],"items_purchased_type":["Card","Relic","Relic"],"build_version":"2020-12-22","purchased_purges":1,"victory":false,"max_hp_per_floor":[75,75,75,75,75,75,75,75,75,75,75,75,69,69,69,69,69,69,69,69,69,69,69,69,69,69,69,69,69,69,69,69,69,69],"card_choices":[{"not_picked":["Sweeping Beam","Leap"],"picked":"Reinforced Body","floor":1.0},{"not_picked":["Scrape","Turbo"],"picked":"Glacier","floor":2.0},{"not_picked":["Coolheaded","Leap"],"picked":"Auto Shields","floor":4.0},{"not_picked":["Compile Driver","Turbo","Leap"],"picked":"SKIP","floor":5.0},{"not_picked":["Glacier","Sweeping Beam"],"picked":"Compile Driver","floor":10.0},{"not_picked":["Scrape","Hologram"],"picked":"Darkness","floor":12.0},{"not_picked":["Leap","Coolheaded"],"picked":"Machine Learning","floor":14.0},{"not_picked":["Fission","Amplify"],"picked":"Biased Cognition","floor":16.0},{"not_picked":["Chaos","Consume"],"picked":"Steam","floor":18.0},{"not_picked":["Hologram","Ball Lightning"],"picked":"Fission","floor":20.0},{"not_picked":["Double Energy","Consume+1"],"picked":"Capacitor+1","floor":22},{"not_picked":["Storm","Sweeping Beam+1"],"picked":"Hologram","floor":24},{"not_picked":["Cold Snap","Gash+1"],"picked":"Stack","floor":25},{"not_picked":["Heatsinks","Storm","Cold Snap+1"],"picked":"Barrage+1","floor":27},{"not_picked":["Rebound+1","Hello World","Self Repair"],"picked":"Conserve Battery+1","floor":30},{"not_picked":["Steam+1","Rip and Tear+1","Darkness"],"picked":"Compile Driver+1","floor":30},{"not_picked":["Reprogram","Steam","Go for the Eyes+1"],"picked":"FTL+1","floor":30},{"not_picked":["Consume+1","Thunder Strike+1","Hologram"],"picked":"Sweeping Beam+1","floor":30},{"not_picked":["Beam Cell+1","Steam Power","Leap+1"],"picked":"White Noise","floor":30},{"not_picked":["Hologram+1","Coolheaded","Redo"],"picked":"Echo Form","floor":31},{"not_picked":["Stack","Ball Lightning+1","Conserve Battery+1"],"picked":"Aggregate","floor":32}],"player_experience":625745,"relics_obtained":[{"floor":9.0,"key":"Tiny Chest"},{"floor":10.0,"key":"Akabeko"},{"floor":12.0,"key":"Whetstone"},{"floor":25,"key":"Question Card"},{"floor":26,"key":"Molten Egg 2"},{"floor":29,"key":"MawBank"},{"floor":31,"key":"Dream Catcher"}],"event_choices":[{"damage_healed":0.0,"max_hp_gain":0.0,"max_hp_loss":0.0,"gold_gain":0.0,"event_name":"Scrap Ooze","player_choice":"Success","floor":3.0,"gold_loss":0.0,"damage_taken":12.0,"relics_obtained":["PreservedInsect"]},{"damage_healed":0.0,"max_hp_gain":0.0,"max_hp_loss":0.0,"gold_gain":0.0,"event_name":"Shining Light","player_choice":"Entered Light","floor":7.0,"gold_loss":0.0,"damage_taken":15.0,"cards_upgraded":["Defend_B","Zap"]},{"cards_removed":["Strike_B"],"damage_healed":0.0,"max_hp_gain":0.0,"max_hp_loss":0.0,"gold_gain":0.0,"event_name":"Golden Wing","player_choice":"Card Removal","floor":8.0,"gold_loss":0.0,"damage_taken":7.0},{"damage_healed":0.0,"max_hp_gain":0.0,"max_hp_loss":6.0,"gold_gain":0.0,"event_name":"Golden Idol","player_choice":"Lose Max HP","floor":13.0,"gold_loss":0.0,"damage_taken":0.0,"relics_obtained":["Golden Idol"]},{"damage_healed":0.0,"max_hp_gain":0.0,"max_hp_loss":0.0,"gold_gain":0.0,"event_name":"FaceTrader","player_choice":"Trade","floor":19.0,"gold_loss":0.0,"damage_taken":0.0,"relics_obtained":["CultistMask"]},{"damage_healed":0,"gold_gain":0,"player_choice":"Relic","damage_taken":0,"max_hp_gain":0,"max_hp_loss":0,"event_name":"Wheel of Change","floor":29,"gold_loss":0}],"is_beta":false,"boss_relics":[{"not_picked":["Runic Dome","SacredBark"],"picked":"Philosopher\u0027s Stone"}],"items_purged_floors":[30],"is_endless":false,"potions_floor_spawned":[1,4,5,14,16,20,24,31],"killed_by":"Collector","ascension_level":9}}