{"host":"88sw61cmk1203zgj","time":1610081718,"event":{"mods":["BaseMod","Minty Spire (QoL Compilation)"],"gold_per_floor":[114,114,114,125,138,166,166,166,166,197,197,230,246,278,278,374,374,385,385,396,409,245,245,279,57,57,67,67,67,102,118,118,213,213,223,445,465,481,493,524,424,450,527,226,226,251,251,8,8,8,8,8,8,38,38],"floor_reached":56,"playtime":4322,"items_purged":["Strike_B","Strike_B","Defend_B"],"score":1984,"play_id":"9c2fd729-0a0c-4c6b-b9cd-4008507a07f6","local_time":"20210107235518","is_ascension_mode":true,"campfire_choices":[{"data":"Doom and Gloom","floor":7.0,"key":"SMITH"},{"floor":11,"key":"REST"},{"data":"Leap","floor":15,"key":"SMITH"},{"data":"Defragment","floor":23,"key":"SMITH"},{"data":"Consume","floor":28,"key":"SMITH"},{"data":"Echo Form","floor":32,"key":"SMITH"},{"floor":45,"key":"RECALL"},{"data":"Hologram","floor":49,"key":"SMITH"},{"data":"Hologram","floor":52,"key":"SMITH"}],"circlet_count":0,"master_deck":["AscendersBane","Defend_B+1","Defend_B+1","Zap+1","Dualcast+1","Doom and Gloom+1","Ball Lightning","Cold Snap","BootSequence","Coolheaded","Compile Driver","Leap+1","Hologram+1","Echo Form+1","Meteor Strike+1","Skim+1","Melter+1","Genetic Algorithm+1","Defragment+1","Conserve Battery","Consume+1","Defragment+1","Seek","Turbo+1","Force Field+1","Tempest+1","Hologram+1","Capacitor","Chaos+1","Leap+1"],"relics":["Black Star","Oddly Smooth Stone","HornCleat","Mercury Hourglass","Shuriken","War Paint","Art of War","Potion Belt","MealTicket","Matryoshka","Astrolabe","CultistMask","TungstenRod","Symbiotic Virus","Runic Capacitor","Lantern","Pear","Red Mask","Snecko Eye","Anchor","Bottled Flame","Letter Opener","PreservedInsect","Regal Pillow","Calipers","Ornamental Fan","Toxic Egg 2","StrikeDummy","Ice Cream"],"acts_visited":["Exordium","TheCity","TheBeyond","TheEnding"],"potions_floor_usage":[21,21,33,41,42,55,55],"damage_taken":[{"damage":2.0,"enemies":"Jaw Worm","floor":1.0,"turns":3.0},{"damage":0.0,"enemies":"2 Louse","floor":4.0,"turns":2.0},{"damage":0.0,"enemies":"Small Slimes","floor":5.0,"turns":2.0},{"damage":26.0,"enemies":"3 Sentries","floor":6.0,"turns":6.0},{"damage":6,"enemies":"Lagavulin","floor":10,"turns":5},{"damage":4,"enemies":"3 Sentries","floor":12,"turns":5},{"damage":0,"enemies":"2 Fungi Beasts","floor":13,"turns":2},{"damage":5,"enemies":"Lagavulin","floor":14,"turns":5},{"damage":17,"enemies":"Slime Boss","floor":16,"turns":8},{"damage":1,"enemies":"Shell Parasite","floor":18,"turns":5},{"damage":0,"enemies":"Spheric Guardian","floor":20,"turns":3},{"damage":17,"enemies":"Snake Plant","floor":21,"turns":5},{"damage":14,"enemies":"Slavers","floor":24,"turns":5},{"damage":0,"enemies":"Snecko","floor":27,"turns":4},{"damage":0,"enemies":"Masked Bandits","floor":30,"turns":2},{"damage":0,"enemies":"Cultist and Chosen","floor":31,"turns":5},{"damage":0,"enemies":"Automaton","floor":33,"turns":8},{"damage":0,"enemies":"3 Shapes","floor":35,"turns":4},{"damage":0,"enemies":"Orb Walker","floor":37,"turns":4},{"damage":0,"enemies":"Sphere and 2 Shapes","floor":38,"turns":5},{"damage":3,"enemies":"Transient","floor":39,"turns":5},{"damage":14,"enemies":"Giant Head","floor":40,"turns":7},{"damage":0,"enemies":"Reptomancer","floor":42,"turns":6},{"damage":10,"enemies":"Giant Head","floor":46,"turns":6},{"damage":14,"enemies":"Awakened One","floor":50,"turns":8},{"damage":1,"enemies":"Shield and Spear","floor":54,"turns":3},{"damage":0,"enemies":"The Heart","floor":55,"turns":8}],"seed_played":"4952261052385823072","potions_obtained":[{"floor":5.0,"key":"Fruit Juice"},{"floor":6.0,"key":"PowerPotion"},{"floor":13,"key":"SpeedPotion"},{"floor":16,"key":"FocusPotion"},{"floor":20,"key":"ColorlessPotion"},{"floor":21,"key":"Fruit Juice"},{"floor":30,"key":"Strength Potion"},{"floor":33,"key":"DuplicationPotion"},{"floor":46,"key":"FearPotion"}],"is_trial":false,"path_per_floor":["M","?","?","M","M","E","R","?","T","E","R","E","M","E","R","B",null,"M","?","M","M","$","R","E","$","T","M","R","$","?","M","R","B",null,"M","?","M","M","M","E","$","E","T","$","R","E","?","$","R","B",null,"R","$","E","B",null],"character_chosen":"DEFECT","items_purchased":["Defragment","Conserve Battery","Runic Capacitor","Consume","Calipers","Capacitor","Chaos+1"],"campfire_rested":1,"item_purchase_floors":[22,22,25,25,44,48,48],"current_hp_per_floor":[66,71,55,55,55,29,29,29,29,23,47,43,43,38,38,21,65,64,64,64,52,67,67,53,68,78,78,78,93,93,93,93,93,95,95,95,95,95,92,78,98,98,98,100,100,90,90,100,100,86,97,97,100,99,99],"gold":38,"neow_bonus":"BOSS_RELIC","is_daily":false,"chose_seed":false,"campfire_upgraded":7,"win_rate":0.0,"timestamp":1610081718,"path_taken":["M","?","?","M","M","E","R","?","T","E","R","E","M","E","R","BOSS","M","?","?","M","$","R","E","$","T","M","R","$","?","M","R","BOSS","M","?","M","M","M","E","$","E","T","?","R","E","?","$","R","BOSS","R","$","E","BOSS"],"items_purchased_type":["Card","Card","Relic","Card","Relic","Card","Card"],"build_version":"2020-12-22","purchased_purges":3,"victory":true,"max_hp_per_floor":[75,80,80,80,80,80,80,80,80,80,80,80,80,80,80,80,80,80,80,80,85,85,85,85,85,95,95,95,95,95,95,95,95,95,95,95,95,95,95,95,100,100,100,100,100,100,100,100,100,100,100,100,100,100,100],"card_choices":[{"not_picked":["Go for the Eyes","Turbo"],"picked":"Doom and Gloom","floor":1.0},{"not_picked":["Aggregate","Force Field"],"picked":"Ball Lightning","floor":4.0},{"not_picked":["Blizzard","Ball Lightning"],"picked":"Cold Snap","floor":5.0},{"not_picked":["Skim","Rebound"],"picked":"BootSequence","floor":6.0},{"not_picked":["Barrage","Ball Lightning"],"picked":"Coolheaded","floor":10},{"not_picked":["Go for the Eyes","Hello World"],"picked":"Compile Driver","floor":12},{"not_picked":["Stack","White Noise"],"picked":"Leap","floor":13},{"not_picked":["Stack","Doom and Gloom"],"picked":"Hologram","floor":14},{"not_picked":["Meteor Strike","Reboot"],"picked":"Echo Form","floor":16},{"not_picked":["Skim+1","Tempest+1"],"picked":"Genetic Algorithm+1","floor":18},{"not_picked":["Undo","Chaos","Rebound"],"picked":"SKIP","floor":20},{"not_picked":["Static Discharge","Stack","Melter"],"picked":"SKIP","floor":21},{"not_picked":["Rip and Tear","Gash+1","White Noise"],"picked":"SKIP","floor":24},{"not_picked":["Doom and Gloom+1","Go for the Eyes"],"picked":"Defragment+1","floor":27},{"not_picked":["Storm","Genetic Algorithm","Doom and Gloom"],"picked":"SKIP","floor":31},{"not_picked":["Echo Form","Meteor Strike"],"picked":"Seek","floor":33},{"not_picked":["Gash","Conserve Battery","Beam Cell+1"],"picked":"SKIP","floor":35},{"not_picked":["Go for the Eyes","Hello World+1"],"picked":"Turbo+1","floor":37},{"not_picked":["Undo+1","Scrape"],"picked":"Force Field+1","floor":38},{"not_picked":["Force Field+1","Beam Cell"],"picked":"Tempest+1","floor":39},{"not_picked":["Turbo+1","Skim"],"picked":"Hologram","floor":40},{"not_picked":["Sweeping Beam+1","Aggregate+1","FTL+1"],"picked":"SKIP","floor":42},{"not_picked":["Gash","Seek+1","Redo+1"],"picked":"SKIP","floor":46},{"not_picked":["Rip and Tear","Auto Shields+1"],"picked":"Leap+1","floor":54}],"player_experience":1458362,"relics_obtained":[{"floor":6.0,"key":"Oddly Smooth Stone"},{"floor":6.0,"key":"HornCleat"},{"floor":9,"key":"Mercury Hourglass"},{"floor":10,"key":"Shuriken"},{"floor":10,"key":"War Paint"},{"floor":12,"key":"Art of War"},{"floor":12,"key":"Potion Belt"},{"floor":14,"key":"MealTicket"},{"floor":14,"key":"Matryoshka"},{"floor":24,"key":"TungstenRod"},{"floor":24,"key":"Symbiotic Virus"},{"floor":26,"key":"Lantern"},{"floor":26,"key":"Pear"},{"floor":30,"key":"Red Mask"},{"floor":40,"key":"Anchor"},{"floor":40,"key":"Bottled Flame"},{"floor":42,"key":"Letter Opener"},{"floor":42,"key":"PreservedInsect"},{"floor":43,"key":"Regal Pillow"},{"floor":46,"key":"Ornamental Fan"},{"floor":46,"key":"Toxic Egg 2"},{"floor":54,"key":"StrikeDummy"},{"floor":54,"key":"Ice Cream"}],"event_choices":[{"damage_healed":0.0,"max_hp_gain":5.0,"max_hp_loss":0.0,"gold_gain":0.0,"event_name":"Big Fish","player_choice":"Donut","floor":2.0,"gold_loss":0.0,"damage_taken":0.0},{"damage_healed":0.0,"max_hp_gain":0.0,"max_hp_loss":0.0,"gold_gain":0.0,"event_name":"Shining Light","player_choice":"Entered Light","floor":3.0,"gold_loss":0.0,"damage_taken":16.0,"cards_upgraded":["Defend_B","Zap"]},{"damage_healed":0,"gold_gain":0,"player_choice":"Searched \u00271\u0027 times","damage_taken":0,"max_hp_gain":0,"max_hp_loss":0,"event_name":"Dead Adventurer","floor":8,"gold_loss":0},{"damage_healed":0,"gold_gain":0,"player_choice":"Trade","damage_taken":0,"relics_obtained":["CultistMask"],"max_hp_gain":0,"max_hp_loss":0,"event_name":"FaceTrader","floor":19,"gold_loss":0},{"damage_healed":0,"gold_gain":0,"player_choice":"Fought Bandits","damage_taken":0,"max_hp_gain":0,"max_hp_loss":0,"event_name":"Masked Bandits","floor":30,"gold_loss":0},{"damage_healed":0,"gold_gain":222,"player_choice":"Wore Mask","damage_taken":0,"max_hp_gain":0,"max_hp_loss":0,"event_name":"Tomb of Lord Red Mask","floor":36,"gold_loss":0},{"damage_healed":0,"gold_gain":0,"player_choice":"Memory 1","damage_taken":0,"max_hp_gain":0,"max_hp_loss":0,"event_name":"SensoryStone","floor":47,"gold_loss":0}],"is_beta":false,"boss_relics":[{"not_picked":["Runic Pyramid","Philosopher\u0027s Stone"],"picked":"Astrolabe"},{"not_picked":["Fusion Hammer","Coffee Dripper"],"picked":"Snecko Eye"}],"items_purged_floors":[22,41,48],"is_endless":false,"potions_floor_spawned":[5,6,13,16,20,21,30,33,39,46],"ascension_level":10}}