{"host":"gf95gjygaqy6b70i","time":1610118963,"event":{"mods":["BaseMod","Colored Map","Colored Powertips","Minty Spire (QoL Compilation)"],"gold_per_floor":[113,113,133,308,324,355,355,2,2,2,2,2,23,39,39,158,158,183,15,33,47,147,147,163,188,241,285,285,309,309,3,3,127,127,140,153,253,271,286,286,305,332,332,44,60,0,0,333,333,333],"floor_reached":51,"playtime":2024,"items_purged":["Doubt"],"score":717,"play_id":"5ac467aa-dfaf-4a40-a267-285e4cbac58e","local_time":"20210108161603","is_ascension_mode":false,"campfire_choices":[{"floor":10.0,"key":"REST"},{"data":"Zap","floor":12.0,"key":"SMITH"},{"data":"Coolheaded","floor":15.0,"key":"SMITH"},{"floor":23,"key":"REST"},{"data":"Dualcast","floor":28,"key":"SMITH"},{"floor":32,"key":"REST"},{"floor":40,"key":"REST"},{"data":"Defragment","floor":47,"key":"SMITH"},{"data":"Master of Strategy","floor":49,"key":"SMITH"}],"circlet_count":0,"master_deck":["Strike_B","Strike_B","Strike_B","Strike_B","Defend_B","Defend_B","Defend_B","Defend_B","Zap+1","Dualcast+1","BootSequence","Leap+1","Sweeping Beam","Self Repair","Chrysalis","Coolheaded+1","Ball Lightning","Melter","Electrodynamics","The Bomb","Chill+1","Doom and Gloom","Rebound","Lockon+1","Cold Snap","Master of Strategy+1","BootSequence","Go for the Eyes+1","Gash+1","Defragment+1","Conserve Battery","Stack+1"],"relics":["Cracked Core","Potion Belt","Tiny Chest","Membership Card","Vajra","White Beast Statue","Busted Crown","Regal Pillow","Dream Catcher","Oddly Smooth Stone","Happy Flower","MutagenicStrength","Pear","Inserter","Orichalcum","Question Card","Bronze Scales","Lantern","Lee\u0027s Waffle","Red Mask"],"acts_visited":["Exordium","TheCity","TheBeyond"],"potions_floor_usage":[27,27,27,33,50,50,50,50],"damage_taken":[{"damage":1.0,"enemies":"Cultist","floor":1.0,"turns":3.0},{"damage":5.0,"enemies":"Jaw Worm","floor":3.0,"turns":4.0},{"damage":0.0,"enemies":"2 Louse","floor":5.0,"turns":2.0},{"damage":31.0,"enemies":"Gremlin Nob","floor":6.0,"turns":4.0},{"damage":0.0,"enemies":"2 Fungi Beasts","floor":13.0,"turns":3.0},{"damage":2.0,"enemies":"Exordium Wildlife","floor":14.0,"turns":3.0},{"damage":28,"enemies":"Slime Boss","floor":16,"turns":8},{"damage":9,"enemies":"Spheric Guardian","floor":18,"turns":4},{"damage":5,"enemies":"Shell Parasite","floor":20,"turns":5},{"damage":31,"enemies":"Snake Plant","floor":21,"turns":6},{"damage":8,"enemies":"3 Cultists","floor":24,"turns":4},{"damage":28,"enemies":"Gremlin Leader","floor":27,"turns":5},{"damage":18,"enemies":"Sentry and Sphere","floor":29,"turns":4},{"damage":14,"enemies":"Collector","floor":33,"turns":9},{"damage":24,"enemies":"Orb Walker","floor":35,"turns":4},{"damage":0,"enemies":"3 Shapes","floor":36,"turns":3},{"damage":36,"enemies":"Spire Growth","floor":38,"turns":5},{"damage":5,"enemies":"Jaw Worm Horde","floor":39,"turns":6},{"damage":34,"enemies":"Transient","floor":41,"turns":5},{"damage":0,"enemies":"4 Shapes","floor":45,"turns":6},{"damage":67,"enemies":"Time Eater","floor":50,"turns":11}],"seed_played":"-8626154059874028349","potions_obtained":[{"floor":1.0,"key":"DistilledChaos"},{"floor":6.0,"key":"PowerPotion"},{"floor":13.0,"key":"Dexterity Potion"},{"floor":14.0,"key":"SteroidPotion"},{"floor":16,"key":"Energy Potion"},{"floor":18,"key":"Energy Potion"},{"floor":20,"key":"LiquidMemories"},{"floor":27,"key":"Fruit Juice"},{"floor":29,"key":"Regen Potion"},{"floor":33,"key":"LiquidBronze"},{"floor":36,"key":"CultistPotion"},{"floor":38,"key":"Explosive Potion"}],"is_trial":false,"path_per_floor":["M","?","M","?","M","E","?","$","T","R","?","R","M","M","R","B",null,"M","$","M","M","?","R","M","T","T","E","R","M","?","$","R","B",null,"M","M","?","M","M","R","M","T","T","$","M","?","R","?","R","B",null],"character_chosen":"DEFECT","items_purchased":["Membership Card","Vajra","Chrysalis","Coolheaded","Regal Pillow","The Bomb","Cold Snap","Master of Strategy","Pear","PowerPotion","Defragment","Bronze Scales","Lantern","Lee\u0027s Waffle","Conserve Battery"],"campfire_rested":4,"item_purchase_floors":[8,8,8,8,19,19,31,31,31,31,44,44,44,44,44],"current_hp_per_floor":[74,56,51,51,51,20,45,45,45,67,67,67,74,72,72,51,75,73,73,75,51,51,75,74,74,74,51,51,40,40,50,90,83,90,73,80,80,51,53,90,63,63,63,97,97,97,97,97,97,52],"gold":333,"neow_bonus":"RANDOM_COMMON_RELIC","is_daily":false,"chose_seed":false,"campfire_upgraded":5,"win_rate":0.0,"timestamp":1610118963,"path_taken":["M","?","M","?","M","E","?","$","T","R","?","R","M","M","R","BOSS","M","$","M","M","?","R","M","?","T","E","R","M","?","$","R","BOSS","M","M","?","?","M","R","M","?","T","?","M","?","R","?","R","BOSS"],"items_purchased_type":["Relic","Relic","Card","Card","Relic","Card","Card","Card","Relic","Potion","Card","Relic","Relic","Relic","Card"],"build_version":"2020-12-22","purchased_purges":1,"victory":true,"max_hp_per_floor":[75,75,75,75,75,75,75,75,75,75,75,75,75,75,75,75,75,75,75,75,75,75,75,75,75,75,80,80,80,80,90,90,90,90,90,90,90,90,90,90,90,90,90,97,97,97,97,97,97,97],"card_choices":[{"not_picked":["White Noise","Go for the Eyes"],"picked":"BootSequence","floor":1.0},{"not_picked":["Streamline","Tempest"],"picked":"Leap","floor":3.0},{"not_picked":["Double Energy","Redo"],"picked":"Sweeping Beam","floor":5.0},{"not_picked":["Sweeping Beam","Darkness"],"picked":"Self Repair","floor":6.0},{"not_picked":["Blizzard","Glacier"],"picked":"Ball Lightning","floor":13.0},{"not_picked":["Steam","Sweeping Beam"],"picked":"Melter","floor":14.0},{"not_picked":["Echo Form","Multi-Cast"],"picked":"Electrodynamics","floor":16},{"not_picked":["Tempest"],"picked":"SKIP","floor":18},{"not_picked":[],"picked":"Chill+1","floor":20},{"not_picked":[],"picked":"Doom and Gloom","floor":21},{"not_picked":[],"picked":"Rebound","floor":24},{"not_picked":["Tempest"],"picked":"SKIP","floor":27},{"not_picked":[],"picked":"Lockon+1","floor":29},{"not_picked":[],"picked":"BootSequence","floor":32},{"not_picked":["Go for the Eyes"],"picked":"SKIP","floor":35},{"not_picked":[],"picked":"Go for the Eyes+1","floor":36},{"not_picked":[],"picked":"Gash+1","floor":38},{"not_picked":["Sweeping Beam"],"picked":"SKIP","floor":39},{"not_picked":["Coolheaded"],"picked":"SKIP","floor":41},{"not_picked":["Conserve Battery"],"picked":"Stack+1","floor":45}],"player_experience":16138,"relics_obtained":[{"floor":6.0,"key":"Tiny Chest"},{"floor":9.0,"key":"White Beast Statue"},{"floor":25,"key":"Dream Catcher"},{"floor":26,"key":"Oddly Smooth Stone"},{"floor":27,"key":"Happy Flower"},{"floor":42,"key":"Orichalcum"},{"floor":43,"key":"Question Card"}],"event_choices":[{"damage_healed":0.0,"max_hp_gain":0.0,"max_hp_loss":0.0,"gold_gain":0.0,"event_name":"Golden Idol","player_choice":"Take Damage","floor":2.0,"gold_loss":0.0,"damage_taken":18.0,"relics_obtained":["Golden Idol"]},{"damage_healed":0.0,"max_hp_gain":0.0,"max_hp_loss":0.0,"gold_gain":175.0,"event_name":"Liars Game","player_choice":"AGREE","floor":4.0,"gold_loss":0.0,"damage_taken":0.0,"cards_obtained":["Doubt"]},{"damage_healed":25.0,"max_hp_gain":0.0,"max_hp_loss":0.0,"gold_gain":0.0,"event_name":"Big Fish","player_choice":"Banana","floor":7.0,"gold_loss":0.0,"damage_taken":0.0},{"damage_healed":0.0,"max_hp_gain":0.0,"max_hp_loss":0.0,"gold_gain":0.0,"event_name":"Living Wall","player_choice":"Grow","floor":11.0,"gold_loss":0.0,"damage_taken":0.0,"cards_upgraded":["Leap"]},{"damage_healed":0,"gold_gain":100,"player_choice":"Pray","damage_taken":0,"max_hp_gain":0,"max_hp_loss":0,"event_name":"Golden Shrine","floor":22,"gold_loss":0},{"damage_healed":0,"gold_gain":0,"player_choice":"Inject Mutagens","damage_taken":0,"relics_obtained":["MutagenicStrength"],"max_hp_gain":0,"max_hp_loss":0,"event_name":"Drug Dealer","floor":30,"gold_loss":0},{"damage_healed":0,"gold_gain":100,"player_choice":"Pray","damage_taken":0,"max_hp_gain":0,"max_hp_loss":0,"event_name":"Golden Shrine","floor":37,"gold_loss":0},{"damage_healed":0,"gold_gain":0,"player_choice":"Paid","damage_taken":0,"relics_obtained":["Red Mask"],"max_hp_gain":0,"max_hp_loss":0,"event_name":"Tomb of Lord Red Mask","floor":46,"gold_loss":60},{"damage_healed":0,"gold_gain":333,"player_choice":"Gave Idol","damage_taken":0,"max_hp_gain":0,"max_hp_loss":0,"event_name":"The Moai Head","floor":48,"relics_lost":["Golden Idol"],"gold_loss":0}],"is_beta":false,"boss_relics":[{"not_picked":["Snecko Eye","Calling Bell"],"picked":"Busted Crown"},{"not_picked":["Cursed Key","SacredBark"],"picked":"Inserter"}],"items_purged_floors":[31],"is_endless":false,"potions_floor_spawned":[1,6,13,14,16,18,20,21,24,27,29,33,35,36,38,39,41,45],"ascension_level":0}}