{"host":"mydft8i2zzydgggw","time":1610139063,"event":{"mods":["AchievementEnabler","BaseMod","Colored Map","Colored Powertips","DeckTracker","Keyboard Shortcuts","Minty Spire (QoL Compilation)","Rare Cards Sparkle","StSLib","SuperFastMode","The Poker Player","everything is the same but u backflip on backflip"],"gold_per_floor":[109,122,18,35,45,45,71,71,120,120,153,169,187,187,187],"floor_reached":14,"playtime":283,"items_purged":[],"score":143,"play_id":"70d7e953-f49d-4c05-8aa2-3cc743ef5509","local_time":"20210109055103","is_ascension_mode":true,"campfire_choices":[{"data":"Creative AI","floor":6,"key":"SMITH"},{"data":"Zap","floor":10,"key":"SMITH"}],"circlet_count":0,"master_deck":["Strike_B","Strike_B","Strike_B","Strike_B","Defend_B","Defend_B","Defend_B","Defend_B","Zap+1","Dualcast","Creative AI+1","Turbo","Reinforced Body","FTL","Coolheaded"],"relics":["Cracked Core","NeowsBlessing","Matryoshka","Strawberry","Akabeko","Darkstone Periapt"],"acts_visited":["Exordium"],"potions_floor_usage":[7,11,11,13,14],"damage_taken":[{"damage":0,"enemies":"Jaw Worm","floor":1,"turns":1},{"damage":0,"enemies":"Cultist","floor":2,"turns":1},{"damage":0,"enemies":"Small Slimes","floor":4,"turns":1},{"damage":17,"enemies":"Looter","floor":5,"turns":4},{"damage":1,"enemies":"Lagavulin","floor":7,"turns":7},{"damage":35,"enemies":"3 Sentries","floor":11,"turns":7},{"damage":0,"enemies":"Blue Slaver","floor":12,"turns":2},{"damage":0,"enemies":"Exordium Wildlife","floor":13,"turns":4},{"damage":80,"enemies":"Gremlin Nob","floor":14,"turns":6}],"seed_played":"-964229776761555251","potions_obtained":[{"floor":2,"key":"EssenceOfSteel"},{"floor":5,"key":"Strength Potion"},{"floor":8,"key":"Explosive Potion"},{"floor":8,"key":"DuplicationPotion"},{"floor":12,"key":"BlessingOfTheForge"},{"floor":13,"key":"Regen Potion"}],"is_trial":false,"path_per_floor":["M","M","$","M","M","R","E","?","T","R","E","M","M","E"],"character_chosen":"DEFECT","items_purchased":["FairyPotion"],"campfire_rested":0,"item_purchase_floors":[3],"current_hp_per_floor":[68,68,68,68,51,51,50,50,57,57,22,22,22,0,0],"gold":187,"neow_bonus":"THREE_ENEMY_KILL","is_daily":false,"chose_seed":false,"campfire_upgraded":2,"win_rate":0.0,"timestamp":1610139063,"path_taken":["M","M","$","M","M","R","E","?","T","R","E","?","M","E"],"items_purchased_type":["Potion"],"build_version":"2020-12-22","purchased_purges":0,"victory":false,"max_hp_per_floor":[75,75,75,75,75,75,75,75,82,82,82,82,82,82,82],"card_choices":[{"not_picked":["Conserve Battery","Hologram","Steam"],"picked":"SKIP","floor":1},{"not_picked":["Stack","Rebound","Loop"],"picked":"SKIP","floor":2},{"not_picked":["Coolheaded","Genetic Algorithm"],"picked":"Creative AI","floor":4},{"not_picked":["Lockon","Stack"],"picked":"Turbo","floor":5},{"not_picked":["Darkness","Chill"],"picked":"Reinforced Body","floor":7},{"not_picked":["Core Surge","Turbo"],"picked":"FTL","floor":11},{"not_picked":["Gash","Steam"],"picked":"Coolheaded","floor":12},{"not_picked":["Sweeping Beam","White Noise","Compile Driver"],"picked":"SKIP","floor":13}],"player_experience":151160,"relics_obtained":[{"floor":7,"key":"Matryoshka"},{"floor":9,"key":"Strawberry"},{"floor":9,"key":"Akabeko"},{"floor":11,"key":"Darkstone Periapt"}],"event_choices":[{"damage_healed":0,"gold_gain":0,"player_choice":"Got Potions","damage_taken":0,"max_hp_gain":0,"max_hp_loss":0,"event_name":"Lab","floor":8,"gold_loss":0}],"is_beta":false,"boss_relics":[],"items_purged_floors":[],"is_endless":false,"potions_floor_spawned":[2,5,12,13],"killed_by":"Gremlin Nob","ascension_level":8}}