{"host":"9hmnsypyq1c5u7i3","time":1610149262,"event":{"mods":["BaseMod","Downfall","Minty Spire (QoL Compilation)","Quick Restart","Relic Stats","StSLib"],"gold_per_floor":[99,99,99,99,99,130,176,189,217,51,71,86,86,106,122,221,221,221,234,73,90,6,6,6,40,40,40,67,87,87,287,302,407,407,407,163,183,183,197,197,197,44,55,90,90,90,15,33,43,43],"floor_reached":51,"playtime":7624,"items_purged":["hexamod:Strike","hexamod:Haunted"],"score":723,"play_id":"2ffa4d00-208a-4bdd-9db6-44d0fab1fb79","local_time":"20210108174102","is_ascension_mode":false,"campfire_choices":[{"data":"hexamod:Sear","floor":1.0,"key":"SMITH"},{"floor":13.0,"key":"REST"},{"data":"hexamod:VolcanoVisage","floor":18.0,"key":"SMITH"},{"data":"hexamod:GhostflameInferno","floor":23.0,"key":"SMITH"},{"floor":30.0,"key":"REST"},{"data":"hexamod:GhostOfSpirePresent","floor":35,"key":"SMITH"},{"floor":40,"key":"REST"},{"floor":45,"key":"REST"},{"data":"expansioncontent:YouAreMine","floor":47,"key":"SMITH"}],"circlet_count":0,"master_deck":["hexamod:Strike+1","hexamod:Strike+1","hexamod:Strike+1","hexamod:Defend+1","hexamod:Defend+1","hexamod:Defend+1","hexamod:Defend+1","hexamod:Sear+1","hexamod:Float","hexamod:PhantomFireball+1","hexamod:BurningTouch+1","hexamod:AdvancingGuard","hexamod:GhostOfSpirePresent+1","hexamod:Hexaguard","hexamod:GhostflameBarrier","hexamod:PhantomFireball+1","hexamod:CatchUp","hexamod:WildfireWeapon","hexamod:VolcanoVisage+1","hexamod:ThermalTransfer+1","hexamod:Again","hexamod:HeatCrush","hexamod:GhostflameInferno+1","hexamod:HeatMetal+1","hexamod:HeatShield+1","hexamod:EmpoweringStance+1","hexamod:NightmareGuise+1","hexamod:GhostOfSpirePresent+1","hexamod:EmpoweringStance+1","hexamod:GhostOfSpirePresent+1","hexamod:GhostOfSpirePresent+1","expansioncontent:YouAreMine+1","Doubt"],"relics":["hexamod:SpiritBrand","downfall:HeartsMalice","Vajra","Toy Ornithopter","Pantograph","Philosopher\u0027s Stone","OrangePellets","Frozen Egg 2","Strawberry","Whetstone","SlaversCollar","DollysMirror","Dead Branch","Membership Card","Ginger","White Beast Statue","downfall:HeartBlessingGreen"],"acts_visited":["Exordium","TheCity","TheBeyond"],"potions_floor_usage":[44,50,50],"damage_taken":[{"damage":0.0,"enemies":"Cultist","floor":2.0,"turns":1.0},{"damage":0.0,"enemies":"2 Louse","floor":3.0,"turns":1.0},{"damage":0.0,"enemies":"Small Slimes","floor":4.0,"turns":1.0},{"damage":32.0,"enemies":"3 Sentries","floor":6.0,"turns":11.0},{"damage":1.0,"enemies":"Blue Slaver","floor":8.0,"turns":2.0},{"damage":20.0,"enemies":"Gremlin Nob","floor":9.0,"turns":4.0},{"damage":0.0,"enemies":"downfall:FleeingMerchant","floor":10.0,"turns":4.0},{"damage":1.0,"enemies":"3 Louse","floor":11.0,"turns":4.0},{"damage":7.0,"enemies":"Lots of Slimes","floor":12.0,"turns":4.0},{"damage":1.0,"enemies":"2 Fungi Beasts","floor":14.0,"turns":5.0},{"damage":1.0,"enemies":"Blue Slaver","floor":15.0,"turns":3.0},{"damage":26.0,"enemies":"downfall:Watcher","floor":16.0,"turns":10.0},{"damage":13.0,"enemies":"Spheric Guardian","floor":19.0,"turns":5.0},{"damage":0.0,"enemies":"downfall:FleeingMerchant","floor":20.0,"turns":4.0},{"damage":9.0,"enemies":"3 Byrds","floor":21.0,"turns":5.0},{"damage":9.0,"enemies":"downfall:FleeingMerchant","floor":22.0,"turns":4.0},{"damage":28.0,"enemies":"Slavers","floor":25.0,"turns":4.0},{"damage":20.0,"enemies":"Book of Stabbing","floor":28.0,"turns":6.0},{"damage":15.0,"enemies":"Snake Plant","floor":29.0,"turns":4.0},{"damage":2.0,"enemies":"Centurion and Healer","floor":32.0,"turns":6.0},{"damage":45.0,"enemies":"downfall:Ironclad","floor":33.0,"turns":8.0},{"damage":26,"enemies":"downfall:FleeingMerchant","floor":36,"turns":4},{"damage":10,"enemies":"3 Shapes","floor":37,"turns":4},{"damage":26,"enemies":"3 Darklings","floor":39,"turns":7},{"damage":0,"enemies":"downfall:FleeingMerchant","floor":42,"turns":1},{"damage":14,"enemies":"Jaw Worm Horde","floor":43,"turns":5},{"damage":17,"enemies":"Giant Head","floor":44,"turns":10},{"damage":0,"enemies":"Transient","floor":48,"turns":5},{"damage":0,"enemies":"Maw","floor":49,"turns":7},{"damage":26,"enemies":"downfall:Silent","floor":50,"turns":9}],"seed_played":"-326976739996320519","potions_obtained":[{"floor":8.0,"key":"Fire Potion"},{"floor":9.0,"key":"SteroidPotion"},{"floor":11.0,"key":"Fire Potion"},{"floor":14.0,"key":"DistilledChaos"},{"floor":21.0,"key":"Fire Potion"},{"floor":25.0,"key":"Regen Potion"},{"floor":32.0,"key":"BlessingOfTheForge"},{"floor":43,"key":"DuplicationPotion"},{"floor":44,"key":"SkillPotion"},{"floor":48,"key":"Regen Potion"}],"is_trial":false,"path_per_floor":["R","M","M","M","?","E","T","M","E","$","M","M","R","M","M","B",null,"R","M","$","M","$","R","T","E","?","?","E","M","R","?","M","B",null,"R","$","M","?","M","R","T","$","M","E","R","?","R","M","M","B",null],"character_chosen":"THE_SPIRIT","items_purchased":["hexamod:PhantomFireball","OrangePellets","hexamod:GhostflameInferno","hexamod:GhostOfSpirePresent+1","DollysMirror","Membership Card","expansioncontent:YouAreMine","Ginger","EssenceOfSteel","SneckoOil","Fire Potion"],"campfire_rested":4,"item_purchase_floors":[10,20,22,36,36,42,42,42,42,42,42],"current_hp_per_floor":[70,70,70,70,70,38,38,37,17,17,16,9,30,29,28,27,70,70,57,57,53,49,49,49,33,33,33,38,23,46,46,44,29,77,77,51,41,41,15,38,38,38,24,12,35,77,77,77,77,62],"gold":43,"neow_bonus":"THREE_ENEMY_KILL","is_daily":false,"chose_seed":false,"campfire_upgraded":5,"win_rate":0.0,"timestamp":1610149262,"path_taken":["R","M","?","M","?","E","T","?","E","?","M","M","R","M","M","BOSS","R","M","$","M","$","R","T","E","?","?","E","M","R","?","M","BOSS","R","$","M","?","?","R","T","$","M","E","R","?","R","M","M","BOSS"],"items_purchased_type":["Card","Relic","Card","Card","Relic","Relic","Card","Relic","Potion","Potion","Potion"],"build_version":"2020-12-22","purchased_purges":2,"victory":true,"max_hp_per_floor":[70,70,70,70,70,70,70,70,70,70,70,70,70,70,70,70,70,70,70,70,70,70,70,70,77,77,77,77,77,77,77,77,77,77,77,77,77,77,77,77,77,77,77,77,77,77,77,77,77,77],"relic_stats":{"OrangePellets":[2],"counters":[23,124],"Pantograph":50,"Dead Branch":[26],"Whetstone":["hexamod:PhantomFireball","hexamod:PhantomFireball"],"Ginger":[14],"obtain_stats":[{"Dead Branch":41,"Vajra":0,"downfall:HeartsMalice":0,"downfall:HeartBlessingGreen":47,"Whetstone":28,"Ginger":42,"Frozen Egg 2":24,"White Beast Statue":44,"OrangePellets":20,"SlaversCollar":34,"DollysMirror":36,"Pantograph":0,"Strawberry":25,"Philosopher\u0027s Stone":17,"Membership Card":42,"hexamod:SpiritBrand":0,"Toy Ornithopter":0},{"Dead Branch":17,"Vajra":0,"downfall:HeartsMalice":0,"downfall:HeartBlessingGreen":20,"Whetstone":11,"Ginger":18,"Frozen Egg 2":9,"White Beast Statue":20,"OrangePellets":7,"SlaversCollar":14,"DollysMirror":15,"Pantograph":0,"Strawberry":10,"Philosopher\u0027s Stone":5,"Membership Card":18,"hexamod:SpiritBrand":0,"Toy Ornithopter":0},{"Dead Branch":87,"Vajra":0,"downfall:HeartsMalice":0,"downfall:HeartBlessingGreen":103,"Whetstone":54,"Ginger":88,"Frozen Egg 2":44,"White Beast Statue":103,"OrangePellets":35,"SlaversCollar":72,"DollysMirror":76,"Pantograph":0,"Strawberry":48,"Philosopher\u0027s Stone":26,"Membership Card":88,"hexamod:SpiritBrand":0,"Toy Ornithopter":0}],"Toy Ornithopter":45},"card_choices":[{"not_picked":["hexamod:PhantomCloak","hexamod:DynamicBlow"],"picked":"hexamod:PhantomFireball","floor":2.0},{"not_picked":["hexamod:NightmareStrike","hexamod:NightmareGuise"],"picked":"hexamod:BurningTouch","floor":3.0},{"not_picked":["hexamod:HauntingEcho","hexamod:Haunt"],"picked":"hexamod:AdvancingGuard","floor":4.0},{"not_picked":["hexamod:Incineration","hexamod:Again"],"picked":"hexamod:GhostOfSpirePresent","floor":6.0},{"not_picked":["hexamod:AdvancingGuard","hexamod:NightmareGuise"],"picked":"hexamod:Hexaguard","floor":8.0},{"not_picked":["hexamod:Rewind","hexamod:BacktrackSmack"],"picked":"hexamod:GhostflameBarrier","floor":9.0},{"not_picked":["hexamod:Hexaguard","hexamod:AdvancingGuard","hexamod:Firestarter"],"picked":"SKIP","floor":10.0},{"not_picked":["hexamod:ExtraCrispy","hexamod:RecurringNightmare","hexamod:GhostShield"],"picked":"SKIP","floor":11.0},{"not_picked":["hexamod:NightmareStrike","hexamod:RainOfEmbers"],"picked":"hexamod:CatchUp","floor":12.0},{"not_picked":["hexamod:Firestarter","hexamod:EtherealExpedition","hexamod:Hexaguard"],"picked":"SKIP","floor":14.0},{"not_picked":["hexamod:HeatMetal","hexamod:GhostLash"],"picked":"hexamod:WildfireWeapon","floor":15.0},{"not_picked":["hexamod:FifthSeal","hexamod:TurnItUp"],"picked":"hexamod:VolcanoVisage","floor":16.0},{"not_picked":["hexamod:FastForward","hexamod:BurningTouch"],"picked":"hexamod:ThermalTransfer+1","floor":19.0},{"not_picked":["hexamod:HauntingEcho","hexamod:GhostflameBarrier","hexamod:RetreatToShadows"],"picked":"SKIP","floor":20.0},{"not_picked":["hexamod:InspiringFlames+1","hexamod:FastForward"],"picked":"hexamod:Again","floor":21.0},{"not_picked":["hexamod:Hexaguard","hexamod:Haunt"],"picked":"hexamod:HeatCrush","floor":22.0},{"not_picked":["hexamod:Firestarter","hexamod:ShieldOfDarkness","hexamod:GhostLash"],"picked":"SKIP","floor":25.0},{"not_picked":["hexamod:RainOfEmbers","hexamod:GhostOfSpirePast+1"],"picked":"hexamod:HeatMetal+1","floor":28.0},{"not_picked":["hexamod:GhostLash","hexamod:HeatMetal","hexamod:BurningTouch+1"],"picked":"SKIP","floor":29.0},{"not_picked":["hexamod:ShieldOfDarkness","hexamod:InspiringFlames"],"picked":"hexamod:HeatShield+1","floor":32.0},{"not_picked":["hexamod:GhostflameInferno","hexamod:HexaLevel+1"],"picked":"hexamod:EmpoweringStance+1","floor":33.0},{"not_picked":["hexamod:Again","hexamod:NightmareStrike+1"],"picked":"hexamod:NightmareGuise+1","floor":36},{"not_picked":["hexamod:Firestarter","hexamod:SwordOfDarkness","hexamod:ChargedBarrage"],"picked":"SKIP","floor":37},{"not_picked":["hexamod:BurningTouch+1","hexamod:ChargedBarrage"],"picked":"hexamod:GhostOfSpirePresent+1","floor":39},{"not_picked":["hexamod:GhostOfSpirePast+1","hexamod:EmpoweredFlame+1"],"picked":"hexamod:GhostOfSpirePresent+1","floor":42},{"not_picked":["hexamod:SecondSeal","hexamod:DynamicBlow+1","hexamod:HeatShield+1"],"picked":"SKIP","floor":43},{"not_picked":["hexamod:RainOfEmbers","hexamod:Firestarter+1","hexamod:NightmareGuise"],"picked":"SKIP","floor":44},{"not_picked":["hexamod:GhostShield","hexamod:GhostOfSpireFuture+1","hexamod:SpectersWail"],"picked":"SKIP","floor":48},{"not_picked":["hexamod:Firestarter+1","hexamod:ShieldOfDarkness","hexamod:EtherealExpedition"],"picked":"SKIP","floor":49}],"player_experience":814764,"relics_obtained":[{"floor":6.0,"key":"Vajra"},{"floor":7.0,"key":"Toy Ornithopter"},{"floor":9.0,"key":"Pantograph"},{"floor":24.0,"key":"Frozen Egg 2"},{"floor":25.0,"key":"Strawberry"},{"floor":28.0,"key":"Whetstone"},{"floor":41,"key":"Dead Branch"},{"floor":44,"key":"White Beast Statue"}],"event_choices":[{"damage_healed":0.0,"max_hp_gain":0.0,"max_hp_loss":0.0,"gold_gain":0.0,"event_name":"Upgrade Shrine","player_choice":"Upgraded","floor":5.0,"gold_loss":0.0,"damage_taken":0.0,"cards_upgraded":["hexamod:BurningTouch"]},{"damage_healed":0.0,"max_hp_gain":0.0,"max_hp_loss":0.0,"gold_gain":0.0,"event_name":"Back to Basics","player_choice":"Simplicity","floor":26.0,"gold_loss":0.0,"damage_taken":0.0,"cards_upgraded":["hexamod:Strike","hexamod:Strike","hexamod:Strike","hexamod:Defend","hexamod:Defend","hexamod:Defend","hexamod:Defend"]}],"is_beta":false,"boss_relics":[{"not_picked":["Cursed Key","Black Star"],"picked":"Philosopher\u0027s Stone"},{"not_picked":["SacredBark","Sozu"],"picked":"SlaversCollar"}],"items_purged_floors":[10,42],"is_endless":false,"potions_floor_spawned":[8,9,11,14,15,16,21,25,32,43,44,48,49],"ascension_level":0}}