{"host":"91blwi3hgehj6ch9","time":1610087609,"event":{"mods":["2.2 Compatiblity","AchievementEnabler","BaseMod","Colored Map","DeckTracker","Keyboard Shortcuts","Minty Spire (QoL Compilation)","Permanent Neow","Quick Restart","StSLib","SuperFastMode"],"gold_per_floor":[113,113,113,38,54,54,72,90,90,90,105,105,55,80,80,201,201,214,114,137,137,236,276,276,276,276,99,118,131,145,345,345,345,345],"floor_reached":33,"playtime":1076,"items_purged":["Defend_P","Strike_P","CarveReality"],"score":398,"play_id":"b8ab6bbb-6f92-4db3-804f-dbfee3f79332","local_time":"20210108153329","is_ascension_mode":true,"campfire_choices":[{"data":"Vigilance","floor":6.0,"key":"SMITH"},{"data":"CutThroughFate","floor":10.0,"key":"SMITH"},{"data":"EmptyFist","floor":15.0,"key":"SMITH"},{"floor":24.0,"key":"REST"},{"floor":32.0,"key":"REST"}],"circlet_count":0,"master_deck":["AscendersBane","Defend_P","Defend_P","Defend_P+1","Eruption+1","Vigilance+1","CutThroughFate+1","EmptyFist+1","InnerPeace+1","LessonLearned","FollowUp","Tantrum+1","SashWhip+1","Adaptation+1"],"relics":["PureWater","Golden Idol","Blue Candle","Empty Cage","Prayer Wheel","Eternal Feather"],"acts_visited":["Exordium","TheCity"],"potions_floor_usage":[33,33],"damage_taken":[{"damage":4.0,"enemies":"2 Louse","floor":1.0,"turns":3.0},{"damage":0.0,"enemies":"Small Slimes","floor":5.0,"turns":3.0},{"damage":2.0,"enemies":"Jaw Worm","floor":7.0,"turns":3.0},{"damage":10.0,"enemies":"Exordium Wildlife","floor":8.0,"turns":2.0},{"damage":1.0,"enemies":"3 Louse","floor":11.0,"turns":2.0},{"damage":3.0,"enemies":"Large Slime","floor":14.0,"turns":3.0},{"damage":38.0,"enemies":"The Guardian","floor":16.0,"turns":12.0},{"damage":0.0,"enemies":"Spheric Guardian","floor":18.0,"turns":2.0},{"damage":27.0,"enemies":"2 Thieves","floor":20.0,"turns":3.0},{"damage":48.0,"enemies":"Book of Stabbing","floor":23.0,"turns":5.0},{"damage":16.0,"enemies":"Cultist and Chosen","floor":28.0,"turns":6.0},{"damage":1.0,"enemies":"Shelled Parasite and Fungi","floor":29.0,"turns":4.0},{"damage":0.0,"enemies":"Snecko","floor":30.0,"turns":4.0},{"damage":16,"enemies":"Automaton","floor":33,"turns":6}],"seed_played":"-3495784678698662075","potions_obtained":[{"floor":1.0,"key":"LiquidMemories"},{"floor":11.0,"key":"BottledMiracle"},{"floor":16.0,"key":"CultistPotion"},{"floor":23.0,"key":"Swift Potion"}],"is_trial":false,"path_per_floor":["M","?","?","$","M","R","M","M","T","R","M","?","?","M","R","B",null,"M","$","M","?","?","E","R","?","T","$","M","M","M","?","R","B"],"character_chosen":"WATCHER","items_purchased":["FollowUp"],"campfire_rested":2,"item_purchase_floors":[27],"current_hp_per_floor":[61,61,61,61,61,61,59,49,49,49,48,53,53,50,50,12,57,57,57,30,54,54,6,27,27,27,27,11,10,10,10,37,21,21],"gold":345,"neow_bonus":"UPGRADE_CARD","is_daily":false,"chose_seed":false,"campfire_upgraded":3,"win_rate":0.0,"timestamp":1610087609,"path_taken":["M","?","?","?","M","R","M","M","T","R","?","?","?","M","R","BOSS","M","$","M","?","?","E","R","?","T","?","M","M","?","?","R","BOSS"],"items_purchased_type":["Card"],"build_version":"2020-12-22","purchased_purges":3,"victory":false,"max_hp_per_floor":[72,72,67,67,67,67,67,67,67,67,67,72,72,72,72,72,72,72,72,72,72,72,72,72,72,72,72,72,72,72,72,72,72,72],"card_choices":[{"not_picked":["BowlingBash","Protect","SignatureMove"],"picked":"SKIP","floor":1.0},{"not_picked":["FlurryOfBlows","ThirdEye","Wish"],"picked":"SKIP","floor":5.0},{"not_picked":["Weave","DeceiveReality"],"picked":"CarveReality","floor":7.0},{"not_picked":["FlurryOfBlows","Nirvana"],"picked":"CutThroughFate","floor":8.0},{"not_picked":["SashWhip","FlurryOfBlows"],"picked":"EmptyFist","floor":11.0},{"not_picked":["ForeignInfluence","Halt"],"picked":"InnerPeace","floor":14.0},{"not_picked":["Devotion","SpiritShield"],"picked":"LessonLearned","floor":16.0},{"not_picked":["EmptyBody","FlyingSleeves","Conclude"],"picked":"SKIP","floor":18.0},{"not_picked":["Evaluate","ThirdEye","SashWhip"],"picked":"SKIP","floor":20.0},{"not_picked":["BowlingBash","Crescendo","SignatureMove"],"picked":"SKIP","floor":23.0},{"not_picked":["FollowUp","CrushJoints"],"picked":"Tantrum","floor":28.0},{"not_picked":["FlyingSleeves","FlurryOfBlows","BowlingBash"],"picked":"SKIP","floor":28.0},{"not_picked":["Perseverance+1","ConjureBlade"],"picked":"SashWhip","floor":29.0},{"not_picked":["PathToVictory","SignatureMove","Weave"],"picked":"SKIP","floor":29.0},{"not_picked":["MentalFortress","WaveOfTheHand+1"],"picked":"Adaptation+1","floor":30.0},{"not_picked":["BowlingBash","JustLucky","FlurryOfBlows"],"picked":"SKIP","floor":30.0}],"player_experience":138416,"relics_obtained":[{"floor":9.0,"key":"Blue Candle"},{"floor":23.0,"key":"Prayer Wheel"},{"floor":26.0,"key":"Eternal Feather"}],"event_choices":[{"damage_healed":0.0,"max_hp_gain":0.0,"max_hp_loss":0.0,"gold_gain":0.0,"event_name":"Liars Game","player_choice":"Ignored","floor":2.0,"gold_loss":0.0,"damage_taken":0.0},{"damage_healed":0.0,"max_hp_gain":0.0,"max_hp_loss":5.0,"gold_gain":0.0,"event_name":"Golden Idol","player_choice":"Lose Max HP","floor":3.0,"gold_loss":0.0,"damage_taken":0.0,"relics_obtained":["Golden Idol"]},{"damage_healed":0.0,"max_hp_gain":5.0,"max_hp_loss":0.0,"gold_gain":0.0,"event_name":"Big Fish","player_choice":"Donut","floor":12.0,"gold_loss":0.0,"damage_taken":0.0},{"cards_removed":["Strike_P"],"damage_healed":0.0,"max_hp_gain":0.0,"max_hp_loss":0.0,"gold_gain":0.0,"event_name":"The Cleric","player_choice":"Card Removal","floor":13.0,"gold_loss":50.0,"damage_taken":0.0},{"damage_healed":24.0,"max_hp_gain":0.0,"max_hp_loss":0.0,"gold_gain":0.0,"event_name":"The Library","player_choice":"Heal","floor":21.0,"gold_loss":0.0,"damage_taken":0.0},{"damage_healed":0.0,"max_hp_gain":0.0,"max_hp_loss":0.0,"gold_gain":99.0,"event_name":"Nest","player_choice":"Stole From Cult","floor":22.0,"gold_loss":0.0,"damage_taken":0.0},{"damage_healed":0.0,"max_hp_gain":0.0,"max_hp_loss":0.0,"gold_gain":0.0,"event_name":"Vampires","player_choice":"Ignored","floor":25.0,"gold_loss":0.0,"damage_taken":0.0},{"damage_healed":0.0,"max_hp_gain":0.0,"max_hp_loss":0.0,"gold_gain":200.0,"event_name":"Wheel of Change","player_choice":"Gold","floor":31.0,"gold_loss":0.0,"damage_taken":0.0}],"is_beta":false,"boss_relics":[{"not_picked":["Astrolabe","SlaversCollar"],"picked":"Empty Cage"}],"items_purged_floors":[4,19,27],"is_endless":false,"potions_floor_spawned":[1,11,16,20,23,28],"killed_by":"Automaton","ascension_level":11}}