{"host":"g75gtovmj0ine2rf","time":1610100654,"event":{"mods":["2.2 Compatiblity","AchievementEnabler","Act Like it!","Aspiration","Astrologer","Bard","BaseMod","Better Match","BetterRewards","CapriCore","Challenge The Spire","ChefMod","Colored Map","Conspire","Elementarium","Energized Spire","Friendly Minions","Gensokyo","Halation","Hallownest","Hermit","HexUI Lib","Highlight Path","Hubris","Infinite Spire","Jedi Mod","Lobotomy","Menagerie","Minty Spire (QoL Compilation)","Puzzle Mod","Quick Restart","Rare Cards Sparkle","Relic Stats","Replay The Spire","Robot Space Explorer","Shade Mod","Shop Mod","Spicy Shops","StSLib","SuperFastMode","The Construct","The Cursed","The Dragon Tamer","The Factory","The Jungle","The Marked","The Runesmith","TheBandit","TheFirefly","TheSwordswoman","TheVacant","Transform Curses","Wandering Minibosses","thorton","vexMod"],"gold_per_floor":[111,111,36,55,75,106,106,140,191,101,118,1,1,13,13,513,513],"floor_reached":16,"playtime":822,"items_purged":[],"score":137,"play_id":"d6711f30-5d66-40c0-8b20-8e5415dc2334","local_time":"20210108211054","is_ascension_mode":true,"campfire_choices":[{"data":"Clumsy","floor":7,"key":"SMITH"},{"data":"RobotSpaceExplorer:MiniBoosters","floor":15,"key":"SMITH"}],"circlet_count":0,"master_deck":["RobotSpaceExplorer:Strike","RobotSpaceExplorer:Strike","RobotSpaceExplorer:Strike","RobotSpaceExplorer:Strike","RobotSpaceExplorer:Defend","RobotSpaceExplorer:Defend","RobotSpaceExplorer:Defend","RobotSpaceExplorer:Defend","RobotSpaceExplorer:MiniLasers","RobotSpaceExplorer:DualCore","jedi:LeechingStrike","RobotSpaceExplorer:Fix+1","RobotSpaceExplorer:SelfCleaning","RobotSpaceExplorer:StunGrenade","RobotSpaceExplorer:ScrapMissile","RobotSpaceExplorer:Jetpack","RobotSpaceExplorer:MiniBoosters+1"],"relics":["RobotSpaceExplorer:RoboCore","Gensokyo:Justice","Gensokyo:NagashiBinaDoll","halation:PrussianBluePaint","halation:PromiseList","Art of War","Strawberry"],"acts_visited":["Exordium"],"potions_floor_usage":[11,16],"damage_taken":[{"damage":2,"enemies":"Gensokyo:2_Kodama","floor":1,"turns":2},{"damage":0,"enemies":"Gensokyo:Python","floor":4,"turns":4},{"damage":0,"enemies":"Gensokyo:3_Fairies","floor":5,"turns":3},{"damage":39,"enemies":"Gensokyo:Mamizou","floor":6,"turns":12},{"damage":12,"enemies":"Gensokyo:Cirno","floor":8,"turns":5},{"damage":24,"enemies":"Gensokyo:Python_and_Kodama","floor":11,"turns":6},{"damage":4,"enemies":"Gensokyo:Kitsune","floor":14,"turns":3},{"damage":58,"enemies":"Gensokyo:Yukari","floor":16,"turns":7}],"seed_played":"-730869900864930044","potions_obtained":[{"floor":5,"key":"FearPotion"},{"floor":6,"key":"Swift Potion"},{"floor":14,"key":"Fire Potion"}],"is_trial":false,"path_per_floor":["M","?","?","M","M","E","R","E","T","COS","M","$","?","M","R","B"],"character_chosen":"RobotSpaceExplorer","items_purchased":["RobotSpaceExplorer:MiniBoosters"],"campfire_rested":0,"item_purchase_floors":[12],"current_hp_per_floor":[66,66,66,75,75,38,38,42,42,42,34,34,27,34,34,1,1],"gold":513,"neow_bonus":"RANDOM_EVENT","is_daily":false,"chose_seed":false,"campfire_upgraded":2,"win_rate":0.0,"timestamp":1610100654,"path_taken":["M","?","?","M","M","E","R","E","T","COS","?","$","?","M","R","BOSS"],"items_purchased_type":["Card"],"build_version":"2020-12-22","purchased_purges":0,"victory":false,"max_hp_per_floor":[75,75,75,75,75,75,75,75,75,75,75,75,75,75,75,82,82],"relic_stats":{"counters":[8,42],"Art of War":[2],"obtain_stats":[{"halation:PrussianBluePaint":6,"Strawberry":16,"RobotSpaceExplorer:RoboCore":0,"Gensokyo:NagashiBinaDoll":2,"halation:PromiseList":8,"Art of War":9,"Gensokyo:Justice":0},{"halation:PrussianBluePaint":4,"Strawberry":8,"RobotSpaceExplorer:RoboCore":0,"Gensokyo:NagashiBinaDoll":1,"halation:PromiseList":5,"Art of War":5,"Gensokyo:Justice":0},{"halation:PrussianBluePaint":21,"Strawberry":38,"RobotSpaceExplorer:RoboCore":0,"Gensokyo:NagashiBinaDoll":2,"halation:PromiseList":26,"Art of War":26,"Gensokyo:Justice":0}]},"card_choices":[{"not_picked":["RobotSpaceExplorer:Blitz","RobotSpaceExplorer:FreezeRay"],"picked":"RobotSpaceExplorer:DualCore","floor":1},{"not_picked":["Violence+1","Magnetism+1"],"picked":"jedi:LeechingStrike","floor":3},{"not_picked":["RobotSpaceExplorer:MetalStrike","RobotSpaceExplorer:GlueShot"],"picked":"RobotSpaceExplorer:Fix","floor":4},{"not_picked":["RobotSpaceExplorer:FrostMissile","RobotSpaceExplorer:Probe"],"picked":"RobotSpaceExplorer:SelfCleaning","floor":5},{"not_picked":["RobotSpaceExplorer:ShockKick","RobotSpaceExplorer:Counterblock"],"picked":"RobotSpaceExplorer:StunGrenade","floor":6},{"not_picked":["RobotSpaceExplorer:GearShield","RobotSpaceExplorer:TurboDodge"],"picked":"RobotSpaceExplorer:ScrapMissile","floor":8},{"not_picked":["RobotSpaceExplorer:StunGrenade","RobotSpaceExplorer:SlimeMissile"],"picked":"RobotSpaceExplorer:Jetpack","floor":11},{"not_picked":["RobotSpaceExplorer:Probe","RobotSpaceExplorer:MakeshiftVolley","RobotSpaceExplorer:Pulsar"],"picked":"SKIP","floor":14}],"player_experience":1391938,"relics_obtained":[{"floor":6,"key":"halation:PrussianBluePaint"},{"floor":8,"key":"halation:PromiseList"},{"floor":9,"key":"Art of War"}],"event_choices":[{"damage_healed":0,"gold_gain":0,"player_choice":"2","damage_taken":0,"max_hp_gain":0,"max_hp_loss":0,"event_name":"betterMatch:BetterMatch","floor":3,"gold_loss":0,"cards_obtained":["betterMatch:ColorlessRareCard"]}],"is_beta":false,"boss_relics":[],"items_purged_floors":[],"is_endless":false,"potions_floor_spawned":[5,6,14],"killed_by":"Gensokyo:Yukari","ascension_level":6}}