{"host":"4rvakrj1idbgia3f","time":1610069014,"event":{"mods":["BaseMod","Colored Map","Colored Powertips","DeckTracker","Highlight Path","Minty Spire (QoL Compilation)","Random Character Button","StSLib"],"gold_per_floor":[119,119,131,131,56,56,69,69,95,124,138,138,148,178,178,251,251,270,108,108,108,108,108,118,136,136,162,162,187,187,212,212,291,291,309,309,320,370,2,2,22,47,74,94,108,108,108,134,134,134,134,134,134,27,53,53,53],"floor_reached":56,"playtime":2932,"items_purged":["Strike_R","Armaments+1","Armaments+1"],"score":2092,"play_id":"27ac782a-d2c1-4d36-8441-213ab2587317","local_time":"20210108102334","is_ascension_mode":true,"campfire_choices":[{"data":"Carnage","floor":6.0,"key":"SMITH"},{"data":"Feed","floor":8.0,"key":"SMITH"},{"data":"Bash","floor":12.0,"key":"SMITH"},{"data":"True Grit","floor":15.0,"key":"SMITH"},{"data":"Immolate","floor":23.0,"key":"SMITH"},{"data":"Armaments","floor":28.0,"key":"SMITH"},{"data":"Bludgeon","floor":30.0,"key":"SMITH"},{"data":"Shockwave","floor":32.0,"key":"SMITH"},{"floor":40.0,"key":"RECALL"},{"floor":47.0,"key":"REST"},{"floor":49.0,"key":"REST"},{"floor":53.0,"key":"REST"}],"circlet_count":0,"master_deck":["AscendersBane","Defend_R","Defend_R","Bash+1","Feed+1","Carnage+1","Shrug It Off","Immolate+1","True Grit+1","Reaper","Shockwave+1","Evolve","Disarm","Blood for Blood","Second Wind+1","Bludgeon+1","Dark Embrace+1","Flame Barrier","Double Tap","Shrug It Off","Apotheosis","True Grit+1"],"relics":["Burning Blood","PreservedInsect","Matryoshka","Anchor","Snecko Eye","Smiling Mask","CaptainsWheel","Frozen Egg 2","Ice Cream","Akabeko","Fusion Hammer","Pen Nib","Pantograph","Turnip","Question Card","Bird Faced Urn","Bottled Flame"],"acts_visited":["Exordium","TheCity","TheBeyond","TheEnding"],"potions_floor_usage":[55,56],"damage_taken":[{"damage":0.0,"enemies":"Small Slimes","floor":1.0,"turns":3.0},{"damage":0.0,"enemies":"Jaw Worm","floor":3.0,"turns":3.0},{"damage":0.0,"enemies":"2 Louse","floor":7.0,"turns":1.0},{"damage":15.0,"enemies":"3 Sentries","floor":10.0,"turns":5.0},{"damage":6.0,"enemies":"Looter","floor":11.0,"turns":3.0},{"damage":6.0,"enemies":"Red Slaver","floor":13.0,"turns":2.0},{"damage":20.0,"enemies":"Lagavulin","floor":14.0,"turns":4.0},{"damage":59.0,"enemies":"Hexaghost","floor":16.0,"turns":9.0},{"damage":1.0,"enemies":"2 Thieves","floor":18.0,"turns":2.0},{"damage":5.0,"enemies":"Shell Parasite","floor":24.0,"turns":2.0},{"damage":11.0,"enemies":"Shelled Parasite and Fungi","floor":25.0,"turns":2.0},{"damage":19.0,"enemies":"Slavers","floor":27.0,"turns":3.0},{"damage":10.0,"enemies":"Book of Stabbing","floor":29.0,"turns":4.0},{"damage":0.0,"enemies":"Slavers","floor":31.0,"turns":2.0},{"damage":38.0,"enemies":"Automaton","floor":33.0,"turns":7.0},{"damage":5.0,"enemies":"3 Shapes","floor":35.0,"turns":5.0},{"damage":2.0,"enemies":"Orb Walker","floor":37.0,"turns":2.0},{"damage":0.0,"enemies":"Jaw Worm Horde","floor":41.0,"turns":1.0},{"damage":23.0,"enemies":"Nemesis","floor":42.0,"turns":5.0},{"damage":0.0,"enemies":"3 Darklings","floor":44.0,"turns":2.0},{"damage":0.0,"enemies":"Writhing Mass","floor":45.0,"turns":2.0},{"damage":0.0,"enemies":"Reptomancer","floor":48.0,"turns":2.0},{"damage":5.0,"enemies":"Time Eater","floor":50.0,"turns":7.0},{"damage":115.0,"enemies":"Awakened One","floor":51.0,"turns":12.0},{"damage":33,"enemies":"Shield and Spear","floor":55,"turns":4},{"damage":156,"enemies":"The Heart","floor":56,"turns":9}],"seed_played":"8772365171629333028","potions_obtained":[{"floor":1.0,"key":"Block Potion"},{"floor":3.0,"key":"SteroidPotion"},{"floor":7.0,"key":"BloodPotion"},{"floor":11.0,"key":"HeartOfIron"},{"floor":18.0,"key":"SkillPotion"},{"floor":25.0,"key":"SteroidPotion"},{"floor":31.0,"key":"Block Potion"},{"floor":33.0,"key":"LiquidMemories"},{"floor":48.0,"key":"Fire Potion"}],"is_trial":false,"path_per_floor":["M","?","M","?","?","R","M","R","T","E","M","R","M","E","R","B",null,"M","$","?","?","?","R","M","M","T","E","R","E","R","E","R","B",null,"M","T","M","?","$","R","M","E","T","M","M","?","R","E","R","B","B",null,"R","$","E","B"],"character_chosen":"IRONCLAD","items_purchased":["Evolve","Turnip","FearPotion"],"campfire_rested":3,"item_purchase_floors":[19,39,54],"current_hp_per_floor":[71,64,73,51,51,51,57,57,57,52,56,56,56,46,46,10,67,76,76,76,76,76,76,81,86,86,89,89,85,85,95,95,67,99,104,104,118,118,118,118,118,118,118,118,118,118,118,122,122,126,39,107,130,130,117,0,0],"gold":53,"neow_bonus":"TRANSFORM_TWO_CARDS","is_daily":false,"chose_seed":false,"campfire_upgraded":8,"win_rate":0.0,"timestamp":1610069014,"path_taken":["M","?","M","?","?","R","?","R","T","E","M","R","M","E","R","BOSS","M","$","?","?","?","R","M","?","T","E","R","E","R","E","R","BOSS","M","?","M","?","$","R","?","E","T","M","M","?","R","E","R","BOSS","BOSS","R","$","E","BOSS"],"items_purchased_type":["Card","Relic","Potion"],"build_version":"2020-12-22","purchased_purges":3,"victory":false,"max_hp_per_floor":[71,71,74,74,74,74,74,74,74,78,82,82,82,86,86,86,86,90,90,90,90,90,90,94,98,98,102,102,102,102,106,106,110,110,114,114,118,118,118,118,118,118,118,118,118,118,118,122,122,126,130,130,130,130,130,130,130],"card_choices":[{"not_picked":["Flex","Shockwave"],"picked":"Carnage","floor":1.0},{"not_picked":["Heavy Blade","Anger","Sword Boomerang"],"picked":"SKIP","floor":3.0},{"not_picked":["Bloodletting","Thunderclap"],"picked":"Cleave","floor":7.0},{"not_picked":["Cleave","Warcry","Dual Wield"],"picked":"SKIP","floor":10.0},{"not_picked":["Carnage","Flame Barrier"],"picked":"Shrug It Off","floor":11.0},{"not_picked":["Shockwave","True Grit"],"picked":"Immolate","floor":13.0},{"not_picked":["Shrug It Off","Wild Strike"],"picked":"True Grit","floor":14.0},{"not_picked":["Immolate","Corruption"],"picked":"Reaper","floor":16.0},{"not_picked":["Anger","Carnage"],"picked":"Shockwave","floor":18.0},{"not_picked":["Warcry+1","Battle Trance"],"picked":"Second Wind+1","floor":24.0},{"not_picked":["Perfected Strike","Sword Boomerang","Havoc"],"picked":"SKIP","floor":25.0},{"not_picked":["Armaments","Pommel Strike"],"picked":"Bludgeon","floor":27.0},{"not_picked":["Perfected Strike","Dropkick"],"picked":"Dark Embrace+1","floor":29.0},{"not_picked":["Body Slam","True Grit"],"picked":"Flame Barrier","floor":31.0},{"not_picked":["Limit Break","Brutality+1"],"picked":"Double Tap","floor":33.0},{"not_picked":["Rampage","Cleave","Anger+1"],"picked":"SKIP","floor":35.0},{"not_picked":["Armaments+1","Clash+1","Perfected Strike"],"picked":"SKIP","floor":37.0},{"not_picked":["Carnage","Dark Embrace+1","Rupture+1"],"picked":"SKIP","floor":41.0},{"not_picked":["Body Slam","Combust+1","Warcry"],"picked":"SKIP","floor":42.0},{"not_picked":["Blood for Blood+1","Second Wind","Dropkick+1","Uppercut"],"picked":"SKIP","floor":44.0},{"not_picked":["Havoc","Cleave","Hemokinesis"],"picked":"Shrug It Off","floor":45.0},{"not_picked":["Transmutation","Secret Weapon","Madness"],"picked":"Apotheosis","floor":46.0},{"not_picked":["Sever Soul","Perfected Strike+1","Bloodletting","Clothesline"],"picked":"SKIP","floor":48.0},{"not_picked":["Armaments+1","Feed","Thunderclap"],"picked":"True Grit+1","floor":55}],"player_experience":1965253,"relics_obtained":[{"floor":9.0,"key":"PreservedInsect"},{"floor":10.0,"key":"Matryoshka"},{"floor":14.0,"key":"Anchor"},{"floor":26.0,"key":"Smiling Mask"},{"floor":26.0,"key":"CaptainsWheel"},{"floor":27.0,"key":"Frozen Egg 2"},{"floor":29.0,"key":"Ice Cream"},{"floor":31.0,"key":"Akabeko"},{"floor":36.0,"key":"Pen Nib"},{"floor":36.0,"key":"Pantograph"},{"floor":42.0,"key":"Question Card"},{"floor":48.0,"key":"Bird Faced Urn"},{"floor":55,"key":"Bottled Flame"}],"event_choices":[{"cards_removed":["Strike_R"],"damage_healed":0.0,"max_hp_gain":0.0,"max_hp_loss":0.0,"gold_gain":0.0,"event_name":"Golden Wing","player_choice":"Card Removal","floor":2.0,"gold_loss":0.0,"damage_taken":7.0},{"damage_healed":0.0,"max_hp_gain":0.0,"max_hp_loss":0.0,"gold_gain":0.0,"event_name":"Shining Light","player_choice":"Entered Light","floor":4.0,"gold_loss":0.0,"damage_taken":22.0,"cards_upgraded":["Armaments","Strike_R"]},{"cards_removed":["Defend_R"],"damage_healed":0.0,"max_hp_gain":0.0,"max_hp_loss":0.0,"gold_gain":0.0,"event_name":"The Cleric","player_choice":"Card Removal","floor":5.0,"gold_loss":75.0,"damage_taken":0.0},{"damage_healed":0.0,"max_hp_gain":0.0,"max_hp_loss":0.0,"gold_gain":0.0,"event_name":"Vampires","player_choice":"Ignored","floor":20.0,"gold_loss":0.0,"damage_taken":0.0},{"damage_healed":0.0,"max_hp_gain":0.0,"max_hp_loss":0.0,"gold_gain":0.0,"cards_transformed":["Strike_R","Cleave"],"event_name":"Drug Dealer","player_choice":"Became Test Subject","floor":21.0,"gold_loss":0.0,"damage_taken":0.0,"cards_obtained":["Disarm","Blood for Blood"]},{"damage_healed":0.0,"max_hp_gain":0.0,"max_hp_loss":0.0,"gold_gain":0.0,"cards_transformed":["Strike_R"],"event_name":"Transmorgrifier","player_choice":"Transformed","floor":22.0,"gold_loss":0.0,"damage_taken":0.0,"cards_obtained":["Armaments"]},{"damage_healed":0.0,"max_hp_gain":0.0,"max_hp_loss":0.0,"gold_gain":50.0,"event_name":"Golden Shrine","player_choice":"Pray","floor":38.0,"gold_loss":0.0,"damage_taken":0.0},{"damage_healed":0.0,"max_hp_gain":0.0,"max_hp_loss":0.0,"gold_gain":0.0,"event_name":"SensoryStone","player_choice":"Memory 1","floor":46.0,"gold_loss":0.0,"damage_taken":0.0}],"is_beta":false,"boss_relics":[{"not_picked":["Ectoplasm","Mark of Pain"],"picked":"Snecko Eye"},{"not_picked":["Busted Crown","Runic Cube"],"picked":"Fusion Hammer"}],"items_purged_floors":[19,39,54],"is_endless":false,"potions_floor_spawned":[1,3,7,11,18,25,31,33,37,42,44,48],"killed_by":"The Heart","ascension_level":20}}