{"host":"873t0y8ybyo38pfq","time":1610129169,"event":{"mods":["BaseMod","Bestiary","Colored Map","Colored Powertips","Highlight Path","Minty Spire (QoL Compilation)","Quick Restart","RNG Fix","Rare Cards Sparkle","Relic Stats","StSLib"],"gold_per_floor":[20,30,49,49,49,49,66,15,41,71,86,115,128,53,53,130,130,150,150,162,181,192,192,221,231,277,288,288,288],"floor_reached":28,"playtime":1267,"items_purged":["Strike_B"],"score":508,"play_id":"81186b2d-963d-4bee-9c8e-7fde1aa65f70","local_time":"20210108130609","is_ascension_mode":true,"campfire_choices":[{"data":"Go for the Eyes","floor":6,"key":"SMITH"},{"floor":15,"key":"REST"},{"data":"Machine Learning","floor":23,"key":"SMITH"}],"circlet_count":0,"master_deck":["AscendersBane","Defend_B+1","Defend_B","Defend_B","Defend_B+1","Zap","Dualcast","Go for the Eyes+1","Doom and Gloom+1","Reinforced Body","Coolheaded","Conserve Battery","White Noise","Genetic Algorithm","Sunder","Machine Learning+1","White Noise+1","Fusion+1","Double Energy+1","Ghostly","Ghostly","Ghostly","Echo Form","Reinforced Body+1"],"relics":["Cracked Core","Torii","Gremlin Horn","Pear","Astrolabe","Du-Vu Doll","Akabeko"],"acts_visited":["Exordium","TheCity"],"potions_floor_usage":[12,16,22,24,24,25],"damage_taken":[{"damage":1,"enemies":"Cultist","floor":1,"turns":3},{"damage":1,"enemies":"Jaw Worm","floor":2,"turns":3},{"damage":0,"enemies":"2 Louse","floor":3,"turns":2},{"damage":19,"enemies":"Large Slime","floor":7,"turns":5},{"damage":15,"enemies":"Gremlin Nob","floor":10,"turns":4},{"damage":0,"enemies":"Blue Slaver","floor":11,"turns":3},{"damage":2,"enemies":"3 Sentries","floor":12,"turns":5},{"damage":0,"enemies":"3 Louse","floor":13,"turns":3},{"damage":9,"enemies":"Hexaghost","floor":16,"turns":11},{"damage":14,"enemies":"3 Byrds","floor":18,"turns":4},{"damage":11,"enemies":"Spheric Guardian","floor":20,"turns":8},{"damage":1,"enemies":"Shelled Parasite and Fungi","floor":21,"turns":8},{"damage":3,"enemies":"Snake Plant","floor":22,"turns":4},{"damage":8,"enemies":"Slavers","floor":24,"turns":5},{"damage":1,"enemies":"Cultist and Chosen","floor":25,"turns":7},{"damage":13,"enemies":"Sentry and Sphere","floor":27,"turns":5},{"damage":7,"enemies":"Shelled Parasite and Fungi","floor":28,"turns":2}],"seed_played":"4392540084479159763","potions_obtained":[{"floor":1,"key":"BlessingOfTheForge"},{"floor":10,"key":"DuplicationPotion"},{"floor":11,"key":"Fire Potion"},{"floor":13,"key":"SneckoOil"},{"floor":16,"key":"Weak Potion"},{"floor":21,"key":"FocusPotion"},{"floor":22,"key":"Strength Potion"},{"floor":24,"key":"DistilledChaos"},{"floor":27,"key":"PotionOfCapacity"}],"is_trial":false,"path_per_floor":["M","M","M","?","?","R","M","$","T","E","M","E","M","$","R","B",null,"M","?","M","M","M","R","E","M","T","M","M"],"character_chosen":"DEFECT","items_purchased":["Conserve Battery"],"campfire_rested":1,"item_purchase_floors":[8],"current_hp_per_floor":[63,62,62,41,41,41,22,22,22,7,7,15,15,15,39,30,68,54,40,29,28,25,25,17,16,16,3,0,0],"gold":288,"neow_bonus":"ONE_RARE_RELIC","is_daily":false,"chose_seed":false,"campfire_upgraded":2,"win_rate":0.0,"timestamp":1610129169,"path_taken":["M","M","M","?","?","R","M","$","T","E","M","E","?","?","R","BOSS","M","?","M","M","M","R","E","?","T","M","M"],"items_purchased_type":["Card"],"build_version":"2020-12-22","purchased_purges":1,"victory":false,"max_hp_per_floor":[71,71,71,71,71,71,71,71,71,71,71,81,81,81,81,81,81,81,40,40,40,40,40,40,40,40,40,40,40],"relic_stats":{"Torii":19,"Gremlin Horn":[11,11],"counters":[17,82],"Astrolabe":["White Noise","Fusion","Double Energy"],"obtain_stats":[{"Du-Vu Doll":24,"Pear":12,"Torii":0,"Gremlin Horn":10,"Astrolabe":17,"Cracked Core":0,"Akabeko":26},{"Du-Vu Doll":14,"Pear":7,"Torii":0,"Gremlin Horn":5,"Astrolabe":9,"Cracked Core":0,"Akabeko":15},{"Du-Vu Doll":68,"Pear":25,"Torii":0,"Gremlin Horn":17,"Astrolabe":39,"Cracked Core":0,"Akabeko":75}]},"card_choices":[{"not_picked":["Fusion","Turbo"],"picked":"Go for the Eyes","floor":1},{"not_picked":["Conserve Battery","Capacitor"],"picked":"Doom and Gloom","floor":2},{"not_picked":["Auto Shields","Coolheaded"],"picked":"Reinforced Body","floor":3},{"not_picked":["Cold Snap","Go for the Eyes"],"picked":"Coolheaded","floor":7},{"not_picked":["Consume","Rebound"],"picked":"White Noise","floor":10},{"not_picked":["Steam Power","Amplify"],"picked":"Genetic Algorithm","floor":11},{"not_picked":["White Noise","Turbo"],"picked":"Sunder","floor":12},{"not_picked":["Barrage","Streamline","Sweeping Beam"],"picked":"SKIP","floor":13},{"not_picked":["Fission","Amplify"],"picked":"Machine Learning","floor":16},{"not_picked":["Steam","Turbo","Steam Power"],"picked":"SKIP","floor":18},{"not_picked":["Heatsinks+1","Hologram","Compile Driver"],"picked":"SKIP","floor":20},{"not_picked":["Gash","Rebound","Coolheaded"],"picked":"SKIP","floor":21},{"not_picked":["Turbo","Streamline","Rip and Tear"],"picked":"SKIP","floor":22},{"not_picked":["Static Discharge","Cold Snap+1"],"picked":"Echo Form","floor":24},{"not_picked":["Static Discharge","Recycle","Barrage"],"picked":"SKIP","floor":25},{"not_picked":["FTL","Undo"],"picked":"Reinforced Body+1","floor":27}],"player_experience":1552922,"relics_obtained":[{"floor":10,"key":"Gremlin Horn"},{"floor":12,"key":"Pear"},{"floor":24,"key":"Du-Vu Doll"},{"floor":26,"key":"Akabeko"}],"event_choices":[{"damage_healed":0,"gold_gain":0,"player_choice":"Entered Light","damage_taken":21,"max_hp_gain":0,"max_hp_loss":0,"event_name":"Shining Light","floor":4,"gold_loss":0,"cards_upgraded":["Defend_B","Defend_B"]},{"damage_healed":0,"gold_gain":0,"player_choice":"Grow","damage_taken":0,"max_hp_gain":0,"max_hp_loss":0,"event_name":"Living Wall","floor":5,"gold_loss":0,"cards_upgraded":["Doom and Gloom"]},{"damage_healed":0,"gold_gain":0,"player_choice":"Became a Ghost","damage_taken":0,"max_hp_gain":0,"max_hp_loss":41,"event_name":"Ghosts","floor":19,"gold_loss":0,"cards_obtained":["Ghostly","Ghostly","Ghostly"]}],"is_beta":false,"boss_relics":[{"not_picked":["Runic Pyramid","SlaversCollar"],"picked":"Astrolabe"}],"items_purged_floors":[14],"is_endless":false,"potions_floor_spawned":[1,10,11,13,16,21,22,24,27],"killed_by":"Shelled Parasite and Fungi","ascension_level":20}}