{"host":"t6w2q9o6m1ipuhb5","time":1610090169,"event":{"mods":["2.2 Compatiblity","Abigail Mod","AchievementEnabler","Arknights The Spire","BaseMod","Chen","Colored Map","Colored Powertips","Downfall","Friendly Minions","GifTheSpireLib","Hermit","Hubris","Infinite Spire","KinomotoSakuraMod(????)","Kiyohime????","Marisa????????","Mimic Mod","Minty Spire (QoL Compilation)","Permanent Neow","Prisma Mod","Quick Restart","Reimu??????","Remilia??????","Replay The Spire","StSLib","SuperFastMode","The Animator","The Bug Knight","The Construct","The Cursed","The Marked","The Mystic","The Senshi","Waifu the Spire"],"gold_per_floor":[113,113,113,128,142,182,182,200,200,256,256,2,16,49,49,227,227,281,536,592,666,666,666],"floor_reached":22,"playtime":2268,"items_purged":[],"score":248,"play_id":"bd1578da-2ee4-43ba-b181-6a971e30695b","local_time":"20210108021609","is_ascension_mode":false,"campfire_choices":[{"floor":7,"key":"REST"}],"circlet_count":0,"master_deck":["Strike_MRS","Strike_MRS+1","Strike_MRS","Strike_MRS","Defend_MRS","Defend_MRS+1","Defend_MRS","Defend_MRS","MasterSpark","UpSweep+1","Injury","DC","DoubleSpark","GrandCross","WitchOfGreed","MilkyWay","GrandCross","WitchOfGreed","CasketOfStar","MysteriousBeam","DeepEcoloBomb","MysteriousBeam","NonDirectionalLaser"],"relics":["MiniHakkero","Golden Idol","Bag of Marbles","Replay:Bottled Steam","Lantern","Iron Hammer","Black Star"],"acts_visited":["Exordium","TheCity"],"potions_floor_usage":[6,10,16,16,20,21,22],"damage_taken":[{"damage":0,"enemies":"2 Louse","floor":1,"turns":2},{"damage":6,"enemies":"Jaw Worm","floor":4,"turns":3},{"damage":0,"enemies":"Small Slimes","floor":5,"turns":3},{"damage":17,"enemies":"Gremlin Nob","floor":6,"turns":4},{"damage":14,"enemies":"Exordium Thugs","floor":8,"turns":3},{"damage":31,"enemies":"Lagavulin","floor":10,"turns":4},{"damage":0,"enemies":"Looter","floor":13,"turns":1},{"damage":0,"enemies":"Red Slaver","floor":14,"turns":2},{"damage":0,"enemies":"Slime Boss","floor":16,"turns":7},{"damage":10,"enemies":"2 Thieves","floor":18,"turns":2},{"damage":48,"enemies":"3 Byrds","floor":20,"turns":7},{"damage":4,"enemies":"Centurion and Healer","floor":21,"turns":5},{"damage":23,"enemies":"Snake Plant","floor":22,"turns":2}],"seed_played":"-1964689286000387749","potions_obtained":[{"floor":5,"key":"Guardian:BlockOnCardUsePotion"},{"floor":6,"key":"LiquidMemories"},{"floor":10,"key":"ShroomBrew"},{"floor":14,"key":"Flashbang"},{"floor":14,"key":"EssenceOfSteel"},{"floor":16,"key":"Elixir"},{"floor":16,"key":"Languid Potion"},{"floor":18,"key":"Guardian:BlockOnCardUsePotion"},{"floor":20,"key":"Venom Potion"},{"floor":21,"key":"EssenceOfSteel"},{"floor":21,"key":"Explosive Potion"}],"is_trial":false,"path_per_floor":["M","?","?","M","M","E","R","M","T","E","?","$","M","M","R_BF","B",null,"M","?","M","M","M"],"character_chosen":"MARISA","items_purchased":["Iron Hammer"],"campfire_rested":1,"item_purchase_floors":[12],"current_hp_per_floor":[82,82,82,76,76,59,82,68,68,37,37,37,37,37,21,21,82,72,72,24,20,0,0],"gold":666,"neow_bonus":"TEN_PERCENT_HP_BONUS","is_daily":false,"chose_seed":false,"campfire_upgraded":0,"win_rate":0.0,"timestamp":1610090169,"path_taken":["M","?","?","M","M","E","R","M","T","E","?","?","M","M","R_BF","BOSS","M","?","M","?","M"],"items_purchased_type":["Relic"],"build_version":"2020-12-22","purchased_purges":0,"victory":false,"max_hp_per_floor":[82,82,82,82,82,82,82,82,82,82,82,82,82,82,82,82,82,82,82,82,82,82,82],"card_choices":[{"not_picked":["DarkSpark","ShootingEcho","Acceleration"],"picked":"SKIP","floor":1},{"not_picked":["DarkSpark","Robbery"],"picked":"DC","floor":4},{"not_picked":["GravityBeat","EventHorizon"],"picked":"DoubleSpark","floor":5},{"not_picked":["DC","OneTimeOff"],"picked":"GrandCross","floor":6},{"not_picked":["UnstableBomb","ChargingUp"],"picked":"WitchOfGreed","floor":8},{"not_picked":["WitchLeyline","RefractionSpark"],"picked":"MilkyWay","floor":10},{"not_picked":["IllusionStar","Acceleration"],"picked":"GrandCross","floor":13},{"not_picked":["DoubleSpark","GalacticHalo"],"picked":"WitchOfGreed","floor":14},{"not_picked":["MillisecondPulsars","CollectingQuirk"],"picked":"CasketOfStar","floor":16},{"not_picked":["WitchLeyline","IllusionStar+1"],"picked":"MysteriousBeam","floor":18},{"not_picked":["MysteriousBeam","WitchLeyline"],"picked":"DeepEcoloBomb","floor":19},{"not_picked":["DC","GrandCross+1"],"picked":"MysteriousBeam","floor":20},{"not_picked":["OneTimeOff","ShootingEcho"],"picked":"NonDirectionalLaser","floor":21}],"player_experience":364949,"relics_obtained":[{"floor":6,"key":"Bag of Marbles"},{"floor":9,"key":"Replay:Bottled Steam"},{"floor":10,"key":"Lantern"}],"event_choices":[{"damage_healed":0,"gold_gain":0,"player_choice":"Grow","damage_taken":0,"max_hp_gain":0,"max_hp_loss":0,"event_name":"Living Wall","floor":2,"gold_loss":0,"cards_upgraded":["UpSweep"]},{"damage_healed":0,"gold_gain":0,"player_choice":"Take Wound","damage_taken":0,"relics_obtained":["Golden Idol"],"max_hp_gain":0,"max_hp_loss":0,"event_name":"Golden Idol","floor":3,"gold_loss":0,"cards_obtained":["Injury"]},{"damage_healed":0,"gold_gain":0,"player_choice":"Entered Light","damage_taken":16,"max_hp_gain":0,"max_hp_loss":0,"event_name":"Shining Light","floor":15,"gold_loss":0,"cards_upgraded":["Defend_MRS","Strike_MRS"]}],"is_beta":false,"boss_relics":[{"not_picked":["ChewingGum","Painkiller Herb"],"picked":"Black Star"}],"items_purged_floors":[],"is_endless":false,"potions_floor_spawned":[5,6,14,16],"killed_by":"Snake Plant","ascension_level":0}}