{"host":"ji1fk25fd1ga4ji1","time":1610085975,"event":{"mods":["2.2 Compatiblity","BaseMod","Colored Map","DeckTracker","Minty Spire (QoL Compilation)","Permanent Neow","Quick Restart","StSLib","SuperFastMode"],"gold_per_floor":[16,16,16,35,35,70,70,106,106,106,106,126,48,48,48,48,48],"floor_reached":16,"playtime":203,"items_purged":["Strike_R"],"score":111,"play_id":"680963bf-4aed-4a41-b9a6-cfa651ff3496","local_time":"20210108150615","is_ascension_mode":true,"campfire_choices":[{"data":"Searing Blow","floor":7,"key":"SMITH"},{"data":"Searing Blow+1","floor":10,"key":"SMITH"},{"data":"Searing Blow+2","floor":15,"key":"SMITH"}],"circlet_count":0,"master_deck":["Strike_R","Strike_R","Strike_R","Defend_R","Defend_R","Defend_R","Bash","Rage","Searing Blow+3","Cleave","True Grit"],"relics":["Burning Blood","Golden Idol","Red Skull","Potion Belt","MealTicket","The Courier","Ornamental Fan","Kunai"],"acts_visited":["Exordium"],"potions_floor_usage":[6],"damage_taken":[{"damage":6,"enemies":"2 Louse","floor":1,"turns":3},{"damage":4,"enemies":"Small Slimes","floor":4,"turns":3},{"damage":20,"enemies":"Gremlin Nob","floor":6,"turns":4},{"damage":10,"enemies":"3 Sentries","floor":8,"turns":6},{"damage":1,"enemies":"Jaw Worm","floor":12,"turns":2},{"damage":55,"enemies":"The Guardian","floor":16,"turns":8}],"seed_played":"-8345648875402826059","potions_obtained":[{"floor":1,"key":"DuplicationPotion"},{"floor":8,"key":"Strength Potion"},{"floor":12,"key":"HeartOfIron"}],"is_trial":false,"path_per_floor":["M","?","?","M","$","E","R","E","T","R","?","M","$","T","R","B"],"character_chosen":"IRONCLAD","items_purchased":["True Grit"],"campfire_rested":0,"item_purchase_floors":[13],"current_hp_per_floor":[80,60,53,55,55,41,41,37,37,37,37,42,57,57,57,2,2],"gold":48,"neow_bonus":"TRANSFORM_TWO_CARDS","is_daily":false,"chose_seed":false,"campfire_upgraded":3,"win_rate":0.0,"timestamp":1610085975,"path_taken":["M","?","?","?","?","E","R","E","T","R","?","?","$","?","R","BOSS"],"items_purchased_type":["Card"],"build_version":"2020-12-22","purchased_purges":1,"victory":false,"max_hp_per_floor":[80,80,80,80,80,80,80,80,80,80,80,80,80,80,80,80,80],"card_choices":[{"not_picked":["Carnage","Clothesline"],"picked":"Cleave","floor":1},{"not_picked":["Havoc","Anger","Headbutt"],"picked":"SKIP","floor":4},{"not_picked":["Dark Embrace","Feel No Pain","Impervious"],"picked":"SKIP","floor":6},{"not_picked":["Cleave","Exhume","Fire Breathing"],"picked":"SKIP","floor":8},{"not_picked":["Whirlwind","Iron Wave","Metallicize"],"picked":"SKIP","floor":12}],"player_experience":466190,"relics_obtained":[{"floor":6,"key":"Potion Belt"},{"floor":8,"key":"MealTicket"},{"floor":9,"key":"The Courier"},{"floor":14,"key":"Kunai"}],"event_choices":[{"damage_healed":0,"gold_gain":0,"player_choice":"Take Damage","damage_taken":20,"relics_obtained":["Golden Idol"],"max_hp_gain":0,"max_hp_loss":0,"event_name":"Golden Idol","floor":2,"gold_loss":0},{"damage_healed":0,"gold_gain":0,"player_choice":"Success","damage_taken":7,"relics_obtained":["Red Skull"],"max_hp_gain":0,"max_hp_loss":0,"event_name":"Scrap Ooze","floor":3,"gold_loss":0},{"damage_healed":0,"gold_gain":0,"player_choice":"Searched \u00272\u0027 times","damage_taken":0,"relics_obtained":["Ornamental Fan"],"max_hp_gain":0,"max_hp_loss":0,"event_name":"Dead Adventurer","floor":11,"gold_loss":0}],"is_beta":false,"boss_relics":[],"items_purged_floors":[13],"is_endless":false,"potions_floor_spawned":[1,8,12],"killed_by":"The Guardian","ascension_level":1}}