{"host":"amk01rs45492rldv","time":1610119898,"event":{"mods":["Act Like it!","Arknights The Spire","BaseMod","Gensokyo","GifTheSpireLib","KinomotoSakuraMod(ƒæ÷Æ±æ”£)","Marisa£®ÏF”Í°°ƒß¿Ì…≥£©","Minty Spire (QoL Compilation)","Quick Restart","Reimu£®≤©¿ˆ¡È√Œ£©","Remilia£®¿Ÿ√◊¿Ú—«£©","Replay The Spire","StSLib","The Administrix","The Servant 0.9.4","vexMod"],"gold_per_floor":[109,84,84,101,101,101,116,41,41,41,58,58,75,75,75,179,179,199,218,308,306,28,28,28,28],"floor_reached":24,"playtime":625,"items_purged":["Normality"],"score":185,"play_id":"0bc3a2d5-6e4a-4428-8c13-ac3b98fb7ddc","local_time":"20210108233138","is_ascension_mode":false,"campfire_choices":[{"data":"ats:Armor Crushing Shot","floor":6,"key":"SMITH"},{"data":"ats:Flexible Camouflage","floor":10,"key":"SMITH"},{"data":"ats:Neurotoxin","floor":15,"key":"SMITH"},{"data":"ats:Ignite","floor":15,"key":"SMITH"},{"floor":23,"key":"REST"}],"circlet_count":0,"master_deck":["ats:Strike C","ats:Strike G","ats:Strike S","ats:Strike V","ats:Armor Crushing Shot+1","ats:Defend","ats:Defend","ats:Defend","ats:Defend","ats:Emotion Absorption+1","ats:Ignite+1","ats:Flexible Camouflage+1","Flying Knee","Intimidate","ats:Neurotoxin+1","Shading:ReiMu","Toxin Wave","ats:Thermite Blade","Gensokyo:BrilliantDragonBullet","Madness","SporeBomb","Coolheaded+1","ats:Revitalization"],"relics":["ats:Sanity","Ring of Hypnosis","ReplayTheSpireMod:Ring of Collecting","PrismaticShard","ReplayTheSpireMod:Ring of Challenge","Pantograph","Spirit Poop","Ring of Searing","Replay:Arrowhead","vexMod:DeviousBotling","Replay:Ringing Soul"],"acts_visited":["Exordium","TheCity"],"potions_floor_usage":[24],"damage_taken":[{"damage":0,"enemies":"2 Louse","floor":1,"turns":3},{"damage":4,"enemies":"Small Slimes","floor":4,"turns":4},{"damage":2,"enemies":"Cultist","floor":7,"turns":3},{"damage":17,"enemies":"Blue Slaver","floor":11,"turns":3},{"damage":6,"enemies":"Lots of Slimes","floor":13,"turns":3},{"damage":44,"enemies":"The Guardian","floor":16,"turns":6},{"damage":48,"enemies":"3 Byrds","floor":18,"turns":6},{"damage":14,"enemies":"Shell Parasite","floor":19,"turns":5},{"damage":19,"enemies":"3 Cultists","floor":21,"turns":5},{"damage":46,"enemies":"Slavers","floor":24,"turns":2}],"seed_played":"173730826263727966","potions_obtained":[{"floor":7,"key":"Venom Potion"},{"floor":13,"key":"FairyPotion"},{"floor":18,"key":"Strength Potion"}],"is_trial":false,"path_per_floor":["M","?","?","M","?","R","M","$","T","R","M","?","M","T","R","B",null,"M","M","?","M","$","R","E"],"character_chosen":"DOCTOR_CLASS","items_purchased":["Replay:Ringing Soul","ats:Revitalization"],"campfire_rested":1,"item_purchase_floors":[22,22],"current_hp_per_floor":[72,72,72,68,68,68,66,66,66,66,49,49,43,43,43,24,72,24,10,10,17,20,42,0,0],"gold":28,"neow_bonus":"UPGRADE_CARD","is_daily":false,"chose_seed":false,"campfire_upgraded":4,"win_rate":0.0,"timestamp":1610119898,"path_taken":["M","?","?","M","?","R","M","$","T","R","M","?","?","?","R","BOSS","M","?","?","M","$","R","E"],"items_purchased_type":["Relic","Card"],"build_version":"2020-12-22","purchased_purges":1,"victory":false,"max_hp_per_floor":[72,72,72,72,72,72,72,72,72,72,72,72,72,72,72,72,72,72,72,72,72,75,75,75,75],"card_choices":[{"not_picked":["ats:Hammer On","ats:Blood Oath"],"picked":"ats:Ignite","floor":1},{"not_picked":["ats:Ignite","ats:Hammer On"],"picked":"ats:Flexible Camouflage","floor":4},{"not_picked":["Cold Snap","MastersStateliness"],"picked":"Flying Knee","floor":7},{"not_picked":["AdministrixMod:TrickOfTheLight","ReplayTheSpireMod:Tripwire"],"picked":"Intimidate","floor":11},{"not_picked":["ScarletDevilSign","Reset"],"picked":"ats:Neurotoxin","floor":13},{"not_picked":["ReplayTheSpireMod:Necrogeddon","BlastKick2:ReiMu"],"picked":"Shading:ReiMu","floor":16},{"not_picked":["Warcry","AdministrixMod:CrackingPangu+1"],"picked":"Toxin Wave","floor":18},{"not_picked":["Dagger Throw","Twin Strike"],"picked":"ats:Thermite Blade","floor":19},{"not_picked":["Meditation:ReiMu","ats:Consecutive Shot Auto"],"picked":"Gensokyo:BrilliantDragonBullet","floor":20},{"not_picked":["Gensokyo:RisingWorld","CareerPray:ReiMu"],"picked":"Madness","floor":20},{"not_picked":["FlurryOfBlows","ClowCardTheDream+1"],"picked":"SporeBomb","floor":20},{"not_picked":["BattleHymn","Bloodletting"],"picked":"Coolheaded+1","floor":21}],"player_experience":933138,"relics_obtained":[{"floor":3,"key":"Ring of Hypnosis"},{"floor":3,"key":"ReplayTheSpireMod:Ring of Collecting"},{"floor":9,"key":"ReplayTheSpireMod:Ring of Challenge"},{"floor":9,"key":"Pantograph"},{"floor":14,"key":"Ring of Searing"},{"floor":14,"key":"Replay:Arrowhead"}],"event_choices":[{"cards_removed":["Decay"],"damage_healed":0,"gold_gain":0,"player_choice":"Offered Curse","damage_taken":0,"relics_obtained":["Spirit Poop"],"max_hp_gain":0,"max_hp_loss":0,"event_name":"Bonfire Elementals","floor":12,"gold_loss":0}],"is_beta":false,"boss_relics":[{"not_picked":["vexMod:TanglingVine","Tiny House"],"picked":"vexMod:DeviousBotling"}],"items_purged_floors":[8],"is_endless":false,"potions_floor_spawned":[7,13,18],"killed_by":"Slavers","ascension_level":0}}