{"host":"0kliq79v4h130vq5","time":1610112635,"event":{"mods":["ATMod(∞¢Ë™Mod)","BaseMod","Minty Spire (QoL Compilation)","Quick Restart","Remilia£®¿Ÿ√◊¿Ú—«£©","StSLib","The Servant 0.9.4","Youmu£®ªÍ∆«—˝√Œ£©","°æ“≈ŒÔø®≈∆°øREMEMod"],"gold_per_floor":[109,136,15,28,44,75,75,92,146,158,172,172,172,186,186,305,305,320,419,79,169,183,183,198,219,219,219,94,113,153,172,172,296,296,344,485,161,286,286,286,286,586,586,626,715,715,878,522,522,647],"floor_reached":51,"playtime":10344,"items_purged":["Strike_RM","RedMoon","Strike_RM","Strike_RM","Strike_RM"],"score":701,"play_id":"964bd1a9-fdd1-497e-85a4-db668379c28b","local_time":"20210108213035","is_ascension_mode":false,"campfire_choices":[{"data":"ChaoticDestiny","floor":7.0,"key":"SMITH"},{"data":"EternalNight","floor":12.0,"key":"SMITH"},{"data":"AT_FamilyPortrait","floor":15.0,"key":"SMITH"},{"data":"TransientEternity","floor":23.0,"key":"SMITH"},{"data":"GlobalNightmare","floor":27.0,"key":"SMITH"},{"data":"LeisurelyOfLord","floor":32.0,"key":"SMITH"},{"floor":40,"key":"REST"},{"data":"BloodHunter","floor":46,"key":"SMITH"},{"floor":49,"key":"REST"}],"circlet_count":0,"master_deck":["Defend_RM","Defend_RM","Defend_RM","Defend_RM","ScarletShoot","ChaoticDestiny+1","AT_FamilyPortrait+1","BloodHunter+1","DiffusionOfMisfortune","LeisurelyOfLord+1","BombardNight+1","FitfulNightmare","GlobalNightmare+1","EternalNight+1","TransientEternity+1","UnderTheZenith+1","GlobalNightmare+1","UnderTheZenith","MiserableFate+1","ChaoticDestiny+1","MastersStateliness+1","REME_BattleFury+1","Impatience+1","Master of Strategy"],"relics":["ScarletHat","AT_ATBox","REME_ComplimentaryCards","NeowsBlessing","Happy Flower","Anchor","Oddly Smooth Stone","Golden Idol","Philosopher\u0027s Stone","AT_SilvercatRing","Vajra","AT_PhaseBoots","REME_LowDesire","Lantern","AT_MibuBalloonWealth","Meat on the Bone","Bottled Tornado"],"acts_visited":["Exordium","TheCity","TheBeyond"],"potions_floor_usage":[47,47,50],"damage_taken":[{"damage":0.0,"enemies":"Cultist","floor":1.0,"turns":1.0},{"damage":0.0,"enemies":"Jaw Worm","floor":4.0,"turns":1.0},{"damage":0.0,"enemies":"Small Slimes","floor":5.0,"turns":1.0},{"damage":48.0,"enemies":"Gremlin Nob","floor":6.0,"turns":6.0},{"damage":7.0,"enemies":"Blue Slaver","floor":8.0,"turns":3.0},{"damage":0.0,"enemies":"2 Fungi Beasts","floor":10.0,"turns":1.0},{"damage":0.0,"enemies":"Exordium Thugs","floor":11.0,"turns":4.0},{"damage":0.0,"enemies":"3 Louse","floor":14.0,"turns":3.0},{"damage":14.0,"enemies":"Hexaghost","floor":16.0,"turns":11.0},{"damage":0.0,"enemies":"Chosen","floor":18.0,"turns":5.0},{"damage":2.0,"enemies":"Shell Parasite","floor":22.0,"turns":2.0},{"damage":15.0,"enemies":"Snake Plant","floor":24.0,"turns":3.0},{"damage":5.0,"enemies":"Shelled Parasite and Fungi","floor":25.0,"turns":3.0},{"damage":0.0,"enemies":"Centurion and Healer","floor":29.0,"turns":8.0},{"damage":15.0,"enemies":"Book of Stabbing","floor":30.0,"turns":5.0},{"damage":3.0,"enemies":"Snecko","floor":31.0,"turns":6.0},{"damage":33.0,"enemies":"Automaton","floor":33.0,"turns":10.0},{"damage":0.0,"enemies":"Orb Walker","floor":35.0,"turns":3.0},{"damage":1.0,"enemies":"3 Darklings","floor":36.0,"turns":2.0},{"damage":68.0,"enemies":"4 Shapes","floor":38.0,"turns":3.0},{"damage":0,"enemies":"Maw","floor":44,"turns":5},{"damage":16,"enemies":"Sphere and 2 Shapes","floor":45,"turns":3},{"damage":32,"enemies":"Reptomancer","floor":47,"turns":5},{"damage":78,"enemies":"Awakened One","floor":50,"turns":9}],"seed_played":"8466934781504727759","potions_obtained":[{"floor":4.0,"key":"BlessingOfTheForge"},{"floor":10.0,"key":"FearPotion"},{"floor":14.0,"key":"LiquidMemories"},{"floor":16.0,"key":"ColorlessPotion"},{"floor":24.0,"key":"SteroidPotion"},{"floor":30.0,"key":"EssenceOfSteel"},{"floor":33.0,"key":"AttackPotion"},{"floor":35.0,"key":"SteroidPotion"},{"floor":44,"key":"Block Potion"},{"floor":47,"key":"Fire Potion"}],"is_trial":false,"path_per_floor":["M","T","$","M","M","E","R","M","T","M","M","R","?","M","R","B",null,"M","?","$","?","M","R","M","M","T","R","$","M","E","M","R","B",null,"M","M","$","M","?","R","?","?","T","M","M","R","E","$","R","B",null],"character_chosen":"REMILIA","items_purchased":["DiffusionOfMisfortune","AT_SilvercatRing","REME_BattleFury","Master of Strategy"],"campfire_rested":2,"item_purchase_floors":[3,20,37,48],"current_hp_per_floor":[75,75,75,75,75,27,27,20,20,20,20,20,20,20,20,23,69,69,69,69,57,55,55,45,40,40,40,40,56,54,62,62,47,69,69,68,68,1,1,21,21,21,21,35,32,32,19,19,39,23],"gold":647,"neow_bonus":"THREE_ENEMY_KILL","is_daily":false,"chose_seed":false,"campfire_upgraded":7,"win_rate":0.0,"timestamp":1610112635,"path_taken":["M","?","$","?","M","E","R","M","T","M","M","R","?","M","R","BOSS","M","?","$","?","M","R","M","?","T","R","$","M","E","M","R","BOSS","M","M","$","M","?","R","?","?","T","?","M","R","E","$","R","BOSS"],"items_purchased_type":["Card","Relic","Card","Card"],"build_version":"2020-12-22","purchased_purges":5,"victory":true,"max_hp_per_floor":[75,75,75,75,75,75,75,75,75,75,75,75,69,69,69,69,69,69,69,69,69,69,69,69,69,69,69,69,69,69,69,69,69,69,69,69,69,69,69,69,69,69,69,69,69,69,69,69,69,69],"card_choices":[{"not_picked":["StarOfDavid","TwelveNightmare"],"picked":"BloodHunter","floor":1.0},{"not_picked":["VampireKiss","AfternoonTea"],"picked":"LeisurelyOfLord","floor":4.0},{"not_picked":["EndlessAdversity","Stigmanizer"],"picked":"BombardNight","floor":5.0},{"not_picked":["BombardNight","BadLadyScramble"],"picked":"FitfulNightmare","floor":6.0},{"not_picked":["MillenniumVampire","BloodyTrap"],"picked":"GlobalNightmare","floor":8.0},{"not_picked":["RedRainbow","GlobalNightmare","FavorOfDestiny"],"picked":"SKIP","floor":10.0},{"not_picked":["BloodAndWine","StarOfDavid"],"picked":"EternalNight","floor":11.0},{"not_picked":["AfternoonTea","GlobalNightmare","RedRainbow"],"picked":"SKIP","floor":14.0},{"not_picked":["KillingBlow","CurseOfVladTepes"],"picked":"TransientEternity","floor":16.0},{"not_picked":["ScarletNetherworld+1","ScarletGensokyo"],"picked":"RedRainbow","floor":18.0},{"not_picked":["BloodyMagicSquare","MiserableFate"],"picked":"UnderTheZenith+1","floor":22.0},{"not_picked":["ScarletDream","LeisurelyOfLord","ScarletImprint"],"picked":"SKIP","floor":24.0},{"not_picked":["StarOfDavid","VampireFantasy+1"],"picked":"GlobalNightmare","floor":25.0},{"not_picked":["FavorOfDestiny","RedNightlessCastle"],"picked":"UnderTheZenith","floor":29.0},{"not_picked":["Septette","BombardNight","BloodHunter"],"picked":"SKIP","floor":30.0},{"not_picked":["UnderTheZenith","BombardNight"],"picked":"MiserableFate+1","floor":31.0},{"not_picked":["CurseOfVladTepes","KillingBlow"],"picked":"ChaoticDestiny","floor":33.0},{"not_picked":["ScarletDevil","ForbiddenFruit+1","UnderTheZenith+1","REME_HeartOfCthun"],"picked":"SKIP","floor":35.0},{"not_picked":["FavorOfDestiny+1","ForbiddenFruit","AT_EmpoweredMortalDraw"],"picked":"MastersStateliness+1","floor":36.0},{"not_picked":["Stigmanizer+1","LeisurelyOfLord+1","VampirishNight+1","AT_LightSaberMaster"],"picked":"SKIP","floor":38},{"not_picked":["ScarletImprint+1","ReincarnationDial","AfternoonTea+1","REME_HeartOfCthun"],"picked":"SKIP","floor":44},{"not_picked":["BloodHunter","NightDance","RedRainbow+1","AT_LightSaberMaster"],"picked":"SKIP","floor":45},{"not_picked":["ScarletGensokyo+1","BombardNight","UnderTheZenith","Impatience+1"],"picked":"SKIP","floor":47},{"not_picked":["ScarletGensokyo+1","BombardNight","UnderTheZenith"],"picked":"Impatience+1","floor":47}],"player_experience":85785,"relics_obtained":[{"floor":2.0,"key":"Happy Flower"},{"floor":6.0,"key":"Anchor"},{"floor":9.0,"key":"Oddly Smooth Stone"},{"floor":26.0,"key":"Vajra"},{"floor":30.0,"key":"AT_SpeedBoots"},{"floor":34.0,"key":"Lantern"},{"floor":34.0,"key":"AT_MibuBalloonWealth"},{"floor":43,"key":"Meat on the Bone"},{"floor":47,"key":"Bottled Tornado"}],"event_choices":[{"damage_healed":0.0,"max_hp_gain":0.0,"max_hp_loss":6.0,"gold_gain":0.0,"event_name":"Golden Idol","player_choice":"Lose Max HP","floor":13.0,"gold_loss":0.0,"damage_taken":0.0,"relics_obtained":["Golden Idol"]},{"damage_healed":0.0,"max_hp_gain":0.0,"max_hp_loss":0.0,"gold_gain":99.0,"event_name":"Nest","player_choice":"Stole From Cult","floor":19.0,"gold_loss":0.0,"damage_taken":0.0},{"damage_healed":0.0,"max_hp_gain":0.0,"max_hp_loss":0.0,"gold_gain":90.0,"event_name":"Knowing Skull","player_choice":"GOLD ","floor":21.0,"potions_obtained":[],"gold_loss":0.0,"damage_taken":12.0,"cards_obtained":[]},{"damage_healed":0,"gold_gain":0,"player_choice":"Ignored","damage_taken":0,"max_hp_gain":0,"max_hp_loss":0,"event_name":"Mysterious Sphere","floor":39,"gold_loss":0},{"cards_removed":["RedRainbow"],"damage_healed":0,"gold_gain":0,"player_choice":"Removed Attack","damage_taken":0,"max_hp_gain":0,"max_hp_loss":0,"event_name":"Falling","floor":41,"gold_loss":0},{"damage_healed":0,"gold_gain":300,"player_choice":"Gold","damage_taken":0,"max_hp_gain":0,"max_hp_loss":0,"event_name":"Wheel of Change","floor":42,"gold_loss":0}],"is_beta":false,"boss_relics":[{"not_picked":["Snecko Eye","REME_DuelDisc"],"picked":"Philosopher\u0027s Stone"},{"not_picked":["REME_DemonsWealth","Cursed Key"],"picked":"REME_LowDesire"}],"items_purged_floors":[3,20,28,37,48],"is_endless":false,"potions_floor_spawned":[4,10,14,16,18,24,30,33,35,44,47],"ascension_level":0}}