{"host":"6ld56ls1xbe0aj21","time":1610086613,"event":{"mods":["AchievementEnabler","BaseMod","Colored Powertips","Minty Spire (QoL Compilation)","Quick Restart","Rare Cards Sparkle","StSLib","SuperFastMode","everything is the same but u backflip on backflip","slay the spire mod where everything is the same but ironclad has a cowboy hat"],"gold_per_floor":[112,112,112,35,51,51,91,91,118,118,68,89,109,148,148,277,277,296,296,395,395,395,430,430,469,517,517,131,149,168,194,194,317,317,342,342,2,26,49,49,89,113,113,113,137,172,235,235,235,235,235,235,46,85,85,85],"floor_reached":55,"playtime":1486,"items_purged":[],"score":1255,"play_id":"be10f68f-e2cd-4d9c-b37f-7a13d7c1d7b9","local_time":"20210108171653","is_ascension_mode":true,"campfire_choices":[{"data":"Inflame","floor":6.0,"key":"SMITH"},{"data":"Whirlwind","floor":8.0,"key":"SMITH"},{"data":"Flame Barrier","floor":10.0,"key":"SMITH"},{"floor":15.0,"key":"REST"},{"data":"Demon Form","floor":24.0,"key":"SMITH"},{"floor":27.0,"key":"REST"},{"data":"Shockwave","floor":32.0,"key":"SMITH"},{"floor":40.0,"key":"RECALL"},{"floor":44.0,"key":"REST"},{"floor":49,"key":"REST"},{"floor":52,"key":"REST"}],"circlet_count":0,"master_deck":["AscendersBane","Strike_R+1","Strike_R+1","Strike_R+1","Defend_R+1","Defend_R+1","Defend_R+1","Defend_R+1","Inflame+1","Flame Barrier+1","Power Through","Whirlwind+1","Twin Strike","Headbutt","Spot Weakness","Double Tap","Uppercut+1","Shockwave+1","Demon Form+1","Heavy Blade","Warcry+1","Demon Form","Corruption","Sentinel+1","Pummel","Sword Boomerang+1","Power Through+1","Bloodletting+1","Infernal Blade+1","Apotheosis","Havoc+1"],"relics":["Burning Blood","NeowsBlessing","Regal Pillow","Golden Idol","Dream Catcher","Red Skull","Bronze Scales","Mark of Pain","Bag of Marbles","Matryoshka","Blood Vial","Anchor","OrangePellets","Mummified Hand","Oddly Smooth Stone","Fusion Hammer","Ginger","Sundial","Nunchaku","Boot","CaptainsWheel","Art of War"],"acts_visited":["Exordium","TheCity","TheBeyond","TheEnding"],"potions_floor_usage":[46,50,55],"damage_taken":[{"damage":0.0,"enemies":"Small Slimes","floor":1.0,"turns":1.0},{"damage":0.0,"enemies":"2 Louse","floor":5.0,"turns":1.0},{"damage":0.0,"enemies":"3 Sentries","floor":7.0,"turns":2.0},{"damage":0.0,"enemies":"Jaw Worm","floor":12.0,"turns":4.0},{"damage":0.0,"enemies":"Large Slime","floor":13.0,"turns":4.0},{"damage":29.0,"enemies":"Gremlin Nob","floor":14.0,"turns":5.0},{"damage":41.0,"enemies":"The Guardian","floor":16.0,"turns":9.0},{"damage":0.0,"enemies":"3 Byrds","floor":18.0,"turns":4.0},{"damage":20.0,"enemies":"Book of Stabbing","floor":23.0,"turns":4.0},{"damage":27.0,"enemies":"Slavers","floor":25.0,"turns":4.0},{"damage":2.0,"enemies":"Chosen","floor":29.0,"turns":2.0},{"damage":19.0,"enemies":"Sentry and Sphere","floor":30.0,"turns":4.0},{"damage":42.0,"enemies":"Automaton","floor":33.0,"turns":5.0},{"damage":13.0,"enemies":"3 Shapes","floor":35.0,"turns":3.0},{"damage":0.0,"enemies":"Orb Walker","floor":38.0,"turns":3.0},{"damage":12.0,"enemies":"Writhing Mass","floor":39.0,"turns":3.0},{"damage":51.0,"enemies":"Nemesis","floor":41.0,"turns":5.0},{"damage":0.0,"enemies":"3 Darklings","floor":42.0,"turns":1.0},{"damage":24.0,"enemies":"4 Shapes","floor":45.0,"turns":2.0},{"damage":51,"enemies":"Reptomancer","floor":46,"turns":4},{"damage":0,"enemies":"Mind Bloom Boss Battle","floor":47,"turns":4},{"damage":50,"enemies":"Awakened One","floor":50,"turns":7},{"damage":74,"enemies":"Shield and Spear","floor":54,"turns":7},{"damage":57,"enemies":"The Heart","floor":55,"turns":2}],"seed_played":"-996444336757345182","potions_obtained":[{"floor":1.0,"key":"Fire Potion"},{"floor":5.0,"key":"ColorlessPotion"},{"floor":16.0,"key":"Strength Potion"},{"floor":18.0,"key":"ColorlessPotion"},{"floor":25.0,"key":"SkillPotion"},{"floor":38.0,"key":"Block Potion"},{"floor":41.0,"key":"BloodPotion"},{"floor":47,"key":"AttackPotion"},{"floor":54,"key":"CultistPotion"}],"is_trial":false,"path_per_floor":["M","?","?","$","M","R","E","R","T","R","?","M","M","E","R","B",null,"M","?","?","?","?","E","R","E","T","R","$","M","M","T","R","B",null,"M","?","$","M","M","R","E","M","T","R","M","E","?","?","R","B",null,"R","$","E","B"],"character_chosen":"IRONCLAD","items_purchased":["Flame Barrier","OrangePellets","Mummified Hand","Ginger","Pummel","Apotheosis"],"campfire_rested":5,"item_purchase_floors":[4,28,28,37,37,53],"current_hp_per_floor":[78,75,55,55,61,61,67,67,67,67,67,73,79,56,80,45,71,77,77,77,77,77,63,63,42,42,80,80,80,67,67,67,33,68,63,90,90,90,84,84,41,49,49,90,72,47,55,55,90,46,79,90,90,22,0,0],"gold":85,"neow_bonus":"THREE_ENEMY_KILL","is_daily":false,"chose_seed":false,"campfire_upgraded":5,"win_rate":0.0,"timestamp":1610086613,"path_taken":["M","?","?","$","M","R","E","R","T","R","?","M","M","E","R","BOSS","M","?","?","?","?","E","R","E","T","R","$","M","?","?","R","BOSS","M","?","$","?","?","R","E","M","T","R","M","E","?","?","R","BOSS","R","$","E","BOSS"],"items_purchased_type":["Card","Relic","Relic","Relic","Card","Card"],"build_version":"2020-12-22","purchased_purges":0,"victory":false,"max_hp_per_floor":[80,80,80,80,80,80,80,80,80,80,80,80,80,80,80,80,80,80,80,80,80,80,80,80,80,80,80,80,80,80,80,80,80,80,80,90,90,90,90,90,90,90,90,90,90,90,90,90,90,90,90,90,90,90,90,90],"card_choices":[{"not_picked":["Intimidate","Carnage"],"picked":"Inflame","floor":1.0},{"not_picked":["True Grit","Shrug It Off"],"picked":"Power Through","floor":5.0},{"not_picked":["Twin Strike","Anger"],"picked":"Whirlwind","floor":7.0},{"not_picked":["Havoc","True Grit"],"picked":"Twin Strike","floor":12.0},{"not_picked":["Perfected Strike","Armaments"],"picked":"Headbutt","floor":13.0},{"not_picked":["Dropkick","Iron Wave"],"picked":"Spot Weakness","floor":14.0},{"not_picked":["Headbutt","Cleave"],"picked":"Bludgeon","floor":15.0},{"not_picked":["Exhume","Fiend Fire"],"picked":"Double Tap","floor":16.0},{"not_picked":["Wild Strike","Warcry"],"picked":"Uppercut+1","floor":18.0},{"not_picked":["Rage","Second Wind"],"picked":"Demon Form","floor":23.0},{"not_picked":["Clash","Pommel Strike"],"picked":"Heavy Blade","floor":25.0},{"not_picked":["Pommel Strike","Armaments"],"picked":"Warcry+1","floor":27.0},{"not_picked":["Perfected Strike","Infernal Blade"],"picked":"Demon Form","floor":29.0},{"not_picked":["Clothesline","Flex","Warcry"],"picked":"SKIP","floor":30.0},{"not_picked":["Double Tap","Feed"],"picked":"Corruption","floor":33.0},{"not_picked":["Rupture","True Grit"],"picked":"Sentinel+1","floor":35.0},{"not_picked":["Iron Wave+1","Cleave"],"picked":"Sword Boomerang+1","floor":38.0},{"not_picked":["Clash","Warcry","Thunderclap"],"picked":"SKIP","floor":39.0},{"not_picked":["Rage+1","Rampage","Clothesline"],"picked":"SKIP","floor":41.0},{"not_picked":["Sword Boomerang","True Grit","Rampage"],"picked":"SKIP","floor":42.0},{"not_picked":["Rage","Immolate","Shrug It Off"],"picked":"SKIP","floor":45.0},{"not_picked":["Flex","Body Slam","Warcry"],"picked":"SKIP","floor":46},{"not_picked":["Sentinel","Shockwave"],"picked":"Power Through+1","floor":47},{"not_picked":["Inflame","Sever Soul"],"picked":"Bloodletting+1","floor":49},{"not_picked":["Clash","Pummel"],"picked":"Infernal Blade+1","floor":52},{"not_picked":["Shrug It Off","Body Slam+1"],"picked":"Havoc+1","floor":54}],"player_experience":303204,"relics_obtained":[{"floor":7.0,"key":"Dream Catcher"},{"floor":9.0,"key":"Red Skull"},{"floor":14.0,"key":"Bronze Scales"},{"floor":23.0,"key":"Bag of Marbles"},{"floor":25.0,"key":"Matryoshka"},{"floor":26.0,"key":"Blood Vial"},{"floor":26.0,"key":"Anchor"},{"floor":31.0,"key":"Oddly Smooth Stone"},{"floor":41.0,"key":"Sundial"},{"floor":43.0,"key":"Nunchaku"},{"floor":46,"key":"Boot"},{"floor":47,"key":"CaptainsWheel"},{"floor":54,"key":"Art of War"}],"event_choices":[{"damage_healed":0.0,"max_hp_gain":0.0,"max_hp_loss":0.0,"gold_gain":0.0,"event_name":"Scrap Ooze","player_choice":"Success","floor":2.0,"gold_loss":0.0,"damage_taken":3.0,"relics_obtained":["Regal Pillow"]},{"damage_healed":0.0,"max_hp_gain":0.0,"max_hp_loss":0.0,"gold_gain":0.0,"event_name":"Golden Idol","player_choice":"Take Damage","floor":3.0,"gold_loss":0.0,"damage_taken":20.0,"relics_obtained":["Golden Idol"]},{"cards_removed":["Strike_R"],"damage_healed":0.0,"max_hp_gain":0.0,"max_hp_loss":0.0,"gold_gain":0.0,"event_name":"The Cleric","player_choice":"Card Removal","floor":11.0,"gold_loss":50.0,"damage_taken":0.0},{"damage_healed":0.0,"max_hp_gain":0.0,"max_hp_loss":0.0,"gold_gain":0.0,"event_name":"Back to Basics","player_choice":"Simplicity","floor":19.0,"gold_loss":0.0,"damage_taken":0.0,"cards_upgraded":["Strike_R","Strike_R","Strike_R","Strike_R","Defend_R","Defend_R","Defend_R","Defend_R"]},{"damage_healed":0.0,"max_hp_gain":0.0,"max_hp_loss":0.0,"gold_gain":99.0,"event_name":"Nest","player_choice":"Stole From Cult","floor":20.0,"gold_loss":0.0,"damage_taken":0.0},{"damage_healed":0.0,"max_hp_gain":0.0,"max_hp_loss":0.0,"gold_gain":0.0,"event_name":"The Library","player_choice":"Read","floor":21.0,"gold_loss":0.0,"damage_taken":0.0,"cards_obtained":["Shockwave"]},{"cards_removed":["Strike_R"],"damage_healed":0.0,"max_hp_gain":0.0,"max_hp_loss":0.0,"gold_gain":0.0,"event_name":"Purifier","player_choice":"Purged","floor":22.0,"gold_loss":0.0,"damage_taken":0.0},{"cards_removed":["Bludgeon"],"damage_healed":17.0,"max_hp_gain":10.0,"max_hp_loss":0.0,"gold_gain":0.0,"event_name":"Bonfire Elementals","player_choice":"Offered Rare","floor":36.0,"gold_loss":0.0,"damage_taken":0.0},{"damage_healed":0,"gold_gain":0,"player_choice":"Fight","damage_taken":0,"max_hp_gain":0,"max_hp_loss":0,"event_name":"MindBloom","floor":47,"gold_loss":0},{"cards_removed":["Bash"],"damage_healed":0,"gold_gain":0,"player_choice":"Removed Attack","damage_taken":0,"max_hp_gain":0,"max_hp_loss":0,"event_name":"Falling","floor":48,"gold_loss":0}],"is_beta":false,"boss_relics":[{"not_picked":["Runic Pyramid","Coffee Dripper"],"picked":"Mark of Pain"},{"not_picked":["Sozu","Tiny House"],"picked":"Fusion Hammer"}],"items_purged_floors":[],"is_endless":false,"potions_floor_spawned":[1,5,7,16,18,25,38,41,47,54],"killed_by":"The Heart","ascension_level":12}}