{"host":"b1nq0yziqa64sqqa","time":1610118683,"event":{"mods":["AchievementEnabler","BaseMod","Colored Map","Colored Powertips","Highlight Path","Minty Spire (QoL Compilation)","Quick Restart","StSLib","SuperFastMode"],"gold_per_floor":[118,1,1,26,45,45,20,20,20,95,95,128,143,143,143,267,267,286,65,41,41,41,41,41,41,64,66,98,98,98],"floor_reached":29,"playtime":1277,"items_purged":["Defend_B"],"score":219,"play_id":"679a8474-7ce4-4ca6-b919-30a400ce61ce","local_time":"20210108171123","is_ascension_mode":false,"campfire_choices":[{"data":"Zap","floor":6,"key":"SMITH"},{"data":"Redo","floor":8,"key":"SMITH"},{"floor":15,"key":"REST"},{"data":"Hello World","floor":23,"key":"SMITH"},{"data":"Hologram","floor":25,"key":"SMITH"}],"circlet_count":0,"master_deck":["Strike_B","Strike_B","Strike_B","Defend_B","Defend_B","Defend_B","Zap+1","Dualcast","Coolheaded","Creative AI","Steam","Conserve Battery","Redo","Redo+1","Self Repair","Storm","Lockon","Conserve Battery","Conserve Battery","Buffer","Barrage+1","Hello World+1","Fusion","Compile Driver","Hologram+1","Ball Lightning","Beam Cell+1"],"relics":["FrozenCore","NeowsBlessing","Golden Idol","White Beast Statue","Dream Catcher","InkBottle","Gremlin Horn","CeramicFish"],"acts_visited":["Exordium","TheCity"],"potions_floor_usage":[10,12,16,29,29],"damage_taken":[{"damage":0,"enemies":"Cultist","floor":1,"turns":1},{"damage":0,"enemies":"Small Slimes","floor":4,"turns":1},{"damage":0,"enemies":"Jaw Worm","floor":5,"turns":1},{"damage":14,"enemies":"3 Sentries","floor":10,"turns":7},{"damage":32,"enemies":"3 Sentries","floor":12,"turns":8},{"damage":9,"enemies":"Red Slaver","floor":13,"turns":4},{"damage":22,"enemies":"The Guardian","floor":16,"turns":10},{"damage":17,"enemies":"Shell Parasite","floor":18,"turns":8},{"damage":12,"enemies":"2 Thieves","floor":27,"turns":4},{"damage":37,"enemies":"3 Cultists","floor":28,"turns":6},{"damage":33,"enemies":"Book of Stabbing","floor":29,"turns":7}],"seed_played":"268711270543471827","potions_obtained":[{"floor":4,"key":"FocusPotion"},{"floor":10,"key":"BlessingOfTheForge"},{"floor":12,"key":"SteroidPotion"},{"floor":13,"key":"EssenceOfSteel"},{"floor":16,"key":"FocusPotion"},{"floor":18,"key":"LiquidMemories"}],"is_trial":false,"path_per_floor":["M","$","?","M","M","R","$","R","T","?","?","E","M","T","R","B",null,"M","$","$","?","$","R","?","R","T","M","M","E"],"character_chosen":"DEFECT","items_purchased":["Creative AI","Steam","Redo","Hello World","Fusion","Compile Driver"],"campfire_rested":1,"item_purchase_floors":[2,2,7,19,19,20],"current_hp_per_floor":[75,75,57,57,57,57,57,57,57,43,43,21,19,19,41,26,75,65,65,65,65,65,65,65,65,65,60,30,0,0],"gold":98,"neow_bonus":"THREE_ENEMY_KILL","is_daily":false,"chose_seed":false,"campfire_upgraded":4,"win_rate":0.0,"timestamp":1610118683,"path_taken":["M","$","?","M","M","R","$","R","T","?","?","E","?","?","R","BOSS","M","?","$","?","$","R","?","R","T","M","M","E"],"items_purchased_type":["Card","Card","Card","Card","Card","Card"],"build_version":"2020-12-22","purchased_purges":1,"victory":false,"max_hp_per_floor":[75,75,75,75,75,75,75,75,75,75,75,75,75,75,75,75,75,75,75,75,75,75,75,75,75,75,75,75,75,75],"card_choices":[{"not_picked":["Gash","Ball Lightning"],"picked":"Coolheaded","floor":1},{"not_picked":["Steam","Ball Lightning"],"picked":"Conserve Battery","floor":4},{"not_picked":["Rebound","Tempest"],"picked":"Redo","floor":5},{"not_picked":["Capacitor","Turbo"],"picked":"Self Repair","floor":10},{"not_picked":["Meteor Strike","FTL"],"picked":"Lockon","floor":12},{"not_picked":["Tempest","Go for the Eyes"],"picked":"Conserve Battery","floor":13},{"not_picked":["Ball Lightning","Steam"],"picked":"Conserve Battery","floor":15},{"not_picked":["Thunder Strike","Seek"],"picked":"Buffer","floor":16},{"not_picked":["Beam Cell+1","Conserve Battery"],"picked":"Barrage+1","floor":18},{"not_picked":["Streamline","Sunder+1"],"picked":"Ball Lightning","floor":27},{"not_picked":["Conserve Battery","Recycle+1"],"picked":"Beam Cell+1","floor":28}],"player_experience":76018,"relics_obtained":[{"floor":9,"key":"White Beast Statue"},{"floor":10,"key":"Dream Catcher"},{"floor":12,"key":"InkBottle"},{"floor":14,"key":"Gremlin Horn"},{"floor":26,"key":"CeramicFish"}],"event_choices":[{"damage_healed":0,"gold_gain":0,"player_choice":"Take Damage","damage_taken":18,"relics_obtained":["Golden Idol"],"max_hp_gain":0,"max_hp_loss":0,"event_name":"Golden Idol","floor":3,"gold_loss":0},{"damage_healed":0,"gold_gain":0,"player_choice":"Searched \u00271\u0027 times","damage_taken":0,"max_hp_gain":0,"max_hp_loss":0,"event_name":"Dead Adventurer","floor":10,"gold_loss":0},{"damage_healed":0,"gold_gain":0,"cards_transformed":["Strike_B"],"player_choice":"Transformed","damage_taken":0,"max_hp_gain":0,"max_hp_loss":0,"event_name":"Transmorgrifier","floor":11,"gold_loss":0,"cards_obtained":["Storm"]},{"damage_healed":0,"gold_gain":0,"player_choice":"Ignored","damage_taken":0,"max_hp_gain":0,"max_hp_loss":0,"event_name":"Vampires","floor":21,"gold_loss":0},{"damage_healed":0,"gold_gain":0,"player_choice":"Read","damage_taken":0,"max_hp_gain":0,"max_hp_loss":0,"event_name":"The Library","floor":24,"gold_loss":0,"cards_obtained":["Hologram"]}],"is_beta":false,"boss_relics":[{"not_picked":["Cursed Key","Calling Bell"],"picked":"FrozenCore"}],"items_purged_floors":[19],"is_endless":false,"potions_floor_spawned":[4,10,12,13,16,18,27,28],"killed_by":"Book of Stabbing","ascension_level":0}}