{"host":"xpk7f5wncxr280f7","time":1610130190,"event":{"mods":["AchievementEnabler","Astrologer","BaseMod","Colored Map","Colored Powertips","Highlight Path","Hubris","Ironclad Rager","Luminous","Minty Spire (QoL Compilation)","Permanent Neow","Quick Restart","Rare Cards Sparkle","Relic Stats","Remove Card Discount Mod","Reorder Act Four","StSLib","The Senshi","TheArtist"],"gold_per_floor":[14,31,31,47,63,92,92,92,118,118,147,147,112,112,112,207,207,219,24,24,24,39,39,39],"floor_reached":23,"playtime":3877,"items_purged":[],"score":217,"play_id":"8a176fbd-df08-4c24-b015-427f41e0f471","local_time":"20210108102310","is_ascension_mode":true,"campfire_choices":[{"data":"Genetic Algorithm","floor":7,"key":"SMITH"},{"floor":10,"key":"REST"},{"floor":12,"key":"REST"},{"data":"Dualcast","floor":15,"key":"SMITH"}],"circlet_count":0,"master_deck":["Strike_B","Strike_B","Strike_B","Strike_B","Defend_B","Defend_B","Defend_B","Defend_B","Zap","Dualcast+1","Electrodynamics","Ball Lightning","Genetic Algorithm+1","Compile Driver","Leap","Redo","Buffer","Conserve Battery","Leap+1"],"relics":["Cracked Core","Centennial Puzzle","Bag of Preparation","hubris:OldNail","Juzu Bracelet","Black Star","hubris:BallOfYels"],"acts_visited":["Exordium","TheCity"],"potions_floor_usage":[16,18],"damage_taken":[{"damage":0,"enemies":"Cultist","floor":1,"turns":3},{"damage":3,"enemies":"2 Louse","floor":2,"turns":2},{"damage":7,"enemies":"Jaw Worm","floor":4,"turns":2},{"damage":0,"enemies":"2 Fungi Beasts","floor":5,"turns":3},{"damage":27,"enemies":"Gremlin Nob","floor":6,"turns":4},{"damage":18,"enemies":"Lagavulin","floor":11,"turns":6},{"damage":44,"enemies":"Hexaghost","floor":16,"turns":10},{"damage":15,"enemies":"3 Byrds","floor":18,"turns":3},{"damage":8,"enemies":"2 Thieves","floor":22,"turns":2},{"damage":0,"enemies":"Book of Stabbing","floor":23,"turns":1}],"seed_played":"-8196430407294909439","potions_obtained":[{"floor":2,"key":"Explosive Potion"},{"floor":5,"key":"ColorlessPotion"},{"floor":6,"key":"SkillPotion"},{"floor":8,"key":"Ancient Potion"},{"floor":8,"key":"LiquidBronze"},{"floor":22,"key":"Block Potion"}],"is_trial":false,"path_per_floor":["M","M","?","M","M","E","R","?","T","R","E","R","?","?","R","B",null,"M","$","?","?","M","E"],"character_chosen":"DEFECT","items_purchased":["hubris:BallOfYels","Conserve Battery"],"campfire_rested":2,"item_purchase_floors":[19,19],"current_hp_per_floor":[75,72,54,47,47,20,20,20,20,42,24,46,64,69,69,25,80,65,65,80,80,72,72,72],"gold":39,"neow_bonus":"THREE_RARE_CARDS","is_daily":false,"chose_seed":false,"campfire_upgraded":2,"win_rate":0.0,"timestamp":1610130190,"path_taken":["M","M","?","M","M","E","R","?","T","R","E","R","?","?","R","BOSS","M","$","?","?","M","E"],"items_purchased_type":["Relic","Card"],"build_version":"2020-12-22","purchased_purges":0,"victory":false,"max_hp_per_floor":[75,75,75,75,75,75,75,75,75,75,75,75,75,80,80,80,80,80,80,80,80,80,80,80],"relic_stats":{"Centennial Puzzle":[18],"counters":[10,36],"Bag of Preparation":[10],"Juzu Bracelet":1,"Black Star":0,"obtain_stats":[{"hubris:BallOfYels":19,"Centennial Puzzle":3,"Bag of Preparation":6,"Juzu Bracelet":11,"Black Star":17,"Cracked Core":0,"hubris:OldNail":9},{"hubris:BallOfYels":8,"Centennial Puzzle":2,"Bag of Preparation":5,"Juzu Bracelet":6,"Black Star":7,"Cracked Core":0,"hubris:OldNail":5},{"hubris:BallOfYels":33,"Centennial Puzzle":5,"Bag of Preparation":14,"Juzu Bracelet":20,"Black Star":30,"Cracked Core":0,"hubris:OldNail":14}]},"card_choices":[{"not_picked":["Meteor Strike","Thunder Strike"],"picked":"Electrodynamics","floor":0},{"not_picked":["Beam Cell","Cold Snap"],"picked":"Ball Lightning","floor":1},{"not_picked":["Storm","Darkness","Streamline"],"picked":"SKIP","floor":2},{"not_picked":["Storm","Darkness","Streamline"],"picked":"SKIP","floor":2},{"not_picked":["Hologram","Static Discharge"],"picked":"Genetic Algorithm","floor":4},{"not_picked":["Melter","Blizzard"],"picked":"Compile Driver","floor":5},{"not_picked":["Scrape","Barrage"],"picked":"Leap","floor":6},{"not_picked":["Sweeping Beam","White Noise"],"picked":"Redo","floor":11},{"not_picked":["Creative AI","Reboot"],"picked":"Buffer","floor":16},{"not_picked":["Force Field","Sweeping Beam","Stack"],"picked":"SKIP","floor":18},{"not_picked":["Compile Driver","Fusion"],"picked":"Leap+1","floor":22}],"player_experience":243959,"relics_obtained":[{"floor":6,"key":"Bag of Preparation"},{"floor":9,"key":"hubris:OldNail"},{"floor":11,"key":"Juzu Bracelet"}],"event_choices":[{"damage_healed":0,"gold_gain":0,"player_choice":"Success","damage_taken":18,"relics_obtained":["Centennial Puzzle"],"max_hp_gain":0,"max_hp_loss":0,"event_name":"Scrap Ooze","floor":3,"gold_loss":0},{"damage_healed":0,"gold_gain":0,"player_choice":"Got Potions","damage_taken":0,"max_hp_gain":0,"max_hp_loss":0,"event_name":"Lab","floor":8,"gold_loss":0},{"damage_healed":18,"gold_gain":0,"player_choice":"Healed","damage_taken":0,"max_hp_gain":0,"max_hp_loss":0,"event_name":"The Cleric","floor":13,"gold_loss":35},{"damage_healed":0,"gold_gain":0,"player_choice":"Donut","damage_taken":0,"max_hp_gain":5,"max_hp_loss":0,"event_name":"Big Fish","floor":14,"gold_loss":0},{"damage_healed":26,"gold_gain":0,"player_choice":"Heal","damage_taken":0,"max_hp_gain":0,"max_hp_loss":0,"event_name":"The Library","floor":20,"gold_loss":0},{"damage_healed":0,"gold_gain":0,"player_choice":"Ignored","damage_taken":0,"max_hp_gain":0,"max_hp_loss":0,"event_name":"Vampires","floor":21,"gold_loss":0}],"is_beta":false,"boss_relics":[{"not_picked":["hubris:HollowSoul","Cursed Key"],"picked":"Black Star"}],"items_purged_floors":[],"is_endless":false,"potions_floor_spawned":[2,5,6,11,22],"killed_by":"Book of Stabbing","ascension_level":2}}