{"host":"sav7uxregyirlf69","time":1610077042,"event":{"mods":["AchievementEnabler","BaseMod","Colored Map","DeckTracker","Keyboard Shortcuts","Minty Spire (QoL Compilation)","READ ME - Guardian Mod","StSLib","SuperFastMode"],"gold_per_floor":[362,173,173,173,185,185,220,220,220,230,49,124,142,161,161,233,233,247,263,313,325,338,338,338,355,410,157,157,157,68,81,81,156,156,156],"floor_reached":34,"playtime":867,"items_purged":["Strike_G","Strike_G","Normality"],"score":704,"play_id":"cc3f9914-4b2a-4d58-b1f3-ac9adc1d5b62","local_time":"20210108123722","is_ascension_mode":true,"campfire_choices":[{"data":"Noxious Fumes","floor":6,"key":"SMITH"},{"floor":8,"key":"REST"},{"data":"Caltrops","floor":15,"key":"SMITH"},{"data":"Adrenaline","floor":23,"key":"SMITH"},{"data":"Crippling Poison","floor":29,"key":"SMITH"},{"data":"Tactician","floor":32,"key":"SMITH"}],"circlet_count":0,"master_deck":["AscendersBane","Strike_G+1","Strike_G+1","Defend_G","Defend_G+1","Defend_G","Defend_G","Defend_G","Survivor+1","Neutralize","Dagger Throw","Noxious Fumes+1","Escape Plan","Caltrops+1","Adrenaline+1","Acrobatics+1","Crippling Poison+1","Backflip","Finesse","Heel Hook","Tactician+1","Prepared","Corpse Explosion"],"relics":["Ring of the Snake","Whetstone","White Beast Statue","Cursed Key","Fusion Hammer"],"acts_visited":["Exordium","TheCity","TheBeyond"],"potions_floor_usage":[7,7,10,14,18,19,21,22,22,33,33],"damage_taken":[{"damage":0,"enemies":"2 Louse","floor":1,"turns":4},{"damage":0,"enemies":"Jaw Worm","floor":5,"turns":5},{"damage":8,"enemies":"Gremlin Nob","floor":7,"turns":3},{"damage":3,"enemies":"Small Slimes","floor":10,"turns":3},{"damage":2,"enemies":"2 Fungi Beasts","floor":13,"turns":4},{"damage":1,"enemies":"Large Slime","floor":14,"turns":7},{"damage":22,"enemies":"The Guardian","floor":16,"turns":11},{"damage":18,"enemies":"Chosen","floor":18,"turns":5},{"damage":1,"enemies":"Shell Parasite","floor":19,"turns":5},{"damage":2,"enemies":"Snecko","floor":21,"turns":7},{"damage":0,"enemies":"3 Cultists","floor":22,"turns":4},{"damage":11,"enemies":"Shelled Parasite and Fungi","floor":25,"turns":6},{"damage":2,"enemies":"Chosen and Byrds","floor":31,"turns":3},{"damage":13,"enemies":"Collector","floor":33,"turns":11}],"seed_played":"-7983940515792526452","potions_obtained":[{"floor":7,"key":"EntropicBrew"},{"floor":13,"key":"Dexterity Potion"},{"floor":14,"key":"SteroidPotion"},{"floor":16,"key":"Explosive Potion"},{"floor":18,"key":"Weak Potion"},{"floor":19,"key":"Energy Potion"},{"floor":21,"key":"BlessingOfTheForge"},{"floor":22,"key":"SpeedPotion"},{"floor":25,"key":"CunningPotion"},{"floor":31,"key":"SkillPotion"},{"floor":33,"key":"SkillPotion"}],"is_trial":false,"path_per_floor":["M","$","?","?","M","R","E","R","T","M","$","?","M","M","R","B",null,"M","M","?","M","M","R","?","M","T","$","?","R","$","M","R","B",null],"character_chosen":"THE_SILENT","items_purchased":["Poison Potion","Fire Potion","Caltrops","Finesse","Heel Hook","Tactician"],"campfire_rested":1,"item_purchase_floors":[2,2,11,27,27,30],"current_hp_per_floor":[44,44,24,24,24,24,16,35,35,32,32,21,19,18,18,19,54,36,35,35,33,33,33,33,22,22,22,22,22,22,20,20,7,51,51],"gold":156,"neow_bonus":"TWO_FIFTY_GOLD","is_daily":false,"chose_seed":false,"campfire_upgraded":5,"win_rate":0.0,"timestamp":1610077042,"path_taken":["M","$","?","?","M","R","E","R","T","M","?","?","M","M","R","BOSS","M","M","?","M","M","R","?","M","T","$","?","R","$","M","R","BOSS"],"items_purchased_type":["Potion","Potion","Card","Card","Card","Card"],"build_version":"2020-12-22","purchased_purges":3,"victory":false,"max_hp_per_floor":[66,66,66,66,66,66,66,66,66,66,66,66,66,66,66,66,66,66,66,66,66,66,66,66,66,66,66,66,66,66,66,66,66,66,66],"card_choices":[{"not_picked":["PiercingWail","Slice"],"picked":"Dagger Throw","floor":1},{"not_picked":["Noxious Fumes","Prepared","Outmaneuver"],"picked":"SKIP","floor":5},{"not_picked":["Envenom","Eviscerate"],"picked":"Escape Plan","floor":7},{"not_picked":["Deflect","Dagger Spray","Acrobatics"],"picked":"SKIP","floor":10},{"not_picked":["Flying Knee","Expertise","Poisoned Stab"],"picked":"SKIP","floor":13},{"not_picked":["Dash","Masterful Stab","PiercingWail"],"picked":"SKIP","floor":14},{"not_picked":["Envenom","Corpse Explosion"],"picked":"Adrenaline","floor":16},{"not_picked":["Poisoned Stab","Deflect","Sucker Punch+1"],"picked":"SKIP","floor":18},{"not_picked":["Backflip","Doppelganger"],"picked":"Acrobatics+1","floor":19},{"not_picked":["Blade Dance","Bane"],"picked":"Crippling Poison","floor":21},{"not_picked":["Cloak And Dagger","Poisoned Stab"],"picked":"Backflip","floor":22},{"not_picked":["Noxious Fumes","Dodge and Roll+1","Bouncing Flask"],"picked":"SKIP","floor":25},{"not_picked":["Dodge and Roll","Poisoned Stab"],"picked":"Prepared","floor":31},{"not_picked":["Storm of Steel","Die Die Die"],"picked":"Corpse Explosion","floor":33}],"player_experience":1192192,"relics_obtained":[{"floor":7,"key":"Whetstone"},{"floor":9,"key":"White Beast Statue"}],"event_choices":[{"damage_healed":0,"gold_gain":0,"player_choice":"Entered Light","damage_taken":20,"max_hp_gain":0,"max_hp_loss":0,"event_name":"Shining Light","floor":3,"gold_loss":0,"cards_upgraded":["Survivor","Defend_G"]},{"damage_healed":0,"gold_gain":0,"cards_transformed":["Strike_G"],"player_choice":"Change","damage_taken":0,"max_hp_gain":0,"max_hp_loss":0,"event_name":"Living Wall","floor":4,"gold_loss":0,"cards_obtained":["Noxious Fumes"]},{"damage_healed":0,"gold_gain":75,"player_choice":"Gather Gold","damage_taken":11,"max_hp_gain":0,"max_hp_loss":0,"event_name":"World of Goop","floor":12,"gold_loss":0},{"damage_healed":0,"gold_gain":50,"player_choice":"Stole From Cult","damage_taken":0,"max_hp_gain":0,"max_hp_loss":0,"event_name":"Nest","floor":20,"gold_loss":0},{"damage_healed":0,"gold_gain":0,"player_choice":"Ignored","damage_taken":0,"max_hp_gain":0,"max_hp_loss":0,"event_name":"The Mausoleum","floor":24,"gold_loss":0},{"damage_healed":0,"gold_gain":0,"player_choice":"Ignored","damage_taken":0,"max_hp_gain":0,"max_hp_loss":0,"event_name":"Cursed Tome","floor":28,"gold_loss":0}],"is_beta":false,"boss_relics":[{"not_picked":["Tiny House","Empty Cage"],"picked":"Cursed Key"},{"not_picked":["Runic Dome","Calling Bell"],"picked":"Fusion Hammer"}],"items_purged_floors":[2,11,27],"is_endless":false,"potions_floor_spawned":[7,10,13,14,16,18,19,21,22,25,31,33],"ascension_level":20}}