{"host":"roqztpbdbchtekes","time":1610126527,"event":{"mods":["AchievementEnabler","BaseMod","Better Third Choice","Block Reminder","Colored Map","Colored Powertips","Curses Come First","DeckTracker","Minty Spire (QoL Compilation)","Relic Stats","Spicy Shops","StSLib"],"gold_per_floor":[111,37,54,54,54,86,86,111,111,40,40,56,66,93,93,188,188,203,203,217,217,66,97,97,115,115,115,144,160,160,172,172,270,270,280,280,305,305,54,54,81,81,81,108,125,136,164,180,180,180,180],"floor_reached":50,"playtime":2366,"items_purged":["Strike_R","Strike_R"],"score":755,"play_id":"6c5f8e5f-5eb5-4288-b5fe-0a10d0b2e56b","local_time":"20210108182207","is_ascension_mode":true,"campfire_choices":[{"data":"Bash","floor":7,"key":"SMITH"},{"data":"Flex","floor":11,"key":"SMITH"},{"data":"Impervious","floor":15,"key":"SMITH"},{"data":"Dual Wield","floor":24,"key":"SMITH"},{"data":"Searing Blow+1","floor":27,"key":"SMITH"},{"data":"Clash","floor":32,"key":"SMITH"},{"data":"Searing Blow+2","floor":40,"key":"SMITH"},{"data":"Searing Blow+3","floor":42,"key":"SMITH"},{"floor":49,"key":"RECALL"}],"circlet_count":0,"master_deck":["Strike_R","Bash+1","Battle Trance","Flex+1","Clash+1","Impervious+1","Fiend Fire","Searing Blow+4","Dual Wield+1","Inflame","Flex+1","Double Tap","Pommel Strike+1","Thinking Ahead"],"relics":["Burning Blood","NeowsBlessing","Pen Nib","Pear","Orichalcum","Vajra","Frozen Eye","Ornamental Fan","Empty Cage","Brimstone","Akabeko","Gremlin Horn","Ice Cream","Philosopher\u0027s Stone","Centennial Puzzle","Red Skull","Bird Faced Urn","PreservedInsect","Blood Vial"],"acts_visited":["Exordium","TheCity","TheBeyond"],"potions_floor_usage":[14,16,23,29,33,45,50,50],"damage_taken":[{"damage":0,"enemies":"Cultist","floor":1,"turns":1},{"damage":0,"enemies":"Small Slimes","floor":3,"turns":2},{"damage":0,"enemies":"3 Sentries","floor":6,"turns":1},{"damage":21,"enemies":"Lagavulin","floor":8,"turns":5},{"damage":7,"enemies":"Jaw Worm","floor":12,"turns":2},{"damage":7,"enemies":"Lots of Slimes","floor":13,"turns":3},{"damage":12,"enemies":"3 Sentries","floor":14,"turns":6},{"damage":29,"enemies":"Hexaghost","floor":16,"turns":9},{"damage":6,"enemies":"Spheric Guardian","floor":18,"turns":4},{"damage":6,"enemies":"3 Byrds","floor":20,"turns":5},{"damage":38,"enemies":"Book of Stabbing","floor":23,"turns":4},{"damage":0,"enemies":"Centurion and Healer","floor":25,"turns":2},{"damage":0,"enemies":"Gremlin Leader","floor":28,"turns":3},{"damage":2,"enemies":"Cultist and Chosen","floor":29,"turns":3},{"damage":0,"enemies":"Sentry and Sphere","floor":31,"turns":3},{"damage":8,"enemies":"Collector","floor":33,"turns":5},{"damage":0,"enemies":"Orb Walker","floor":35,"turns":2},{"damage":0,"enemies":"Giant Head","floor":41,"turns":4},{"damage":0,"enemies":"Nemesis","floor":44,"turns":1},{"damage":3,"enemies":"3 Darklings","floor":45,"turns":2},{"damage":16,"enemies":"Spire Growth","floor":46,"turns":2},{"damage":44,"enemies":"Reptomancer","floor":47,"turns":4},{"damage":6,"enemies":"Sphere and 2 Shapes","floor":48,"turns":3},{"damage":60,"enemies":"Time Eater","floor":50,"turns":3}],"seed_played":"5799269340743191088","potions_obtained":[{"floor":6,"key":"GamblersBrew"},{"floor":8,"key":"SteroidPotion"},{"floor":12,"key":"SpeedPotion"},{"floor":16,"key":"LiquidBronze"},{"floor":23,"key":"DuplicationPotion"},{"floor":28,"key":"Weak Potion"},{"floor":31,"key":"SpeedPotion"},{"floor":35,"key":"Dexterity Potion"},{"floor":48,"key":"SkillPotion"}],"is_trial":false,"path_per_floor":["M","$","M","?","?","E","R","E","T","$","R","M","M","E","R","B",null,"M","?","M","?","$","E","R","M","T","R","E","M","?","M","R","B",null,"M","?","T","?","$","R","E","R","T","E","M","M","E","M","R","B"],"character_chosen":"IRONCLAD","items_purchased":["Pen Nib","Frozen Eye","Brimstone","Red Skull"],"campfire_rested":0,"item_purchase_floors":[2,10,22,39],"current_hp_per_floor":[80,80,80,73,73,89,89,74,74,74,74,73,72,66,66,43,90,90,90,90,90,90,58,58,64,64,64,70,74,74,80,80,78,90,90,90,90,90,90,90,90,90,90,90,90,80,44,48,48,0,0],"gold":180,"neow_bonus":"THREE_ENEMY_KILL","is_daily":false,"chose_seed":false,"campfire_upgraded":8,"win_rate":0.0,"timestamp":1610126527,"path_taken":["M","$","M","?","?","E","R","E","T","?","R","?","M","E","R","BOSS","M","?","M","?","$","E","R","?","T","R","E","M","?","M","R","BOSS","M","?","?","?","$","R","E","R","T","E","M","M","E","M","R","BOSS"],"items_purchased_type":["Relic","Relic","Relic","Relic"],"build_version":"2020-12-22","purchased_purges":2,"victory":false,"max_hp_per_floor":[80,80,80,80,80,90,90,90,90,90,90,90,90,90,90,90,90,90,90,90,90,90,90,90,90,90,90,90,90,90,90,90,90,90,90,90,90,90,90,90,90,90,90,90,90,90,90,90,90,90,90],"relic_stats":{"Blood Vial":4,"Centennial Puzzle":[12],"Gremlin Horn":[10,15],"counters":[24,79],"Ornamental Fan":[80],"Bird Faced Urn":[6],"Pen Nib":[15],"PreservedInsect":60,"Orichalcum":[90],"obtain_stats":[{"Ice Cream":28,"Pear":6,"NeowsBlessing":0,"Gremlin Horn":26,"Vajra":9,"Pen Nib":2,"PreservedInsect":44,"Orichalcum":8,"Empty Cage":17,"Burning Blood":0,"Akabeko":23,"Blood Vial":47,"Frozen Eye":10,"Centennial Puzzle":37,"Ornamental Fan":14,"Brimstone":22,"Bird Faced Urn":41,"Philosopher\u0027s Stone":34,"Red Skull":39},{"Ice Cream":13,"Pear":3,"NeowsBlessing":0,"Gremlin Horn":12,"Vajra":4,"Pen Nib":1,"PreservedInsect":19,"Orichalcum":4,"Empty Cage":8,"Burning Blood":0,"Akabeko":11,"Blood Vial":22,"Frozen Eye":4,"Centennial Puzzle":17,"Ornamental Fan":7,"Brimstone":10,"Bird Faced Urn":18,"Philosopher\u0027s Stone":16,"Red Skull":17},{"Ice Cream":47,"Pear":4,"NeowsBlessing":0,"Gremlin Horn":44,"Vajra":9,"Pen Nib":1,"PreservedInsect":65,"Orichalcum":9,"Empty Cage":29,"Burning Blood":0,"Akabeko":42,"Blood Vial":73,"Frozen Eye":9,"Centennial Puzzle":60,"Ornamental Fan":20,"Brimstone":38,"Bird Faced Urn":64,"Philosopher\u0027s Stone":58,"Red Skull":60}],"Burning Blood":105},"card_choices":[{"not_picked":["Twin Strike","Reckless Charge"],"picked":"Battle Trance","floor":1},{"not_picked":["Iron Wave","Twin Strike"],"picked":"Flex","floor":3},{"not_picked":["Anger","Flex"],"picked":"Clash","floor":6},{"not_picked":["Bloodletting","Flex","Entrench"],"picked":"SKIP","floor":8},{"not_picked":["Shrug It Off","Anger","Perfected Strike"],"picked":"SKIP","floor":12},{"not_picked":["Wild Strike","Thunderclap","Twin Strike"],"picked":"SKIP","floor":13},{"not_picked":["Combust","Cleave"],"picked":"Impervious","floor":14},{"not_picked":["Barricade","Bludgeon"],"picked":"Fiend Fire","floor":16},{"not_picked":["Searing Blow","Fire Breathing","Dark Embrace"],"picked":"SKIP","floor":18},{"not_picked":["Rage","Burning Pact","Clothesline"],"picked":"SKIP","floor":20},{"not_picked":["Wild Strike","True Grit+1"],"picked":"Dual Wield","floor":23},{"not_picked":["True Grit","Feel No Pain"],"picked":"Inflame","floor":25},{"not_picked":["Pummel","Pommel Strike","Dual Wield"],"picked":"SKIP","floor":28},{"not_picked":["Anger+1","Shrug It Off","Whirlwind"],"picked":"SKIP","floor":29},{"not_picked":["Dropkick+1","Shrug It Off"],"picked":"Flex+1","floor":31},{"not_picked":["Berserk","Demon Form"],"picked":"Double Tap","floor":33},{"not_picked":["Wild Strike+1","Spot Weakness+1"],"picked":"Pommel Strike+1","floor":35},{"not_picked":["Apotheosis","Chrysalis"],"picked":"Thinking Ahead","floor":36},{"not_picked":["Headbutt","Double Tap","Dark Embrace"],"picked":"SKIP","floor":41},{"not_picked":["True Grit+1","Twin Strike+1","Pommel Strike"],"picked":"SKIP","floor":44},{"not_picked":["Wild Strike+1","Armaments+1","Sentinel"],"picked":"SKIP","floor":45},{"not_picked":["Infernal Blade+1","Rampage","Intimidate+1"],"picked":"SKIP","floor":46},{"not_picked":["Sentinel+1","Feed","Clothesline+1"],"picked":"SKIP","floor":47},{"not_picked":["Pommel Strike+1","Entrench+1","Blood for Blood+1"],"picked":"SKIP","floor":48}],"player_experience":263265,"relics_obtained":[{"floor":6,"key":"Pear"},{"floor":8,"key":"Orichalcum"},{"floor":9,"key":"Vajra"},{"floor":14,"key":"Ornamental Fan"},{"floor":23,"key":"Akabeko"},{"floor":26,"key":"Gremlin Horn"},{"floor":28,"key":"Ice Cream"},{"floor":37,"key":"Centennial Puzzle"},{"floor":41,"key":"Bird Faced Urn"},{"floor":44,"key":"PreservedInsect"},{"floor":47,"key":"Blood Vial"}],"event_choices":[{"cards_removed":["Strike_R"],"damage_healed":0,"gold_gain":0,"player_choice":"Card Removal","damage_taken":7,"max_hp_gain":0,"max_hp_loss":0,"event_name":"Golden Wing","floor":4,"gold_loss":0},{"cards_removed":["Defend_R"],"damage_healed":0,"gold_gain":0,"player_choice":"Forget","damage_taken":0,"max_hp_gain":0,"max_hp_loss":0,"event_name":"Living Wall","floor":5,"gold_loss":0},{"damage_healed":0,"gold_gain":0,"player_choice":"Read","damage_taken":0,"max_hp_gain":0,"max_hp_loss":0,"event_name":"The Library","floor":19,"gold_loss":0,"cards_obtained":["Searing Blow"]},{"damage_healed":0,"gold_gain":0,"player_choice":"Upgraded","damage_taken":0,"max_hp_gain":0,"max_hp_loss":0,"event_name":"Upgrade Shrine","floor":21,"gold_loss":0,"cards_upgraded":["Searing Blow"]},{"cards_removed":["Defend_R"],"damage_healed":0,"gold_gain":0,"player_choice":"Purged","damage_taken":0,"max_hp_gain":0,"max_hp_loss":0,"event_name":"Purifier","floor":30,"gold_loss":0},{"damage_healed":0,"gold_gain":0,"player_choice":"Memory 1","damage_taken":0,"max_hp_gain":0,"max_hp_loss":0,"event_name":"SensoryStone","floor":36,"gold_loss":0},{"cards_removed":["Defend_R"],"damage_healed":0,"gold_gain":0,"player_choice":"Purged","damage_taken":0,"max_hp_gain":0,"max_hp_loss":0,"event_name":"Purifier","floor":38,"gold_loss":0}],"is_beta":false,"boss_relics":[{"not_picked":["Runic Dome","Snecko Eye"],"picked":"Empty Cage"},{"not_picked":["Astrolabe","Sozu"],"picked":"Philosopher\u0027s Stone"}],"items_purged_floors":[39,39],"is_endless":false,"potions_floor_spawned":[6,8,12,16,23,28,31,35,48],"killed_by":"Time Eater","ascension_level":2}}