{"host":"hbwa3kjetxrogfq8","time":1610126993,"event":{"mods":["AchievementEnabler","BaseMod","Block Reminder","Colored Map","Colored Powertips","Highlight Path","Minty Spire (QoL Compilation)","Rare Cards Sparkle","Relic Stats","StSLib"],"gold_per_floor":[209,220,44,55,72,72,87,105,129,139,139,139,154,171,171,273,273,291,70,87,3,3,3,3],"floor_reached":23,"playtime":2287,"items_purged":[],"score":249,"play_id":"a1e2c687-8024-4c1c-b5bb-34890013862b","local_time":"20210108182953","is_ascension_mode":true,"campfire_choices":[{"data":"Go for the Eyes","floor":6.0,"key":"SMITH"},{"data":"Creative AI","floor":11.0,"key":"SMITH"},{"data":"Glacier","floor":15.0,"key":"SMITH"}],"circlet_count":0,"master_deck":["Strike_B","Strike_B","Strike_B","Strike_B","Defend_B","Defend_B","Defend_B","Defend_B","Zap","Dualcast","Sweeping Beam","Chill","Glacier+1","Go for the Eyes+1","Chill","Streamline","Hologram","Creative AI+1","Creative AI","Cold Snap","Blizzard","Coolheaded","Buffer","Redo+1","Sweeping Beam+1","BootSequence","Bandage Up","Ghostly","Ghostly","Ghostly","Ghostly","Ghostly"],"relics":["Cracked Core","Oddly Smooth Stone","GremlinMask","Inserter","Orrery"],"acts_visited":["Exordium","TheCity"],"potions_floor_usage":[16],"damage_taken":[{"damage":0.0,"enemies":"Small Slimes","floor":1.0,"turns":2.0},{"damage":1.0,"enemies":"Cultist","floor":2.0,"turns":3.0},{"damage":9.0,"enemies":"2 Louse","floor":4.0,"turns":3.0},{"damage":3.0,"enemies":"Looter","floor":5.0,"turns":3.0},{"damage":13.0,"enemies":"Large Slime","floor":7.0,"turns":8.0},{"damage":11.0,"enemies":"Exordium Thugs","floor":8.0,"turns":4.0},{"damage":11.0,"enemies":"Gremlin Gang","floor":10.0,"turns":3.0},{"damage":3.0,"enemies":"3 Louse","floor":13.0,"turns":4.0},{"damage":4.0,"enemies":"Looter","floor":14.0,"turns":3.0},{"damage":15,"enemies":"Hexaghost","floor":16,"turns":15},{"damage":40,"enemies":"3 Byrds","floor":18,"turns":6},{"damage":18,"enemies":"Spheric Guardian","floor":20,"turns":8},{"damage":41,"enemies":"Gremlin Leader","floor":23,"turns":8}],"seed_played":"-2644505776184535313","potions_obtained":[{"floor":2.0,"key":"Fire Potion"},{"floor":5.0,"key":"SpeedPotion"},{"floor":8.0,"key":"Fire Potion"},{"floor":14.0,"key":"Block Potion"},{"floor":20,"key":"Ancient Potion"}],"is_trial":false,"path_per_floor":["M","M","$","M","M","R","M","M","T","M","R","?","M","M","R","B",null,"M","$","M","$","?","E"],"character_chosen":"DEFECT","items_purchased":["Glacier","Go for the Eyes","Chill","Blizzard","Orrery","Bandage Up"],"campfire_rested":0,"item_purchase_floors":[3,3,3,19,19,21],"current_hp_per_floor":[75,74,74,65,62,62,49,38,38,27,27,27,24,20,20,5,75,35,35,17,17,17,0,0],"gold":3,"neow_bonus":"HUNDRED_GOLD","is_daily":false,"chose_seed":false,"campfire_upgraded":3,"win_rate":0.0,"timestamp":1610126993,"path_taken":["M","M","$","M","M","R","M","M","T","M","R","?","?","M","R","BOSS","M","$","M","$","?","E"],"items_purchased_type":["Card","Card","Card","Card","Relic","Card"],"build_version":"2020-12-22","purchased_purges":0,"victory":false,"max_hp_per_floor":[75,75,75,75,75,75,75,75,75,75,75,75,75,75,75,75,75,75,75,75,75,37,37,37],"relic_stats":{"Inserter":[11],"counters":[13,70],"obtain_stats":[{"Inserter":17,"Oddly Smooth Stone":9,"Orrery":19,"GremlinMask":12,"Cracked Core":0},{"Inserter":10,"Oddly Smooth Stone":6,"Orrery":11,"GremlinMask":7,"Cracked Core":0},{"Inserter":48,"Oddly Smooth Stone":23,"Orrery":54,"GremlinMask":26,"Cracked Core":0}]},"card_choices":[{"not_picked":["Chaos","Consume"],"picked":"Sweeping Beam","floor":1.0},{"not_picked":["Stack","Barrage"],"picked":"Chill","floor":2.0},{"not_picked":["Conserve Battery","Rebound"],"picked":"Streamline","floor":4.0},{"not_picked":["Doom and Gloom","Compile Driver"],"picked":"Hologram","floor":5.0},{"not_picked":["Leap","Barrage","Stack"],"picked":"SKIP","floor":7.0},{"not_picked":["Steam","Storm"],"picked":"Creative AI","floor":8.0},{"not_picked":["Gash","Leap","Barrage"],"picked":"SKIP","floor":10.0},{"not_picked":["Hologram","Rip and Tear","Redo"],"picked":"SKIP","floor":13.0},{"not_picked":["Hello World","Barrage","Hologram"],"picked":"SKIP","floor":14.0},{"not_picked":["Core Surge","Hyperbeam"],"picked":"Creative AI","floor":16},{"not_picked":["Doom and Gloom","Conserve Battery"],"picked":"Cold Snap","floor":18},{"not_picked":["Steam Power","Multi-Cast"],"picked":"Coolheaded","floor":19},{"not_picked":["Static Discharge","Aggregate"],"picked":"Buffer","floor":19},{"not_picked":["Consume+1","Leap+1"],"picked":"Redo+1","floor":19},{"not_picked":["Compile Driver+1","Turbo"],"picked":"Sweeping Beam+1","floor":19},{"not_picked":["Hologram","Barrage"],"picked":"BootSequence","floor":20}],"player_experience":622932,"relics_obtained":[{"floor":9.0,"key":"Oddly Smooth Stone"}],"event_choices":[{"damage_healed":0.0,"max_hp_gain":0.0,"max_hp_loss":0.0,"gold_gain":0.0,"event_name":"FaceTrader","player_choice":"Trade","floor":12.0,"gold_loss":0.0,"damage_taken":0.0,"relics_obtained":["GremlinMask"]},{"damage_healed":0,"gold_gain":0,"player_choice":"Became a Ghost","damage_taken":0,"max_hp_gain":0,"max_hp_loss":38,"event_name":"Ghosts","floor":22,"gold_loss":0,"cards_obtained":["Ghostly","Ghostly","Ghostly","Ghostly","Ghostly"]}],"is_beta":false,"boss_relics":[{"not_picked":["Pandora\u0027s Box","Coffee Dripper"],"picked":"Inserter"}],"items_purged_floors":[],"is_endless":false,"potions_floor_spawned":[2,5,8,14,20],"killed_by":"Gremlin Leader","ascension_level":4}}