{"host":"dwyzfvnzfcqffr30","time":1610102851,"event":{"mods":["2.2 Compatiblity","Act Like it!","BaseMod","Beaked The Cultist","Better Altar","Better Match","Better Note","Better Sensory Stone","Better Skull","Better Third Choice","Clockwork Mod","Colored Map","Colored Powertips","Conspire","Downfall","Elementarium","GifTheSpireLib","Halation","Hermit","Hubris","Infinite Spire","Ironclad Rager","Jedi Mod","Menagerie","Mimic Mod","Minty Spire (QoL Compilation)","Permanent Neow","Random Character Button","Replay The Spire","Spicy Shops","StSLib","Stuff the Spire","The Construct","The Disciple","The Druid","The Marked","TheFirefly","Trackpad","vexMod"],"gold_per_floor":[444,470,6,24,42,72,72,107,107,107,107,127,169,193,193,281,281,318,318,357,357,357,357,357],"floor_reached":23,"playtime":1240,"items_purged":[],"score":386,"play_id":"f1868b4d-317b-4519-af40-bb970d79a1ae","local_time":"20210108024731","is_ascension_mode":true,"campfire_choices":[{"floor":7,"key":"RECALL"},{"floor":11,"key":"REST"},{"floor":15,"key":"REST"}],"circlet_count":0,"master_deck":["AscendersBane","Berserk+1","Strike_B+1","Strike_B+1","Strike_B+1","Strike_B+1","Defend_B+1","Defend_B+1","Defend_B+1","Defend_B+1","Zap+1","Dualcast+1","MasterReality+1","jedi:meditation+1","Redo+1","BasicCrystalCard+1","Defragment+1","Hologram+1","hubris:PowerSurge+1","ReplayTheSpireMod:Book of Names+1","Crystallizer+1","StuffTheSpire:Plugnplay+1","Normality","theMarked:SoldierOfQuellstein+1","Electrodynamics+1","Blind+1","infinitespire:Punishment+1","jedi:BurstLightning+1","Capacitor+1","ICR:Cyclone+1"],"relics":["Cracked Core","Toxic Egg 2","Molten Egg 2","Frozen Egg 2","Quantum Egg","SacredBark","hubris:EvacipatedBox","Juzu Bracelet","infinitespire:EvilPickle","Bottled Tornado","vexMod:RetaliationKit","Replay:Frozen Program","Eternal Feather","Snack Pack","Raider\u0027s Mask","StuffTheSpire:Gunfinga","ReplayTheSpireMod:SealedPack","Prayer Wheel"],"acts_visited":["Exordium","TheCity"],"potions_floor_usage":[6,8,16],"damage_taken":[{"damage":2,"enemies":"2 Louse","floor":1,"turns":3},{"damage":0,"enemies":"Small Slimes","floor":4,"turns":2},{"damage":0,"enemies":"Cultist","floor":5,"turns":4},{"damage":0,"enemies":"3 Sentries","floor":6,"turns":5},{"damage":18,"enemies":"Gremlin Nob","floor":8,"turns":5},{"damage":0,"enemies":"Blue Slaver","floor":12,"turns":2},{"damage":17,"enemies":"3 Sentries","floor":13,"turns":4},{"damage":9,"enemies":"Exordium Thugs","floor":14,"turns":3},{"damage":28,"enemies":"Hexaghost","floor":16,"turns":6},{"damage":12,"enemies":"Spheric Guardian","floor":18,"turns":4},{"damage":4,"enemies":"Chosen","floor":20,"turns":3},{"damage":51,"enemies":"Book of Stabbing","floor":23,"turns":3}],"seed_played":"4485609402352878124","potions_obtained":[{"floor":5,"key":"Weak Potion"},{"floor":6,"key":"Strength Potion"},{"floor":16,"key":"Fire Potion"},{"floor":20,"key":"Milkshake"}],"is_trial":false,"path_per_floor":["M","?","$","M","M","E","R","E","T","?","R","M","E","M","R","B",null,"M","?","M","?","?","E"],"character_chosen":"DEFECT","items_purchased":["Replay:Frozen Program","Defragment+1","Eternal Feather"],"campfire_rested":2,"item_purchase_floors":[3,3,3],"current_hp_per_floor":[66,66,66,66,66,66,68,50,50,33,65,65,50,41,68,40,61,49,49,45,48,48,0,0],"gold":357,"neow_bonus":"RANDOM_COLORLESS_2","is_daily":false,"chose_seed":false,"campfire_upgraded":0,"win_rate":0.0,"timestamp":1610102851,"path_taken":["M","?","$","M","M","E","R","E","T","?","R","M","E","M","R","BOSS","M","?","M","?","?","E"],"items_purchased_type":["Relic","Card","Relic"],"build_version":"2020-12-22","purchased_purges":0,"victory":false,"max_hp_per_floor":[68,68,68,68,68,68,68,68,68,68,68,68,68,68,68,68,68,68,68,68,71,71,71,71],"card_choices":[{"not_picked":["Chrysalis","Master of Strategy"],"picked":"Transmutation","floor":0},{"not_picked":["jedi:locknload+1","Coolheaded+1"],"picked":"Redo+1","floor":1},{"not_picked":["Force Field+1","jedi:spotbugs+1"],"picked":"BasicCrystalCard+1","floor":2},{"not_picked":["Stack+1","StuffTheSpire:LoadUp+1"],"picked":"Hologram+1","floor":4},{"not_picked":["conspire:Rain+1","Hologram+1"],"picked":"hubris:PowerSurge+1","floor":5},{"not_picked":["Hologram+1","Skim+1","Aggregate+1"],"picked":"SKIP","floor":6},{"not_picked":["StuffTheSpire:LoadUp+1","Seek+1","Tempest+1"],"picked":"SKIP","floor":8},{"not_picked":["infinitespire:SevenWalls","infinitespire:NeuralNetwork"],"picked":"ReplayTheSpireMod:Book of Names","floor":10},{"not_picked":["hubris:Ukulele+1","Sweeping Beam+1"],"picked":"Crystallizer+1","floor":12},{"not_picked":["Fusion+1","Rebound+1","Ball Lightning+1"],"picked":"SKIP","floor":13},{"not_picked":["Steam+1","Compile Driver+1"],"picked":"StuffTheSpire:Plugnplay+1","floor":14},{"not_picked":["Amplify+1","Biased Cognition+1"],"picked":"ReplayTheSpireMod:Fabricate Wheel+1","floor":16},{"not_picked":["SecondHand","Clockwork:Tinker"],"picked":"theMarked:SoldierOfQuellstein","floor":17},{"not_picked":["Biased Cognition","Rainbow"],"picked":"Electrodynamics","floor":17},{"not_picked":["hubris:Ssssneak","expansioncontent:HyperBeam"],"picked":"Blind","floor":17},{"not_picked":["infinitespire:Collect","ReplayTheSpireMod:Book of Names"],"picked":"infinitespire:Punishment","floor":17},{"not_picked":["BasicCrystalCard+1","Melter+1"],"picked":"jedi:BurstLightning+1","floor":18},{"not_picked":["jedi:BurstDark+1","Undo+1"],"picked":"Capacitor+1","floor":20}],"player_experience":2655263,"relics_obtained":[{"floor":2,"key":"vexMod:RetaliationKit"},{"floor":6,"key":"Snack Pack"},{"floor":13,"key":"StuffTheSpire:Gunfinga"}],"event_choices":[{"damage_healed":0,"gold_gain":0,"player_choice":"Simplicity","damage_taken":0,"max_hp_gain":0,"max_hp_loss":8,"event_name":"betterThird:BetterWriting","floor":0,"gold_loss":0},{"cards_removed":["Transmutation"],"damage_healed":0,"gold_gain":0,"player_choice":"Elegance","damage_taken":0,"max_hp_gain":0,"max_hp_loss":0,"event_name":"betterThird:BetterWriting","floor":0,"gold_loss":0},{"damage_healed":0,"gold_gain":0,"player_choice":"Ignored","damage_taken":0,"max_hp_gain":0,"max_hp_loss":0,"event_name":"Transmorgrifier","floor":19,"gold_loss":0},{"damage_healed":0,"gold_gain":0,"player_choice":"Ignored","damage_taken":0,"max_hp_gain":0,"max_hp_loss":0,"event_name":"Upgrade Shrine","floor":22,"gold_loss":0}],"is_beta":false,"boss_relics":[{"not_picked":["beaked:MawFillet","trackpad:StolenKidneys","vexMod:FluxCapacitor"],"picked":"ReplayTheSpireMod:SealedPack"}],"items_purged_floors":[],"is_endless":false,"potions_floor_spawned":[5,6,8,16,20],"killed_by":"Book of Stabbing","ascension_level":13}}