{"host":"uv231blk40vjdojr","time":1610133733,"event":{"mods":["AchievementEnabler","BaseMod","Bestiary","Minty Spire (QoL Compilation)","Relic Stats"],"gold_per_floor":[367,292,442,22,40,69,69,99,168,198,212,212,228,262,262,337,337,352,12,26,45,45,45],"floor_reached":22,"playtime":812,"items_purged":["Doubt"],"score":408,"play_id":"24b77e08-ea15-466b-b940-71a9794b5ec4","local_time":"20210108202213","is_ascension_mode":true,"campfire_choices":[{"data":"Neutralize","floor":7,"key":"SMITH"},{"floor":12,"key":"REST"},{"floor":15,"key":"REST"}],"circlet_count":0,"master_deck":["AscendersBane","Strike_G","Strike_G","Strike_G","Strike_G","Defend_G","Defend_G","Defend_G","Defend_G","Defend_G","Survivor","Neutralize+1","Dagger Throw","Skewer+1","Crippling Poison","Heel Hook+1","Bouncing Flask","Slice+1","Corpse Explosion","Dagger Spray+1","Bane+1"],"relics":["Ring of the Snake","Molten Egg 2","Bag of Preparation","Singing Bowl","Gremlin Horn","Toy Ornithopter","SacredBark","Shuriken"],"acts_visited":["Exordium","TheCity"],"potions_floor_usage":[6,14,14,16,21],"damage_taken":[{"damage":0.0,"enemies":"2 Louse","floor":1.0,"turns":3.0},{"damage":2.0,"enemies":"Jaw Worm","floor":5.0,"turns":6.0},{"damage":9,"enemies":"3 Sentries","floor":6,"turns":7},{"damage":42,"enemies":"Gremlin Nob","floor":8,"turns":5},{"damage":0,"enemies":"Cultist","floor":11,"turns":3},{"damage":5,"enemies":"Exordium Wildlife","floor":13,"turns":3},{"damage":27,"enemies":"3 Sentries","floor":14,"turns":7},{"damage":13,"enemies":"Hexaghost","floor":16,"turns":7},{"damage":0,"enemies":"3 Byrds","floor":18,"turns":3},{"damage":22,"enemies":"2 Thieves","floor":20,"turns":3},{"damage":27,"enemies":"Snake Plant","floor":21,"turns":4},{"damage":16,"enemies":"Sentry and Sphere","floor":22,"turns":3}],"seed_played":"3251234818050910405","potions_obtained":[{"floor":8,"key":"Regen Potion"},{"floor":13,"key":"FearPotion"},{"floor":14,"key":"Poison Potion"},{"floor":16,"key":"Poison Potion"},{"floor":18,"key":"DistilledChaos"}],"is_trial":false,"path_per_floor":["M","?","?","$","M","E","R","E","T","?","M","R","M","E","R","B",null,"M","$","M","M","M"],"character_chosen":"THE_SILENT","items_purchased":["Molten Egg 2","ColorlessPotion","Shuriken","Strength Potion"],"campfire_rested":2,"item_purchase_floors":[4,4,19,19],"current_hp_per_floor":[59,59,59,59,57,48,48,6,6,6,6,24,21,9,27,19,51,51,51,31,9,0,0],"gold":45,"neow_bonus":"TWO_FIFTY_GOLD","is_daily":false,"chose_seed":false,"campfire_upgraded":1,"win_rate":0.0,"timestamp":1610133733,"path_taken":["M","?","?","$","M","E","R","E","T","?","?","R","M","E","R","BOSS","M","$","M","M","M"],"items_purchased_type":["Relic","Potion","Relic","Potion"],"build_version":"2020-12-22","purchased_purges":1,"victory":false,"max_hp_per_floor":[60,60,60,60,60,60,60,60,60,60,60,60,62,62,62,62,62,62,62,64,64,64,64],"relic_stats":{"Singing Bowl":4,"Gremlin Horn":[4,4],"counters":[12,54],"Shuriken":[3],"Bag of Preparation":[18],"obtain_stats":[{"Singing Bowl":8,"Gremlin Horn":9,"Shuriken":19,"SacredBark":17,"Molten Egg 2":4,"Bag of Preparation":6,"Toy Ornithopter":14,"Ring of the Snake":0},{"Singing Bowl":4,"Gremlin Horn":4,"Shuriken":9,"SacredBark":8,"Molten Egg 2":1,"Bag of Preparation":3,"Toy Ornithopter":7,"Ring of the Snake":0},{"Singing Bowl":21,"Gremlin Horn":21,"Shuriken":44,"SacredBark":41,"Molten Egg 2":3,"Bag of Preparation":16,"Toy Ornithopter":34,"Ring of the Snake":0}],"Toy Ornithopter":10,"Ring of the Snake":[24]},"card_choices":[{"not_picked":["Flying Knee","PiercingWail"],"picked":"Dagger Throw","floor":1.0},{"not_picked":["Underhanded Strike+1","Corpse Explosion"],"picked":"Skewer+1","floor":5.0},{"not_picked":["Bouncing Flask","Well Laid Plans"],"picked":"Crippling Poison","floor":6},{"not_picked":["Deadly Poison","Backflip"],"picked":"Heel Hook+1","floor":8},{"not_picked":["Finisher+1","PiercingWail"],"picked":"Bouncing Flask","floor":11},{"not_picked":["Deflect","Setup","Flying Knee+1"],"picked":"Singing Bowl","floor":13},{"not_picked":["Leg Sweep","Choke+1"],"picked":"Slice+1","floor":14},{"not_picked":["Burst","Storm of Steel"],"picked":"Corpse Explosion","floor":16},{"not_picked":["Infinite Blades","Cloak And Dagger"],"picked":"Dagger Spray+1","floor":18},{"not_picked":["Infinite Blades","Choke+1","Escape Plan"],"picked":"Singing Bowl","floor":20},{"not_picked":["Deadly Poison","Quick Slash+1"],"picked":"Bane+1","floor":21}],"player_experience":609546,"relics_obtained":[{"floor":6,"key":"Bag of Preparation"},{"floor":8,"key":"Singing Bowl"},{"floor":9,"key":"Gremlin Horn"},{"floor":14,"key":"Toy Ornithopter"}],"event_choices":[{"cards_removed":["Strike_G"],"damage_healed":0.0,"max_hp_gain":0.0,"max_hp_loss":0.0,"gold_gain":0.0,"event_name":"The Cleric","player_choice":"Card Removal","floor":2.0,"gold_loss":75.0,"damage_taken":0.0},{"damage_healed":0.0,"max_hp_gain":0.0,"max_hp_loss":0.0,"gold_gain":150.0,"event_name":"Liars Game","player_choice":"AGREE","floor":3.0,"gold_loss":0.0,"damage_taken":0.0,"cards_obtained":["Doubt"]},{"damage_healed":0,"gold_gain":30,"player_choice":"Searched \u00271\u0027 times","damage_taken":0,"max_hp_gain":0,"max_hp_loss":0,"event_name":"Dead Adventurer","floor":10,"gold_loss":0}],"is_beta":false,"boss_relics":[{"not_picked":["Philosopher\u0027s Stone","HoveringKite"],"picked":"SacredBark"}],"items_purged_floors":[4],"is_endless":false,"potions_floor_spawned":[8,13,14,16,18],"killed_by":"Sentry and Sphere","ascension_level":20}}