{"host":"5ft7yn6ogyq2ib7i","time":1610113233,"event":{"mods":["Act Like it!","Arknights The Spire","BaseMod","Conspire","Defuse TimeMaze Blight","Gensokyo","Hubris","Minty Spire (QoL Compilation)","Replay The Spire","StSLib","The Jungle"],"gold_per_floor":[117,137,157,232,267,267,267,287,287,287,314,194,225,236,236,331,331,331,331],"floor_reached":18,"playtime":1673,"items_purged":["hubris:Lust"],"score":170,"play_id":"00eed219-1a80-4580-9b9c-0cf2e839c164","local_time":"20210108144033","is_ascension_mode":false,"campfire_choices":[{"data":"ats:Mental Burst","floor":6,"key":"SMITH"},{"data":"ats:Guardian Obelisk","floor":10,"key":"SMITH"},{"data":"ats:Healing Drone","floor":15,"key":"SMITH"}],"circlet_count":0,"master_deck":["ats:Strike C","ats:Strike G","ats:Strike S","ats:Strike V","ats:Armor Crushing Shot+1","ats:Defend","ats:Defend","ats:Defend","ats:Defend","ats:Emotion Absorption","ats:Thorns","ats:Guardian Obelisk+1","ats:Disruption Kick","ats:Mental Burst+1","ats:Healing Drone+1","ats:Ignite","Gensokyo:BlemishedSteel","Gensokyo:ScrapIron","hubris:NaturalOne","ats:Shell Defense","Writhe","hubris:Greed","Shame"],"relics":["ats:Sanity","ReplayTheSpireMod:CursedCoin","Lizard Tail","hubris:Icosahedron","hubris:PeanutButter","ats:Originium","ReplayTheSpireMod:TigerMarble","hubris:SlimyHat","Replay:Ancient Bell","Replay:Rubber Ducky","Shuriken","Thread and Needle"],"acts_visited":["Exordium","TheCity"],"potions_floor_usage":[5,11,18],"damage_taken":[{"damage":0,"enemies":"Gensokyo:Python","floor":1,"turns":4},{"damage":3,"enemies":"Gensokyo:Gryphon","floor":2,"turns":4},{"damage":2,"enemies":"Gensokyo:2_Kodama","floor":3,"turns":4},{"damage":14,"enemies":"conspire:MimicChest","floor":5,"turns":7},{"damage":1,"enemies":"Gensokyo:VengefulSpirit","floor":8,"turns":4},{"damage":18,"enemies":"Gensokyo:Cirno","floor":11,"turns":6},{"damage":34,"enemies":"Gensokyo:Cirno","floor":13,"turns":6},{"damage":0,"enemies":"Gensokyo:Kitsune","floor":14,"turns":2},{"damage":50,"enemies":"Gensokyo:Reimu","floor":16,"turns":12},{"damage":4,"enemies":"conspire:FuzzyDice","floor":18,"turns":1}],"seed_played":"-8600099934675358068","potions_obtained":[{"floor":1,"key":"LiquidBronze"},{"floor":2,"key":"Toxic Potion"},{"floor":8,"key":"SteroidPotion"},{"floor":11,"key":"ats:Top Emergency Sanity Potion"},{"floor":16,"key":"Death Potion"}],"is_trial":false,"path_per_floor":["M","M","M","$","?","R","?","M","T","R","?","COS","E","M","R","B",null,"M"],"character_chosen":"DOCTOR_CLASS","items_purchased":["ReplayTheSpireMod:CursedCoin"],"campfire_rested":0,"item_purchase_floors":[4],"current_hp_per_floor":[72,69,67,67,53,53,53,52,52,52,46,46,18,18,18,13,72,68,68],"gold":331,"neow_bonus":"UPGRADE_CARD","is_daily":false,"chose_seed":false,"campfire_upgraded":3,"win_rate":0.0,"timestamp":1610113233,"path_taken":["M","M","M","$","?","R","?","M","T","R","?","COS","E","M","R","BOSS","M"],"items_purchased_type":["Relic"],"build_version":"2020-12-22","purchased_purges":1,"victory":false,"max_hp_per_floor":[72,72,72,72,72,72,72,72,72,72,72,72,72,72,72,72,72,72,72],"card_choices":[{"not_picked":["ats:Demon Strength","ats:Flexible Camouflage"],"picked":"ats:Thorns","floor":1},{"not_picked":["ats:Consecutive Shot Auto","ats:Flexible Camouflage"],"picked":"ats:Guardian Obelisk","floor":2},{"not_picked":["ats:Leaping Hammer","ats:Spore Proliferation"],"picked":"ats:Disruption Kick","floor":3},{"not_picked":["ats:Composite Medical Shells","ats:Red Shift"],"picked":"ats:Mental Burst","floor":5},{"not_picked":["ats:Revitalization","ats:Consecutive Shot Auto"],"picked":"ats:Healing Drone","floor":8},{"not_picked":["ats:Demon Strength","ats:Apocalypse"],"picked":"ats:Ignite","floor":11},{"not_picked":["ats:Assault Order","ats:Ignite"],"picked":"ats:Shell Defense","floor":13},{"not_picked":["ats:Hammer On","ats:Red Shift","ats:Spore Proliferation"],"picked":"SKIP","floor":14},{"not_picked":["Amnesia","Parasite"],"picked":"Writhe","floor":17},{"not_picked":["Gensokyo:AllTheWorldsEvil","Pain"],"picked":"hubris:Greed","floor":17},{"not_picked":["ReplayTheSpireMod:Splinters","Overencumbered"],"picked":"Shame","floor":17}],"player_experience":240589,"relics_obtained":[{"floor":5,"key":"Lizard Tail"},{"floor":9,"key":"hubris:PeanutButter"},{"floor":11,"key":"ats:Originium"},{"floor":11,"key":"ReplayTheSpireMod:TigerMarble"},{"floor":13,"key":"ats:Originium"},{"floor":13,"key":"hubris:SlimyHat"}],"event_choices":[],"is_beta":false,"boss_relics":[{"not_picked":["Busted Crown","ReplayTheSpireMod:DimensionalGlitch"],"picked":"Replay:Ancient Bell"},{"not_picked":["Replay:Mystery Machine","Nunchaku"],"picked":"Replay:Rubber Ducky"},{"not_picked":["conspire:Dentures","Ornamental Fan"],"picked":"Shuriken"},{"not_picked":["hubris:64BitClover","hubris:AstralHammer"],"picked":"Thread and Needle"}],"items_purged_floors":[4],"is_endless":false,"potions_floor_spawned":[1,2,8,11,16],"killed_by":"conspire:FuzzyDice","ascension_level":0}}