{"host":"t7mx8yfj1no5p62f","time":1610111264,"event":{"mods":["BaseMod","Colored Map","Colored Powertips","Minty Spire (QoL Compilation)","Relic Stats","StSLib"],"gold_per_floor":[118,118,131,151,151,151,176,187,187,212,212,225,225,150,150,150,150],"floor_reached":16,"playtime":383,"items_purged":[],"score":220,"play_id":"1fbffd59-1c9c-402f-828f-853bc628d7c1","local_time":"20210108080744","is_ascension_mode":true,"campfire_choices":[{"data":"Poisoned Stab","floor":6.0,"key":"SMITH"},{"floor":11,"key":"REST"},{"data":"Predator","floor":13,"key":"SMITH"},{"data":"Crippling Poison","floor":15,"key":"SMITH"}],"circlet_count":0,"master_deck":["AscendersBane","Strike_G","Strike_G","Strike_G","Strike_G","Strike_G","Defend_G","Defend_G","Defend_G","Defend_G","Defend_G","Survivor","Neutralize","Crippling Poison+1","Bane","Poisoned Stab+1","Quick Slash","Blur","Calculated Gamble","Predator+1"],"relics":["Ring of the Snake","NeowsBlessing","WarpedTongs","Darkstone Periapt","StrikeDummy","Question Card"],"acts_visited":["Exordium"],"potions_floor_usage":[10],"damage_taken":[{"damage":0.0,"enemies":"Jaw Worm","floor":1.0,"turns":1.0},{"damage":0.0,"enemies":"2 Louse","floor":3.0,"turns":1.0},{"damage":0.0,"enemies":"Cultist","floor":4.0,"turns":1.0},{"damage":39.0,"enemies":"3 Sentries","floor":7.0,"turns":11.0},{"damage":8.0,"enemies":"3 Louse","floor":8.0,"turns":3.0},{"damage":10,"enemies":"Gremlin Nob","floor":10,"turns":3},{"damage":4,"enemies":"Looter","floor":12,"turns":3},{"damage":28,"enemies":"Slime Boss","floor":16,"turns":7}],"seed_played":"7841357807926268166","potions_obtained":[{"floor":1.0,"key":"Poison Potion"},{"floor":8.0,"key":"Strength Potion"}],"is_trial":false,"path_per_floor":["M","?","M","M","?","R","E","M","T","E","R","M","R","?","R","B"],"character_chosen":"THE_SILENT","items_purchased":[],"campfire_rested":1,"item_purchase_floors":[],"current_hp_per_floor":[59,64,64,64,64,64,25,17,17,7,28,24,24,24,24,0,0],"gold":150,"neow_bonus":"THREE_ENEMY_KILL","is_daily":false,"chose_seed":false,"campfire_upgraded":3,"win_rate":0.0,"timestamp":1610111264,"path_taken":["M","?","M","M","?","R","E","?","T","E","R","M","R","?","R","BOSS"],"items_purchased_type":[],"build_version":"2020-12-22","purchased_purges":0,"victory":false,"max_hp_per_floor":[66,71,71,71,71,71,71,71,71,71,71,71,71,71,71,71,71],"relic_stats":{"Darkstone Periapt":0,"counters":[8,30],"Question Card":1,"obtain_stats":[{"Darkstone Periapt":7,"NeowsBlessing":0,"StrikeDummy":9,"Question Card":10,"Ring of the Snake":0,"WarpedTongs":5},{"Darkstone Periapt":4,"NeowsBlessing":0,"StrikeDummy":5,"Question Card":6,"Ring of the Snake":0,"WarpedTongs":3},{"Darkstone Periapt":14,"NeowsBlessing":0,"StrikeDummy":17,"Question Card":20,"Ring of the Snake":0,"WarpedTongs":3}],"Ring of the Snake":[16],"WarpedTongs":[25]},"card_choices":[{"not_picked":["Concentrate","Deflect"],"picked":"Crippling Poison","floor":1.0},{"not_picked":["Blade Dance","Dodge and Roll"],"picked":"Bane","floor":3.0},{"not_picked":["Blade Dance","Flying Knee"],"picked":"Poisoned Stab","floor":4.0},{"not_picked":["Cloak And Dagger","Sucker Punch"],"picked":"Quick Slash","floor":7.0},{"not_picked":["Accuracy","Deflect"],"picked":"Blur","floor":8.0},{"not_picked":["Grand Finale","Blade Dance"],"picked":"Calculated Gamble","floor":10},{"not_picked":["Blade Dance","Backstab","Flying Knee"],"picked":"Predator","floor":12}],"player_experience":1679989,"relics_obtained":[{"floor":7.0,"key":"Darkstone Periapt"},{"floor":9.0,"key":"StrikeDummy"},{"floor":10,"key":"Question Card"}],"event_choices":[{"damage_healed":0.0,"max_hp_gain":5.0,"max_hp_loss":0.0,"gold_gain":0.0,"event_name":"Big Fish","player_choice":"Donut","floor":2.0,"gold_loss":0.0,"damage_taken":0.0},{"damage_healed":0.0,"max_hp_gain":0.0,"max_hp_loss":0.0,"gold_gain":0.0,"event_name":"Accursed Blacksmith","player_choice":"Rummage","floor":5.0,"gold_loss":0.0,"damage_taken":0.0,"relics_obtained":["WarpedTongs"],"cards_obtained":["Pain"]},{"cards_removed":["Pain"],"damage_healed":0,"gold_gain":0,"player_choice":"Card Removal","damage_taken":0,"max_hp_gain":0,"max_hp_loss":0,"event_name":"The Cleric","floor":14,"gold_loss":75}],"is_beta":false,"boss_relics":[],"items_purged_floors":[],"is_endless":false,"potions_floor_spawned":[1,8],"killed_by":"Slime Boss","ascension_level":20}}