{"host":"p6y17sixyu8q9v1f","time":1610110555,"event":{"mods":["BaseMod","Colored Map","Minty Spire (QoL Compilation)"],"gold_per_floor":[112,124,124,149,149,149,164,177,203,203,226,226,246,260,260,380,380,395,335,335,335],"floor_reached":20,"playtime":1173,"items_purged":[],"score":210,"play_id":"0b05022f-e560-4144-9c96-37f0114752f1","local_time":"20210108065555","is_ascension_mode":true,"campfire_choices":[{"data":"Zap","floor":6,"key":"SMITH"},{"data":"Scrape","floor":10,"key":"SMITH"},{"data":"Go for the Eyes","floor":12,"key":"SMITH"},{"floor":15,"key":"REST"}],"circlet_count":0,"master_deck":["Strike_B","Strike_B","Strike_B","Strike_B","Defend_B","Defend_B","Defend_B","Zap+1","Dualcast","Leap","Conserve Battery","Scrape+1","Auto Shields","Gash","Go for the Eyes+1","Streamline","Redo","Machine Learning","Redo+1","Auto Shields"],"relics":["FrozenCore","NeowsBlessing","Golden Idol","Lantern"],"acts_visited":["Exordium","TheCity"],"potions_floor_usage":[14,14,16],"damage_taken":[{"damage":0,"enemies":"Small Slimes","floor":1,"turns":1},{"damage":0,"enemies":"2 Louse","floor":2,"turns":1},{"damage":0,"enemies":"Cultist","floor":4,"turns":1},{"damage":17,"enemies":"Exordium Wildlife","floor":7,"turns":4},{"damage":14,"enemies":"Looter","floor":8,"turns":5},{"damage":0,"enemies":"2 Fungi Beasts","floor":11,"turns":2},{"damage":3,"enemies":"Large Slime","floor":13,"turns":5},{"damage":0,"enemies":"Gremlin Gang","floor":14,"turns":4},{"damage":22,"enemies":"The Guardian","floor":16,"turns":10},{"damage":0,"enemies":"Shell Parasite","floor":18,"turns":6},{"damage":20,"enemies":"2 Thieves","floor":19,"turns":4},{"damage":43,"enemies":"Cultist and Chosen","floor":20,"turns":9}],"seed_played":"-8691299602202551776","potions_obtained":[{"floor":4,"key":"SkillPotion"},{"floor":7,"key":"PowerPotion"},{"floor":8,"key":"SteroidPotion"}],"is_trial":false,"path_per_floor":["M","M","?","M","?","R","M","M","T","R","M","R","M","M","R","B",null,"M","M","M"],"character_chosen":"DEFECT","items_purchased":[],"campfire_rested":1,"item_purchase_floors":[],"current_hp_per_floor":[75,75,57,57,57,57,40,26,26,26,26,26,23,23,45,23,62,62,42,0,0],"gold":335,"neow_bonus":"THREE_ENEMY_KILL","is_daily":false,"chose_seed":false,"campfire_upgraded":3,"win_rate":0.0,"timestamp":1610110555,"path_taken":["M","M","?","M","?","R","M","M","T","R","M","R","?","M","R","BOSS","M","M","M"],"items_purchased_type":[],"build_version":"2020-12-22","purchased_purges":0,"victory":false,"max_hp_per_floor":[75,75,75,75,75,75,75,75,75,75,75,75,75,75,75,75,75,75,75,75,75],"card_choices":[{"not_picked":["Stack","BootSequence"],"picked":"Leap","floor":1},{"not_picked":["Beam Cell","Genetic Algorithm"],"picked":"Conserve Battery","floor":2},{"not_picked":["White Noise","Go for the Eyes"],"picked":"Scrape","floor":4},{"not_picked":["Ball Lightning","Leap"],"picked":"Auto Shields","floor":7},{"not_picked":["Undo","Defragment"],"picked":"Gash","floor":8},{"not_picked":["Conserve Battery","Barrage"],"picked":"Go for the Eyes","floor":11},{"not_picked":["Genetic Algorithm","Redo"],"picked":"Streamline","floor":13},{"not_picked":["Sweeping Beam","Stack"],"picked":"Redo","floor":14},{"not_picked":["Meteor Strike","Thunder Strike"],"picked":"Machine Learning","floor":16},{"not_picked":["Chaos","Hologram"],"picked":"Redo+1","floor":18},{"not_picked":["Steam","Static Discharge"],"picked":"Auto Shields","floor":19}],"player_experience":1048698,"relics_obtained":[{"floor":9,"key":"Lantern"}],"event_choices":[{"damage_healed":0,"gold_gain":0,"player_choice":"Take Damage","damage_taken":18,"relics_obtained":["Golden Idol"],"max_hp_gain":0,"max_hp_loss":0,"event_name":"Golden Idol","floor":3,"gold_loss":0},{"cards_removed":["Defend_B"],"damage_healed":0,"gold_gain":0,"player_choice":"Purged","damage_taken":0,"max_hp_gain":0,"max_hp_loss":0,"event_name":"Purifier","floor":5,"gold_loss":0}],"is_beta":false,"boss_relics":[{"not_picked":["Coffee Dripper","Velvet Choker"],"picked":"FrozenCore"}],"items_purged_floors":[],"is_endless":false,"potions_floor_spawned":[4,7,8,11,13],"killed_by":"Cultist and Chosen","ascension_level":5}}