{"host":"h4390p13uu6iw1q5","time":1610073917,"event":{"mods":["BaseMod","Colored Map","Minty Spire (QoL Compilation)"],"gold_per_floor":[144,189,234,166,166,166,211,256,281,440,485,485,575,620,620,920,920,965,1010,1055,1005,1050,1140,1140,1185,1210,1210,1264,1309,557,857,857,1157,1157,1211,1256,979,979,1033,1033,1132,1132,1132,1177,1222,1222,1267,1312,1312,1312],"floor_reached":51,"playtime":3819,"items_purged":[],"score":807,"play_id":"a0240e6b-0800-4f55-9c81-37a852c4e06a","local_time":"20210107214517","daily_mods":["Draft","Uncertain Future","Midas"],"is_ascension_mode":false,"campfire_choices":[{"floor":12,"key":"REST"},{"floor":15,"key":"REST"},{"floor":24,"key":"REST"},{"floor":27,"key":"REST"},{"floor":32,"key":"REST"},{"floor":40,"key":"REST"},{"floor":46,"key":"REST"},{"floor":49,"key":"REST"}],"circlet_count":0,"master_deck":["Metallicize+1","Sword Boomerang+1","Clothesline+1","Twin Strike+1","Flame Barrier+1","Flex+1","Cleave+1","Battle Trance+1","Sword Boomerang+1","Whirlwind+1","Metallicize+1","Shrug It Off+1","True Grit+1","Cleave+1","Disarm+1","Armaments+1","Ghostly Armor+1","Flame Barrier+1","Metallicize+1","Burning Pact+1","Battle Trance+1","Corruption+1","Intimidate+1","Immolate+1","Inflame+1","Dual Wield+1","Entrench+1","Iron Wave+1","Inflame+1","Dark Embrace+1","Panache+1","Heavy Blade+1","Body Slam+1","PanicButton+1","Flex+1","Flame Barrier"],"relics":["Burning Blood","Boot","Meat on the Bone","Gremlin Horn","Runic Pyramid","Molten Egg 2","CeramicFish","DollysMirror","Vajra","Torii","White Beast Statue","Philosopher\u0027s Stone","Oddly Smooth Stone","Mark of the Bloom","StoneCalendar","Self Forming Clay"],"acts_visited":["Exordium","TheCity","TheBeyond"],"potions_floor_usage":[13,13,16,29,29,30,31,31,35,36,47,50,50,50],"damage_taken":[{"damage":2,"enemies":"2 Louse","floor":1,"turns":2},{"damage":4,"enemies":"Small Slimes","floor":2,"turns":4},{"damage":0,"enemies":"Jaw Worm","floor":3,"turns":4},{"damage":0,"enemies":"Gremlin Gang","floor":7,"turns":4},{"damage":0,"enemies":"2 Fungi Beasts","floor":8,"turns":4},{"damage":2,"enemies":"Lagavulin Event","floor":10,"turns":8},{"damage":0,"enemies":"3 Louse","floor":11,"turns":3},{"damage":0,"enemies":"Gremlin Nob","floor":13,"turns":5},{"damage":4,"enemies":"Blue Slaver","floor":14,"turns":4},{"damage":18,"enemies":"Hexaghost","floor":16,"turns":15},{"damage":0,"enemies":"Chosen","floor":18,"turns":6},{"damage":0,"enemies":"Shell Parasite","floor":19,"turns":6},{"damage":0,"enemies":"Sentry and Sphere","floor":20,"turns":5},{"damage":0,"enemies":"Shelled Parasite and Fungi","floor":22,"turns":5},{"damage":10,"enemies":"Book of Stabbing","floor":23,"turns":7},{"damage":0,"enemies":"Centurion and Healer","floor":25,"turns":6},{"damage":0,"enemies":"Snecko","floor":28,"turns":6},{"damage":0,"enemies":"Snake Plant","floor":29,"turns":4},{"damage":19,"enemies":"Colosseum Slavers","floor":31,"turns":4},{"damage":16,"enemies":"Colosseum Nobs","floor":31,"turns":3},{"damage":42,"enemies":"Collector","floor":33,"turns":9},{"damage":13,"enemies":"3 Darklings","floor":35,"turns":4},{"damage":0,"enemies":"3 Shapes","floor":36,"turns":3},{"damage":1,"enemies":"Transient","floor":39,"turns":5},{"damage":0,"enemies":"Giant Head","floor":41,"turns":8},{"damage":0,"enemies":"Writhing Mass","floor":44,"turns":4},{"damage":0,"enemies":"4 Shapes","floor":45,"turns":3},{"damage":0,"enemies":"Jaw Worm Horde","floor":47,"turns":2},{"damage":0,"enemies":"Maw","floor":48,"turns":5},{"damage":19,"enemies":"Awakened One","floor":50,"turns":8}],"seed_played":"-6062085814737979882","potions_obtained":[{"floor":1,"key":"Weak Potion"},{"floor":8,"key":"GamblersBrew"},{"floor":10,"key":"SteroidPotion"},{"floor":13,"key":"ColorlessPotion"},{"floor":16,"key":"AttackPotion"},{"floor":18,"key":"SneckoOil"},{"floor":25,"key":"DistilledChaos"},{"floor":28,"key":"DuplicationPotion"},{"floor":31,"key":"Ancient Potion"},{"floor":33,"key":"DistilledChaos"},{"floor":35,"key":"GamblersBrew"},{"floor":36,"key":"EssenceOfSteel"},{"floor":39,"key":"HeartOfIron"},{"floor":41,"key":"Block Potion"},{"floor":47,"key":"Fire Potion"},{"floor":48,"key":"HeartOfIron"}],"is_trial":false,"path_per_floor":["M","M","M","$","?","?","M","M","T","?","M","R","E","M","R","B",null,"M","M","M","?","M","E","R","M","T","R","M","M","$","?","R","B",null,"M","M","$","?","M","R","E","?","T","M","M","R","M","M","R","B",null],"character_chosen":"IRONCLAD","items_purchased":["Metallicize","DollysMirror","Vajra","Dark Embrace","Panache","Heavy Blade+1","Fruit Juice","DuplicationPotion","Oddly Smooth Stone","PanicButton","SteroidPotion"],"campfire_rested":8,"item_purchase_floors":[4,30,30,30,30,30,30,30,37,37,37],"current_hp_per_floor":[80,80,80,80,80,80,80,80,80,80,80,80,80,80,80,68,80,80,80,80,80,80,76,80,80,80,80,80,80,85,62,85,49,85,78,84,84,84,83,83,83,83,83,83,83,83,83,83,83,64],"gold":1312,"neow_bonus":"","is_daily":true,"chose_seed":false,"campfire_upgraded":0,"win_rate":0.0,"timestamp":1610073917,"path_taken":["M","M","M","$","?","?","M","M","T","?","M","R","E","M","R","BOSS","M","M","M","?","M","E","R","M","T","R","?","M","$","?","R","BOSS","M","M","$","?","M","R","E","?","T","M","M","R","?","M","R","BOSS"],"items_purchased_type":["Card","Relic","Relic","Card","Card","Card","Potion","Potion","Relic","Card","Potion"],"build_version":"2020-12-22","purchased_purges":0,"victory":true,"max_hp_per_floor":[80,80,80,80,80,80,80,80,80,80,80,80,80,80,80,80,80,80,80,80,80,80,80,80,80,80,80,80,80,85,85,85,85,85,85,85,85,85,85,85,85,85,85,85,85,85,85,85,85,85],"card_choices":[{"not_picked":["Intimidate","Iron Wave"],"picked":"Metallicize","floor":0},{"not_picked":["Rampage","Anger"],"picked":"Sword Boomerang","floor":0},{"not_picked":["Havoc","Wild Strike"],"picked":"Clothesline","floor":0},{"not_picked":["Clash","Anger"],"picked":"Twin Strike","floor":0},{"not_picked":["Pommel Strike","Warcry"],"picked":"Flame Barrier","floor":0},{"not_picked":["Warcry","Disarm"],"picked":"Flex","floor":0},{"not_picked":["Fire Breathing","Armaments"],"picked":"Cleave","floor":0},{"not_picked":["Cleave","Rupture"],"picked":"Battle Trance","floor":0},{"not_picked":["Sever Soul","Dual Wield"],"picked":"Sword Boomerang","floor":0},{"not_picked":["Wild Strike","Combust"],"picked":"Whirlwind","floor":0},{"not_picked":["Flex","Reckless Charge"],"picked":"Metallicize","floor":0},{"not_picked":["Entrench","Battle Trance"],"picked":"Shrug It Off","floor":0},{"not_picked":["Reckless Charge","Seeing Red"],"picked":"True Grit","floor":0},{"not_picked":["Clash","Warcry"],"picked":"Cleave","floor":0},{"not_picked":["Thunderclap","Flex"],"picked":"Disarm","floor":0},{"not_picked":["Perfected Strike","True Grit"],"picked":"Armaments","floor":1},{"not_picked":["Hemokinesis","Flex"],"picked":"Ghostly Armor","floor":2},{"not_picked":["Clothesline","Rupture"],"picked":"Flame Barrier","floor":3},{"not_picked":["Pommel Strike","Wild Strike"],"picked":"Burning Pact","floor":7},{"not_picked":["Cleave","Bloodletting"],"picked":"Battle Trance","floor":8},{"not_picked":["Power Through","Pommel Strike"],"picked":"Corruption","floor":10},{"not_picked":["Perfected Strike","Fire Breathing"],"picked":"Intimidate","floor":11},{"not_picked":["Infernal Blade","Metallicize","Rage"],"picked":"SKIP","floor":13},{"not_picked":["Clothesline","Metallicize","Combust"],"picked":"SKIP","floor":14},{"not_picked":["Fiend Fire","Corruption"],"picked":"Immolate","floor":16},{"not_picked":["Thunderclap","Warcry"],"picked":"Inflame+1","floor":18},{"not_picked":["Armaments","Twin Strike","Clothesline"],"picked":"SKIP","floor":19},{"not_picked":["Ghostly Armor","Shrug It Off","Rampage"],"picked":"SKIP","floor":20},{"not_picked":["Twin Strike+1","Body Slam"],"picked":"Dual Wield","floor":22},{"not_picked":["Shrug It Off","Brutality"],"picked":"Entrench+1","floor":23},{"not_picked":["Flex","Carnage+1","Twin Strike+1"],"picked":"SKIP","floor":25},{"not_picked":["Warcry+1","Pommel Strike+1"],"picked":"Iron Wave+1","floor":28},{"not_picked":["Iron Wave+1","Perfected Strike+1","Warcry"],"picked":"SKIP","floor":29},{"not_picked":["Sword Boomerang+1","Armaments"],"picked":"Body Slam+1","floor":35},{"not_picked":["Sword Boomerang+1","Intimidate","Heavy Blade+1"],"picked":"SKIP","floor":36},{"not_picked":["Iron Wave+1","Blood for Blood+1"],"picked":"Flex+1","floor":39},{"not_picked":["Dual Wield+1","Thunderclap+1"],"picked":"Flame Barrier","floor":41},{"not_picked":["Wild Strike+1","Dual Wield","Iron Wave+1"],"picked":"SKIP","floor":44},{"not_picked":["Dark Embrace","Flame Barrier+1","Body Slam+1"],"picked":"SKIP","floor":45},{"not_picked":["Offering","Dropkick+1","Headbutt+1"],"picked":"SKIP","floor":47},{"not_picked":["Heavy Blade+1","Pummel+1","Iron Wave+1"],"picked":"SKIP","floor":48}],"player_experience":2408659,"relics_obtained":[{"floor":9,"key":"Boot"},{"floor":13,"key":"Gremlin Horn"},{"floor":23,"key":"Molten Egg 2"},{"floor":26,"key":"CeramicFish"},{"floor":31,"key":"Torii"},{"floor":31,"key":"White Beast Statue"},{"floor":41,"key":"StoneCalendar"},{"floor":43,"key":"Self Forming Clay"}],"event_choices":[{"damage_healed":0,"gold_gain":0,"player_choice":"Ignored","damage_taken":0,"max_hp_gain":0,"max_hp_loss":0,"event_name":"Liars Game","floor":5,"gold_loss":0},{"damage_healed":0,"gold_gain":0,"player_choice":"Grow","damage_taken":0,"max_hp_gain":0,"max_hp_loss":0,"event_name":"Living Wall","floor":6,"gold_loss":0,"cards_upgraded":["True Grit"]},{"damage_healed":0,"gold_gain":0,"player_choice":"Searched \u00272\u0027 times","damage_taken":0,"relics_obtained":["Meat on the Bone"],"max_hp_gain":0,"max_hp_loss":0,"event_name":"Dead Adventurer","floor":10,"gold_loss":0},{"damage_healed":0,"gold_gain":0,"player_choice":"Bet on Murderer","damage_taken":0,"max_hp_gain":0,"max_hp_loss":0,"event_name":"The Joust","floor":21,"gold_loss":50},{"damage_healed":0,"gold_gain":0,"player_choice":"Fight","damage_taken":0,"max_hp_gain":0,"max_hp_loss":0,"event_name":"Colosseum","floor":31,"gold_loss":0},{"damage_healed":0,"gold_gain":0,"player_choice":"Fought Nobs","damage_taken":0,"max_hp_gain":0,"max_hp_loss":0,"event_name":"Colosseum","floor":31,"gold_loss":0},{"damage_healed":0,"gold_gain":0,"player_choice":"Upgrade","damage_taken":0,"relics_obtained":["Mark of the Bloom"],"max_hp_gain":0,"max_hp_loss":0,"event_name":"MindBloom","floor":38,"gold_loss":0,"cards_upgraded":["Metallicize","Sword Boomerang","Clothesline","Twin Strike","Flame Barrier","Flex","Cleave","Battle Trance","Sword Boomerang","Whirlwind","Metallicize","Shrug It Off","Cleave","Disarm","Armaments","Ghostly Armor","Flame Barrier","Metallicize","Burning Pact","Battle Trance","Corruption","Intimidate","Immolate","Dual Wield","Dark Embrace","Panache","PanicButton"]},{"damage_healed":0,"gold_gain":0,"player_choice":"Got Potions","damage_taken":0,"max_hp_gain":0,"max_hp_loss":0,"event_name":"Lab","floor":42,"gold_loss":0}],"is_beta":false,"boss_relics":[{"not_picked":["Runic Cube","Calling Bell"],"picked":"Runic Pyramid"},{"not_picked":["Sozu","Tiny House"],"picked":"Philosopher\u0027s Stone"}],"items_purged_floors":[],"is_endless":false,"potions_floor_spawned":[1,8,10,13,16,18,22,25,28,31,33,35,36,39,41,44,45,47,48],"ascension_level":0}}