{"host":"pl1fbpkom0aq337f","time":1610125838,"event":{"mods":["AchievementEnabler","BaseMod","Colored Map","Minty Spire (QoL Compilation)"],"gold_per_floor":[18,28,28,103,120,120,120,151,161,185,185,185,203,203,203,230,230,304,304,321,53,53,68,81,81,106,106,184,36,36,69,69,96,46,80,80,166,166,179,191,209,209,209,234,234,261,282,302,338,425,425,207,247,262,296,296,296],"floor_reached":58,"playtime":3109,"items_purged":["Pain"],"score":1354,"play_id":"4147f985-6fd3-42fa-9c3a-d3fc168d18ce","local_time":"20210108181038","is_ascension_mode":true,"campfire_choices":[{"data":"White Noise","floor":6,"key":"SMITH"},{"floor":12,"key":"REST"},{"data":"Go for the Eyes","floor":14,"key":"SMITH"},{"data":"Hologram","floor":17,"key":"SMITH"},{"floor":25,"key":"REST"},{"data":"Coolheaded","floor":30,"key":"SMITH"},{"data":"Blizzard","floor":36,"key":"SMITH"},{"floor":45,"key":"REST"},{"floor":51,"key":"REST"},{"floor":56,"key":"REST"}],"circlet_count":0,"master_deck":["AscendersBane","Strike_B+1","Strike_B+1","Strike_B+1","Defend_B+1","Defend_B+1","Defend_B+1","Zap+1","Dualcast","Gash","White Noise+1","Steam","Parasite","Cold Snap","Go for the Eyes+1","Coolheaded+1","Hologram+1","Core Surge","Go for the Eyes","Doom and Gloom","FTL","Heatsinks","Glacier","Blizzard+1","Coolheaded","Coolheaded","All For One","Madness","Madness","Capacitor","Beam Cell","Parasite","Seek"],"relics":["Cracked Core","Ginger","Ancient Tea Set","Bag of Preparation","Regal Pillow","Blood Vial","Cursed Key","Vajra","Blue Candle","Bottled Lightning","OrangePellets","CeramicFish","Shuriken","Centennial Puzzle","Fusion Hammer","Mummified Hand","Nunchaku","Cables","Strawberry","Lantern","Happy Flower"],"acts_visited":["Exordium","TheCity","TheBeyond"],"potions_floor_usage":[18,18,26,31,35,37,47,53,55,57,57],"damage_taken":[{"damage":0,"enemies":"2 Louse","floor":1,"turns":2},{"damage":4,"enemies":"Jaw Worm","floor":2,"turns":3},{"damage":10,"enemies":"Small Slimes","floor":5,"turns":3},{"damage":40,"enemies":"3 Sentries","floor":8,"turns":8},{"damage":11,"enemies":"3 Louse","floor":9,"turns":3},{"damage":16,"enemies":"Exordium Wildlife","floor":13,"turns":5},{"damage":7,"enemies":"Gremlin Nob","floor":16,"turns":3},{"damage":15,"enemies":"Hexaghost","floor":18,"turns":15},{"damage":24,"enemies":"2 Thieves","floor":20,"turns":5},{"damage":0,"enemies":"Shell Parasite","floor":23,"turns":5},{"damage":16,"enemies":"Snake Plant","floor":24,"turns":4},{"damage":22,"enemies":"Book of Stabbing","floor":26,"turns":5},{"damage":2,"enemies":"Slavers","floor":31,"turns":6},{"damage":9,"enemies":"Snecko","floor":33,"turns":5},{"damage":3,"enemies":"Gremlin Leader","floor":35,"turns":6},{"damage":29,"enemies":"Champ","floor":37,"turns":9},{"damage":4,"enemies":"3 Darklings","floor":39,"turns":5},{"damage":5,"enemies":"3 Shapes","floor":40,"turns":2},{"damage":7,"enemies":"Writhing Mass","floor":44,"turns":8},{"damage":16,"enemies":"Nemesis","floor":46,"turns":7},{"damage":3,"enemies":"Jaw Worm Horde","floor":47,"turns":2},{"damage":16,"enemies":"Sphere and 2 Shapes","floor":48,"turns":5},{"damage":23,"enemies":"Reptomancer","floor":53,"turns":5},{"damage":0,"enemies":"4 Shapes","floor":54,"turns":4},{"damage":10,"enemies":"Nemesis","floor":55,"turns":5},{"damage":92,"enemies":"Time Eater","floor":57,"turns":16}],"seed_played":"-2390921886991383868","potions_obtained":[{"floor":9,"key":"Block Potion"},{"floor":16,"key":"SteroidPotion"},{"floor":23,"key":"FearPotion"},{"floor":24,"key":"Weak Potion"},{"floor":26,"key":"SteroidPotion"},{"floor":31,"key":"Swift Potion"},{"floor":46,"key":"SteroidPotion"},{"floor":47,"key":"Explosive Potion"},{"floor":48,"key":"Dexterity Potion"},{"floor":53,"key":"Fruit Juice"},{"floor":55,"key":"Regen Potion"}],"is_trial":false,"path_per_floor":["M","M","?","?","M","R","?","E","M","T","T","R","M","R","?","E","R","B",null,"M","$","?","M","M","R","E","?","T","$","R","E","?","M","?","E","R","B",null,"M","M","?","?","$","M","R","E","M","M","T","T","R","$","E","M","E","R","B",null],"character_chosen":"DEFECT","items_purchased":["Vajra","Doom and Gloom","FTL","OrangePellets","Strawberry"],"campfire_rested":5,"item_purchase_floors":[21,21,21,29,52],"current_hp_per_floor":[68,64,64,53,43,43,61,21,10,10,10,47,31,31,31,24,24,11,59,37,37,37,39,25,62,42,42,42,42,42,42,42,35,35,34,34,7,58,56,53,44,44,44,39,75,59,58,44,44,44,75,82,59,61,58,87,10],"gold":296,"neow_bonus":"ONE_RARE_RELIC","is_daily":false,"chose_seed":false,"campfire_upgraded":5,"win_rate":0.0,"timestamp":1610125838,"path_taken":["M","M","?","?","M","R","?","E","M","T","T","R","M","R","?","E","R","BOSS","M","$","?","M","M","R","E","?","T","$","R","E","?","?","?","E","R","BOSS","M","?","?","?","$","?","R","E","M","M","T","T","R","$","E","?","E","R","BOSS"],"items_purchased_type":["Relic","Card","Card","Relic","Relic"],"build_version":"2020-12-22","purchased_purges":1,"victory":true,"max_hp_per_floor":[75,75,75,75,75,75,75,75,75,75,75,75,75,75,75,75,75,75,75,75,75,75,75,75,75,75,75,75,75,75,75,75,75,75,75,75,75,75,75,75,75,75,75,75,75,75,75,75,75,75,75,82,82,82,87,87,87],"card_choices":[{"not_picked":["Beam Cell","Capacitor"],"picked":"Gash","floor":1},{"not_picked":["Leap","Steam"],"picked":"White Noise","floor":2},{"not_picked":["Blizzard","Conserve Battery"],"picked":"Steam","floor":5},{"not_picked":["Heatsinks","Creative AI"],"picked":"Cold Snap","floor":8},{"not_picked":["Streamline","Melter"],"picked":"Go for the Eyes","floor":9},{"not_picked":["Leap","Barrage"],"picked":"Coolheaded","floor":13},{"not_picked":["Coolheaded","Multi-Cast"],"picked":"Hologram","floor":16},{"not_picked":["Meteor Strike","Amplify"],"picked":"Core Surge","floor":18},{"not_picked":["Tempest","Turbo"],"picked":"Go for the Eyes","floor":20},{"not_picked":["Streamline","Hologram","Cold Snap+1"],"picked":"SKIP","floor":23},{"not_picked":["Rebound","Thunder Strike","Stack"],"picked":"SKIP","floor":24},{"not_picked":["Redo","Undo"],"picked":"Blizzard","floor":26},{"not_picked":["Stack","Genetic Algorithm","Skim"],"picked":"SKIP","floor":31},{"not_picked":["Force Field","Fusion"],"picked":"Coolheaded","floor":33},{"not_picked":["Gash","Go for the Eyes+1"],"picked":"Coolheaded","floor":35},{"not_picked":["Meteor Strike","Reboot"],"picked":"All For One","floor":37},{"not_picked":["Rebound","Ball Lightning","Steam Power"],"picked":"SKIP","floor":39},{"not_picked":["Barrage","Redo","Doom and Gloom"],"picked":"SKIP","floor":40},{"not_picked":["Skim+1","Consume+1"],"picked":"Capacitor","floor":44},{"not_picked":["Leap","Hologram","Tempest+1"],"picked":"SKIP","floor":46},{"not_picked":["Redo","Force Field"],"picked":"Beam Cell","floor":47},{"not_picked":["Cold Snap","Sweeping Beam","Lockon"],"picked":"SKIP","floor":48},{"not_picked":["Storm","Rip and Tear"],"picked":"Seek","floor":53},{"not_picked":["Turbo+1","Coolheaded","Doom and Gloom"],"picked":"SKIP","floor":54},{"not_picked":["Turbo","Streamline","Steam"],"picked":"SKIP","floor":55}],"player_experience":432662,"relics_obtained":[{"floor":8,"key":"Ancient Tea Set"},{"floor":10,"key":"Bag of Preparation"},{"floor":11,"key":"Regal Pillow"},{"floor":16,"key":"Blood Vial"},{"floor":26,"key":"Blue Candle"},{"floor":28,"key":"Bottled Lightning"},{"floor":31,"key":"CeramicFish"},{"floor":35,"key":"Centennial Puzzle"},{"floor":46,"key":"Mummified Hand"},{"floor":49,"key":"Nunchaku"},{"floor":50,"key":"Cables"},{"floor":53,"key":"Lantern"},{"floor":55,"key":"Happy Flower"}],"event_choices":[{"damage_healed":0,"gold_gain":0,"player_choice":"Grow","damage_taken":0,"max_hp_gain":0,"max_hp_loss":0,"event_name":"Living Wall","floor":3,"gold_loss":0,"cards_upgraded":["Zap"]},{"damage_healed":0,"gold_gain":75,"player_choice":"Gather Gold","damage_taken":11,"max_hp_gain":0,"max_hp_loss":0,"event_name":"World of Goop","floor":4,"gold_loss":0},{"damage_healed":18,"gold_gain":0,"player_choice":"Healed and dodged fight","damage_taken":0,"max_hp_gain":0,"max_hp_loss":0,"event_name":"Mushrooms","floor":7,"gold_loss":0,"cards_obtained":["Parasite"]},{"damage_healed":0,"gold_gain":0,"player_choice":"Ignored","damage_taken":0,"max_hp_gain":0,"max_hp_loss":0,"event_name":"Liars Game","floor":15,"gold_loss":0},{"damage_healed":0,"gold_gain":0,"cards_transformed":["Strike_B","Defend_B"],"player_choice":"Became Test Subject","damage_taken":0,"max_hp_gain":0,"max_hp_loss":0,"event_name":"Drug Dealer","floor":22,"gold_loss":0,"cards_obtained":["Heatsinks","Glacier"]},{"damage_healed":0,"gold_gain":0,"player_choice":"Simplicity","damage_taken":0,"max_hp_gain":0,"max_hp_loss":0,"event_name":"Back to Basics","floor":27,"gold_loss":0,"cards_upgraded":["Strike_B","Strike_B","Strike_B","Defend_B","Defend_B","Defend_B"]},{"damage_healed":0,"gold_gain":0,"player_choice":"Opened","damage_taken":0,"relics_obtained":["Shuriken"],"max_hp_gain":0,"max_hp_loss":0,"event_name":"The Mausoleum","floor":32,"gold_loss":0},{"damage_healed":0,"gold_gain":0,"player_choice":"Bet on Murderer","damage_taken":0,"max_hp_gain":0,"max_hp_loss":0,"event_name":"The Joust","floor":34,"gold_loss":50},{"damage_healed":0,"gold_gain":0,"player_choice":"Embrace Madness","damage_taken":9,"max_hp_gain":0,"max_hp_loss":0,"event_name":"Winding Halls","floor":41,"gold_loss":0,"cards_obtained":["Madness","Madness"]},{"cards_removed":["Doubt"],"damage_healed":0,"gold_gain":0,"player_choice":"Card Removal","damage_taken":0,"max_hp_gain":0,"max_hp_loss":0,"event_name":"Wheel of Change","floor":42,"gold_loss":0}],"is_beta":false,"boss_relics":[{"not_picked":["Busted Crown","Black Star"],"picked":"Cursed Key"},{"not_picked":["Inserter","Velvet Choker"],"picked":"Fusion Hammer"}],"items_purged_floors":[52],"is_endless":false,"potions_floor_spawned":[9,16,23,24,26,31,46,47,48,53,55],"ascension_level":13}}