{"host":"icrrc9b69c1a6188","time":1610091637,"event":{"mods":["Act Like it!","BaseMod","Bestiary","Block Reminder","CapriCore","Colored Map","Colored Powertips","Curses Come First","Dark Map","Displayed Cursed Tome","Evolution","Faster Ascension Climbing","Friendly Minions","HexUI Lib","Minty Spire (QoL Compilation)","Quick Restart","RNG Fix","Random Character Button","Random Character Mod","Rare Cards Sparkle","Relic Filter","Relic Stats","StSLib","The Blue Laboratory","The Edgeheg","Unceasing Turn Reminder"],"gold_per_floor":[86,86,86,106,129,170,195,195,219,235,271,271,321,356,356,447,447,461,440,440,54,54,54,87,87,87,87,12,12,27,50,50,143,143,158,178,199,199,9,9,40,55,101,101,101,101,114,129,129,129,129,129,129,29,64,64,64],"floor_reached":56,"playtime":7881,"items_purged":["theEdgeheg:RedGun","Pride"],"score":2405,"play_id":"86576f55-d3b2-4219-9141-c4cfd79c0a76","local_time":"20210108014037","is_ascension_mode":true,"campfire_choices":[{"data":"theEdgeheg:StarterDodgeSkill","floor":8.0,"key":"SMITH"},{"data":"theEdgeheg:SexyGirlfriend","floor":12.0,"key":"SMITH"},{"data":"theEdgeheg:ChaosControlSkill","floor":15.0,"key":"SMITH"},{"data":"theEdgeheg:BadassArsenal","floor":23.0,"key":"SMITH"},{"data":"theEdgeheg:Reload","floor":25.0,"key":"SMITH"},{"floor":27.0,"key":"REST"},{"data":"theEdgeheg:GunFu","floor":29.0,"key":"SMITH"},{"data":"theEdgeheg:Disrobe","floor":32.0,"key":"SMITH"},{"data":"theEdgeheg:DoubleStun","floor":40.0,"key":"SMITH"},{"floor":44.0,"key":"RECALL"},{"data":"theEdgeheg:MachineGun","floor":46.0,"key":"SMITH"},{"data":"theEdgeheg:MachineGun","floor":49.0,"key":"SMITH"},{"data":"theEdgeheg:MachineGun","floor":53.0,"key":"SMITH"}],"circlet_count":0,"master_deck":["theEdgeheg:MachineGun+1","theEdgeheg:MachineGun+1","theEdgeheg:MachineGun","theEdgeheg:MachineGun+1","theEdgeheg:StarterDodgeSkill+1","theEdgeheg:StarterDodgeSkill+1","theEdgeheg:StarterDodgeSkill+1","theEdgeheg:ChaosControlSkill+1","theEdgeheg:Disrobe+1","theEdgeheg:Fastness","theEdgeheg:BadassArsenal+1","theEdgeheg:SexyGirlfriend+1","theEdgeheg:Reload+1","theEdgeheg:GunFu+1","theEdgeheg:BlankCard+1","theEdgeheg:BetterDodge","theEdgeheg:Butt+1","theEdgeheg:BetterDodge","theEdgeheg:BetterDodge","theEdgeheg:DoubleStun+1","theEdgeheg:HappiestTimmy"],"relics":["theEdgeheg:UltimateLifeformRelic","theEdgeheg:GreenEmeraldRelic","EVO:Axolotl","Golden Idol","Bird Faced Urn","PreservedInsect","Bronze Scales","Dream Catcher","Astrolabe","ClockworkSouvenir","Happy Flower","Anchor","Singing Bowl","Busted Crown","Pen Nib","Pear"],"acts_visited":["Exordium","TheCity","TheBeyond","TheEnding"],"potions_floor_usage":[56,56],"damage_taken":[{"damage":0.0,"enemies":"Cultist","floor":1.0,"turns":5.0},{"damage":0.0,"enemies":"Small Slimes","floor":4.0,"turns":6.0},{"damage":0.0,"enemies":"Jaw Worm","floor":5.0,"turns":2.0},{"damage":0.0,"enemies":"Gremlin Nob","floor":6.0,"turns":7.0},{"damage":0.0,"enemies":"Gremlin Gang","floor":7.0,"turns":4.0},{"damage":0.0,"enemies":"Looter","floor":10.0,"turns":3.0},{"damage":0.0,"enemies":"Lagavulin","floor":11.0,"turns":6.0},{"damage":0.0,"enemies":"Gremlin Nob","floor":14.0,"turns":3.0},{"damage":0.0,"enemies":"Slime Boss","floor":16.0,"turns":11.0},{"damage":1.0,"enemies":"Shell Parasite","floor":18.0,"turns":5.0},{"damage":2.0,"enemies":"2 Thieves","floor":19.0,"turns":4.0},{"damage":1.0,"enemies":"Book of Stabbing","floor":24.0,"turns":3.0},{"damage":2.0,"enemies":"3 Cultists","floor":30.0,"turns":6.0},{"damage":0.0,"enemies":"Snecko","floor":31.0,"turns":6.0},{"damage":0.0,"enemies":"Automaton","floor":33.0,"turns":15.0},{"damage":0.0,"enemies":"3 Darklings","floor":35.0,"turns":7.0},{"damage":0.0,"enemies":"Orb Walker","floor":36.0,"turns":5.0},{"damage":0.0,"enemies":"Transient","floor":37.0,"turns":6.0},{"damage":2.0,"enemies":"Reptomancer","floor":41.0,"turns":9.0},{"damage":0.0,"enemies":"Jaw Worm Horde","floor":42.0,"turns":4.0},{"damage":2.0,"enemies":"Sphere and 2 Shapes","floor":47.0,"turns":10.0},{"damage":3.0,"enemies":"4 Shapes","floor":48.0,"turns":30.0},{"damage":1.0,"enemies":"Time Eater","floor":50.0,"turns":7.0},{"damage":0.0,"enemies":"Donu and Deca","floor":51.0,"turns":15.0},{"damage":7,"enemies":"Shield and Spear","floor":55,"turns":10},{"damage":29,"enemies":"The Heart","floor":56,"turns":11}],"seed_played":"1038489467562106677","potions_obtained":[{"floor":1.0,"key":"blueLaboratory:FrostheartPotion"},{"floor":4.0,"key":"Weak Potion"},{"floor":5.0,"key":"blueLaboratory:RememoryPotion"},{"floor":14.0,"key":"Weak Potion"},{"floor":16.0,"key":"SteroidPotion"},{"floor":18.0,"key":"Strength Potion"},{"floor":33.0,"key":"Explosive Potion"},{"floor":37.0,"key":"blueLaboratory:FruitPreserves"},{"floor":55,"key":"LiquidMemories"}],"is_trial":false,"path_per_floor":["M","?","?","M","M","E","M","R","T","M","E","R","?","E","R","B",null,"M","M","?","$","?","R","E","R","T","R","$","R","M","M","R","B",null,"M","M","M","?","$","R","E","M","T","R","?","R","M","M","R","B","B",null,"R","$","E","B"],"character_chosen":"THE_DEFAULT","items_purchased":["ClockworkSouvenir","Happy Flower","blueLaboratory:FruitPunch","blueLaboratory:ExaltedPotion","theEdgeheg:HappiestTimmy"],"campfire_rested":1,"item_purchase_floors":[21,21,21,39,39],"current_hp_per_floor":[5,4,3,4,5,5,5,5,5,5,5,5,4,5,5,5,5,5,5,5,5,5,5,9,9,9,11,11,11,13,14,14,14,14,15,17,19,19,19,19,20,23,23,23,24,24,25,26,26,27,28,28,28,28,24,0,0],"gold":64,"neow_bonus":"TEN_PERCENT_HP_BONUS","is_daily":false,"chose_seed":false,"campfire_upgraded":11,"win_rate":0.0,"timestamp":1610091637,"path_taken":["M","?","?","?","?","E","M","R","T","M","E","R","?","E","R","BOSS","M","M","?","$","?","R","E","R","T","R","$","R","M","M","R","BOSS","M","M","?","?","$","R","E","M","T","R","?","R","M","M","R","BOSS","BOSS","R","$","E","BOSS"],"items_purchased_type":["Relic","Relic","Potion","Potion","Card"],"build_version":"2020-12-22","purchased_purges":2,"victory":false,"max_hp_per_floor":[5,5,5,5,5,5,5,5,5,5,5,5,5,5,5,5,5,5,5,10,10,10,10,12,12,12,14,14,14,14,14,14,14,14,16,18,20,20,20,20,22,24,24,24,24,24,26,28,28,28,28,28,28,28,40,40,40],"relic_stats":{"Dream Catcher":1,"Busted Crown":16,"Happy Flower":[48],"Singing Bowl":18,"counters":[26,200],"Golden Idol":169,"Bird Faced Urn":[27],"Bronze Scales":[475],"Astrolabe":["theEdgeheg:BlankCard","theEdgeheg:RedGun","theEdgeheg:Girlfriend"],"PreservedInsect":231,"Pen Nib":[5],"obtain_stats":[{"Pear":55,"Happy Flower":21,"Singing Bowl":26,"Golden Idol":3,"Astrolabe":17,"PreservedInsect":9,"Pen Nib":41,"EVO:Axolotl":0,"ClockworkSouvenir":21,"Dream Catcher":14,"Anchor":24,"Busted Crown":34,"theEdgeheg:UltimateLifeformRelic":0,"theEdgeheg:GreenEmeraldRelic":0,"Bird Faced Urn":6,"Bronze Scales":11},{"Pear":25,"Happy Flower":11,"Singing Bowl":12,"Golden Idol":1,"Astrolabe":9,"PreservedInsect":5,"Pen Nib":19,"EVO:Axolotl":0,"ClockworkSouvenir":11,"Dream Catcher":8,"Anchor":12,"Busted Crown":15,"theEdgeheg:UltimateLifeformRelic":0,"theEdgeheg:GreenEmeraldRelic":0,"Bird Faced Urn":4,"Bronze Scales":7},{"Pear":189,"Happy Flower":56,"Singing Bowl":59,"Golden Idol":5,"Astrolabe":47,"PreservedInsect":24,"Pen Nib":113,"EVO:Axolotl":0,"ClockworkSouvenir":56,"Dream Catcher":36,"Anchor":59,"Busted Crown":86,"theEdgeheg:UltimateLifeformRelic":0,"theEdgeheg:GreenEmeraldRelic":0,"Bird Faced Urn":20,"Bronze Scales":33}]},"card_choices":[{"not_picked":["theEdgeheg:SkateboardTrick","theEdgeheg:QuickKatana"],"picked":"theEdgeheg:Disrobe","floor":1.0},{"not_picked":["theEdgeheg:ChaosWhip","theEdgeheg:ChaosControlSkill"],"picked":"theEdgeheg:RedGun","floor":4.0},{"not_picked":["theEdgeheg:TimmyBackflip","theEdgeheg:BlowCover"],"picked":"theEdgeheg:Fastness","floor":5.0},{"not_picked":["theEdgeheg:BetterShoot","theEdgeheg:ChaosCards"],"picked":"theEdgeheg:BadassArsenal","floor":6.0},{"not_picked":["theEdgeheg:QuickKatana","theEdgeheg:BlackKatana","theEdgeheg:DodgeKatana"],"picked":"SKIP","floor":7.0},{"not_picked":["theEdgeheg:DashKatana","theEdgeheg:EmeraldGirlfriend"],"picked":"theEdgeheg:SexyGirlfriend","floor":10.0},{"not_picked":["theEdgeheg:Parry","theEdgeheg:SpireCrasher"],"picked":"theEdgeheg:GunSteal","floor":11.0},{"not_picked":["theEdgeheg:ChaosControlSkill","theEdgeheg:BetterShoot"],"picked":"theEdgeheg:Reload","floor":14.0},{"not_picked":["theEdgeheg:SephirotKatana","theEdgeheg:RuleOfCool"],"picked":"theEdgeheg:GunFu","floor":16.0},{"not_picked":["theEdgeheg:Glare","theEdgeheg:QuickDraw"],"picked":"theEdgeheg:BetterDodge","floor":18.0},{"not_picked":["theEdgeheg:MachineGun","theEdgeheg:Reload"],"picked":"theEdgeheg:Butt+1","floor":19.0},{"not_picked":["theEdgeheg:CoolExplosion","theEdgeheg:GunFu","theEdgeheg:Disrobe+1"],"picked":"SKIP","floor":24.0},{"not_picked":["theEdgeheg:TimmyBackflip","theEdgeheg:BlowCover","theEdgeheg:Disrobe"],"picked":"Singing Bowl","floor":27.0},{"not_picked":["theEdgeheg:QuickKatana","theEdgeheg:GunSteal"],"picked":"theEdgeheg:BetterDodge","floor":30.0},{"not_picked":["theEdgeheg:DieDieDie+1","theEdgeheg:ChaosBlast+1"],"picked":"theEdgeheg:BetterDodge","floor":31.0},{"not_picked":["theEdgeheg:ArtOfTheBlade","theEdgeheg:PerfectAim"],"picked":"theEdgeheg:DoubleStun","floor":33.0},{"not_picked":["theEdgeheg:ChaosCards"],"picked":"Singing Bowl","floor":35.0},{"not_picked":["theEdgeheg:Shotgun"],"picked":"Singing Bowl","floor":36.0},{"not_picked":["theEdgeheg:BloodyKatana"],"picked":"Singing Bowl","floor":37.0},{"not_picked":["theEdgeheg:KatanaGF+1"],"picked":"Singing Bowl","floor":41.0},{"not_picked":["theEdgeheg:Disrobe"],"picked":"Singing Bowl","floor":42.0},{"not_picked":["theEdgeheg:RandomChaosCard"],"picked":"Singing Bowl","floor":47.0},{"not_picked":["theEdgeheg:RollAndShoot+1"],"picked":"Singing Bowl","floor":48.0},{"not_picked":["theEdgeheg:DualPistols"],"picked":"Singing Bowl","floor":55}],"player_experience":693162,"relics_obtained":[{"floor":6.0,"key":"Bird Faced Urn"},{"floor":9.0,"key":"PreservedInsect"},{"floor":11.0,"key":"Bronze Scales"},{"floor":14.0,"key":"Dream Catcher"},{"floor":24.0,"key":"Anchor"},{"floor":26.0,"key":"Singing Bowl"},{"floor":41.0,"key":"Pen Nib"},{"floor":55,"key":"Pear"}],"event_choices":[{"damage_healed":0.0,"max_hp_gain":0.0,"max_hp_loss":0.0,"gold_gain":0.0,"event_name":"Shining Light","player_choice":"Entered Light","floor":2.0,"gold_loss":0.0,"damage_taken":2.0,"cards_upgraded":["theEdgeheg:StarterDodgeSkill","theEdgeheg:StarterDodgeSkill"]},{"damage_healed":0.0,"max_hp_gain":0.0,"max_hp_loss":0.0,"gold_gain":0.0,"event_name":"Golden Idol","player_choice":"Take Damage","floor":3.0,"gold_loss":0.0,"damage_taken":1.0,"relics_obtained":["Golden Idol"]},{"damage_healed":0.0,"max_hp_gain":5.0,"max_hp_loss":0.0,"gold_gain":0.0,"event_name":"Forgotten Altar","player_choice":"Shed Blood","floor":20.0,"gold_loss":0.0,"damage_taken":2.0},{"damage_healed":0.0,"max_hp_gain":0.0,"max_hp_loss":0.0,"gold_gain":0.0,"event_name":"The Mausoleum","player_choice":"Ignored","floor":22.0,"gold_loss":0.0,"damage_taken":0.0},{"cards_removed":["theEdgeheg:Girlfriend"],"damage_healed":0.0,"max_hp_gain":0.0,"max_hp_loss":0.0,"gold_gain":0.0,"event_name":"Falling","player_choice":"Removed Skill","floor":38.0,"gold_loss":0.0,"damage_taken":0.0},{"cards_removed":["theEdgeheg:RedGun"],"damage_healed":1.0,"max_hp_gain":0.0,"max_hp_loss":0.0,"gold_gain":0.0,"event_name":"Bonfire Elementals","player_choice":"Offered Uncommon","floor":45.0,"gold_loss":0.0,"damage_taken":0.0}],"is_beta":false,"boss_relics":[{"not_picked":["Snecko Eye","Velvet Choker"],"picked":"Astrolabe"},{"not_picked":["Runic Dome","Calling Bell"],"picked":"Busted Crown"}],"items_purged_floors":[28,54],"is_endless":false,"potions_floor_spawned":[1,4,5,14,16,18,33,37,41,42,48,55],"killed_by":"The Heart","ascension_level":20}}