{"host":"ye2yc4zsa4mr9ewr","time":1610085090,"event":{"mods":["BaseMod","Downfall","Minty Spire (QoL Compilation)","Relic Stats","StSLib"],"gold_per_floor":[99,119,131,146,165,196,222,240,258,278,292,310,310,344,358,454,454,454,454,454,454,454,454,454,454,454,454,454,454,454,111,111,111,111,111,111,111,16,16,16,16,16,16,16,16,16,16,16,16,16,16,16,16],"floor_reached":52,"playtime":5051,"items_purged":["hexamod:Defend"],"score":827,"play_id":"8b7f55f5-b65e-432d-a097-2e81bb420bd4","local_time":"20210107235130","is_ascension_mode":true,"campfire_choices":[{"data":"hexamod:Float","floor":1,"key":"SMITH"},{"floor":13,"key":"REST"},{"data":"hexamod:RainOfEmbers","floor":18,"key":"SMITH"},{"data":"hexamod:Defend","floor":25,"key":"PURGE"},{"floor":29,"key":"RECALL"},{"data":"hexamod:Strike","floor":35,"key":"PURGE"},{"floor":43,"key":"REST"},{"data":"hexamod:SixthSeal","floor":45,"key":"PURGE"},{"data":"hexamod:Strike","floor":47,"key":"PURGE"}],"circlet_count":0,"master_deck":["hexamod:Strike+1","hexamod:Defend+1","hexamod:Defend+1","hexamod:Sear+1","hexamod:Float+1","hexamod:ChargedBarrage","hexamod:RainOfEmbers+1","hexamod:GhostShield","hexamod:GhostLash+1","hexamod:FastForward+1","hexamod:Toasty","hexamod:AdvancingGuard","hexamod:SpectersWail+1","hexamod:FirstSeal","hexamod:Hexaguard+1","hexamod:Hexaguard+1","hexamod:VolcanoVisage","hexamod:PhantomFireball+1","hexamod:ExtraCrispy+1","Secret Weapon","hexamod:TimeOfNeed","hexamod:RecurringNightmare+1","hexamod:ExtraCrispy","hexamod:SuperheatedStrike+1"],"relics":["hexamod:SpiritBrand","Lantern","Toy Ornithopter","Oddly Smooth Stone","downfall:Hecktoplasm","Peace Pipe","Vajra","downfall:HeartBlessingGreen","Bag of Marbles","Busted Crown","downfall:HeartBlessingRed","downfall:HeartBlessingBlue","Potion Belt"],"acts_visited":["Exordium","TheCity","TheBeyond","TheEnding"],"potions_floor_usage":[6,10,14,20,23,23,27,42,50,50],"damage_taken":[{"damage":0,"enemies":"2 Louse","floor":2,"turns":3},{"damage":0,"enemies":"Small Slimes","floor":3,"turns":3},{"damage":0,"enemies":"Cultist","floor":4,"turns":3},{"damage":0,"enemies":"2 Fungi Beasts","floor":5,"turns":3},{"damage":3,"enemies":"Gremlin Nob","floor":6,"turns":3},{"damage":19,"enemies":"Exordium Wildlife","floor":8,"turns":4},{"damage":26,"enemies":"Large Slime","floor":9,"turns":6},{"damage":8,"enemies":"Exordium Thugs","floor":10,"turns":5},{"damage":0,"enemies":"2 Fungi Beasts","floor":11,"turns":3},{"damage":13,"enemies":"3 Louse","floor":12,"turns":4},{"damage":4,"enemies":"3 Sentries","floor":14,"turns":6},{"damage":0,"enemies":"Exordium Wildlife","floor":15,"turns":2},{"damage":3,"enemies":"downfall:Watcher","floor":16,"turns":12},{"damage":0,"enemies":"Chosen","floor":19,"turns":3},{"damage":9,"enemies":"Spheric Guardian","floor":20,"turns":4},{"damage":27,"enemies":"Snake Plant","floor":21,"turns":4},{"damage":4,"enemies":"Centurion and Healer","floor":22,"turns":5},{"damage":3,"enemies":"Slavers","floor":23,"turns":7},{"damage":2,"enemies":"Shelled Parasite and Fungi","floor":26,"turns":4},{"damage":21,"enemies":"Gremlin Leader","floor":27,"turns":6},{"damage":12,"enemies":"Snake Plant","floor":28,"turns":5},{"damage":0,"enemies":"downfall:FleeingMerchant","floor":31,"turns":4},{"damage":14,"enemies":"Sentry and Sphere","floor":32,"turns":6},{"damage":35,"enemies":"downfall:Silent","floor":33,"turns":8},{"damage":20,"enemies":"3 Darklings","floor":36,"turns":4},{"damage":8,"enemies":"Orb Walker","floor":37,"turns":2},{"damage":0,"enemies":"downfall:FleeingMerchant","floor":38,"turns":4},{"damage":38,"enemies":"Writhing Mass","floor":39,"turns":5},{"damage":16,"enemies":"Sphere and 2 Shapes","floor":42,"turns":5},{"damage":8,"enemies":"Reptomancer","floor":44,"turns":6},{"damage":0,"enemies":"downfall:FleeingMerchant","floor":48,"turns":1},{"damage":36,"enemies":"Jaw Worm Horde","floor":49,"turns":5},{"damage":16,"enemies":"downfall:Ironclad","floor":50,"turns":7},{"damage":155,"enemies":"downfall:CharBossMerchant","floor":52,"turns":8}],"seed_played":"1363361797048965103","potions_obtained":[{"floor":2,"key":"hexamod:EctoCoolerPotion"},{"floor":4,"key":"Energy Potion"},{"floor":8,"key":"SpeedPotion"},{"floor":9,"key":"FearPotion"},{"floor":12,"key":"AttackPotion"},{"floor":15,"key":"FairyPotion"},{"floor":20,"key":"Dexterity Potion"},{"floor":23,"key":"LiquidBronze"},{"floor":27,"key":"LiquidBronze"},{"floor":30,"key":"CultistPotion"},{"floor":42,"key":"DuplicationPotion"},{"floor":49,"key":"SpeedPotion"}],"is_trial":false,"path_per_floor":["R","M","M","M","M","E","T","M","M","M","M","M","R","E","M","B",null,"R","M","M","M","M","E","T","R","M","E","M","R","?","$","M","B",null,"R","M","M","$","M","?","T","M","R","E","R","?","R","$","M","B",null,"E"],"character_chosen":"THE_SPIRIT","items_purchased":["hexamod:ExtraCrispy","Secret Weapon","hexamod:ExtraCrispy"],"campfire_rested":2,"item_purchase_floors":[31,31,38],"current_hp_per_floor":[70,70,70,70,70,67,67,48,22,19,19,6,27,28,28,25,70,70,70,61,41,44,58,58,58,63,54,49,49,49,56,49,21,70,70,57,49,56,25,25,25,21,55,54,54,54,54,54,25,26,80,0,0],"gold":16,"neow_bonus":"UPGRADE_CARD","is_daily":false,"chose_seed":false,"campfire_upgraded":2,"win_rate":0.0,"timestamp":1610085090,"path_taken":["R","M","M","M","M","E","T","M","M","M","M","M","R","E","M","BOSS","R","M","M","M","M","E","T","R","M","E","M","R","?","$","M","BOSS","R","M","M","$","M","?","T","?","R","E","R","?","R","$","M","BOSS","E"],"items_purchased_type":["Card","Card","Card"],"build_version":"2020-12-22","purchased_purges":1,"victory":false,"max_hp_per_floor":[70,70,70,70,70,70,70,70,70,70,70,70,70,70,70,70,70,70,70,70,70,70,70,70,70,70,70,70,70,70,70,70,70,70,70,70,70,70,70,70,70,70,80,80,80,80,80,80,80,80,80,80,80],"relic_stats":{"Peace Pipe":5,"Busted Crown":16,"counters":[34,160],"obtain_stats":[{"Potion Belt":44,"Lantern":6,"downfall:HeartBlessingRed":35,"Oddly Smooth Stone":14,"Vajra":24,"downfall:HeartBlessingGreen":25,"Peace Pipe":23,"Busted Crown":34,"downfall:HeartBlessingBlue":43,"downfall:Hecktoplasm":17,"Bag of Marbles":27,"hexamod:SpiritBrand":0,"Toy Ornithopter":7},{"Potion Belt":30,"Lantern":5,"downfall:HeartBlessingRed":24,"Oddly Smooth Stone":11,"Vajra":18,"downfall:HeartBlessingGreen":18,"Peace Pipe":18,"Busted Crown":24,"downfall:HeartBlessingBlue":29,"downfall:Hecktoplasm":13,"Bag of Marbles":20,"hexamod:SpiritBrand":0,"Toy Ornithopter":5},{"Potion Belt":139,"Lantern":15,"downfall:HeartBlessingRed":113,"Oddly Smooth Stone":43,"Vajra":80,"downfall:HeartBlessingGreen":80,"Peace Pipe":80,"Busted Crown":113,"downfall:HeartBlessingBlue":133,"downfall:Hecktoplasm":57,"Bag of Marbles":90,"hexamod:SpiritBrand":0,"Toy Ornithopter":15}],"Toy Ornithopter":40},"card_choices":[{"not_picked":["hexamod:ThermalTransfer","hexamod:ShieldOfDarkness"],"picked":"hexamod:ChargedBarrage","floor":2},{"not_picked":["hexamod:SecondSeal","hexamod:NightmareStrike","hexamod:GhostLash"],"picked":"SKIP","floor":3},{"not_picked":["hexamod:HauntingEcho","hexamod:AdvancingGuard"],"picked":"hexamod:RainOfEmbers","floor":4},{"not_picked":["hexamod:HeatCrush","hexamod:AdvancingGuard"],"picked":"hexamod:GhostShield","floor":5},{"not_picked":["hexamod:InspiringFlames","hexamod:FlamesFromBeyond"],"picked":"hexamod:GhostLash","floor":6},{"not_picked":["hexamod:HauntingEcho","hexamod:BacktrackSmack"],"picked":"hexamod:FastForward","floor":8},{"not_picked":["hexamod:SpectersWail","hexamod:Again"],"picked":"hexamod:Toasty","floor":9},{"not_picked":["hexamod:NightmareStrike","hexamod:NightmareGuise","hexamod:SpectersWail"],"picked":"SKIP","floor":10},{"not_picked":["hexamod:NightmareStrike","hexamod:HauntingEcho"],"picked":"hexamod:AdvancingGuard","floor":11},{"not_picked":["hexamod:HeatMetal","hexamod:BacktrackSmack"],"picked":"hexamod:SpectersWail","floor":12},{"not_picked":["hexamod:SpectersWail","hexamod:SwordOfDarkness","hexamod:BurningTouch"],"picked":"SKIP","floor":14},{"not_picked":["hexamod:SwordOfDarkness","hexamod:HauntingEcho","hexamod:DynamicBlow"],"picked":"SKIP","floor":15},{"not_picked":["hexamod:TurnItUp","hexamod:ApocalypticArmor"],"picked":"hexamod:SixthSeal","floor":16},{"not_picked":["hexamod:NightmareStrike","hexamod:FastForward","hexamod:ShieldOfDarkness"],"picked":"SKIP","floor":19},{"not_picked":["hexamod:HauntingEcho","hexamod:ShieldOfDarkness"],"picked":"hexamod:FirstSeal","floor":20},{"not_picked":["hexamod:EtherealExpedition","hexamod:Firestarter"],"picked":"hexamod:Hexaguard","floor":21},{"not_picked":["hexamod:NightmareGuise+1","hexamod:HauntingEcho+1"],"picked":"hexamod:Hexaguard","floor":22},{"not_picked":["hexamod:Firestarter","hexamod:SpectralAdrenaline","hexamod:RainOfEmbers+1"],"picked":"SKIP","floor":23},{"not_picked":["hexamod:Incineration+1","hexamod:SpectersWail","hexamod:RetreatToShadows+1"],"picked":"SKIP","floor":26},{"not_picked":["hexamod:FastForward","hexamod:GhostLash"],"picked":"hexamod:VolcanoVisage","floor":27},{"not_picked":["hexamod:HauntingEcho","hexamod:NightmareGuise"],"picked":"hexamod:PhantomFireball","floor":28},{"not_picked":["hexamod:SwordOfDarkness","hexamod:GhostLash+1","hexamod:HeatCrush+1"],"picked":"SKIP","floor":31},{"not_picked":["hexamod:ExtraCrispy","hexamod:Hexaguard","hexamod:NightmareGuise"],"picked":"SKIP","floor":32},{"not_picked":["hexamod:CrushingStance","hexamod:FifthSeal"],"picked":"hexamod:TimeOfNeed","floor":33},{"not_picked":[],"picked":"hexamod:RecurringNightmare+1","floor":36},{"not_picked":["hexamod:BurningTouch+1"],"picked":"SKIP","floor":37},{"not_picked":["hexamod:Incineration"],"picked":"SKIP","floor":38},{"not_picked":["hexamod:ThermalTransfer+1"],"picked":"SKIP","floor":39},{"not_picked":["hexamod:BacktrackSmack"],"picked":"SKIP","floor":42},{"not_picked":["hexamod:SwordOfDarkness"],"picked":"SKIP","floor":44},{"not_picked":[],"picked":"hexamod:SuperheatedStrike+1","floor":48},{"not_picked":["hexamod:SpectersWail"],"picked":"SKIP","floor":49}],"player_experience":884055,"relics_obtained":[{"floor":6,"key":"Lantern"},{"floor":7,"key":"Toy Ornithopter"},{"floor":14,"key":"Oddly Smooth Stone"},{"floor":23,"key":"Peace Pipe"},{"floor":24,"key":"Vajra"},{"floor":27,"key":"Bag of Marbles"},{"floor":44,"key":"Potion Belt"}],"event_choices":[{"cards_removed":["hexamod:Strike"],"damage_healed":0,"gold_gain":0,"player_choice":"Purged","damage_taken":0,"max_hp_gain":0,"max_hp_loss":0,"event_name":"Purifier","floor":40,"gold_loss":0}],"is_beta":false,"boss_relics":[{"not_picked":["Snecko Eye","Sozu"],"picked":"downfall:Hecktoplasm"},{"not_picked":["Tiny House","Velvet Choker"],"picked":"Busted Crown"}],"items_purged_floors":[31],"is_endless":false,"potions_floor_spawned":[2,4,8,9,12,15,20,23,27,32,33,39,42,49],"killed_by":"downfall:CharBossMerchant","ascension_level":3}}