{"host":"7zdktqb5xjtif29d","time":1610065278,"event":{"mods":["AchievementEnabler","BaseMod","Colored Map","Colored Powertips","Highlight Path","Minty Spire (QoL Compilation)","Rare Cards Sparkle","SuperFastMode","Waifu the Spire","everything is the same but u backflip on backflip"],"gold_per_floor":[110,124,134,152,152,186,186,220,220,248,248,281,293,304,304,407,407,426,314,325,48,66,66,66,95,95,129,129,229,246,246,246,246,246],"floor_reached":33,"playtime":1241,"items_purged":["Defend_B","Defend_B"],"score":331,"play_id":"c8dd5398-ac7c-4811-8938-9e0fd6ae122c","local_time":"20210108002118","is_ascension_mode":true,"campfire_choices":[{"floor":11,"key":"REST"},{"floor":15,"key":"REST"},{"data":"Capacitor","floor":23,"key":"SMITH"},{"floor":28,"key":"REST"},{"floor":32,"key":"REST"}],"circlet_count":0,"master_deck":["Strike_B","Strike_B","Strike_B","Strike_B","Defend_B","Zap","Dualcast","BootSequence","Melter","Meteor Strike","Ball Lightning","Sweeping Beam+1","Lockon+1","Core Surge+1","Leap","Capacitor+1","Conserve Battery","BootSequence","Writhe","Defragment","White Noise+1","Leap+1","Machine Learning","Ball Lightning+1"],"relics":["Cracked Core","Vajra","Lantern","Molten Egg 2","Emotion Chip","Regal Pillow","Black Star","Mercury Hourglass","Toxic Egg 2","Bottled Flame","Darkstone Periapt","HornCleat","Bag of Preparation","Prayer Wheel","White Beast Statue","Enchiridion"],"acts_visited":["Exordium","TheCity"],"potions_floor_usage":[],"damage_taken":[{"damage":1,"enemies":"Cultist","floor":1,"turns":4},{"damage":0,"enemies":"2 Louse","floor":2,"turns":2},{"damage":1,"enemies":"Jaw Worm","floor":3,"turns":3},{"damage":9,"enemies":"Blue Slaver","floor":4,"turns":4},{"damage":41,"enemies":"Gremlin Nob","floor":6,"turns":5},{"damage":17,"enemies":"Lagavulin","floor":8,"turns":6},{"damage":28,"enemies":"Gremlin Nob","floor":10,"turns":4},{"damage":18,"enemies":"Lagavulin","floor":12,"turns":5},{"damage":0,"enemies":"3 Louse","floor":13,"turns":2},{"damage":0,"enemies":"2 Fungi Beasts","floor":14,"turns":3},{"damage":44,"enemies":"The Guardian","floor":16,"turns":8},{"damage":10,"enemies":"Spheric Guardian","floor":18,"turns":3},{"damage":10,"enemies":"3 Byrds","floor":20,"turns":5},{"damage":0,"enemies":"Sentry and Sphere","floor":22,"turns":3},{"damage":49,"enemies":"Book of Stabbing","floor":25,"turns":5},{"damage":33,"enemies":"Slavers","floor":27,"turns":4},{"damage":0,"enemies":"Colosseum Slavers","floor":29,"turns":3},{"damage":14,"enemies":"Colosseum Nobs","floor":29,"turns":4},{"damage":0,"enemies":"Chosen and Byrds","floor":30,"turns":3},{"damage":86,"enemies":"Automaton","floor":33,"turns":6}],"seed_played":"-2494878074897509607","potions_obtained":[{"floor":1,"key":"FocusPotion"},{"floor":3,"key":"Block Potion"},{"floor":6,"key":"EssenceOfSteel"},{"floor":27,"key":"EssenceOfDarkness"}],"is_trial":false,"path_per_floor":["M","M","M","M","?","E","?","E","T","E","R","E","M","M","R","B",null,"M","$","M","$","M","R","?","E","T","E","R","?","M","?","R","B"],"character_chosen":"DEFECT","items_purchased":["Capacitor","BootSequence","FairyPotion"],"campfire_rested":4,"item_purchase_floors":[19,21,21],"current_hp_per_floor":[81,81,80,71,71,30,57,40,40,12,36,18,18,18,57,13,82,72,72,62,62,62,62,62,13,13,15,54,40,40,24,63,0,0],"gold":246,"neow_bonus":"TEN_PERCENT_HP_BONUS","is_daily":false,"chose_seed":false,"campfire_upgraded":1,"win_rate":0.0,"timestamp":1610065278,"path_taken":["M","M","M","M","?","E","?","E","T","E","R","E","M","M","R","BOSS","M","$","M","$","M","R","?","E","T","E","R","?","M","?","R","BOSS"],"items_purchased_type":["Card","Card","Potion"],"build_version":"2020-12-22","purchased_purges":2,"victory":false,"max_hp_per_floor":[82,82,82,82,82,82,82,82,82,82,82,82,82,82,82,82,82,82,82,82,82,82,82,82,82,82,82,82,82,82,82,82,82,82],"card_choices":[{"not_picked":["Streamline","Force Field"],"picked":"BootSequence","floor":1},{"not_picked":["Cold Snap","Rebound","Beam Cell"],"picked":"SKIP","floor":2},{"not_picked":["Stack","Cold Snap","Rebound"],"picked":"SKIP","floor":3},{"not_picked":["Hologram","Redo"],"picked":"Melter","floor":4},{"not_picked":["Hologram","Leap"],"picked":"Ball Lightning","floor":6},{"not_picked":["Beam Cell","Recycle","Skim"],"picked":"SKIP","floor":8},{"not_picked":["Hologram","Cold Snap+1"],"picked":"Sweeping Beam+1","floor":10},{"not_picked":["Beam Cell+1","Thunder Strike+1","Coolheaded"],"picked":"SKIP","floor":12},{"not_picked":["Reprogram","Rebound+1","Compile Driver+1"],"picked":"SKIP","floor":13},{"not_picked":["Coolheaded","Compile Driver+1"],"picked":"Lockon+1","floor":14},{"not_picked":["Fission","Reboot"],"picked":"Core Surge+1","floor":16},{"not_picked":["Steam","Go for the Eyes+1"],"picked":"Leap","floor":18},{"not_picked":["Compile Driver+1","Redo+1"],"picked":"Conserve Battery","floor":20},{"not_picked":["Stack","Scrape+1","Force Field+1"],"picked":"SKIP","floor":22},{"not_picked":["Gash+1","Chill+1"],"picked":"Defragment","floor":25},{"not_picked":["Compile Driver+1","Rebound+1"],"picked":"White Noise+1","floor":27},{"not_picked":["Streamline+1","Glacier+1"],"picked":"Leap+1","floor":29},{"not_picked":["Undo+1","Compile Driver+1"],"picked":"Machine Learning","floor":30},{"not_picked":["Barrage+1","Conserve Battery+1"],"picked":"Ball Lightning+1","floor":30}],"player_experience":206947,"relics_obtained":[{"floor":6,"key":"Vajra"},{"floor":8,"key":"Lantern"},{"floor":9,"key":"Molten Egg 2"},{"floor":10,"key":"Emotion Chip"},{"floor":12,"key":"Regal Pillow"},{"floor":25,"key":"Toxic Egg 2"},{"floor":25,"key":"Bottled Flame"},{"floor":26,"key":"Darkstone Periapt"},{"floor":27,"key":"HornCleat"},{"floor":27,"key":"Bag of Preparation"},{"floor":29,"key":"Prayer Wheel"},{"floor":29,"key":"White Beast Statue"},{"floor":31,"key":"Enchiridion"}],"event_choices":[{"damage_healed":0,"gold_gain":0,"cards_transformed":["Defend_B"],"player_choice":"Change","damage_taken":0,"max_hp_gain":0,"max_hp_loss":0,"event_name":"Living Wall","floor":5,"gold_loss":0,"cards_obtained":["Meteor Strike"]},{"damage_healed":27,"gold_gain":0,"player_choice":"Banana","damage_taken":0,"max_hp_gain":0,"max_hp_loss":0,"event_name":"Big Fish","floor":7,"gold_loss":0},{"damage_healed":0,"gold_gain":0,"player_choice":"Opened","damage_taken":0,"relics_obtained":["Mercury Hourglass"],"max_hp_gain":0,"max_hp_loss":0,"event_name":"The Mausoleum","floor":24,"gold_loss":0,"cards_obtained":["Writhe"]},{"damage_healed":0,"gold_gain":0,"player_choice":"Fight","damage_taken":0,"max_hp_gain":0,"max_hp_loss":0,"event_name":"Colosseum","floor":29,"gold_loss":0},{"damage_healed":0,"gold_gain":0,"player_choice":"Fought Nobs","damage_taken":0,"max_hp_gain":0,"max_hp_loss":0,"event_name":"Colosseum","floor":29,"gold_loss":0},{"damage_healed":0,"gold_gain":0,"player_choice":"Obtained Book","damage_taken":16,"max_hp_gain":0,"max_hp_loss":0,"event_name":"Cursed Tome","floor":31,"gold_loss":0}],"is_beta":false,"boss_relics":[{"not_picked":["Runic Dome","Astrolabe"],"picked":"Black Star"}],"items_purged_floors":[19,21],"is_endless":false,"potions_floor_spawned":[1,3,6,12,16,20,22,27,29,30],"killed_by":"Automaton","ascension_level":1}}