{"host":"gl7gfqdgzaxu5sie","time":1610110903,"event":{"mods":["AchievementEnabler","BaseMod","Colored Map","DeckTracker","Minty Spire (QoL Compilation)"],"gold_per_floor":[112,126,139,139,159,179,179,179,229,229,254,274,274,290,290,290,290],"floor_reached":16,"playtime":1771,"items_purged":[],"score":156,"play_id":"1fa5e51f-0aa4-42b7-a0d9-fd3f7036f33f","local_time":"20210108220143","is_ascension_mode":true,"campfire_choices":[{"data":"Searing Blow","floor":7,"key":"SMITH"},{"data":"Searing Blow+2","floor":10,"key":"SMITH"},{"data":"Searing Blow+3","floor":13,"key":"SMITH"},{"data":"Searing Blow+4","floor":15,"key":"SMITH"}],"circlet_count":0,"master_deck":["AscendersBane","Strike_R","Strike_R","Strike_R","Strike_R","Strike_R","Defend_R","Defend_R","Defend_R","Defend_R","Bash","Searing Blow+5","Havoc","Ghostly Armor","Entrench","Fire Breathing","Dark Embrace"],"relics":["Burning Blood","Tiny Chest","Molten Egg 2"],"acts_visited":["Exordium"],"potions_floor_usage":[5,11,14,16],"damage_taken":[{"damage":9,"enemies":"2 Louse","floor":1,"turns":3},{"damage":7,"enemies":"Small Slimes","floor":2,"turns":4},{"damage":7,"enemies":"Jaw Worm","floor":3,"turns":2},{"damage":19,"enemies":"Looter","floor":5,"turns":3},{"damage":13,"enemies":"Red Slaver","floor":6,"turns":6},{"damage":50,"enemies":"3 Sentries","floor":11,"turns":13},{"damage":24,"enemies":"Exordium Thugs","floor":12,"turns":5},{"damage":0,"enemies":"Looter","floor":14,"turns":2},{"damage":16,"enemies":"The Guardian","floor":16,"turns":7}],"seed_played":"-4139799795586583834","potions_obtained":[{"floor":2,"key":"Weak Potion"},{"floor":6,"key":"BloodPotion"},{"floor":11,"key":"LiquidMemories"},{"floor":12,"key":"Weak Potion"}],"is_trial":false,"path_per_floor":["M","M","M","?","M","M","R","?","T","R","E","M","R","M","R","B"],"character_chosen":"IRONCLAD","items_purchased":[],"campfire_rested":0,"item_purchase_floors":[],"current_hp_per_floor":[69,68,67,72,59,52,52,52,52,52,25,7,7,13,13,0,0],"gold":290,"neow_bonus":"THREE_CARDS","is_daily":false,"chose_seed":false,"campfire_upgraded":4,"win_rate":0.0,"timestamp":1610110903,"path_taken":["M","M","M","?","M","M","R","?","T","R","E","M","R","M","R","BOSS"],"items_purchased_type":[],"build_version":"2020-12-22","purchased_purges":0,"victory":false,"max_hp_per_floor":[80,80,80,85,85,85,85,85,85,85,85,85,85,85,85,85,85],"card_choices":[{"not_picked":["Evolve","Perfected Strike"],"picked":"Searing Blow","floor":0},{"not_picked":["Sword Boomerang","Whirlwind","Flex"],"picked":"SKIP","floor":1},{"not_picked":["Sever Soul","Sword Boomerang"],"picked":"Havoc","floor":2},{"not_picked":["Whirlwind","Seeing Red"],"picked":"Ghostly Armor","floor":3},{"not_picked":["Body Slam","Combust","Sever Soul"],"picked":"SKIP","floor":5},{"not_picked":["Fiend Fire","Searing Blow"],"picked":"Entrench","floor":6},{"not_picked":["Warcry","Intimidate","Twin Strike+1"],"picked":"SKIP","floor":11},{"not_picked":["Rage","True Grit"],"picked":"Fire Breathing","floor":12},{"not_picked":["Pommel Strike+1","Body Slam+1"],"picked":"Dark Embrace","floor":14}],"player_experience":581504,"relics_obtained":[{"floor":9,"key":"Tiny Chest"},{"floor":11,"key":"Molten Egg 2"}],"event_choices":[{"damage_healed":0,"gold_gain":0,"player_choice":"Donut","damage_taken":0,"max_hp_gain":5,"max_hp_loss":0,"event_name":"Big Fish","floor":4,"gold_loss":0},{"damage_healed":0,"gold_gain":0,"player_choice":"Grow","damage_taken":0,"max_hp_gain":0,"max_hp_loss":0,"event_name":"Living Wall","floor":8,"gold_loss":0,"cards_upgraded":["Searing Blow"]}],"is_beta":false,"boss_relics":[],"items_purged_floors":[],"is_endless":false,"potions_floor_spawned":[2,6,11,12],"killed_by":"The Guardian","ascension_level":10}}