{"host":"ygfasg9u7olr7skw","time":1610135747,"event":{"mods":["AchievementEnabler","BaseMod","Better Note","Better Vampires","Colored Powertips","Minty Spire (QoL Compilation)","Replay The Spire","Spicy Shops","StSLib","The IronCluck"],"gold_per_floor":[109,125,50,70,70,70,113,113,159,178,178,178,192,16,16,141,141,164,177,29,49,69,69,83,83,83,46,46,46,59,83,83,214,214,233,17,36,36,49,49,64,82,109,109,109,235,256,256,256],"floor_reached":48,"playtime":3762,"items_purged":["Strike_G","Strike_G","Delirium","Injury"],"score":486,"play_id":"f9697f8d-ce7e-4e0d-82cc-26e0f2b7e3aa","local_time":"20210108145547","is_ascension_mode":false,"campfire_choices":[{"data":"Deadly Poison","floor":6,"key":"SMITH"},{"data":"Toxin Wave","floor":12,"key":"SMITH"},{"floor":15,"key":"REST"},{"floor":23,"key":"REST"},{"data":"Replay:Bag of Tricks","floor":25,"key":"SMITH"},{"data":"Bane","floor":28,"key":"SMITH"},{"floor":32,"key":"REST"},{"floor":40,"key":"REST"},{"data":"Noxious Fumes","floor":45,"key":"SMITH"}],"circlet_count":0,"master_deck":["Defend_G","Defend_G","Defend_G","Defend_G","Defend_G","Survivor","Neutralize","Deadly Poison+1","Toxin Wave+1","Replay:Bag of Tricks+1","Deadly Poison","Noxious Fumes+1","Distraction+1","Backflip+1","Deadly Poison","Noxious Fumes+1","Bane+1","Outmaneuver+1","Outmaneuver+1","Noxious Fumes+1","Venomology+1","Poisoned Stab+1","Distraction+1","Bouncing Flask","Deadly Poison+1","Writhe"],"relics":["Ring of the Snake","Golden Idol","Dream Catcher","Regal Pillow","CultistMask","OrangePellets","HoveringKite","Replay:Wax Seal","Replay:Bottled Flurry","ReplayTheSpireMod:CursedCoin","Astrolabe","Bag of Marbles"],"acts_visited":["Exordium","TheCity","TheBeyond"],"potions_floor_usage":[16,16,18,30,30,41,48,48],"damage_taken":[{"damage":4,"enemies":"Jaw Worm","floor":1,"turns":5},{"damage":0,"enemies":"Small Slimes","floor":2,"turns":4},{"damage":0,"enemies":"Cultist","floor":4,"turns":4},{"damage":38,"enemies":"3 Sentries","floor":7,"turns":19},{"damage":0,"enemies":"Red Slaver","floor":10,"turns":4},{"damage":8,"enemies":"3 Louse","floor":13,"turns":3},{"damage":43,"enemies":"Fading Forest","floor":16,"turns":11},{"damage":0,"enemies":"3 Byrds","floor":18,"turns":3},{"damage":3,"enemies":"Spheric Guardian","floor":19,"turns":3},{"damage":31,"enemies":"Centurion and Healer","floor":21,"turns":7},{"damage":10,"enemies":"Snecko","floor":22,"turns":5},{"damage":13,"enemies":"Snake Plant","floor":24,"turns":4},{"damage":2,"enemies":"Cultist and Chosen","floor":30,"turns":6},{"damage":10,"enemies":"Chosen and Byrds","floor":31,"turns":5},{"damage":59,"enemies":"Champ","floor":33,"turns":11},{"damage":0,"enemies":"3 Shapes","floor":35,"turns":5},{"damage":20,"enemies":"Orb Walker","floor":37,"turns":5},{"damage":27,"enemies":"Spire Growth","floor":39,"turns":5},{"damage":20,"enemies":"3 Darklings","floor":41,"turns":4},{"damage":2,"enemies":"Transient","floor":42,"turns":5},{"damage":21,"enemies":"Sphere and 2 Shapes","floor":47,"turns":5},{"damage":14,"enemies":"Reptomancer","floor":48,"turns":3}],"seed_played":"-708676463560255994","potions_obtained":[{"floor":2,"key":"DuplicationPotion"},{"floor":10,"key":"Dexterity Potion"},{"floor":16,"key":"Energy Potion"},{"floor":18,"key":"DistilledChaos"},{"floor":22,"key":"Swift Potion"},{"floor":24,"key":"FearPotion"},{"floor":33,"key":"FearPotion"},{"floor":35,"key":"CunningPotion"},{"floor":41,"key":"Fire Potion"}],"is_trial":false,"path_per_floor":["M","M","$","M","?","R","E","?","T","M","?","R","M","$","R","B",null,"M","M","$","M","M","R","M","R","T","$","R","$","M","M","R","B",null,"M","$","M","?","M","R","M","M","T","?","R","?","M","E"],"character_chosen":"THE_SILENT","items_purchased":["OrangePellets","Noxious Fumes","Replay:Wax Seal","ReplayTheSpireMod:CursedCoin","Bane","Poisoned Stab"],"campfire_rested":4,"item_purchase_floors":[14,20,20,27,27,36],"current_hp_per_floor":[73,73,73,73,73,73,35,60,60,60,60,60,52,52,77,34,77,77,74,74,43,33,71,58,58,58,58,58,58,56,46,77,18,77,77,77,57,57,30,68,48,46,46,65,65,35,14,0,0],"gold":256,"neow_bonus":"TEN_PERCENT_HP_BONUS","is_daily":false,"chose_seed":false,"campfire_upgraded":5,"win_rate":0.0,"timestamp":1610135747,"path_taken":["M","M","$","M","?","R","E","?","T","M","?","R","M","$","R","BOSS","M","?","?","M","M","R","M","R","T","$","R","$","M","M","R","BOSS","M","$","M","?","M","R","?","M","T","?","R","?","M","E"],"items_purchased_type":["Relic","Card","Relic","Relic","Card","Card"],"build_version":"2020-12-22","purchased_purges":4,"victory":false,"max_hp_per_floor":[77,77,77,77,77,77,77,77,77,77,77,77,77,77,77,77,77,77,77,77,77,77,77,77,77,77,77,77,77,77,77,77,77,77,77,77,77,77,77,77,77,77,77,77,77,77,77,77,77],"card_choices":[{"not_picked":["Deflect","Backflip","Hidden Blade"],"picked":"SKIP","floor":1},{"not_picked":["Prepared","Footwork"],"picked":"Deadly Poison","floor":2},{"not_picked":["Prepared","Slice","ReplayTheSpireMod:The Works"],"picked":"SKIP","floor":4},{"not_picked":["ReplayTheSpireMod:Scrap Shanks","Accuracy"],"picked":"Toxin Wave","floor":7},{"not_picked":["Dodge and Roll","ReplayTheSpireMod:Speed Training","Footwork"],"picked":"SKIP","floor":10},{"not_picked":["Prepared","Slice","Deflect"],"picked":"SKIP","floor":13},{"not_picked":["Malaise","ReplayTheSpireMod:Necrosis"],"picked":"Replay:Bag of Tricks","floor":16},{"not_picked":["Dodge and Roll","Deflect+1"],"picked":"Deadly Poison","floor":18},{"not_picked":["Blur","Unload","Underhanded Strike+1"],"picked":"SKIP","floor":19},{"not_picked":["Terror","Quick Slash"],"picked":"Distraction+1","floor":21},{"not_picked":["Endless Agony","Acrobatics"],"picked":"Backflip+1","floor":22},{"not_picked":["Infinite Blades+1","ReplayTheSpireMod:Shiv Toss"],"picked":"Deadly Poison","floor":23},{"not_picked":["ReplayTheSpireMod:Speed Training","Leg Sweep"],"picked":"Noxious Fumes+1","floor":24},{"not_picked":["Quick Slash","PiercingWail","Blade Dance+1"],"picked":"SKIP","floor":30},{"not_picked":["Skewer","Acrobatics","ReplayTheSpireMod:Tripwire"],"picked":"SKIP","floor":31},{"not_picked":["Tactician","Escape Plan"],"picked":"Outmaneuver+1","floor":32},{"not_picked":["ReplayTheSpireMod:Shiv Toss","Hidden Blade+1","Fluid Movement+1"],"picked":"SKIP","floor":35},{"not_picked":["Predator+1","ReplayTheSpireMod:Shiv Toss","Cloak And Dagger"],"picked":"SKIP","floor":37},{"not_picked":["Flying Knee","Hidden Blade","Bane+1"],"picked":"SKIP","floor":39},{"not_picked":["Endless Agony+1","Eviscerate"],"picked":"Distraction+1","floor":40},{"not_picked":["Deflect+1","ReplayTheSpireMod:Shiv Toss"],"picked":"Bouncing Flask","floor":41},{"not_picked":["Outmaneuver+1","Eviscerate"],"picked":"Deadly Poison+1","floor":42},{"not_picked":["Acrobatics+1","Blade Dance+1","Prepared"],"picked":"SKIP","floor":47}],"player_experience":220604,"relics_obtained":[{"floor":7,"key":"Dream Catcher"},{"floor":9,"key":"Regal Pillow"},{"floor":26,"key":"Replay:Bottled Flurry"},{"floor":43,"key":"Bag of Marbles"}],"event_choices":[{"damage_healed":0,"gold_gain":0,"player_choice":"Take Wound","damage_taken":0,"relics_obtained":["Golden Idol"],"max_hp_gain":0,"max_hp_loss":0,"event_name":"Golden Idol","floor":5,"gold_loss":0,"cards_obtained":["Injury"]},{"damage_healed":25,"gold_gain":0,"player_choice":"Banana","damage_taken":0,"max_hp_gain":0,"max_hp_loss":0,"event_name":"Big Fish","floor":8,"gold_loss":0},{"damage_healed":0,"gold_gain":0,"player_choice":"Trade","damage_taken":0,"relics_obtained":["CultistMask"],"max_hp_gain":0,"max_hp_loss":0,"event_name":"FaceTrader","floor":11,"gold_loss":0},{"damage_healed":0,"gold_gain":0,"player_choice":"Upgraded","damage_taken":0,"max_hp_gain":0,"max_hp_loss":0,"event_name":"Upgrade Shrine","floor":38,"gold_loss":0,"cards_upgraded":["Poisoned Stab"]},{"damage_healed":19,"gold_gain":0,"player_choice":"Writhe","damage_taken":0,"max_hp_gain":0,"max_hp_loss":0,"event_name":"Winding Halls","floor":44,"gold_loss":0,"cards_obtained":["Writhe"]}],"is_beta":false,"boss_relics":[{"not_picked":["Painkiller Herb","Coffee Dripper"],"picked":"HoveringKite"},{"not_picked":["Busted Crown","Pandora\u0027s Box"],"picked":"Astrolabe"}],"items_purged_floors":[3,14,27,36],"is_endless":false,"potions_floor_spawned":[2,10,16,18,22,24,33,35,41,42],"killed_by":"Reptomancer","ascension_level":0}}