{"host":"9n6i2vl93jt4o42q","time":1610071068,"event":{"mods":["BaseMod","Downfall","Minty Spire (QoL Compilation)","Relic Stats","StSLib"],"gold_per_floor":[99,116,129,147,147,147,147,179,179,199,215,140,53,85,101,198,198,123,141,141,141,153,178,178,178,178,178],"floor_reached":25,"playtime":3158,"items_purged":[],"score":436,"play_id":"e829f5c8-34bc-4a0b-bc50-69a96e4cb7f8","local_time":"20210108025748","is_ascension_mode":true,"campfire_choices":[{"data":"Guardian:TwinSlam","floor":1.0,"key":"SMITH"},{"floor":6.0,"key":"RECALL"},{"data":"Guardian:PiercingHide","floor":12.0,"key":"SMITH"},{"data":"Guardian:EvasiveProtocol","floor":18.0,"key":"SMITH"}],"circlet_count":0,"master_deck":["AscendersBane","Guardian:Strike_Guardian","Guardian:Strike_Guardian","Guardian:Strike_Guardian","Guardian:Strike_Guardian","Guardian:Defend_Guardian","Guardian:Defend_Guardian","Guardian:Defend_Guardian","Guardian:CurlUp","Guardian:TwinSlam+1","Guardian:ExploitGems","Guardian:PiercingHide+1","Guardian:PrimingBeam","Guardian:Preprogram","Guardian:ChargeCore","Guardian:Recover","Guardian:StasisField","Guardian:EvasiveProtocol+1","Guardian:BronzeArmor","Guardian:RevengeProtocol","Guardian:Gem_White","Guardian:FastForward"],"relics":["Guardian:ModeShifter","Eternal Feather","Ancient Tea Set","downfall:HeartBlessingRed","Shuriken","Coffee Dripper","downfall:HeartBlessingGreen","Ornamental Fan"],"acts_visited":["Exordium","TheCity"],"potions_floor_usage":[25,25],"damage_taken":[{"damage":0.0,"enemies":"Small Slimes","floor":2.0,"turns":3.0},{"damage":0.0,"enemies":"Cultist","floor":3.0,"turns":3.0},{"damage":0.0,"enemies":"Jaw Worm","floor":4.0,"turns":4.0},{"damage":20.0,"enemies":"3 Sentries","floor":8.0,"turns":7.0},{"damage":11.0,"enemies":"Exordium Thugs","floor":10.0,"turns":4.0},{"damage":16.0,"enemies":"Large Slime","floor":11.0,"turns":7.0},{"damage":0.0,"enemies":"downfall:FleeingMerchant","floor":13.0,"turns":4.0},{"damage":8.0,"enemies":"Lagavulin","floor":14.0,"turns":7.0},{"damage":0.0,"enemies":"Blue Slaver","floor":15.0,"turns":3.0},{"damage":0.0,"enemies":"downfall:Ironclad","floor":16.0,"turns":14.0},{"damage":0.0,"enemies":"3 Byrds","floor":19.0,"turns":4.0},{"damage":0.0,"enemies":"Centurion and Healer","floor":22.0,"turns":7.0},{"damage":59.0,"enemies":"Gremlin Leader","floor":23.0,"turns":15.0},{"damage":19,"enemies":"downfall:Defect","floor":25,"turns":8}],"seed_played":"-1996146267056005619","potions_obtained":[{"floor":2.0,"key":"SkillPotion"},{"floor":4.0,"key":"Strength Potion"},{"floor":8.0,"key":"Weak Potion"},{"floor":15.0,"key":"Guardian:DefensiveModePotion"},{"floor":16.0,"key":"champ:CounterPotion"},{"floor":23.0,"key":"hexamod:EctoCoolerPotion"}],"is_trial":false,"path_per_floor":["R","M","M","M","?","R","T","E","?","M","M","R","$","E","M","B",null,"R","M","?","?","M","E","T","?"],"character_chosen":"GUARDIAN","items_purchased":["Guardian:EvasiveProtocol"],"campfire_rested":0,"item_purchase_floors":[13],"current_hp_per_floor":[72,72,72,72,77,77,77,57,57,46,30,42,42,34,34,34,66,77,77,77,77,77,18,18,0,0,0],"gold":178,"neow_bonus":"THREE_RARE_CARDS","is_daily":false,"chose_seed":false,"campfire_upgraded":3,"win_rate":0.0,"timestamp":1610071068,"path_taken":["R","M","M","M","?","R","T","E","?","M","?","R","$","E","M","BOSS","R","M","?","?","M","E","T","?"],"items_purchased_type":["Card"],"build_version":"2020-12-22","purchased_purges":0,"victory":false,"max_hp_per_floor":[72,72,72,72,77,77,77,77,77,77,77,77,77,77,77,77,77,77,77,77,77,77,77,77,77,77,77],"relic_stats":{"counters":[14,90],"Shuriken":[15],"Ornamental Fan":[8],"Eternal Feather":23,"obtain_stats":[{"downfall:HeartBlessingRed":12,"Shuriken":14,"Ornamental Fan":23,"Guardian:ModeShifter":0,"Eternal Feather":7,"downfall:HeartBlessingGreen":18,"Coffee Dripper":17,"Ancient Tea Set":8},{"downfall:HeartBlessingRed":6,"Shuriken":8,"Ornamental Fan":13,"Guardian:ModeShifter":0,"Eternal Feather":3,"downfall:HeartBlessingGreen":10,"Coffee Dripper":10,"Ancient Tea Set":4},{"downfall:HeartBlessingRed":28,"Shuriken":39,"Ornamental Fan":82,"Guardian:ModeShifter":0,"Eternal Feather":10,"downfall:HeartBlessingGreen":56,"Coffee Dripper":56,"Ancient Tea Set":17}]},"card_choices":[{"not_picked":["Guardian:GemFire","Guardian:StasisField"],"picked":"Guardian:ExploitGems","floor":0.0},{"not_picked":["Guardian:PrismaticBeam","Guardian:MultiBeam"],"picked":"Guardian:PiercingHide","floor":2.0},{"not_picked":["Guardian:ShieldCharger","Guardian:PrismaticBarrier"],"picked":"Guardian:PrimingBeam","floor":3.0},{"not_picked":["Guardian:TemporalStrike","Guardian:Incinerate"],"picked":"Guardian:Preprogram","floor":4.0},{"not_picked":["Guardian:PrismaticBeam","Guardian:Preprogram"],"picked":"Guardian:ChargeCore","floor":8.0},{"not_picked":["Guardian:PrimingBeam","Guardian:Planning"],"picked":"Guardian:Gem_Cyan","floor":10.0},{"not_picked":["Guardian:BronzeOrb","Guardian:Gem_Green"],"picked":"Guardian:Recover","floor":11.0},{"not_picked":["Guardian:ChargeCore","Guardian:VentSteam"],"picked":"Guardian:StasisField","floor":13.0},{"not_picked":["Guardian:Gem_Blue","Guardian:GuardianWhirl"],"picked":"Guardian:BronzeArmor","floor":14.0},{"not_picked":["Guardian:Incinerate","Guardian:TemporalShield"],"picked":"Guardian:Gem_Green","floor":15.0},{"not_picked":["Guardian:AncientConstruct","Guardian:CompilePackage"],"picked":"Guardian:RevengeProtocol","floor":16.0},{"not_picked":["Guardian:Gem_Lightblue","Guardian:RollAttack+1","Guardian:TemporalShield"],"picked":"SKIP","floor":19.0},{"not_picked":["Guardian:FloatingOrbs","Guardian:CrystalBeam"],"picked":"Guardian:Gem_White","floor":22.0},{"not_picked":["Guardian:Gem_Lightblue","Guardian:Repulse"],"picked":"Guardian:FastForward","floor":23.0}],"player_experience":2239410,"relics_obtained":[{"floor":7.0,"key":"Eternal Feather"},{"floor":8.0,"key":"Ancient Tea Set"},{"floor":14.0,"key":"Shuriken"},{"floor":23.0,"key":"Ornamental Fan"}],"event_choices":[{"damage_healed":0.0,"max_hp_gain":5.0,"max_hp_loss":0.0,"gold_gain":0.0,"event_name":"Big Fish","player_choice":"Donut","floor":5.0,"gold_loss":0.0,"damage_taken":0.0},{"damage_healed":0.0,"max_hp_gain":0.0,"max_hp_loss":0.0,"gold_gain":0.0,"event_name":"Vampires","player_choice":"Ignored","floor":21.0,"gold_loss":0.0,"damage_taken":0.0}],"is_beta":false,"boss_relics":[{"not_picked":["Pandora\u0027s Box","SacredBark"],"picked":"Coffee Dripper"}],"items_purged_floors":[],"is_endless":false,"potions_floor_spawned":[2,4,8,10,15,16,23],"killed_by":"downfall:Defect","ascension_level":11}}