{"host":"v1m5rkjj38qutr02","time":1610107303,"event":{"mods":["Act Like it!","BaseMod","Conspire","Gensokyo","GungeonMod","Hallownest","Minty Spire (QoL Compilation)","Replay The Spire","StSLib","The Bug Knight","Youmu£®ªÍ∆«—˝√Œ£©"],"gold_per_floor":[117,136,211,4,23,23,57,57,81,81,98,115,140,140,140,240,240,180,180],"floor_reached":18,"playtime":460,"items_purged":[],"score":247,"play_id":"b6a6b5b0-3d8f-4910-8a4e-502d164ccbef","local_time":"20210108200143","is_ascension_mode":true,"campfire_choices":[{"data":"Thunder Strike","floor":6.0,"key":"SMITH"},{"floor":8.0,"key":"REST"},{"floor":15.0,"key":"REST"}],"circlet_count":0,"master_deck":["Strike_B","Strike_B","Strike_B","Strike_B","Defend_B","Defend_B","Defend_B","Defend_B","Zap","Dualcast","Turbo","Cold Snap","Static Discharge","Thunder Strike+1","FIFO Queue+1","Hologram","Panic Button","Defragment","Machine Learning"],"relics":["Cracked Core","NeowsBlessing","Calipers","Geode","Mercury Hourglass","ChewingGum"],"acts_visited":["Exordium","TheCity"],"potions_floor_usage":[],"damage_taken":[{"damage":0.0,"enemies":"Cultist","floor":1.0,"turns":1.0},{"damage":0.0,"enemies":"Jaw Worm","floor":2.0,"turns":1.0},{"damage":0.0,"enemies":"2 Louse","floor":5.0,"turns":1.0},{"damage":8.0,"enemies":"Lagavulin","floor":7.0,"turns":7.0},{"damage":1.0,"enemies":"Exordium Wildlife","floor":11.0,"turns":3.0},{"damage":7.0,"enemies":"Looter","floor":12.0,"turns":3.0},{"damage":26.0,"enemies":"3 Sentries","floor":13.0,"turns":7.0},{"damage":42.0,"enemies":"The Guardian","floor":16.0,"turns":10.0},{"damage":29,"enemies":"2 Thieves","floor":18,"turns":3}],"seed_played":"2006886319838910676","potions_obtained":[{"floor":2.0,"key":"Dexterity Potion"},{"floor":7.0,"key":"DistilledChaos"},{"floor":11.0,"key":"Swift Potion"},{"floor":12.0,"key":"Elixir"}],"is_trial":false,"path_per_floor":["M","M","?","$","M","R","E","R","T","?","M","M","E","?","R","B",null,"M"],"character_chosen":"DEFECT","items_purchased":["Static Discharge","Thunder Strike"],"campfire_rested":2,"item_purchase_floors":[4,4],"current_hp_per_floor":[68,68,57,57,57,57,49,71,71,71,70,63,37,37,59,17,61,32,32],"gold":180,"neow_bonus":"THREE_ENEMY_KILL","is_daily":false,"chose_seed":false,"campfire_upgraded":1,"win_rate":0.0,"timestamp":1610107303,"path_taken":["M","?","?","?","M","R","E","R","T","?","M","?","E","?","R","BOSS","M"],"items_purchased_type":["Card","Card"],"build_version":"2020-12-22","purchased_purges":0,"victory":false,"max_hp_per_floor":[75,75,75,75,75,75,75,75,75,75,75,75,75,75,75,75,75,75,75],"card_choices":[{"not_picked":["Hologram","Rebound"],"picked":"Turbo","floor":1.0},{"not_picked":["Lockon","ReplayGash"],"picked":"Cold Snap","floor":2.0},{"not_picked":["Compile Driver","Hologram"],"picked":"FIFO Queue","floor":5.0},{"not_picked":["ReplayRNGCard","Steam"],"picked":"Hologram","floor":7.0},{"not_picked":["Sweeping Beam","Rebound","ReplaySolidLightProjector"],"picked":"SKIP","floor":11.0},{"not_picked":["Auto Shields","ReplaySort"],"picked":"Panic Button","floor":12.0},{"not_picked":["Chill","Static Discharge"],"picked":"Defragment","floor":13.0},{"not_picked":["Thunder Strike","Hyperbeam"],"picked":"Machine Learning","floor":16.0}],"player_experience":398387,"relics_obtained":[{"floor":7.0,"key":"Calipers"},{"floor":9.0,"key":"Geode"},{"floor":13.0,"key":"Mercury Hourglass"}],"event_choices":[{"damage_healed":0.0,"max_hp_gain":0.0,"max_hp_loss":0.0,"gold_gain":75.0,"event_name":"World of Goop","player_choice":"Gather Gold","floor":3.0,"gold_loss":0.0,"damage_taken":11.0},{"damage_healed":0.0,"max_hp_gain":0.0,"max_hp_loss":0.0,"gold_gain":0.0,"event_name":"Living Wall","player_choice":"Grow","floor":10.0,"gold_loss":0.0,"damage_taken":0.0,"cards_upgraded":["FIFO Queue"]}],"is_beta":false,"boss_relics":[{"not_picked":["Replay:Ancient Bell","Replay:Grab Bag"],"picked":"ChewingGum"}],"items_purged_floors":[],"is_endless":false,"potions_floor_spawned":[2,7,11,12],"killed_by":"2 Thieves","ascension_level":9}}