{"host":"yimsjc3cz1ak4m0l","time":1610086296,"event":{"mods":["2.2 Compatiblity","A Magickal Journey","Act Like it!","AlwaysNeverKeys","Aspiration","Bartender","BaseMod","BetterRewards","CatGirl Mod","Chen","Colored Map","Colored Powertips","Colorless Booster Pack","Conjunction","Conspire","Defuse TimeMaze Blight","Downfall","Energized Spire","FutureSeer","GifTheSpireLib","Gremlin Skip","GungeonMod","Halation","HexUI Lib","Highlight Path","Hubris","Hyrulean Relics","Infinite Spire","Jedi Mod","Mimic Mod","Minty Spire (QoL Compilation)","Potionbrewer","Quick Restart","Relic Sorter","Replay The Spire","Reworked Bosses","RumiaBox-????????","Shop Mod","Small Relic Pack","Spikes Relics","StSLib","Strawberry Spire","Stuff the Spire","The Administrix","The Alterego","The Animator","The Bladedancer","The Bug Knight","The Marked","Trackpad","Treasure Hunter","Useless Jewels Mod","Wandering Minibosses","egg","??????REMEMod"],"gold_per_floor":[126,149,175,209,194,194,219,219,219,237,237,255,255,255,255,255,255],"floor_reached":16,"playtime":954,"items_purged":[],"score":102,"play_id":"07396ee3-ea8e-48e2-a80f-93cfe38d68f2","local_time":"20210108011136","is_ascension_mode":false,"campfire_choices":[{"data":"animator:ChlammyZell","floor":6,"key":"SMITH"},{"floor":11,"key":"REST"},{"data":"animator:Demiurge","floor":13,"key":"SMITH"},{"floor":15,"key":"DIG"}],"circlet_count":0,"master_deck":["animator:Strike_Overlord","animator:Defend_Overlord","animator:Strike","animator:Strike","animator:Strike","animator:Defend","animator:Defend","animator:Defend","animator:Cocytus","animator:Demiurge+1","animator:PandorasActor","animator:Lu","animator:RoryMercury","animator:ChlammyZell+1","animator:Entoma+1","animator:Millim","Pain","animator:YunYun","animator:YunYun"],"relics":["animator:LivingPicture","REME_ComplimentaryCards","animator:TheMissingPiece","animator:PurgingStone","StuffTheSpire:Mouthbags","strawberrySpire:MawJerky","WarpedTongs","DemoMod:WeirdEgg","infinitespire:Satchel"],"acts_visited":["Exordium"],"potions_floor_usage":[7,16],"damage_taken":[{"damage":9,"enemies":"Cultist","floor":1,"turns":5},{"damage":0,"enemies":"Small Slimes","floor":2,"turns":5},{"damage":1,"enemies":"Jaw Worm","floor":3,"turns":3},{"damage":4,"enemies":"Exordium Thugs","floor":4,"turns":6},{"damage":12,"enemies":"Exordium Thugs","floor":5,"turns":4},{"damage":38,"enemies":"Gremlin Nob","floor":7,"turns":5},{"damage":5,"enemies":"2 Fungi Beasts","floor":10,"turns":3},{"damage":8,"enemies":"Looter","floor":12,"turns":2},{"damage":17,"enemies":"The Guardian","floor":16,"turns":8}],"seed_played":"-5511189338215486127","potions_obtained":[{"floor":1,"key":"Languid Potion"},{"floor":7,"key":"GamblersBrew"}],"is_trial":false,"path_per_floor":["M","M","M","MIM","M","R","E","?","T","M","R","M","R","?","R_BF","B"],"character_chosen":"THE_ANIMATOR","items_purchased":[],"campfire_rested":1,"item_purchase_floors":[],"current_hp_per_floor":[63,63,62,58,47,47,9,9,9,4,25,17,17,17,17,0,0],"gold":255,"neow_bonus":"TEN_PERCENT_HP_BONUS","is_daily":false,"chose_seed":false,"campfire_upgraded":2,"win_rate":0.0,"timestamp":1610086296,"path_taken":["M","M","M","?","M","R","E","?","T","M","R","?","R","?","R_BF","BOSS"],"items_purchased_type":[],"build_version":"2020-12-22","purchased_purges":0,"victory":false,"max_hp_per_floor":[72,72,72,72,73,73,73,73,73,73,73,73,73,73,73,73,73],"card_choices":[{"not_picked":["animator:Elsword","animator:YaoHaDucy"],"picked":"animator:PandorasActor","floor":1},{"not_picked":["animator:Laby","animator:Tet"],"picked":"animator:Lu","floor":2},{"not_picked":["animator:Aisha","animator:Mikaela"],"picked":"animator:RoryMercury","floor":3},{"not_picked":["animator:Saber","animator:Sebas"],"picked":"animator:ChlammyZell","floor":4},{"not_picked":["animator:NarberalGamma","animator:PandorasActor"],"picked":"animator:Entoma","floor":5},{"not_picked":["animator:Mitsuba","animator:CrowleyEusford"],"picked":"animator:Millim","floor":7},{"not_picked":["TH:BikiniMail","TH:TreasureMap"],"picked":"SKIP","floor":7},{"not_picked":["TH:ElvenBoots","TH:PixieDust"],"picked":"SKIP","floor":9},{"not_picked":["animator:Eris","animator:CrowleyEusford"],"picked":"animator:Entoma","floor":10},{"not_picked":["animator:Chung","animator:Jibril"],"picked":"animator:YunYun","floor":12}],"player_experience":251606,"relics_obtained":[{"floor":4,"key":"StuffTheSpire:Mouthbags"},{"floor":7,"key":"strawberrySpire:MawJerky"},{"floor":9,"key":"DemoMod:WeirdEgg"},{"floor":15,"key":"infinitespire:Satchel"}],"event_choices":[{"damage_healed":0,"gold_gain":0,"player_choice":"Rummage","damage_taken":0,"relics_obtained":["WarpedTongs"],"max_hp_gain":0,"max_hp_loss":0,"event_name":"Accursed Blacksmith","floor":8,"gold_loss":0,"cards_obtained":["Pain"]}],"is_beta":false,"boss_relics":[],"items_purged_floors":[],"is_endless":false,"potions_floor_spawned":[1,7],"killed_by":"The Guardian","ascension_level":0}}