{"host":"xrbutm0tzv4qwo7u","time":1610123471,"event":{"mods":["AchievementEnabler","BaseMod","Colored Map","Colored Powertips","Dark Map","Hermit","Minty Spire (QoL Compilation)","Quick Restart","StSLib","The Cursed","The Marked"],"gold_per_floor":[114,114,125,145,155,155,120,120,120,120,26,42,67,77,77,181,181,197,75,89,103,122,152,152,185,185,185,185],"floor_reached":27,"playtime":1759,"items_purged":["Doubt"],"score":255,"play_id":"37de4af2-6552-45d4-bf2c-818fa8b60a37","local_time":"20210108103111","is_ascension_mode":false,"campfire_choices":[{"data":"Eruption","floor":6,"key":"SMITH"},{"data":"Vigilance","floor":8,"key":"SMITH"},{"floor":15,"key":"REST"}],"circlet_count":0,"master_deck":["Strike_P+1","Strike_P","Strike_P+1","Strike_P","Defend_P","Defend_P","Defend_P","Defend_P","Eruption+1","Vigilance+1","FollowUp","Prostrate+1","FearNoEvil","Perseverance+1","Wallop","EmptyFist","InnerPeace+1","EmptyBody+1","DeceiveReality+1","Devotion","ReachHeaven","Crescendo+1","CarveReality","WreathOfFlame+1","DevaForm","Study","Writhe","Worship+1"],"relics":["PureWater","Toxic Egg 2","Matryoshka","Centennial Puzzle","White Beast Statue","Black Star","Pantograph","Whetstone","Incense Burner","Unceasing Top","Mummified Hand","MealTicket","Mercury Hourglass"],"acts_visited":["Exordium","TheCity"],"potions_floor_usage":[16,21,22,23,25,25,25,27],"damage_taken":[{"damage":14,"enemies":"Cultist","floor":1,"turns":5},{"damage":0,"enemies":"2 Louse","floor":3,"turns":2},{"damage":0,"enemies":"Jaw Worm","floor":4,"turns":4},{"damage":9,"enemies":"Lots of Slimes","floor":5,"turns":5},{"damage":1,"enemies":"Blue Slaver","floor":12,"turns":4},{"damage":32,"enemies":"Lagavulin","floor":13,"turns":8},{"damage":0,"enemies":"Looter","floor":14,"turns":3},{"damage":19,"enemies":"The Guardian","floor":16,"turns":11},{"damage":19,"enemies":"3 Byrds","floor":18,"turns":7},{"damage":10,"enemies":"Spheric Guardian","floor":20,"turns":3},{"damage":3,"enemies":"Centurion and Healer","floor":21,"turns":5},{"damage":6,"enemies":"Snecko","floor":22,"turns":4},{"damage":16,"enemies":"Book of Stabbing","floor":23,"turns":6},{"damage":28,"enemies":"Slavers","floor":25,"turns":4},{"damage":4,"enemies":"3 Cultists","floor":27,"turns":3}],"seed_played":"4697126021071248311","potions_obtained":[{"floor":12,"key":"EssenceOfSteel"},{"floor":14,"key":"ColorlessPotion"},{"floor":16,"key":"Explosive Potion"},{"floor":18,"key":"Block Potion"},{"floor":21,"key":"LiquidBronze"},{"floor":22,"key":"BottledMiracle"},{"floor":23,"key":"Swift Potion"},{"floor":25,"key":"DistilledChaos"}],"is_trial":false,"path_per_floor":["M","T","M","M","M","R","?","R","T","?","$","M","E","M","R","B",null,"M","$","M","M","M","E","?","E","T","M"],"character_chosen":"WATCHER","items_purchased":["Wallop","EmptyFist","Crescendo+1"],"campfire_rested":1,"item_purchase_floors":[11,11,19],"current_hp_per_floor":[72,72,72,72,63,63,84,84,84,81,81,80,48,48,73,54,86,67,67,57,54,48,32,32,4,4,0,0],"gold":185,"neow_bonus":"TWENTY_PERCENT_HP_BONUS","is_daily":false,"chose_seed":false,"campfire_upgraded":2,"win_rate":0.0,"timestamp":1610123471,"path_taken":["M","?","M","M","M","R","?","R","T","?","?","M","E","M","R","BOSS","M","?","?","M","M","E","?","E","T","M"],"items_purchased_type":["Card","Card","Card"],"build_version":"2020-12-22","purchased_purges":1,"victory":false,"max_hp_per_floor":[86,86,86,86,86,86,86,86,86,86,86,86,86,86,86,86,86,86,86,86,86,86,86,86,86,86,86,86],"card_choices":[{"not_picked":["FlyingSleeves","ReachHeaven"],"picked":"FollowUp","floor":1},{"not_picked":["BowlingBash","FollowUp"],"picked":"Prostrate+1","floor":3},{"not_picked":["CarveReality","EmptyFist"],"picked":"FearNoEvil","floor":4},{"not_picked":["Meditate+1","Ragnarok"],"picked":"Perseverance+1","floor":5},{"not_picked":["FollowUp","FlyingSleeves"],"picked":"InnerPeace+1","floor":12},{"not_picked":["Fasting2","CutThroughFate"],"picked":"EmptyBody+1","floor":13},{"not_picked":["BowlingBash","Consecrate"],"picked":"DeceiveReality+1","floor":14},{"not_picked":["Alpha+1","Ragnarok"],"picked":"Devotion","floor":16},{"not_picked":["FlurryOfBlows","FearNoEvil"],"picked":"ReachHeaven","floor":18},{"not_picked":["EmptyBody+1","DeceiveReality+1"],"picked":"CarveReality","floor":20},{"not_picked":["BowlingBash","Evaluate+1"],"picked":"WreathOfFlame+1","floor":21},{"not_picked":["BowlingBash","CutThroughFate"],"picked":"DevaForm","floor":22},{"not_picked":["Protect+1","EmptyBody+1"],"picked":"Study","floor":23},{"not_picked":["Vengeance+1","ReachHeaven"],"picked":"Worship+1","floor":25}],"player_experience":35254,"relics_obtained":[{"floor":2,"key":"Toxic Egg 2"},{"floor":9,"key":"Matryoshka"},{"floor":13,"key":"White Beast Statue"},{"floor":23,"key":"Pantograph"},{"floor":23,"key":"Whetstone"},{"floor":25,"key":"Unceasing Top"},{"floor":25,"key":"Mummified Hand"},{"floor":26,"key":"MealTicket"},{"floor":26,"key":"Mercury Hourglass"}],"event_choices":[{"damage_healed":21,"gold_gain":0,"player_choice":"Healed","damage_taken":0,"max_hp_gain":0,"max_hp_loss":0,"event_name":"The Cleric","floor":7,"gold_loss":35},{"damage_healed":0,"gold_gain":0,"player_choice":"Success","damage_taken":3,"relics_obtained":["Centennial Puzzle"],"max_hp_gain":0,"max_hp_loss":0,"event_name":"Scrap Ooze","floor":10,"gold_loss":0},{"damage_healed":0,"gold_gain":0,"player_choice":"Opened","damage_taken":0,"relics_obtained":["Incense Burner"],"max_hp_gain":0,"max_hp_loss":0,"event_name":"The Mausoleum","floor":24,"gold_loss":0,"cards_obtained":["Writhe"]}],"is_beta":false,"boss_relics":[{"not_picked":["Sozu","Runic Dome"],"picked":"Black Star"}],"items_purged_floors":[19],"is_endless":false,"potions_floor_spawned":[12,14,16,18,20,21,22,23,25],"killed_by":"3 Cultists","ascension_level":0}}