{"host":"6ilae7ewjeys3uzr","time":1610125760,"event":{"mods":["AchievementEnabler","BaseMod","Hermit","Marisa????????","Minty Spire (QoL Compilation)","Quick Restart","StSLib","The Cursed"],"gold_per_floor":[110,285,285,285,210,210,226,243,297,297,197,216,216,234,234,336,336,350,225,225,115,132,132,150,150,150,0,100,115,115,85,85,85,85],"floor_reached":33,"playtime":857,"items_purged":["Strike_P","Defend_P","Defend_P","Defend_P"],"score":303,"play_id":"8bc1a79d-8909-462d-9629-6529d27d3038","local_time":"20210108180920","is_ascension_mode":true,"campfire_choices":[{"floor":6,"key":"REST"},{"data":"Eruption","floor":15,"key":"SMITH"},{"floor":23,"key":"REST"},{"floor":25,"key":"REST"},{"floor":32,"key":"REST"}],"circlet_count":0,"master_deck":["Strike_P+1","Strike_P","Defend_P","Eruption+1","Vigilance+1"],"relics":["PureWater","NeowsBlessing","PreservedInsect","SacredBark","Gambling Chip","Matryoshka"],"acts_visited":["Exordium","TheCity"],"potions_floor_usage":[16,18,29,33,33,33],"damage_taken":[{"damage":0,"enemies":"2 Louse","floor":1,"turns":1},{"damage":0,"enemies":"Small Slimes","floor":7,"turns":1},{"damage":0,"enemies":"Cultist","floor":8,"turns":1},{"damage":3,"enemies":"2 Fungi Beasts","floor":12,"turns":4},{"damage":15,"enemies":"3 Louse","floor":14,"turns":3},{"damage":16,"enemies":"Slime Boss","floor":16,"turns":12},{"damage":17,"enemies":"Shell Parasite","floor":18,"turns":10},{"damage":6,"enemies":"2 Thieves","floor":22,"turns":4},{"damage":18,"enemies":"Shelled Parasite and Fungi","floor":24,"turns":6},{"damage":5,"enemies":"Centurion and Healer","floor":29,"turns":5},{"damage":85,"enemies":"Champ","floor":33,"turns":8}],"seed_played":"-2303206284087221572","potions_obtained":[{"floor":1,"key":"BottledMiracle"},{"floor":16,"key":"Dexterity Potion"},{"floor":24,"key":"ColorlessPotion"},{"floor":29,"key":"BottledMiracle"},{"floor":31,"key":"Block Potion"},{"floor":31,"key":"LiquidBronze"}],"is_trial":false,"path_per_floor":["M","?","?","?","$","R","M","M","T","?","$","M","?","M","R","B",null,"M","$","?","?","M","R","M","R","T","$","?","M","$","?","R","B"],"character_chosen":"WATCHER","items_purchased":[],"campfire_rested":4,"item_purchase_floors":[],"current_hp_per_floor":[65,65,58,58,58,72,72,72,72,72,72,69,55,40,40,24,60,43,43,30,30,24,47,29,52,52,52,52,47,47,47,70,0,0],"gold":85,"neow_bonus":"THREE_ENEMY_KILL","is_daily":false,"chose_seed":false,"campfire_upgraded":1,"win_rate":0.0,"timestamp":1610125760,"path_taken":["M","?","?","?","$","R","M","?","T","?","$","M","?","M","R","BOSS","M","$","?","?","?","R","M","R","T","?","?","?","$","?","R","BOSS"],"items_purchased_type":[],"build_version":"2020-12-22","purchased_purges":4,"victory":false,"max_hp_per_floor":[72,72,72,72,72,72,72,72,72,72,72,72,72,72,72,72,72,72,72,77,77,77,77,77,77,77,77,77,77,77,77,77,77,77],"card_choices":[{"not_picked":["DeceiveReality","MentalFortress","Meditate"],"picked":"SKIP","floor":1},{"not_picked":["Adaptation","BowlingBash","JustLucky"],"picked":"SKIP","floor":7},{"not_picked":["PathToVictory","SashWhip","BattleHymn"],"picked":"SKIP","floor":8},{"not_picked":["EmptyMind","Prostrate","ClearTheMind"],"picked":"SKIP","floor":12},{"not_picked":["FollowUp","Wallop","BowlingBash"],"picked":"SKIP","floor":14},{"not_picked":["Halt","FlyingSleeves","CutThroughFate"],"picked":"SKIP","floor":18},{"not_picked":["Adaptation","Vengeance","EmptyMind+1"],"picked":"SKIP","floor":22},{"not_picked":["SashWhip","JustLucky","FlurryOfBlows"],"picked":"SKIP","floor":24},{"not_picked":["ThirdEye","CutThroughFate+1","EmptyBody"],"picked":"SKIP","floor":29}],"player_experience":244188,"relics_obtained":[{"floor":9,"key":"PreservedInsect"},{"floor":26,"key":"Matryoshka"}],"event_choices":[{"damage_healed":0,"gold_gain":175,"player_choice":"AGREE","damage_taken":0,"max_hp_gain":0,"max_hp_loss":0,"event_name":"Liars Game","floor":2,"gold_loss":0,"cards_obtained":["Doubt"]},{"cards_removed":["Doubt"],"damage_healed":0,"gold_gain":0,"player_choice":"Card Removal","damage_taken":7,"max_hp_gain":0,"max_hp_loss":0,"event_name":"Golden Wing","floor":3,"gold_loss":0},{"damage_healed":0,"gold_gain":0,"player_choice":"Ignored","damage_taken":0,"max_hp_gain":0,"max_hp_loss":0,"event_name":"Upgrade Shrine","floor":4,"gold_loss":0},{"cards_removed":["Strike_P"],"damage_healed":0,"gold_gain":0,"player_choice":"Forget","damage_taken":0,"max_hp_gain":0,"max_hp_loss":0,"event_name":"Living Wall","floor":10,"gold_loss":0},{"damage_healed":0,"gold_gain":0,"player_choice":"Entered Light","damage_taken":14,"max_hp_gain":0,"max_hp_loss":0,"event_name":"Shining Light","floor":13,"gold_loss":0,"cards_upgraded":["Vigilance","Strike_P"]},{"damage_healed":0,"gold_gain":0,"player_choice":"Shed Blood","damage_taken":18,"max_hp_gain":5,"max_hp_loss":0,"event_name":"Forgotten Altar","floor":20,"gold_loss":0},{"damage_healed":0,"gold_gain":0,"player_choice":"Paid Gold","damage_taken":0,"relics_obtained":["Gambling Chip"],"max_hp_gain":0,"max_hp_loss":0,"event_name":"WeMeetAgain","floor":21,"gold_loss":110},{"damage_healed":0,"gold_gain":100,"player_choice":"Pray","damage_taken":0,"max_hp_gain":0,"max_hp_loss":0,"event_name":"Golden Shrine","floor":28,"gold_loss":0},{"damage_healed":0,"gold_gain":0,"player_choice":"Bought 2 Potions","damage_taken":0,"max_hp_gain":0,"max_hp_loss":0,"event_name":"The Woman in Blue","floor":31,"gold_loss":0}],"is_beta":false,"boss_relics":[{"not_picked":["Coffee Dripper","Snecko Eye"],"picked":"SacredBark"}],"items_purged_floors":[5,11,19,27],"is_endless":false,"potions_floor_spawned":[1,16,24,29],"killed_by":"Champ","ascension_level":6}}