{"host":"5cnm2qapaqj5mmu7","time":1610124616,"event":{"mods":["BaseMod","Bestiary","Colored Map","Minty Spire (QoL Compilation)","StSLib"],"gold_per_floor":[110,120,140,151,171,198,198,208,208,208,208,208,224,242,242,347,347,360,360,285,210,225,254,267,281,306,43,43,92,102,118,118,118,118],"floor_reached":33,"playtime":1353,"items_purged":["Strike_B"],"score":328,"play_id":"7593eda6-abbc-44ae-890c-0d1bf7f23c64","local_time":"20210108175016","is_ascension_mode":true,"campfire_choices":[{"data":"Dualcast","floor":7.0,"key":"SMITH"},{"data":"Doom and Gloom","floor":10.0,"key":"SMITH"},{"data":"Hologram","floor":12.0,"key":"SMITH"},{"data":"Doom and Gloom","floor":15.0,"key":"SMITH"},{"data":"Multi-Cast","floor":28.0,"key":"SMITH"},{"data":"Turbo","floor":32.0,"key":"SMITH"}],"circlet_count":0,"master_deck":["Strike_B","Strike_B","Defend_B","Defend_B","Defend_B","Defend_B","Zap","Dualcast+1","Doom and Gloom+1","Gash","Doom and Gloom+1","Hologram+1","Sweeping Beam","Self Repair","Conserve Battery","Rebound","Multi-Cast+1","Hologram+1","Redo","Turbo+1","Core Surge","Skim+1"],"relics":["Cracked Core","Art of War","Omamori","Sundial","Ornamental Fan","Sozu","Shuriken","Tiny Chest","Lee\u0027s Waffle","Regal Pillow"],"acts_visited":["Exordium","TheCity"],"potions_floor_usage":[],"damage_taken":[{"damage":6.0,"enemies":"Cultist","floor":1.0,"turns":3.0},{"damage":0.0,"enemies":"2 Louse","floor":2.0,"turns":2.0},{"damage":0.0,"enemies":"Small Slimes","floor":3.0,"turns":2.0},{"damage":8.0,"enemies":"Blue Slaver","floor":4.0,"turns":3.0},{"damage":0.0,"enemies":"2 Fungi Beasts","floor":5.0,"turns":4.0},{"damage":22.0,"enemies":"Lagavulin","floor":6.0,"turns":4.0},{"damage":7.0,"enemies":"Exordium Thugs","floor":8.0,"turns":3.0},{"damage":0.0,"enemies":"Large Slime","floor":13.0,"turns":4.0},{"damage":0.0,"enemies":"Lots of Slimes","floor":14.0,"turns":1.0},{"damage":38.0,"enemies":"Slime Boss","floor":16.0,"turns":8.0},{"damage":6.0,"enemies":"Spheric Guardian","floor":18.0,"turns":3.0},{"damage":23.0,"enemies":"Shell Parasite","floor":22.0,"turns":6.0},{"damage":31.0,"enemies":"Slavers","floor":23.0,"turns":4.0},{"damage":2.0,"enemies":"3 Cultists","floor":24.0,"turns":3.0},{"damage":19.0,"enemies":"Sentry and Sphere","floor":25.0,"turns":4.0},{"damage":1.0,"enemies":"Shelled Parasite and Fungi","floor":30.0,"turns":3.0},{"damage":33.0,"enemies":"Centurion and Healer","floor":31.0,"turns":7.0},{"damage":85,"enemies":"Automaton","floor":33,"turns":6}],"seed_played":"7843355790922610595","potions_obtained":[{"floor":1.0,"key":"EssenceOfSteel"},{"floor":3.0,"key":"DuplicationPotion"},{"floor":5.0,"key":"DistilledChaos"},{"floor":13.0,"key":"AttackPotion"}],"is_trial":false,"path_per_floor":["M","M","M","M","M","E","R","M","T","R","T","R","M","M","R","B",null,"M","?","?","$","M","E","M","M","T","$","R","T","M","M","R","B"],"character_chosen":"DEFECT","items_purchased":["Lee\u0027s Waffle","Turbo","Core Surge"],"campfire_rested":0,"item_purchase_floors":[27,27,27],"current_hp_per_floor":[69,69,69,61,61,39,39,39,39,39,39,39,46,46,46,15,75,75,75,75,75,59,35,40,28,28,82,82,82,81,55,55,0,0],"gold":118,"neow_bonus":"RANDOM_COMMON_RELIC","is_daily":false,"chose_seed":false,"campfire_upgraded":6,"win_rate":0.0,"timestamp":1610124616,"path_taken":["M","M","M","M","M","E","R","M","T","R","?","R","?","M","R","BOSS","M","?","?","$","M","E","M","M","T","?","R","?","M","M","R","BOSS"],"items_purchased_type":["Relic","Card","Card"],"build_version":"2020-12-22","purchased_purges":1,"victory":false,"max_hp_per_floor":[75,75,75,75,75,75,75,75,75,75,75,75,75,75,75,75,75,75,75,75,75,75,75,75,75,75,82,82,82,82,82,82,82,82],"card_choices":[{"not_picked":["BootSequence","Redo"],"picked":"Doom and Gloom","floor":1.0},{"not_picked":["Stack","Hello World"],"picked":"Gash","floor":2.0},{"not_picked":["Hello World","Static Discharge"],"picked":"Doom and Gloom","floor":3.0},{"not_picked":["Cold Snap","Chill"],"picked":"Hologram","floor":4.0},{"not_picked":["Rebound","Scrape"],"picked":"Sweeping Beam","floor":5.0},{"not_picked":["Coolheaded","Streamline"],"picked":"Self Repair","floor":6.0},{"not_picked":["Steam","Hyperbeam","Streamline"],"picked":"SKIP","floor":8.0},{"not_picked":["Ball Lightning","Compile Driver"],"picked":"Conserve Battery","floor":13.0},{"not_picked":["Conserve Battery","Ball Lightning"],"picked":"Rebound","floor":14.0},{"not_picked":["Rainbow","Core Surge"],"picked":"Multi-Cast","floor":16.0},{"not_picked":["Cold Snap","Rebound+1"],"picked":"Hologram+1","floor":18.0},{"not_picked":["Streamline+1","FTL","Stack"],"picked":"SKIP","floor":22.0},{"not_picked":["Leap+1","Go for the Eyes+1"],"picked":"Redo","floor":23.0},{"not_picked":["Beam Cell+1","Steam+1","Hologram+1"],"picked":"SKIP","floor":24.0},{"not_picked":["Loop","Aggregate","Cold Snap+1"],"picked":"SKIP","floor":25.0},{"not_picked":["Chill","Steam","All For One"],"picked":"SKIP","floor":30.0},{"not_picked":["Ball Lightning","Leap"],"picked":"Skim+1","floor":31.0}],"player_experience":556440,"relics_obtained":[{"floor":6.0,"key":"Omamori"},{"floor":9.0,"key":"Sundial"},{"floor":11.0,"key":"Ornamental Fan"},{"floor":23.0,"key":"Shuriken"},{"floor":26.0,"key":"Tiny Chest"},{"floor":29.0,"key":"Regal Pillow"}],"event_choices":[{"damage_healed":0.0,"max_hp_gain":0.0,"max_hp_loss":0.0,"gold_gain":0.0,"event_name":"Vampires","player_choice":"Ignored","floor":19.0,"gold_loss":0.0,"damage_taken":0.0},{"cards_removed":["Strike_B"],"damage_healed":0.0,"max_hp_gain":0.0,"max_hp_loss":0.0,"gold_gain":0.0,"event_name":"Beggar","player_choice":"Gave Gold","floor":20.0,"gold_loss":75.0,"damage_taken":0.0}],"is_beta":false,"boss_relics":[{"not_picked":["Inserter","SacredBark"],"picked":"Sozu"}],"items_purged_floors":[21],"is_endless":false,"potions_floor_spawned":[1,3,5,13,14,18,25,30],"killed_by":"Automaton","ascension_level":4}}