{"host":"56ghxnzsglgdq727","time":1610123148,"event":{"mods":["AchievementEnabler","BaseMod","Downfall","Duelist Mod","Hermit","Minty Spire (QoL Compilation)","Rare Cards Sparkle","SOS???????","StSLib","The Bug Knight","The Senshi","The Servant 0.9.4","The Wild Card","Yuri Mod"],"gold_per_floor":[116,116,135,135,150,150,163,193,219,294,294,323,334,409,409,513,513,525,542,242,254,169,169,183,214,239,239,53,53,53,71,71,71,71],"floor_reached":33,"playtime":1019,"items_purged":["yuri:yuriStrike"],"score":315,"play_id":"8decfad6-751f-427b-8ab5-febaf0054a1b","local_time":"20210108112548","is_ascension_mode":false,"campfire_choices":[{"data":"yuri:ThrowingKnives","floor":6,"key":"SMITH"},{"data":"yuri:yuriStab","floor":11,"key":"SMITH"},{"data":"yuri:HeavierStrike","floor":15,"key":"SMITH"},{"data":"yuri:RemoveSafetyChecks","floor":23,"key":"SMITH"},{"data":"yuri:GrowingInsanity","floor":30,"key":"SMITH"},{"data":"yuri:BlackTea","floor":32,"key":"SMITH"}],"circlet_count":0,"master_deck":["yuri:yuriStrike","yuri:yuriStrike","yuri:yuriStrike","yuri:yuriStrike","yuri:yuriDefend+1","yuri:yuriDefend+1","yuri:yuriDefend","yuri:yuriDefend","yuri:yuriDefend","yuri:Oolong","yuri:yuriStab+1","yuri:HeavierStrike+1","yuri:DebugCard","yuri:Parry","yuri:ThrowingKnives+1","yuri:RemoveSafetyChecks+1","yuri:GrowingInsanity+1","yuri:HoldBack","yuri:BlackTea+1"],"relics":["yuri:yuriKnife","Lantern","War Paint","Art of War","SacredBark","yuri:GlassOfWine","Pear","Boot","Pen Nib","Nilry\u0027s Codex","Blood Vial"],"acts_visited":["Exordium","TheCity"],"potions_floor_usage":[12,12,18,21,25,33],"damage_taken":[{"damage":3,"enemies":"2 Louse","floor":1,"turns":4},{"damage":2,"enemies":"Cultist","floor":3,"turns":3},{"damage":2,"enemies":"Jaw Worm","floor":5,"turns":3},{"damage":3,"enemies":"Blue Slaver","floor":7,"turns":4},{"damage":5,"enemies":"Lagavulin","floor":12,"turns":3},{"damage":0,"enemies":"Red Slaver","floor":13,"turns":1},{"damage":17,"enemies":"Slime Boss","floor":16,"turns":7},{"damage":4,"enemies":"3 Byrds","floor":18,"turns":3},{"damage":10,"enemies":"Shell Parasite","floor":19,"turns":4},{"damage":10,"enemies":"Cultist and Chosen","floor":21,"turns":3},{"damage":36,"enemies":"Centurion and Healer","floor":24,"turns":6},{"damage":16,"enemies":"Gremlin Leader","floor":25,"turns":4},{"damage":17,"enemies":"Shelled Parasite and Fungi","floor":31,"turns":3},{"damage":25,"enemies":"Champ","floor":33,"turns":7}],"seed_played":"8891765961379365821","potions_obtained":[{"floor":1,"key":"PowerPotion"},{"floor":7,"key":"AttackPotion"},{"floor":13,"key":"Explosive Potion"},{"floor":18,"key":"Explosive Potion"},{"floor":19,"key":"DuplicationPotion"},{"floor":25,"key":"AttackPotion"}],"is_trial":false,"path_per_floor":["M","?","M","$","M","R","M","?","T","?","R","E","M","?","R","B",null,"M","M","$","M","?","R","M","E","T","?","$","?","R","M","R","B"],"character_chosen":"YURI","items_purchased":["yuri:GlassOfWine","yuri:GrowingInsanity","Blood Vial","yuri:HoldBack"],"campfire_rested":0,"item_purchase_floors":[20,20,28,28],"current_hp_per_floor":[79,79,78,78,76,76,77,77,77,69,69,68,68,57,57,44,80,76,70,70,60,70,70,38,30,30,14,14,44,44,33,33,14,14],"gold":71,"neow_bonus":"THREE_CARDS","is_daily":false,"chose_seed":false,"campfire_upgraded":6,"win_rate":0.0,"timestamp":1610123148,"path_taken":["M","?","M","$","M","R","?","?","T","?","R","E","?","?","R","BOSS","M","M","$","M","?","R","M","E","T","?","$","?","R","?","R","BOSS"],"items_purchased_type":["Relic","Card","Relic","Card"],"build_version":"2020-12-22","purchased_purges":1,"victory":false,"max_hp_per_floor":[80,80,80,80,80,80,80,80,80,80,80,80,80,80,80,80,80,80,80,80,80,90,90,90,90,90,90,90,90,90,90,90,90,90],"card_choices":[{"not_picked":["yuri:DebugCard","yuri:yuriQuickStrike"],"picked":"yuri:HeavierStrike","floor":0},{"not_picked":["yuri:DejaVu","yuri:UntestedCode","yuri:RecklessStrike"],"picked":"SKIP","floor":1},{"not_picked":["yuri:TPose","yuri:GlitchedStrike"],"picked":"yuri:Parry","floor":3},{"not_picked":["yuri:GlitchedStrike","yuri:HoldBack"],"picked":"yuri:ThrowingKnives","floor":5},{"not_picked":["yuri:BrokenCode","yuri:HeavierStrike","yuri:ReactiveMadness"],"picked":"SKIP","floor":7},{"not_picked":["yuri:ThrowBook","yuri:ThrowingKnives","yuri:yuriHeavyStrike"],"picked":"SKIP","floor":12},{"not_picked":["yuri:RecklessStrike","yuri:BookPurple","yuri:Stare"],"picked":"SKIP","floor":13},{"not_picked":["yuri:JumpScare","yuri:ExploitStrike"],"picked":"yuri:RemoveSafetyChecks","floor":16},{"not_picked":["yuri:RecklessStrike","yuri:MultiDip","yuri:UnstableStrike"],"picked":"SKIP","floor":18},{"not_picked":["yuri:yuriHeavyStrike+1","yuri:BrokenCode","yuri:Stalk+1"],"picked":"SKIP","floor":19},{"not_picked":["yuri:TPose","yuri:MPose+1","yuri:GlitchedStrike"],"picked":"SKIP","floor":21},{"not_picked":["yuri:Spin","yuri:RecklessStrike+1","yuri:Stare+1"],"picked":"SKIP","floor":24},{"not_picked":["yuri:MPose+1","yuri:WickedSlash+1","yuri:ReloadGame"],"picked":"SKIP","floor":25},{"not_picked":["yuri:Skip","yuri:DebugCard"],"picked":"yuri:BlackTea","floor":31}],"player_experience":199145,"relics_obtained":[{"floor":9,"key":"War Paint"},{"floor":12,"key":"Art of War"},{"floor":25,"key":"Boot"},{"floor":26,"key":"Pen Nib"},{"floor":27,"key":"Nilry\u0027s Codex"}],"event_choices":[{"damage_healed":0,"gold_gain":0,"player_choice":"1 cards matched","damage_taken":0,"max_hp_gain":0,"max_hp_loss":0,"event_name":"Match and Keep!","floor":2,"gold_loss":0,"cards_obtained":["yuri:DebugCard"]},{"damage_healed":0,"gold_gain":30,"player_choice":"Searched \u00272\u0027 times","damage_taken":0,"relics_obtained":["Lantern"],"max_hp_gain":0,"max_hp_loss":0,"event_name":"Dead Adventurer","floor":8,"gold_loss":0},{"damage_healed":0,"gold_gain":75,"player_choice":"Touch","damage_taken":8,"max_hp_gain":0,"max_hp_loss":0,"event_name":"FaceTrader","floor":10,"gold_loss":0},{"damage_healed":0,"gold_gain":75,"player_choice":"Gather Gold","damage_taken":11,"max_hp_gain":0,"max_hp_loss":0,"event_name":"World of Goop","floor":14,"gold_loss":0},{"damage_healed":0,"gold_gain":0,"player_choice":"Obtained Relic","damage_taken":0,"relics_obtained":["Pear"],"max_hp_gain":0,"max_hp_loss":0,"event_name":"Addict","floor":22,"gold_loss":85},{"damage_healed":0,"gold_gain":0,"player_choice":"Obtained Book","damage_taken":16,"max_hp_gain":0,"max_hp_loss":0,"event_name":"Cursed Tome","floor":27,"gold_loss":0},{"damage_healed":30,"gold_gain":0,"player_choice":"Heal","damage_taken":0,"max_hp_gain":0,"max_hp_loss":0,"event_name":"The Library","floor":29,"gold_loss":0}],"is_beta":false,"boss_relics":[{"not_picked":["Fusion Hammer","Ectoplasm"],"picked":"SacredBark"}],"items_purged_floors":[20],"is_endless":false,"potions_floor_spawned":[1,7,13,18,19,25],"killed_by":"Champ","ascension_level":0}}