{"host":"cbu6enf2xtq4r7r3","time":1610124059,"event":{"mods":["2.2 Compatiblity","AlwaysNeverKeys","BaseMod","Better Match","Better Note","Better Sensory Stone","Better Skull","Better Third Choice","Colored Map","Colored Powertips","Defuse TimeMaze Blight","Emptier Cage","Minty Spire (QoL Compilation)","Permanent Neow","Quick Restart","Random Character Button","Relic Sorter","Reorder Act Four","Shop Mod","StSLib"],"gold_per_floor":[53,93,93,134,134,134,59,109,109,9,9,9,65,139,139,288,288,361,361,400,475,475,583,583,215,288,328,369,369,409,13,13,136,136,174,188,5,19,34,34,72,72,99,142,157,180,180,180,180,180,180,22,22,56,56,56],"floor_reached":55,"playtime":2202,"items_purged":["Strike_B","Strike_B","Defend_B","HandOfGreed+1"],"score":798,"play_id":"3224decc-b09a-4a8c-b38f-7553f65158cb","local_time":"20210108174059","is_ascension_mode":false,"campfire_choices":[{"data":"Defragment","floor":6,"key":"SMITH"},{"data":"Zap","floor":11,"key":"SMITH"},{"data":"Steam","floor":15,"key":"SMITH"},{"data":"Reboot","floor":29,"key":"SMITH"},{"data":"Apotheosis","floor":32,"key":"SMITH"},{"floor":40,"key":"REST"},{"floor":42,"key":"REST"},{"floor":47,"key":"REST"},{"floor":49,"key":"REST"},{"floor":53,"key":"REST"}],"circlet_count":0,"master_deck":["Defend_B+1","Defend_B","Zap+1","Defragment+1","Beam Cell+1","Conserve Battery+1","Undo","Gash","Steam+1","Reboot+1","Gash","Go for the Eyes","Chill","Gash","Good Instincts","Electrodynamics","Chill+1","Conserve Battery+1","Apotheosis+1","Biased Cognition","Coolheaded+1","Defragment+1","Skim","Steam","Coolheaded+1","Capacitor","Defragment","Madness","Madness"],"relics":["Cracked Core","War Paint","Pantograph","Golden Idol","Potion Belt","Empty Cage","Bottled Flame","Bronze Scales","The Courier","Mercury Hourglass","Turnip","Fusion Hammer","Prayer Wheel","Ancient Tea Set","Toy Ornithopter","ClockworkSouvenir","Pocketwatch"],"acts_visited":["Exordium","TheCity","TheBeyond","TheEnding"],"potions_floor_usage":[14,16,23,23,23,23,23,28,28,33,35,38,50,50,50,54,55],"damage_taken":[{"damage":1,"enemies":"2 Louse","floor":1,"turns":4},{"damage":1,"enemies":"Cultist","floor":2,"turns":4},{"damage":1,"enemies":"Jaw Worm","floor":4,"turns":2},{"damage":10,"enemies":"Gremlin Nob","floor":8,"turns":4},{"damage":3,"enemies":"Lagavulin","floor":13,"turns":4},{"damage":1,"enemies":"Exordium Thugs","floor":14,"turns":4},{"damage":22,"enemies":"Hexaghost","floor":16,"turns":10},{"damage":4,"enemies":"2 Thieves","floor":18,"turns":5},{"damage":0,"enemies":"Spheric Guardian","floor":20,"turns":4},{"damage":0,"enemies":"Slavers","floor":23,"turns":6},{"damage":0,"enemies":"Book of Stabbing","floor":27,"turns":5},{"damage":9,"enemies":"Snake Plant","floor":28,"turns":3},{"damage":0,"enemies":"3 Cultists","floor":30,"turns":4},{"damage":15,"enemies":"Champ","floor":33,"turns":8},{"damage":0,"enemies":"Orb Walker","floor":35,"turns":3},{"damage":0,"enemies":"3 Darklings","floor":36,"turns":4},{"damage":4,"enemies":"Spire Growth","floor":38,"turns":5},{"damage":0,"enemies":"Sphere and 2 Shapes","floor":39,"turns":4},{"damage":24,"enemies":"Nemesis","floor":41,"turns":7},{"damage":6,"enemies":"Reptomancer","floor":44,"turns":6},{"damage":0,"enemies":"4 Shapes","floor":45,"turns":4},{"damage":0,"enemies":"Transient","floor":46,"turns":5},{"damage":12,"enemies":"Donu and Deca","floor":50,"turns":10},{"damage":2,"enemies":"Shield and Spear","floor":54,"turns":8},{"damage":73,"enemies":"The Heart","floor":55,"turns":12}],"seed_played":"-5947332932755878616","potions_obtained":[{"floor":4,"key":"Dexterity Potion"},{"floor":8,"key":"Block Potion"},{"floor":13,"key":"Ancient Potion"},{"floor":18,"key":"Block Potion"},{"floor":19,"key":"Strength Potion"},{"floor":19,"key":"EntropicBrew"},{"floor":19,"key":"ColorlessPotion"},{"floor":28,"key":"SkillPotion"},{"floor":30,"key":"Fire Potion"},{"floor":35,"key":"LiquidMemories"},{"floor":45,"key":"Block Potion"}],"is_trial":false,"path_per_floor":["M","M","?","M","?","R","$","E","T","$","R","?","E","M","R","B",null,"M","?","M","?","?","E","?","$","T","E","M","R","M","$","R","B",null,"M","M","$","M","M","R","E","R","T","E","M","M","R","?","R","B",null,"$","R","E","B"],"character_chosen":"DEFECT","items_purchased":["Good Instincts","Bronze Scales","Apotheosis","Turnip","Skim","ClockworkSouvenir","PowerPotion"],"campfire_rested":5,"item_purchase_floors":[25,25,31,31,37,52,52],"current_hp_per_floor":[74,73,73,72,72,72,72,62,62,62,62,62,59,58,58,47,69,65,65,65,59,59,59,59,59,59,59,50,50,50,50,50,54,69,69,69,69,65,65,69,45,65,65,59,59,59,69,60,69,69,69,69,69,67,0,0],"gold":56,"neow_bonus":"RANDOM_COLORLESS_2","is_daily":false,"chose_seed":false,"campfire_upgraded":5,"win_rate":0.0,"timestamp":1610124059,"path_taken":["M","M","?","?","?","R","?","E","T","?","R","?","E","M","R","BOSS","M","?","M","?","?","E","?","$","T","E","?","R","?","$","R","BOSS","M","M","$","M","M","R","E","R","T","E","M","M","R","?","R","BOSS","$","R","E","BOSS"],"items_purchased_type":["Card","Relic","Card","Relic","Card","Relic","Potion"],"build_version":"2020-12-22","purchased_purges":4,"victory":false,"max_hp_per_floor":[75,75,75,75,75,75,75,75,75,75,75,69,69,69,69,69,69,69,69,69,69,69,69,69,69,69,69,69,69,69,69,69,69,69,69,69,69,69,69,69,69,69,69,69,69,69,69,69,69,69,69,69,69,69,69,69],"card_choices":[{"not_picked":["Secret Technique","Magnetism"],"picked":"HandOfGreed","floor":0},{"not_picked":["Redo","Rebound"],"picked":"Defragment","floor":1},{"not_picked":["Skim","Reprogram"],"picked":"Beam Cell","floor":2},{"not_picked":["Sunder","Tempest"],"picked":"Conserve Battery","floor":4},{"not_picked":["Compile Driver","Streamline"],"picked":"Undo","floor":8},{"not_picked":["Machine Learning","Leap"],"picked":"Gash","floor":13},{"not_picked":["Compile Driver","Double Energy"],"picked":"Steam","floor":14},{"not_picked":["Amplify","Thunder Strike"],"picked":"Reboot","floor":16},{"not_picked":["Sweeping Beam","Streamline"],"picked":"Gash","floor":18},{"not_picked":["Melter","Stack"],"picked":"Go for the Eyes","floor":20},{"not_picked":["Seek","BootSequence"],"picked":"Gash","floor":23},{"not_picked":["Storm","Go for the Eyes"],"picked":"Electrodynamics","floor":27},{"not_picked":["Rebound","Blizzard"],"picked":"Chill+1","floor":28},{"not_picked":["Leap","Chaos"],"picked":"Conserve Battery+1","floor":30},{"not_picked":["Rainbow","Fission"],"picked":"Biased Cognition","floor":33},{"not_picked":["Steam","Blizzard+1"],"picked":"Coolheaded+1","floor":35},{"not_picked":["Lockon+1","Genetic Algorithm+1"],"picked":"Defragment+1","floor":36},{"not_picked":["Ball Lightning+1","Darkness","Compile Driver+1"],"picked":"SKIP","floor":38},{"not_picked":["Barrage+1","Turbo"],"picked":"Steam","floor":39},{"not_picked":["Biased Cognition","Steam"],"picked":"Coolheaded+1","floor":41},{"not_picked":["Leap+1","Self Repair","Cold Snap+1"],"picked":"SKIP","floor":44},{"not_picked":["Barrage+1","Gash+1","Turbo"],"picked":"SKIP","floor":45},{"not_picked":["Turbo+1","Compile Driver+1","Capacitor"],"picked":"SKIP","floor":45},{"not_picked":["Turbo+1","Compile Driver+1"],"picked":"Capacitor","floor":45},{"not_picked":["Barrage+1","Gash+1","Turbo"],"picked":"SKIP","floor":45},{"not_picked":["Turbo","Redo"],"picked":"Defragment","floor":46},{"not_picked":["Storm+1","Thunder Strike","Genetic Algorithm+1"],"picked":"SKIP","floor":46},{"not_picked":["Sunder","Compile Driver+1","Barrage"],"picked":"SKIP","floor":54}],"player_experience":62691,"relics_obtained":[{"floor":8,"key":"War Paint"},{"floor":9,"key":"Pantograph"},{"floor":13,"key":"Potion Belt"},{"floor":23,"key":"Bottled Flame"},{"floor":26,"key":"The Courier"},{"floor":27,"key":"Mercury Hourglass"},{"floor":41,"key":"Prayer Wheel"},{"floor":43,"key":"Ancient Tea Set"},{"floor":44,"key":"Toy Ornithopter"},{"floor":54,"key":"Pocketwatch"}],"event_choices":[{"damage_healed":0,"gold_gain":0,"player_choice":"Upgraded","damage_taken":0,"max_hp_gain":0,"max_hp_loss":0,"event_name":"Upgrade Shrine","floor":3,"gold_loss":0,"cards_upgraded":["HandOfGreed"]},{"damage_healed":0,"gold_gain":0,"player_choice":"Grow","damage_taken":0,"max_hp_gain":0,"max_hp_loss":0,"event_name":"Living Wall","floor":5,"gold_loss":0,"cards_upgraded":["Beam Cell"]},{"damage_healed":0,"gold_gain":0,"player_choice":"Lose Max HP","damage_taken":0,"relics_obtained":["Golden Idol"],"max_hp_gain":0,"max_hp_loss":6,"event_name":"Golden Idol","floor":12,"gold_loss":0},{"damage_healed":0,"gold_gain":0,"player_choice":"Got Potions","damage_taken":0,"max_hp_gain":0,"max_hp_loss":0,"event_name":"Lab","floor":19,"gold_loss":0},{"damage_healed":0,"gold_gain":75,"player_choice":"Touch","damage_taken":6,"max_hp_gain":0,"max_hp_loss":0,"event_name":"FaceTrader","floor":21,"gold_loss":0},{"damage_healed":0,"gold_gain":0,"cards_transformed":["Defend_B"],"player_choice":"Transformed","damage_taken":0,"max_hp_gain":0,"max_hp_loss":0,"event_name":"Transmorgrifier","floor":22,"gold_loss":0,"cards_obtained":["Chill"]},{"damage_healed":0,"gold_gain":0,"player_choice":"Ignored","damage_taken":0,"max_hp_gain":0,"max_hp_loss":0,"event_name":"Ghosts","floor":24,"gold_loss":0},{"damage_healed":0,"gold_gain":0,"player_choice":"Embrace Madness","damage_taken":9,"max_hp_gain":0,"max_hp_loss":0,"event_name":"Winding Halls","floor":48,"gold_loss":0,"cards_obtained":["Madness","Madness"]}],"is_beta":false,"boss_relics":[{"not_picked":["Coffee Dripper","Velvet Choker"],"picked":"Empty Cage"},{"not_picked":["Busted Crown","Cursed Key"],"picked":"Fusion Hammer"}],"items_purged_floors":[7,10,25,37],"is_endless":false,"potions_floor_spawned":[4,8,13,18,28,30,35,45],"killed_by":"The Heart","ascension_level":0}}