{"host":"0e0lo445kffy4sr5","time":1610101589,"event":{"mods":["BaseMod","Colored Map","Colored Powertips","Highlight Path","Key Reminder","Minty Spire (QoL Compilation)","Permanent Neow","StSLib"],"gold_per_floor":[144,189,234,234,234,234,279,324,349,508,553,553,643,688,688,988,988,1033,1078,1123,1173,1218,1308,1308,1353,1378,1378,1423,1468,423,723,723,1032,1032,1086,1140,732,882,936,936,1026,1026,1026,1089,1134,1134,1179,1224,1224,1224],"floor_reached":51,"playtime":4351,"items_purged":["Warcry"],"score":757,"play_id":"9c805a13-f3ce-4179-8fdb-de6ad26aa76f","local_time":"20210108052629","daily_mods":["Draft","Uncertain Future","Midas"],"is_ascension_mode":false,"campfire_choices":[{"floor":12,"key":"REST"},{"floor":15,"key":"REST"},{"floor":24,"key":"REST"},{"floor":27,"key":"REST"},{"floor":32,"key":"REST"},{"floor":40,"key":"REST"},{"floor":46,"key":"REST"},{"floor":49,"key":"REST"}],"circlet_count":0,"master_deck":["Metallicize","Rampage","Clothesline","Anger","Flame Barrier","Flex","Armaments","Battle Trance","Dual Wield","Whirlwind+1","Flex","Battle Trance","Seeing Red","Flex","Armaments","Flex","Flame Barrier","Bloodletting","Intimidate","Metallicize","Metallicize","Inflame+1","Entrench+1","Carnage+1","Panache","Bloodletting","Whirlwind+1","Reaper+1","Armaments","Demon Form","Apotheosis","Inflame","Uppercut+1","Bludgeon+1","Headbutt+1"],"relics":["Burning Blood","Boot","Meat on the Bone","Gremlin Horn","Runic Pyramid","Molten Egg 2","CeramicFish","Vajra","DollysMirror","Prayer Wheel","Torii","White Beast Statue","Philosopher\u0027s Stone","Oddly Smooth Stone","StoneCalendar","Turnip","Self Forming Clay"],"acts_visited":["Exordium","TheCity","TheBeyond"],"potions_floor_usage":[10,13,13,16,18,28,28,30,31,31,35,38,39,42,50,50],"damage_taken":[{"damage":0,"enemies":"2 Louse","floor":1,"turns":3},{"damage":0,"enemies":"Small Slimes","floor":2,"turns":2},{"damage":0,"enemies":"Jaw Worm","floor":3,"turns":2},{"damage":0,"enemies":"Gremlin Gang","floor":7,"turns":1},{"damage":0,"enemies":"2 Fungi Beasts","floor":8,"turns":2},{"damage":24,"enemies":"Lagavulin Event","floor":10,"turns":8},{"damage":2,"enemies":"3 Louse","floor":11,"turns":2},{"damage":9,"enemies":"Gremlin Nob","floor":13,"turns":3},{"damage":9,"enemies":"Blue Slaver","floor":14,"turns":2},{"damage":33,"enemies":"Hexaghost","floor":16,"turns":11},{"damage":3,"enemies":"Chosen","floor":18,"turns":5},{"damage":4,"enemies":"Shell Parasite","floor":19,"turns":2},{"damage":11,"enemies":"Sentry and Sphere","floor":20,"turns":4},{"damage":7,"enemies":"Shelled Parasite and Fungi","floor":22,"turns":4},{"damage":14,"enemies":"Book of Stabbing","floor":23,"turns":6},{"damage":6,"enemies":"Centurion and Healer","floor":25,"turns":3},{"damage":26,"enemies":"Snecko","floor":28,"turns":8},{"damage":20,"enemies":"Snake Plant","floor":29,"turns":4},{"damage":36,"enemies":"Colosseum Slavers","floor":31,"turns":3},{"damage":10,"enemies":"Colosseum Nobs","floor":31,"turns":2},{"damage":17,"enemies":"Collector","floor":33,"turns":6},{"damage":1,"enemies":"3 Darklings","floor":35,"turns":2},{"damage":16,"enemies":"3 Shapes","floor":36,"turns":1},{"damage":9,"enemies":"Mind Bloom Boss Battle","floor":38,"turns":6},{"damage":51,"enemies":"Transient","floor":39,"turns":5},{"damage":7,"enemies":"Giant Head","floor":41,"turns":6},{"damage":12,"enemies":"Writhing Mass","floor":44,"turns":3},{"damage":24,"enemies":"4 Shapes","floor":45,"turns":1},{"damage":24,"enemies":"Jaw Worm Horde","floor":47,"turns":3},{"damage":6,"enemies":"Maw","floor":48,"turns":5},{"damage":45,"enemies":"Awakened One","floor":50,"turns":7}],"seed_played":"-6062085814737979882","potions_obtained":[{"floor":1,"key":"Weak Potion"},{"floor":8,"key":"GamblersBrew"},{"floor":10,"key":"SteroidPotion"},{"floor":13,"key":"ColorlessPotion"},{"floor":16,"key":"AttackPotion"},{"floor":18,"key":"SneckoOil"},{"floor":22,"key":"SmokeBomb"},{"floor":25,"key":"DistilledChaos"},{"floor":28,"key":"DuplicationPotion"},{"floor":31,"key":"Ancient Potion"},{"floor":33,"key":"DistilledChaos"},{"floor":35,"key":"GamblersBrew"},{"floor":36,"key":"EssenceOfSteel"},{"floor":38,"key":"HeartOfIron"},{"floor":39,"key":"Block Potion"},{"floor":42,"key":"Fruit Juice"},{"floor":42,"key":"LiquidMemories"},{"floor":42,"key":"FearPotion"},{"floor":48,"key":"HeartOfIron"}],"is_trial":false,"path_per_floor":["M","M","M","$","?","?","M","M","T","?","M","R","E","M","R","B",null,"M","M","M","?","M","E","R","M","T","R","M","M","$","?","R","B",null,"M","M","$","?","M","R","E","?","T","M","M","R","M","M","R","B",null],"character_chosen":"IRONCLAD","items_purchased":["Panache","Fruit Juice","Bloodletting","Vajra","DollysMirror","Prayer Wheel","Regen Potion","Oddly Smooth Stone","Apotheosis","Inflame"],"campfire_rested":8,"item_purchase_floors":[30,30,30,30,30,30,30,37,37,37],"current_hp_per_floor":[80,80,80,80,80,80,80,80,80,62,66,80,77,74,80,53,80,80,80,75,75,74,66,80,80,80,80,60,58,63,50,75,64,85,85,75,75,85,65,85,84,89,89,83,65,90,90,90,90,72],"gold":1224,"neow_bonus":"","is_daily":true,"chose_seed":false,"campfire_upgraded":0,"win_rate":0.0,"timestamp":1610101589,"path_taken":["M","M","M","$","?","?","M","M","T","?","M","R","E","M","R","BOSS","M","M","M","?","M","E","R","M","T","R","?","M","$","?","R","BOSS","M","M","$","?","M","R","E","?","T","M","M","R","?","M","R","BOSS"],"items_purchased_type":["Card","Potion","Card","Relic","Relic","Relic","Potion","Relic","Card","Card"],"build_version":"2020-12-13","purchased_purges":1,"victory":true,"max_hp_per_floor":[80,80,80,80,80,80,80,80,80,80,80,80,80,80,80,80,80,80,80,80,80,80,80,80,80,80,80,80,80,85,85,85,85,85,85,85,85,85,85,85,85,90,90,90,90,90,90,90,90,90],"card_choices":[{"not_picked":["Intimidate","Iron Wave"],"picked":"Metallicize","floor":0},{"not_picked":["Sword Boomerang","Anger"],"picked":"Rampage","floor":0},{"not_picked":["Havoc","Wild Strike"],"picked":"Clothesline","floor":0},{"not_picked":["Twin Strike","Clash"],"picked":"Anger","floor":0},{"not_picked":["Pommel Strike","Warcry"],"picked":"Flame Barrier","floor":0},{"not_picked":["Warcry","Disarm"],"picked":"Flex","floor":0},{"not_picked":["Fire Breathing","Cleave"],"picked":"Armaments","floor":0},{"not_picked":["Cleave","Rupture"],"picked":"Battle Trance","floor":0},{"not_picked":["Sword Boomerang","Sever Soul"],"picked":"Dual Wield","floor":0},{"not_picked":["Wild Strike","Combust"],"picked":"Whirlwind","floor":0},{"not_picked":["Metallicize","Reckless Charge"],"picked":"Flex","floor":0},{"not_picked":["Shrug It Off","Entrench"],"picked":"Battle Trance","floor":0},{"not_picked":["True Grit","Reckless Charge"],"picked":"Seeing Red","floor":0},{"not_picked":["Clash","Cleave"],"picked":"Warcry","floor":0},{"not_picked":["Thunderclap","Disarm"],"picked":"Flex","floor":0},{"not_picked":["Perfected Strike","True Grit"],"picked":"Armaments","floor":1},{"not_picked":["Hemokinesis","Ghostly Armor"],"picked":"Flex","floor":2},{"not_picked":["Clothesline","Rupture"],"picked":"Flame Barrier","floor":3},{"not_picked":["Pommel Strike","Wild Strike","Burning Pact"],"picked":"SKIP","floor":7},{"not_picked":["Cleave","Battle Trance"],"picked":"Bloodletting","floor":8},{"not_picked":["Perfected Strike","Fire Breathing"],"picked":"Intimidate","floor":11},{"not_picked":["Infernal Blade","Rage"],"picked":"Metallicize","floor":13},{"not_picked":["Clothesline","Combust"],"picked":"Metallicize","floor":14},{"not_picked":["Thunderclap","Warcry"],"picked":"Inflame+1","floor":18},{"not_picked":["Armaments","Twin Strike","Clothesline"],"picked":"SKIP","floor":19},{"not_picked":["Ghostly Armor","Shrug It Off","Rampage"],"picked":"SKIP","floor":20},{"not_picked":["Dual Wield","Twin Strike+1","Body Slam"],"picked":"SKIP","floor":22},{"not_picked":["Shrug It Off","Brutality"],"picked":"Entrench+1","floor":23},{"not_picked":["Flex","Twin Strike+1"],"picked":"Carnage+1","floor":25},{"not_picked":["Iron Wave+1","Warcry+1","Pommel Strike+1"],"picked":"SKIP","floor":28},{"not_picked":["Iron Wave+1","Perfected Strike+1","Warcry"],"picked":"SKIP","floor":29},{"not_picked":["Impervious","Immolate+1"],"picked":"Reaper+1","floor":33},{"not_picked":["Sword Boomerang+1","Body Slam+1"],"picked":"Armaments","floor":35},{"not_picked":["Sword Boomerang+1","Intimidate","Heavy Blade+1"],"picked":"SKIP","floor":35},{"not_picked":["Entrench+1","Shockwave+1"],"picked":"Demon Form","floor":36},{"not_picked":["Rupture","Carnage+1","Iron Wave+1"],"picked":"SKIP","floor":36},{"not_picked":["Sword Boomerang+1","Flame Barrier"],"picked":"Uppercut+1","floor":39},{"not_picked":["True Grit","Clothesline+1","Headbutt+1"],"picked":"SKIP","floor":39},{"not_picked":["Combust+1","Pummel+1","Iron Wave+1"],"picked":"SKIP","floor":41},{"not_picked":["Power Through","Sentinel+1"],"picked":"Bludgeon+1","floor":44},{"not_picked":["Wild Strike+1","Perfected Strike+1"],"picked":"Headbutt+1","floor":44},{"not_picked":["Shrug It Off","Armaments","Battle Trance"],"picked":"SKIP","floor":45},{"not_picked":["Hemokinesis+1","Headbutt+1","Thunderclap+1"],"picked":"SKIP","floor":45},{"not_picked":["Rupture","Sword Boomerang+1","Anger+1"],"picked":"SKIP","floor":47},{"not_picked":["Feed+1","Blood for Blood+1","Sword Boomerang+1"],"picked":"SKIP","floor":47},{"not_picked":["Ghostly Armor","Carnage+1","Reckless Charge+1"],"picked":"SKIP","floor":48},{"not_picked":["Thunderclap+1","Spot Weakness","Cleave+1"],"picked":"SKIP","floor":48}],"player_experience":23607,"relics_obtained":[{"floor":9,"key":"Boot"},{"floor":13,"key":"Gremlin Horn"},{"floor":23,"key":"Molten Egg 2"},{"floor":26,"key":"CeramicFish"},{"floor":31,"key":"Torii"},{"floor":31,"key":"White Beast Statue"},{"floor":38,"key":"StoneCalendar"},{"floor":41,"key":"Turnip"},{"floor":43,"key":"Self Forming Clay"}],"event_choices":[{"damage_healed":0,"gold_gain":0,"player_choice":"Ignored","damage_taken":0,"max_hp_gain":0,"max_hp_loss":0,"event_name":"Liars Game","floor":5,"gold_loss":0},{"damage_healed":0,"gold_gain":0,"player_choice":"Grow","damage_taken":0,"max_hp_gain":0,"max_hp_loss":0,"event_name":"Living Wall","floor":6,"gold_loss":0,"cards_upgraded":["Whirlwind"]},{"damage_healed":0,"gold_gain":0,"player_choice":"Searched \u00272\u0027 times","damage_taken":0,"relics_obtained":["Meat on the Bone"],"max_hp_gain":0,"max_hp_loss":0,"event_name":"Dead Adventurer","floor":10,"gold_loss":0},{"damage_healed":0,"gold_gain":100,"player_choice":"Bet on Murderer","damage_taken":0,"max_hp_gain":0,"max_hp_loss":0,"event_name":"The Joust","floor":21,"gold_loss":50},{"damage_healed":0,"gold_gain":0,"player_choice":"Fight","damage_taken":0,"max_hp_gain":0,"max_hp_loss":0,"event_name":"Colosseum","floor":31,"gold_loss":0},{"damage_healed":0,"gold_gain":0,"player_choice":"Fought Nobs","damage_taken":0,"max_hp_gain":0,"max_hp_loss":0,"event_name":"Colosseum","floor":31,"gold_loss":0},{"damage_healed":0,"gold_gain":0,"player_choice":"Fight","damage_taken":0,"max_hp_gain":0,"max_hp_loss":0,"event_name":"MindBloom","floor":38,"gold_loss":0},{"damage_healed":0,"gold_gain":0,"player_choice":"Got Potions","damage_taken":0,"max_hp_gain":0,"max_hp_loss":0,"event_name":"Lab","floor":42,"gold_loss":0}],"is_beta":false,"boss_relics":[{"not_picked":["Runic Cube","Calling Bell"],"picked":"Runic Pyramid"},{"not_picked":["Sozu","Tiny House"],"picked":"Philosopher\u0027s Stone"}],"items_purged_floors":[30],"is_endless":false,"potions_floor_spawned":[1,8,10,13,16,18,22,25,28,31,33,35,36,38,39,41,44,45,47,48],"ascension_level":0}}