{"host":"6febr6iklru1ag3j","time":1610125546,"event":{"mods":["Aspiration","BaseMod","Better Note","DeckTracker","Hubris","Minty Spire (QoL Compilation)","Replay The Spire","Shop Mod","StSLib","The Jungle","slay the spire mod where everything is the same but ironclad has a cowboy hat"],"gold_per_floor":[20,32,47,47,57,71,101,26,26,42,42,62,82,82,82,180,180,199,217,217,117,137,137,77,77,77,36,36,62,62,73,73,73,73],"floor_reached":33,"playtime":1050,"items_purged":["Decay","Blizzard"],"score":311,"play_id":"e41e9ed3-7011-486e-8e77-44ecba53791f","local_time":"20210108120546","is_ascension_mode":true,"campfire_choices":[{"floor":11.0,"key":"REST"},{"floor":15.0,"key":"REST"},{"floor":23,"key":"REST"},{"floor":25,"key":"REST"},{"data":"Dualcast","floor":30,"key":"SMITH"},{"floor":32,"key":"REST"}],"circlet_count":0,"master_deck":["Strike_B","Strike_B","Strike_B","Strike_B","Defend_B","Defend_B","Defend_B","Defend_B","Zap","Dualcast+1","Ball Lightning","Scrape","Leap","All For One","Fission","Beam Cell","Go for the Eyes","Steam","Necronomicurse","Beam Cell"],"relics":["Cracked Core","Replay:Baseball","hubris:CuriousFeather","ReplayTheSpireMod:Ring of Exchange","ReplayTheSpireMod:Ring of Collecting","hubris:ScarierMask","The Courier","Necronomicon"],"acts_visited":["Exordium","TheCity"],"potions_floor_usage":[33],"damage_taken":[{"damage":0.0,"enemies":"Small Slimes","floor":1.0,"turns":2.0},{"damage":6.0,"enemies":"Cultist","floor":2.0,"turns":3.0},{"damage":0.0,"enemies":"2 Louse","floor":3.0,"turns":2.0},{"damage":22.0,"enemies":"Gremlin Gang","floor":5.0,"turns":3.0},{"damage":2.0,"enemies":"Looter","floor":6.0,"turns":2.0},{"damage":42.0,"enemies":"3 Sentries","floor":7.0,"turns":9.0},{"damage":9.0,"enemies":"3 Louse","floor":10.0,"turns":2.0},{"damage":12.0,"enemies":"Large Slime","floor":12.0,"turns":5.0},{"damage":3.0,"enemies":"Looter","floor":13.0,"turns":3.0},{"damage":37.0,"enemies":"The Guardian","floor":16.0,"turns":11.0},{"damage":19.0,"enemies":"Spheric Guardian","floor":18.0,"turns":4.0},{"damage":28.0,"enemies":"Shell Parasite","floor":19.0,"turns":5.0},{"damage":14,"enemies":"Centurion and Healer","floor":22,"turns":3},{"damage":1,"enemies":"Chosen and Byrds","floor":31,"turns":3},{"damage":77,"enemies":"Collector","floor":33,"turns":5}],"seed_played":"-6012265528966091847","potions_obtained":[{"floor":2.0,"key":"EssenceOfSteel"},{"floor":6.0,"key":"Fire Potion"},{"floor":12.0,"key":"Dexterity Potion"},{"floor":13.0,"key":"Weak Potion"},{"floor":16.0,"key":"ColorlessPotion"},{"floor":22,"key":"PowerPotion"}],"is_trial":false,"path_per_floor":["M","M","M","?","M","M","E","$","T","M","R","M","M","?","R","B",null,"M","M","?","$","M","R","?","R","T","$","?","T","R","M","R","B"],"character_chosen":"DEFECT","items_purchased":["Steam"],"campfire_rested":5,"item_purchase_floors":[27],"current_hp_per_floor":[89,83,83,83,61,59,17,17,17,8,34,22,19,19,45,8,69,50,22,22,22,8,34,34,60,60,60,44,44,44,43,69,0,0],"gold":73,"neow_bonus":"TWENTY_PERCENT_HP_BONUS","is_daily":false,"chose_seed":false,"campfire_upgraded":1,"win_rate":0.0,"timestamp":1610125546,"path_taken":["M","M","M","?","M","M","E","?","T","M","R","M","?","?","R","BOSS","M","M","?","$","M","R","?","R","T","$","?","?","R","M","R","BOSS"],"items_purchased_type":["Card"],"build_version":"2020-12-22","purchased_purges":2,"victory":false,"max_hp_per_floor":[89,89,89,89,89,89,89,89,89,89,89,89,89,89,89,89,89,89,89,89,89,89,89,89,89,89,89,89,89,89,89,89,89,89],"card_choices":[{"not_picked":["Compile Driver","Rip and Tear"],"picked":"Ball Lightning","floor":1.0},{"not_picked":["Rip and Tear","Coolheaded","Steam"],"picked":"SKIP","floor":2.0},{"not_picked":["Beam Cell","Conserve Battery"],"picked":"Scrape","floor":3.0},{"not_picked":["ReplaySort","ReplayTheSpireMod:Repulse"],"picked":"Leap","floor":5.0},{"not_picked":["Skim","Streamline"],"picked":"Blizzard","floor":6.0},{"not_picked":["Undo","Steam"],"picked":"All For One","floor":7.0},{"not_picked":["Turbo","White Noise","Redo"],"picked":"SKIP","floor":10.0},{"not_picked":["Stack","Hologram","BasicCrystalCard"],"picked":"SKIP","floor":12.0},{"not_picked":["Aggregate","Streamline","ReplayTheSpireMod:GoodbyeWorld"],"picked":"SKIP","floor":13.0},{"not_picked":["hubris:Prefetch","Amplify"],"picked":"Fission","floor":16.0},{"not_picked":["Barrage","BasicCrystalCard+1"],"picked":"Beam Cell","floor":18.0},{"not_picked":["ReplayTheSpireMod:System Scan","Compile Driver"],"picked":"Go for the Eyes","floor":19.0},{"not_picked":["ReplayTheSpireMod:System Scan","Leap","Coolheaded"],"picked":"SKIP","floor":22},{"not_picked":["Sweeping Beam+1","ReplaySort"],"picked":"Beam Cell","floor":31}],"player_experience":365333,"relics_obtained":[{"floor":7.0,"key":"Replay:Baseball"},{"floor":9.0,"key":"hubris:CuriousFeather"},{"floor":14.0,"key":"ReplayTheSpireMod:Ring of Exchange"},{"floor":14.0,"key":"ReplayTheSpireMod:Ring of Collecting"},{"floor":26,"key":"The Courier"},{"floor":28,"key":"Necronomicon"}],"event_choices":[{"damage_healed":0.0,"max_hp_gain":0.0,"max_hp_loss":0.0,"gold_gain":0.0,"event_name":"Wheel of Change","player_choice":"Cursed","floor":4.0,"gold_loss":0.0,"damage_taken":0.0,"cards_obtained":["Decay"]},{"damage_healed":0,"gold_gain":0,"player_choice":"Obtained Book","damage_taken":16,"max_hp_gain":0,"max_hp_loss":0,"event_name":"Cursed Tome","floor":28,"gold_loss":0}],"is_beta":false,"boss_relics":[{"not_picked":["SlaversCollar","Replay:Fungal Core"],"picked":"hubris:ScarierMask"}],"items_purged_floors":[8,21],"is_endless":false,"potions_floor_spawned":[2,6,12,13,16,22],"killed_by":"Collector","ascension_level":5}}