{"host":"Fun","time":1610140000,"event":{"mods":["BaseMod","Colored Map","Minty Spire (QoL Compilation)","Relic Stats","StSLib"],"gold_per_floor":[14,14,14,24,36,36,51,51,51,82,22,22,32,44,44,117,117,136,147,162,178,178,178],"floor_reached":22,"playtime":845,"items_purged":["Strike_R"],"score":361,"play_id":"3def524d-622e-4a44-a183-02d4fa94f9af","local_time":"20210108160640","is_ascension_mode":true,"campfire_choices":[{"data":"Whirlwind","floor":6,"key":"SMITH"},{"data":"Cleave","floor":8,"key":"SMITH"},{"data":"Bash","floor":15,"key":"SMITH"}],"circlet_count":0,"master_deck":["AscendersBane","Strike_R","Defend_R","Defend_R","Defend_R","Defend_R","Bash+1","Combust+1","Cleave+1","Whirlwind+1","Clothesline","Shockwave+1","Limit Break+1","Shrug It Off+1","Disarm+1"],"relics":["Burning Blood","WarpedTongs","Toxic Egg 2","The Courier","Runic Pyramid"],"acts_visited":["Exordium","TheCity"],"potions_floor_usage":[7,10,16,19,21],"damage_taken":[{"damage":9,"enemies":"Small Slimes","floor":1,"turns":5},{"damage":0,"enemies":"Jaw Worm","floor":4,"turns":4},{"damage":4,"enemies":"Cultist","floor":5,"turns":4},{"damage":12,"enemies":"Gremlin Gang","floor":7,"turns":2},{"damage":5,"enemies":"Gremlin Nob","floor":10,"turns":3},{"damage":0,"enemies":"3 Louse","floor":13,"turns":1},{"damage":9,"enemies":"Large Slime","floor":14,"turns":6},{"damage":18,"enemies":"The Guardian","floor":16,"turns":12},{"damage":40,"enemies":"2 Thieves","floor":18,"turns":4},{"damage":15,"enemies":"Shell Parasite","floor":19,"turns":18},{"damage":4,"enemies":"Snake Plant","floor":20,"turns":6},{"damage":15,"enemies":"Centurion and Healer","floor":21,"turns":8},{"damage":26,"enemies":"Sentry and Sphere","floor":22,"turns":4}],"seed_played":"4892769129220735521","potions_obtained":[{"floor":1,"key":"SteroidPotion"},{"floor":4,"key":"DuplicationPotion"},{"floor":7,"key":"SkillPotion"},{"floor":10,"key":"AttackPotion"},{"floor":18,"key":"BlessingOfTheForge"}],"is_trial":false,"path_per_floor":["M","?","?","M","M","R","M","R","T","E","$","?","M","M","R","B",null,"M","M","M","M","M"],"character_chosen":"IRONCLAD","items_purchased":[],"campfire_rested":0,"item_purchase_floors":[],"current_hp_per_floor":[65,65,70,76,78,78,72,72,72,73,73,73,79,76,76,64,76,42,33,35,26,0,0],"gold":178,"neow_bonus":"REMOVE_TWO","is_daily":false,"chose_seed":false,"campfire_upgraded":3,"win_rate":0.0,"timestamp":1610140000,"path_taken":["M","?","?","M","M","R","M","R","T","E","?","?","M","M","R","BOSS","M","?","M","?","M"],"items_purchased_type":[],"build_version":"2020-12-18","purchased_purges":1,"victory":false,"max_hp_per_floor":[75,75,80,80,80,80,80,80,80,80,80,80,80,80,80,80,80,80,80,80,80,80,80],"relic_stats":{"counters":[13,77],"obtain_stats":[{"The Courier":10,"Toxic Egg 2":9,"Burning Blood":0,"WarpedTongs":1,"Runic Pyramid":17},{"The Courier":5,"Toxic Egg 2":4,"Burning Blood":0,"WarpedTongs":1,"Runic Pyramid":8},{"The Courier":18,"Toxic Egg 2":15,"Burning Blood":0,"WarpedTongs":2,"Runic Pyramid":37}],"Burning Blood":72,"WarpedTongs":[54]},"card_choices":[{"not_picked":["Rupture","Battle Trance"],"picked":"Combust","floor":1},{"not_picked":["Flex","Rage"],"picked":"Cleave","floor":4},{"not_picked":["Power Through","Clash"],"picked":"Whirlwind","floor":5},{"not_picked":["Perfected Strike","Reckless Charge","Sentinel"],"picked":"SKIP","floor":7},{"not_picked":["Perfected Strike","Armaments+1"],"picked":"Clothesline","floor":10},{"not_picked":["Second Wind+1","Body Slam","Whirlwind"],"picked":"SKIP","floor":13},{"not_picked":["Perfected Strike","Heavy Blade"],"picked":"Shockwave+1","floor":14},{"not_picked":["Impervious+1","Double Tap+1"],"picked":"Limit Break+1","floor":16},{"not_picked":["Havoc+1","Evolve"],"picked":"Shrug It Off+1","floor":18},{"not_picked":["Iron Wave","Armaments+1"],"picked":"Disarm+1","floor":19},{"not_picked":["Whirlwind","Pommel Strike","Anger"],"picked":"SKIP","floor":20},{"not_picked":["Heavy Blade","Wild Strike","Clothesline"],"picked":"SKIP","floor":21}],"player_experience":153062,"relics_obtained":[{"floor":9,"key":"Toxic Egg 2"},{"floor":10,"key":"The Courier"}],"event_choices":[{"damage_healed":0,"gold_gain":0,"player_choice":"Grow","damage_taken":0,"max_hp_gain":0,"max_hp_loss":0,"event_name":"Living Wall","floor":2,"gold_loss":0,"cards_upgraded":["Combust"]},{"damage_healed":0,"gold_gain":0,"player_choice":"Donut","damage_taken":0,"max_hp_gain":5,"max_hp_loss":0,"event_name":"Big Fish","floor":3,"gold_loss":0},{"cards_removed":["Strike_R"],"damage_healed":0,"gold_gain":0,"player_choice":"Purged","damage_taken":0,"max_hp_gain":0,"max_hp_loss":0,"event_name":"Purifier","floor":12,"gold_loss":0}],"is_beta":true,"boss_relics":[{"not_picked":["Astrolabe","SlaversCollar"],"picked":"Runic Pyramid"}],"items_purged_floors":[11],"is_endless":false,"potions_floor_spawned":[1,4,7,10,14,18],"killed_by":"Sentry and Sphere","ascension_level":18}}