{"host":"y3h3n3f7seyagppx","time":1610085201,"event":{"mods":["BaseMod","Colored Map","Colored Powertips","DeckTracker","Minty Spire (QoL Compilation)","Random Character Button","Rare Cards Sparkle","Relic Sorter","Relic Stats","StSLib"],"gold_per_floor":[112,112,130,142,142,142,154,185,185,220,236,249,276,296,296,370,370,390,404,420,11,11,40,54,83,130,130,141,166,166,166,166,240,240,256,256,256,274,274,309,309,359,386,386,421,438,87,120,120,120,120,120,120,120,148,148],"floor_reached":57,"playtime":6701,"items_purged":["Wild Strike","Doubt"],"score":3165,"play_id":"34284348-0fba-4b02-8715-57d286d80954","local_time":"20210108005321","is_ascension_mode":true,"campfire_choices":[{"data":"Apotheosis","floor":6,"key":"SMITH"},{"floor":15,"key":"REST"},{"data":"Corruption","floor":27,"key":"SMITH"},{"data":"Dark Embrace","floor":32,"key":"SMITH"},{"floor":41,"key":"RECALL"},{"data":"True Grit","floor":44,"key":"SMITH"},{"data":"Impervious","floor":49,"key":"SMITH"},{"data":"Offering","floor":53,"key":"SMITH"}],"circlet_count":0,"master_deck":["AscendersBane","Bash","Apotheosis+1","Pommel Strike","Sentinel","Twin Strike","Double Tap","Spot Weakness","Spot Weakness","Battle Trance","Exhume","Corruption+1","Impervious+1","Pommel Strike","Fire Breathing","Pommel Strike","Second Wind","Anger","Thunderclap","True Grit+1","Shockwave","Dark Embrace+1","Offering+1","Disarm","Burning Pact","Disarm+1","Sword Boomerang","Limit Break","Evolve","Clothesline+1","Shrug It Off"],"relics":["Burning Blood","Singing Bowl","Self Forming Clay","Bottled Lightning","Darkstone Periapt","Pandora\u0027s Box","Centennial Puzzle","Toolbox","Thread and Needle","Bag of Marbles","Ancient Tea Set","Bronze Scales","Cursed Key","Pocketwatch","Gambling Chip","FossilizedHelix","Vajra","CaptainsWheel","Orichalcum"],"acts_visited":["Exordium","TheCity","TheBeyond","TheEnding"],"potions_floor_usage":[13,18,20,25,56],"damage_taken":[{"damage":16,"enemies":"Small Slimes","floor":1,"turns":4},{"damage":0,"enemies":"2 Louse","floor":3,"turns":4},{"damage":1,"enemies":"Cultist","floor":4,"turns":3},{"damage":10,"enemies":"Large Slime","floor":7,"turns":5},{"damage":8,"enemies":"Lagavulin","floor":8,"turns":7},{"damage":41,"enemies":"Gremlin Nob","floor":10,"turns":4},{"damage":0,"enemies":"Looter","floor":11,"turns":3},{"damage":22,"enemies":"Exordium Thugs","floor":12,"turns":4},{"damage":4,"enemies":"Lagavulin","floor":13,"turns":7},{"damage":12,"enemies":"Lots of Slimes","floor":14,"turns":4},{"damage":38,"enemies":"Slime Boss","floor":16,"turns":4},{"damage":20,"enemies":"3 Byrds","floor":18,"turns":4},{"damage":8,"enemies":"Chosen","floor":19,"turns":3},{"damage":17,"enemies":"Snecko","floor":20,"turns":5},{"damage":17,"enemies":"Slavers","floor":23,"turns":6},{"damage":0,"enemies":"Snake Plant","floor":24,"turns":5},{"damage":0,"enemies":"Book of Stabbing","floor":25,"turns":4},{"damage":0,"enemies":"Sentry and Sphere","floor":28,"turns":2},{"damage":9,"enemies":"Gremlin Leader","floor":29,"turns":4},{"damage":6,"enemies":"Automaton","floor":33,"turns":3},{"damage":0,"enemies":"Orb Walker","floor":35,"turns":2},{"damage":5,"enemies":"3 Shapes","floor":38,"turns":7},{"damage":6,"enemies":"Nemesis","floor":40,"turns":5},{"damage":3,"enemies":"2 Orb Walkers","floor":42,"turns":3},{"damage":3,"enemies":"Giant Head","floor":45,"turns":3},{"damage":0,"enemies":"Sphere and 2 Shapes","floor":46,"turns":3},{"damage":0,"enemies":"Reptomancer","floor":48,"turns":2},{"damage":18,"enemies":"Donu and Deca","floor":50,"turns":3},{"damage":0,"enemies":"Time Eater","floor":51,"turns":5},{"damage":6,"enemies":"Shield and Spear","floor":55,"turns":3},{"damage":28,"enemies":"The Heart","floor":56,"turns":8}],"seed_played":"7874599928356602810","potions_obtained":[{"floor":4,"key":"SpeedPotion"},{"floor":8,"key":"LiquidBronze"},{"floor":12,"key":"ColorlessPotion"},{"floor":14,"key":"AttackPotion"},{"floor":18,"key":"Weak Potion"},{"floor":20,"key":"LiquidBronze"},{"floor":23,"key":"AttackPotion"},{"floor":25,"key":"DistilledChaos"},{"floor":46,"key":"Energy Potion"}],"is_trial":false,"path_per_floor":["M","?","M","M","?","R","M","E","T","E","M","M","E","M","R","B",null,"M","M","M","$","?","E","M","E","T","R","M","E","$","?","R","B",null,"M","?","$","M","?","E","R","?","T","R","E","M","$","E","R","B","B",null,"R","$","E","B",null],"character_chosen":"IRONCLAD","items_purchased":["Centennial Puzzle","Toolbox","Vajra","Evolve"],"campfire_rested":1,"item_purchase_floors":[21,21,47,47],"current_hp_per_floor":[58,58,64,68,68,68,64,62,62,29,37,21,23,19,41,9,58,44,42,31,31,46,35,41,49,49,49,55,54,54,54,54,56,74,82,82,82,82,78,80,80,83,89,89,92,98,98,98,98,86,92,97,97,97,97,75],"gold":148,"neow_bonus":"RANDOM_COLORLESS_2","is_daily":false,"chose_seed":false,"campfire_upgraded":6,"win_rate":0.0,"timestamp":1610085201,"path_taken":["M","?","M","M","?","R","?","E","T","E","M","M","E","M","R","BOSS","M","M","M","$","?","E","M","E","T","R","M","E","$","?","R","BOSS","M","?","?","?","?","E","R","?","T","R","E","M","?","E","R","BOSS","BOSS","R","$","E","BOSS"],"items_purchased_type":["Relic","Relic","Relic","Card"],"build_version":"2020-12-22","purchased_purges":2,"victory":true,"max_hp_per_floor":[68,68,68,68,68,68,68,68,68,70,72,72,72,74,74,74,74,74,74,74,74,74,74,74,76,76,76,76,78,78,78,78,80,80,82,82,82,82,88,90,90,90,96,96,96,98,98,98,98,98,98,98,98,98,98,98],"relic_stats":{"Darkstone Periapt":6,"Singing Bowl":24,"counters":[31,129],"Self Forming Clay":[147],"Orichalcum":[18],"Cursed Key":1,"Burning Blood":176,"Centennial Puzzle":[30],"Bronze Scales":[183],"Gambling Chip":[22],"Pandora\u0027s Box":["Wild Strike","Pommel Strike","Fire Breathing","Pommel Strike","Second Wind","Anger","Thunderclap","Metallicize"],"obtain_stats":[{"Darkstone Periapt":13,"Singing Bowl":8,"Self Forming Clay":9,"Vajra":47,"Thread and Needle":23,"Orichalcum":55,"Ancient Tea Set":26,"Cursed Key":34,"Burning Blood":0,"Centennial Puzzle":21,"CaptainsWheel":48,"Bronze Scales":29,"Gambling Chip":42,"Toolbox":21,"Pandora\u0027s Box":17,"Bag of Marbles":25,"Bottled Lightning":10,"FossilizedHelix":45,"Pocketwatch":40},{"Darkstone Periapt":9,"Singing Bowl":5,"Self Forming Clay":5,"Vajra":26,"Thread and Needle":15,"Orichalcum":30,"Ancient Tea Set":17,"Cursed Key":20,"Burning Blood":0,"Centennial Puzzle":14,"CaptainsWheel":27,"Bronze Scales":19,"Gambling Chip":24,"Toolbox":14,"Pandora\u0027s Box":11,"Bag of Marbles":17,"Bottled Lightning":6,"FossilizedHelix":25,"Pocketwatch":23},{"Darkstone Periapt":41,"Singing Bowl":23,"Self Forming Clay":23,"Vajra":108,"Thread and Needle":67,"Orichalcum":121,"Ancient Tea Set":76,"Cursed Key":85,"Burning Blood":0,"Centennial Puzzle":61,"CaptainsWheel":110,"Bronze Scales":82,"Gambling Chip":102,"Toolbox":61,"Pandora\u0027s Box":49,"Bag of Marbles":76,"Bottled Lightning":27,"FossilizedHelix":105,"Pocketwatch":99}],"Pocketwatch":[21]},"card_choices":[{"not_picked":["Panache","Secret Technique"],"picked":"Apotheosis","floor":0},{"not_picked":["Power Through","Sword Boomerang"],"picked":"Pommel Strike","floor":1},{"not_picked":["Sword Boomerang","Entrench"],"picked":"Twin Strike","floor":3},{"not_picked":["Clash","Cleave"],"picked":"Double Tap","floor":4},{"not_picked":["Iron Wave","Pummel","Spot Weakness"],"picked":"SKIP","floor":7},{"not_picked":["Iron Wave","Pummel"],"picked":"Spot Weakness","floor":7},{"not_picked":["Berserk","Feel No Pain"],"picked":"Battle Trance","floor":8},{"not_picked":["Clothesline","Entrench","Metallicize"],"picked":"Singing Bowl","floor":10},{"not_picked":["Flex","Ghostly Armor","Warcry"],"picked":"Singing Bowl","floor":11},{"not_picked":["Headbutt","Pommel Strike"],"picked":"Exhume","floor":12},{"not_picked":["Body Slam","Headbutt"],"picked":"Corruption","floor":13},{"not_picked":["Clash","Rage","Dual Wield"],"picked":"Singing Bowl","floor":14},{"not_picked":["Fiend Fire","Double Tap"],"picked":"Impervious","floor":16},{"not_picked":["Fire Breathing","Havoc"],"picked":"True Grit","floor":18},{"not_picked":["Bloodletting","Twin Strike"],"picked":"Shockwave","floor":19},{"not_picked":["Body Slam","Armaments"],"picked":"Dark Embrace","floor":20},{"not_picked":["Feel No Pain","Seeing Red"],"picked":"Offering","floor":23},{"not_picked":["Clothesline","Thunderclap"],"picked":"Disarm","floor":24},{"not_picked":["Warcry","Berserk","Metallicize"],"picked":"Singing Bowl","floor":25},{"not_picked":["Blood for Blood","Second Wind"],"picked":"Burning Pact","floor":28},{"not_picked":["Iron Wave","Armaments","Headbutt"],"picked":"Singing Bowl","floor":29},{"not_picked":["Double Tap","Immolate","Offering"],"picked":"Singing Bowl","floor":33},{"not_picked":["Second Wind","Thunderclap","Sever Soul"],"picked":"Singing Bowl","floor":35},{"not_picked":["Evolve","Ghostly Armor"],"picked":"Disarm+1","floor":38},{"not_picked":["Madness","Deep Breath","Enlightenment"],"picked":"Singing Bowl","floor":39},{"not_picked":["Impatience","Panache","Secret Weapon"],"picked":"Singing Bowl","floor":39},{"not_picked":["Swift Strike","Secret Weapon","Discovery"],"picked":"Singing Bowl","floor":39},{"not_picked":["Thunderclap","Burning Pact+1","Intimidate"],"picked":"Singing Bowl","floor":40},{"not_picked":["Spot Weakness","Clash"],"picked":"Sword Boomerang","floor":42},{"not_picked":["Twin Strike","Entrench+1"],"picked":"Limit Break","floor":45},{"not_picked":["Fire Breathing","Havoc","Clothesline"],"picked":"Singing Bowl","floor":46},{"not_picked":["Blood for Blood","Warcry+1"],"picked":"Clothesline+1","floor":48},{"not_picked":["Entrench+1","Armaments"],"picked":"Shrug It Off","floor":55}],"player_experience":20459542,"relics_obtained":[{"floor":8,"key":"Singing Bowl"},{"floor":9,"key":"Self Forming Clay"},{"floor":10,"key":"Bottled Lightning"},{"floor":13,"key":"Darkstone Periapt"},{"floor":23,"key":"Thread and Needle"},{"floor":25,"key":"Bag of Marbles"},{"floor":26,"key":"Ancient Tea Set"},{"floor":29,"key":"Bronze Scales"},{"floor":40,"key":"Pocketwatch"},{"floor":42,"key":"Gambling Chip"},{"floor":45,"key":"FossilizedHelix"},{"floor":48,"key":"CaptainsWheel"},{"floor":55,"key":"Orichalcum"}],"event_choices":[{"damage_healed":0,"gold_gain":0,"cards_transformed":["Strike_R"],"player_choice":"Change","damage_taken":0,"max_hp_gain":0,"max_hp_loss":0,"event_name":"Living Wall","floor":2,"gold_loss":0,"cards_obtained":["Sentinel"]},{"damage_healed":0,"gold_gain":0,"player_choice":"1 cards matched","damage_taken":0,"max_hp_gain":0,"max_hp_loss":0,"event_name":"Match and Keep!","floor":5,"gold_loss":0,"cards_obtained":["Spot Weakness"]},{"damage_healed":15,"gold_gain":0,"player_choice":"Heal","damage_taken":0,"max_hp_gain":0,"max_hp_loss":0,"event_name":"The Library","floor":22,"gold_loss":0},{"damage_healed":0,"gold_gain":0,"player_choice":"Ignored","damage_taken":0,"max_hp_gain":0,"max_hp_loss":0,"event_name":"Beggar","floor":31,"gold_loss":0},{"cards_removed":["Metallicize"],"damage_healed":0,"gold_gain":0,"player_choice":"Removed Power","damage_taken":0,"max_hp_gain":0,"max_hp_loss":0,"event_name":"Falling","floor":36,"gold_loss":0},{"damage_healed":0,"gold_gain":0,"player_choice":"Memory 3","damage_taken":10,"max_hp_gain":0,"max_hp_loss":0,"event_name":"SensoryStone","floor":39,"gold_loss":0},{"damage_healed":0,"gold_gain":0,"player_choice":"Fight","damage_taken":0,"max_hp_gain":0,"max_hp_loss":0,"event_name":"Mysterious Sphere","floor":42,"gold_loss":0}],"is_beta":false,"boss_relics":[{"not_picked":["Tiny House","Runic Dome"],"picked":"Pandora\u0027s Box"},{"not_picked":["Philosopher\u0027s Stone","Empty Cage"],"picked":"Cursed Key"}],"items_purged_floors":[21,47],"is_endless":false,"potions_floor_spawned":[4,8,12,14,18,20,23,25,40,46,48],"ascension_level":20}}