{"host":"1rf9pknejqhzkc4o","time":1610098859,"event":{"mods":["Aspiration","BaseMod","Better Altar","Better Match","Better Note","Better Sensory Stone","Better Skull","Better Third Choice","Colored Map","Colored Powertips","Communication Mod","Conspire","Energized Spire","Hubris","Infinite Spire","Ironclad Rager","Minty Spire (QoL Compilation)","Quick Restart","RNG Fix","Rare Cards Sparkle","Relic Stats","Replay The Spire","Retaliation","Spicy Shops","StSLib","The Blue Laboratory","Trackpad"],"gold_per_floor":[213,440,340,368,396,396,396,536,561,561,603,603,623,650,650,762,762,770,770],"floor_reached":18,"playtime":865,"items_purged":[],"score":150,"play_id":"5b4f362a-cf4a-498d-9f8e-84302b021360","local_time":"20210108124059","is_ascension_mode":false,"campfire_choices":[{"floor":6,"key":"REST"},{"floor":10,"key":"REST"},{"floor":12,"key":"REST"}],"circlet_count":0,"master_deck":["Strike_P","Strike_P","Strike_P","Strike_P","Defend_P","Defend_P","Defend_P","Defend_P","Eruption","Vigilance","Ghostly","Replay:AtTheReady","Halt","PathToVictory","hubris:NaturalOne","EmptyFist+1","BowlingBash","Scrawl","MasterReality","CurseOfTheBell"],"relics":["PureWater","trackpad:AdjectivePendant","Replay:Bandana","Anchor","hubris:Icosahedron","Odd Mushroom","hubris:OldNail","infinitespire:Beetle Shell","Calling Bell","Kunai","Centennial Puzzle","hubris:CuriousFeather"],"acts_visited":["Exordium","TheCity"],"potions_floor_usage":[8,16,16],"damage_taken":[{"damage":0,"enemies":"2 Louse","floor":1,"turns":2},{"damage":0,"enemies":"Cultist","floor":4,"turns":3},{"damage":0,"enemies":"Small Slimes","floor":5,"turns":3},{"damage":10,"enemies":"The Mushroom Lair","floor":8,"turns":5},{"damage":10,"enemies":"conspire:MimicChest","floor":11,"turns":9},{"damage":27,"enemies":"Exordium Wildlife","floor":13,"turns":6},{"damage":5,"enemies":"3 Louse","floor":14,"turns":3},{"damage":36,"enemies":"Fading Forest","floor":16,"turns":11},{"damage":72,"enemies":"Shell Parasite","floor":18,"turns":9}],"seed_played":"-2680269311247169420","potions_obtained":[{"floor":1,"key":"LiquidMemories"},{"floor":8,"key":"blueLaboratory:SavagePotion"},{"floor":11,"key":"blueLaboratory:BottledTrinity"}],"is_trial":false,"path_per_floor":["M","?","?","M","M","R","?","?","T","R","?","R","M","M","R_BF","B",null,"M"],"character_chosen":"WATCHER","items_purchased":[],"campfire_rested":3,"item_purchase_floors":[],"current_hp_per_floor":[72,13,13,16,19,40,40,33,33,54,47,68,44,42,63,40,72,0,0],"gold":770,"neow_bonus":"HUNDRED_GOLD","is_daily":false,"chose_seed":false,"campfire_upgraded":0,"win_rate":0.0,"timestamp":1610098859,"path_taken":["M","?","?","M","?","R","?","?","T","R","?","R","M","M","R_BF","BOSS","M"],"items_purchased_type":[],"build_version":"2020-12-22","purchased_purges":0,"victory":false,"max_hp_per_floor":[72,72,72,72,72,72,72,72,72,72,72,72,72,72,72,72,72,72,72],"relic_stats":{"Centennial Puzzle":[3],"counters":[9,51],"Kunai":[0],"obtain_stats":[{"Calling Bell":17,"Replay:Bandana":2,"Anchor":2,"Centennial Puzzle":17,"hubris:Icosahedron":7,"infinitespire:Beetle Shell":11,"hubris:CuriousFeather":17,"trackpad:AdjectivePendant":2,"Kunai":17,"PureWater":0,"Odd Mushroom":8,"hubris:OldNail":9},{"Calling Bell":8,"Replay:Bandana":1,"Anchor":1,"Centennial Puzzle":8,"hubris:Icosahedron":3,"infinitespire:Beetle Shell":5,"hubris:CuriousFeather":8,"trackpad:AdjectivePendant":1,"Kunai":8,"PureWater":0,"Odd Mushroom":4,"hubris:OldNail":4},{"Calling Bell":42,"Replay:Bandana":2,"Anchor":2,"Centennial Puzzle":42,"hubris:Icosahedron":8,"infinitespire:Beetle Shell":22,"hubris:CuriousFeather":42,"trackpad:AdjectivePendant":2,"Kunai":42,"PureWater":0,"Odd Mushroom":13,"hubris:OldNail":13}]},"card_choices":[{"not_picked":["Study","ThirdEye","Meditate"],"picked":"SKIP","floor":1},{"not_picked":["ThirdEye","Replay:ManipulateFuture"],"picked":"Replay:AtTheReady","floor":4},{"not_picked":["FearNoEvil","FlurryOfBlows"],"picked":"Halt","floor":5},{"not_picked":["FlyingSleeves","Replay:AtTheReady"],"picked":"PathToVictory","floor":8},{"not_picked":["Protect","Fasting2"],"picked":"EmptyFist","floor":11},{"not_picked":["EmptyMind","EmptyBody"],"picked":"BowlingBash","floor":13},{"not_picked":["Evaluate","Replay:BluntJabs"],"picked":"Scrawl","floor":14},{"not_picked":["Replay:AllIn","Scrawl"],"picked":"MasterReality","floor":16}],"player_experience":167220,"relics_obtained":[{"floor":8,"key":"Odd Mushroom"},{"floor":9,"key":"hubris:OldNail"},{"floor":11,"key":"infinitespire:Beetle Shell"},{"floor":17,"key":"Kunai"},{"floor":17,"key":"Centennial Puzzle"},{"floor":17,"key":"hubris:CuriousFeather"}],"event_choices":[{"damage_healed":0,"gold_gain":227,"player_choice":"RE GO GO RE RE ","damage_taken":67,"relics_obtained":["trackpad:AdjectivePendant","Replay:Bandana","Anchor"],"max_hp_gain":0,"max_hp_loss":0,"event_name":"betterSkull:BetterSkull","floor":2,"gold_loss":0,"cards_upgraded":[]},{"damage_healed":0,"gold_gain":0,"player_choice":"Argue","damage_taken":0,"max_hp_gain":0,"max_hp_loss":0,"event_name":"conspire:LoneGhost","floor":3,"gold_loss":0},{"damage_healed":0,"gold_gain":0,"player_choice":"Fought Mushrooms","damage_taken":0,"max_hp_gain":0,"max_hp_loss":0,"event_name":"Mushrooms","floor":8,"gold_loss":0}],"is_beta":false,"boss_relics":[{"not_picked":["conspire:RunicOctahedron","SacredBark"],"picked":"Calling Bell"}],"items_purged_floors":[],"is_endless":false,"potions_floor_spawned":[1,8,11],"killed_by":"Shell Parasite","ascension_level":0}}