{"host":"m3rs92yjkwi06hli","time":1610141237,"event":{"mods":["Act Like it!","Aspiration","BaseMod","Colored Map","Conspire","Defuse TimeMaze Blight","Energized Spire","Hubris","Infinite Spire","Minty Spire (QoL Compilation)","Relic Stats","Replay The Spire","Spicy Shops","StSLib","The Blackbeard"],"gold_per_floor":[110,128,128,1,83,83,114,134,159,179,196,146,177,196,196,292,292,328,328,367,398,435,435,481,481,481,511,544,544,576,594,594,709,709,729,44,44,44,54,54,83,83,83,113,140,207,231,283,295,327],"floor_reached":51,"playtime":1589,"items_purged":[],"score":1066,"play_id":"c5bfa1bf-8487-4c0f-9deb-ae3d2a2facf0","local_time":"20210108152717","is_ascension_mode":true,"campfire_choices":[{"data":"blackbeard:InfiniteBarrage","floor":6,"key":"SMITH"},{"data":"blackbeard:Cutlass","floor":15,"key":"SMITH"},{"floor":23,"key":"REST"},{"floor":29,"key":"REST"},{"floor":32,"key":"REST"},{"data":"Metamorphosis","floor":40,"key":"SMITH"},{"data":"blackbeard:CaptainsHat","floor":42,"key":"SMITH"},{"data":"blackbeard:Intoxication","floor":49,"key":"SMITH"}],"circlet_count":0,"master_deck":["blackbeard:IntimidatingStrike","blackbeard:BlackbeardDefend","blackbeard:BlackbeardDefend","blackbeard:BlackbeardDefend","blackbeard:Cutlass+1","blackbeard:PirateHook","blackbeard:InfiniteBarrage+1","blackbeard:CannonBarrage+1","blackbeard:Spear","blackbeard:Boarding","blackbeard:GoldenStrike","blackbeard:PirateStrength","blackbeard:WiseDefense","blackbeard:CaptainsHat+1","blackbeard:Sharpening+1","blackbeard:BuriedTreasure+1","blackbeard:Parrot+1","blackbeard:Shrapnel","blackbeard:Spear","blackbeard:Fencing","blackbeard:InfiniteBarrage+1","blackbeard:CannonballSupply","blackbeard:CloakAndCannonball","blackbeard:PiratesWill","blackbeard:FieryDefense","blackbeard:HumongousCannonball","blackbeard:Halberd","blackbeard:Sword","blackbeard:ReapersScythe","Metamorphosis+1","Discovery","blackbeard:DoubleCannonball","blackbeard:GoldenStrike","blackbeard:Intoxication+1","blackbeard:GoldenDefense+1","blackbeard:WiseDefense+1","blackbeard:Dagger","blackbeard:FieryDefense+1","blackbeard:AgileStrike"],"relics":["blackbeard:LoadTheCannons","NeowsBlessing","hubris:PeanutButter","Quantum Egg","hubris:Metronome","Pen Nib","hubris:GlazedTorus","Astrolabe","hubris:ToyBattleship","blackbeard:LoadTheGoldenCannons","MealTicket","blackbeard:CannonballsOfSteel","hubris:BlackHole","ClockworkSouvenir","hubris:Towel","Matryoshka","blackbeard:PoorMathSkills","MawBank","Garlic","blackbeard:WhitePearl"],"acts_visited":["Exordium","TheCity","TheBeyond"],"potions_floor_usage":[16,24,33,50],"damage_taken":[{"damage":3,"enemies":"conspire:RoseBush","floor":1,"turns":1},{"damage":0,"enemies":"Cultist","floor":2,"turns":1},{"damage":0,"enemies":"Gremlin Nob","floor":7,"turns":1},{"damage":0,"enemies":"Small Slimes","floor":8,"turns":2},{"damage":0,"enemies":"Exordium Wildlife","floor":10,"turns":1},{"damage":0,"enemies":"2 Fungi Beasts","floor":11,"turns":2},{"damage":3,"enemies":"Replay:BlueRogue","floor":13,"turns":2},{"damage":0,"enemies":"Red Slaver","floor":14,"turns":1},{"damage":0,"enemies":"Fading Forest","floor":16,"turns":11},{"damage":0,"enemies":"Spheric Guardian","floor":18,"turns":3},{"damage":5,"enemies":"conspire:FuzzyDice","floor":20,"turns":4},{"damage":40,"enemies":"Snake Plant","floor":21,"turns":3},{"damage":4,"enemies":"Cultist and Chosen","floor":22,"turns":4},{"damage":3,"enemies":"Gremlin Leader","floor":24,"turns":4},{"damage":13,"enemies":"conspire:HollyBat","floor":27,"turns":6},{"damage":4,"enemies":"Centurion and Healer","floor":28,"turns":2},{"damage":2,"enemies":"3 Cultists","floor":30,"turns":4},{"damage":28,"enemies":"Snake Plant","floor":31,"turns":3},{"damage":31,"enemies":"conspire:MysteriousRune","floor":33,"turns":4},{"damage":0,"enemies":"Orb Walker","floor":35,"turns":2},{"damage":0,"enemies":"3 Shapes","floor":39,"turns":2},{"damage":0,"enemies":"Nemesis","floor":41,"turns":1},{"damage":0,"enemies":"3 Darklings","floor":44,"turns":2},{"damage":0,"enemies":"Writhing Mass","floor":45,"turns":1},{"damage":0,"enemies":"conspire:MimicChest","floor":46,"turns":2},{"damage":11,"enemies":"4 Shapes","floor":47,"turns":1},{"damage":0,"enemies":"Sphere and 2 Shapes","floor":48,"turns":2},{"damage":0,"enemies":"Donu and Deca","floor":50,"turns":5}],"seed_played":"2059927408805092254","potions_obtained":[{"floor":8,"key":"Toxic Potion"},{"floor":14,"key":"Swift Potion"},{"floor":16,"key":"SpeedPotion"},{"floor":18,"key":"infinitespire:BlackPotion"},{"floor":22,"key":"DistilledChaos"},{"floor":27,"key":"SpeedPotion"},{"floor":30,"key":"blackbeard:OrangeJuicePotion"},{"floor":33,"key":"Weak Potion"},{"floor":44,"key":"FearPotion"},{"floor":46,"key":"DistilledChaos"}],"is_trial":false,"path_per_floor":["M","M","?","$","T","R","E","M","T","M","M","?","E","M","R","B",null,"M","AVR","M","M","M","R","E","?","T","M","M","R","M","M","R","B",null,"M","$","?","T","M","R","E","R","T","M","M","?","M","M","R","B",null],"character_chosen":"BLACKBEARD_CLASS","items_purchased":["hubris:PeanutButter","blackbeard:ReapersScythe","Metamorphosis","Discovery","ClockworkSouvenir","blackbeard:DoubleCannonball"],"campfire_rested":3,"item_purchase_floors":[4,36,36,36,36,36],"current_hp_per_floor":[72,72,72,72,72,72,72,72,72,72,72,72,69,69,69,69,75,75,75,70,30,26,48,45,45,45,32,28,50,48,20,42,11,75,75,75,75,75,75,75,75,75,75,75,75,75,64,64,64,64],"gold":339,"neow_bonus":"THREE_ENEMY_KILL","is_daily":false,"chose_seed":false,"campfire_upgraded":5,"win_rate":0.0,"timestamp":1610141237,"path_taken":["M","M","?","$","?","R","E","M","T","M","M","?","E","?","R","BOSS","M","AVR","M","M","M","R","E","?","T","?","M","R","M","M","R","BOSS","M","$","?","?","?","R","E","R","T","M","M","?","M","M","R","BOSS"],"items_purchased_type":["Relic","Card","Card","Card","Relic","Card"],"build_version":"2020-12-22","purchased_purges":0,"victory":true,"max_hp_per_floor":[75,75,75,75,75,75,75,75,75,75,75,75,75,75,75,75,75,75,75,75,75,75,75,75,75,75,75,75,75,75,75,75,75,75,75,75,75,75,75,75,75,75,75,75,75,75,75,75,75,75],"relic_stats":{"counters":[28,77],"Astrolabe":["blackbeard:Sharpening","blackbeard:BuriedTreasure","blackbeard:Parrot"],"MealTicket":0,"Pen Nib":[19],"MawBank":96,"obtain_stats":[{"hubris:Metronome":7,"NeowsBlessing":0,"blackbeard:LoadTheCannons":0,"Quantum Egg":5,"Astrolabe":17,"blackbeard:CannonballsOfSteel":26,"Pen Nib":9,"blackbeard:WhitePearl":46,"hubris:Towel":37,"blackbeard:LoadTheGoldenCannons":19,"MawBank":43,"ClockworkSouvenir":36,"hubris:BlackHole":34,"Matryoshka":38,"hubris:PeanutButter":4,"MealTicket":24,"hubris:ToyBattleship":19,"Garlic":43,"blackbeard:PoorMathSkills":41,"hubris:GlazedTorus":13},{"hubris:Metronome":3,"NeowsBlessing":0,"blackbeard:LoadTheCannons":0,"Quantum Egg":2,"Astrolabe":9,"blackbeard:CannonballsOfSteel":14,"Pen Nib":4,"blackbeard:WhitePearl":25,"hubris:Towel":20,"blackbeard:LoadTheGoldenCannons":10,"MawBank":22,"ClockworkSouvenir":20,"hubris:BlackHole":19,"Matryoshka":20,"hubris:PeanutButter":2,"MealTicket":14,"hubris:ToyBattleship":10,"Garlic":22,"blackbeard:PoorMathSkills":22,"hubris:GlazedTorus":7},{"hubris:Metronome":3,"NeowsBlessing":0,"blackbeard:LoadTheCannons":0,"Quantum Egg":2,"Astrolabe":22,"blackbeard:CannonballsOfSteel":40,"Pen Nib":5,"blackbeard:WhitePearl":69,"hubris:Towel":61,"blackbeard:LoadTheGoldenCannons":25,"MawBank":64,"ClockworkSouvenir":61,"hubris:BlackHole":59,"Matryoshka":61,"hubris:PeanutButter":2,"MealTicket":40,"hubris:ToyBattleship":25,"Garlic":64,"blackbeard:PoorMathSkills":64,"hubris:GlazedTorus":10}]},"card_choices":[{"not_picked":["blackbeard:Scrap","blackbeard:PiratesWill"],"picked":"blackbeard:PirateHook","floor":1},{"not_picked":["blackbeard:Dagger","blackbeard:Toast"],"picked":"blackbeard:InfiniteBarrage","floor":2},{"not_picked":["blackbeard:GoldenCannonball","blackbeard:BlindAttacks"],"picked":"blackbeard:CannonBarrage","floor":7},{"not_picked":["blackbeard:Eyepatch","blackbeard:Bandana"],"picked":"blackbeard:Spear","floor":8},{"not_picked":["blackbeard:Fencing","blackbeard:GoldenStrike","blackbeard:Eyepatch"],"picked":"SKIP","floor":10},{"not_picked":["blackbeard:TerrorOfTheSeas","blackbeard:Dagger"],"picked":"blackbeard:Boarding","floor":11},{"not_picked":["blackbeard:GoldenStrike","blackbeard:SwordDance"],"picked":"blackbeard:PirateStrength","floor":13},{"not_picked":["blackbeard:Provisioning","blackbeard:Dagger"],"picked":"blackbeard:WiseDefense","floor":14},{"not_picked":["blackbeard:HumongousCannonball","blackbeard:BoostMorale"],"picked":"blackbeard:CaptainsHat","floor":16},{"not_picked":["blackbeard:Fencing","blackbeard:JollyRoger+1"],"picked":"blackbeard:Shrapnel","floor":18},{"not_picked":["blackbeard:GhostInTheRum","blackbeard:InfiniteBarrage"],"picked":"blackbeard:Spear","floor":20},{"not_picked":["blackbeard:FishingNets","blackbeard:Shrapnel"],"picked":"blackbeard:Fencing","floor":21},{"not_picked":["blackbeard:TacticalRetreat","blackbeard:SwordDance"],"picked":"blackbeard:InfiniteBarrage+1","floor":22},{"not_picked":["blackbeard:WeaponMastery","blackbeard:Shrapnel"],"picked":"blackbeard:CannonballSupply","floor":24},{"not_picked":["blackbeard:DeadlyArsenal","blackbeard:Sword+1"],"picked":"blackbeard:CloakAndCannonball","floor":27},{"not_picked":["blackbeard:Boarding","blackbeard:VengefulSpirit"],"picked":"blackbeard:PiratesWill","floor":28},{"not_picked":["blackbeard:SmithingHammer","blackbeard:DeadlyArsenal"],"picked":"blackbeard:FieryDefense","floor":30},{"not_picked":["blackbeard:SwordDance","blackbeard:Fencing"],"picked":"blackbeard:HumongousCannonball","floor":31},{"not_picked":["blackbeard:WeaponMastery","blackbeard:PirateStrength"],"picked":"blackbeard:Halberd","floor":33},{"not_picked":["blackbeard:SwordDance","blackbeard:Scrap+1"],"picked":"blackbeard:Sword","floor":35},{"not_picked":["blackbeard:PowderKeg","blackbeard:SwordDance"],"picked":"blackbeard:GoldenStrike","floor":39},{"not_picked":["blackbeard:SwordDance","blackbeard:ArmorUp+1"],"picked":"blackbeard:Intoxication","floor":41},{"not_picked":["blackbeard:Spear","blackbeard:BeatUp+1"],"picked":"blackbeard:GoldenDefense+1","floor":44},{"not_picked":["blackbeard:SwordDance","blackbeard:Sword+1"],"picked":"blackbeard:WiseDefense+1","floor":45},{"not_picked":["blackbeard:FieryDefense","blackbeard:Sharpening+1"],"picked":"blackbeard:Dagger","floor":46},{"not_picked":["blackbeard:ArmorUp+1","blackbeard:PirateEarring"],"picked":"blackbeard:FieryDefense+1","floor":47},{"not_picked":["blackbeard:CatONineTails","blackbeard:Upgrade"],"picked":"blackbeard:AgileStrike","floor":48}],"player_experience":769606,"relics_obtained":[{"floor":5,"key":"Quantum Egg"},{"floor":7,"key":"hubris:Metronome"},{"floor":9,"key":"Pen Nib"},{"floor":13,"key":"hubris:GlazedTorus"},{"floor":24,"key":"MealTicket"},{"floor":26,"key":"blackbeard:CannonballsOfSteel"},{"floor":38,"key":"Matryoshka"},{"floor":41,"key":"blackbeard:PoorMathSkills"},{"floor":43,"key":"MawBank"},{"floor":43,"key":"Garlic"},{"floor":46,"key":"blackbeard:WhitePearl"}],"event_choices":[{"cards_removed":["blackbeard:BlackbeardStrike"],"damage_healed":0,"gold_gain":0,"player_choice":"Offered Basic","damage_taken":0,"max_hp_gain":0,"max_hp_loss":0,"event_name":"Bonfire Elementals","floor":3,"gold_loss":0},{"damage_healed":0,"gold_gain":0,"player_choice":"blackbeard:GoldenStrike","damage_taken":0,"max_hp_gain":0,"max_hp_loss":0,"event_name":"blackbeard:GoldsmithEvent","floor":12,"gold_loss":0,"cards_obtained":["blackbeard:GoldenStrike"]},{"damage_healed":0,"gold_gain":0,"player_choice":"Upgraded","damage_taken":0,"max_hp_gain":0,"max_hp_loss":0,"event_name":"Upgrade Shrine","floor":25,"gold_loss":0,"cards_upgraded":["blackbeard:CannonBarrage"]}],"is_beta":false,"boss_relics":[{"not_picked":["conspire:SpecialSausage","hubris:TerracottaHorce"],"picked":"Astrolabe"},{"not_picked":["SlaversCollar","Coffee Dripper"],"picked":"hubris:BlackHole"}],"items_purged_floors":[],"is_endless":false,"potions_floor_spawned":[8,14,16,18,22,27,30,31,33,44,45,46,47],"ascension_level":3}}