{"host":"byizzf0lry06owoh","time":1610103529,"event":{"mods":["Act Like it!","Aspiration","BaseMod","BetterRewards","Card Forge","Conspire","Downfall","Friendly Minions","GifTheSpireLib","Hallownest","Hubris","Infinite Spire","Minty Spire (QoL Compilation)","Relic Sorter","Replay The Spire","SIMod","StSLib","Wandering Minibosses"],"gold_per_floor":[119,119,119,50,69,104,104,129,153,166,15,15,15,15,15,115,115,133,144,144,159,176,203,203,223,293,320,320,320,320,334,334,433,433,453,368,378,95,106,106,6,19,19,36,49,67,67,83,83,83],"floor_reached":51,"playtime":4268,"items_purged":["Delirium","Defend_G"],"score":874,"play_id":"cdde8a8f-a2d4-4ed3-b753-1958c3800c99","local_time":"20210108025849","is_ascension_mode":false,"campfire_choices":[{"data":"After Image","floor":7,"key":"SMITH"},{"data":"Dagger Throw","floor":13,"key":"SMITH"},{"data":"infinitespire:TheBestDefense","floor":24,"key":"SMITH"},{"data":"Tools of the Trade","floor":28,"key":"SMITH"},{"floor":30,"key":"REST"},{"data":"Replay:Fractal Strike","floor":32,"key":"SMITH"},{"data":"Hallownest:skillKingdomsEdgeMap","floor":40,"key":"SMITH"},{"data":"hubris:Fate","floor":47,"key":"SMITH"},{"data":"Footwork","floor":49,"key":"SMITH"}],"circlet_count":0,"master_deck":["Defend_G","Defend_G","Survivor","Neutralize","Dodge and Roll","Footwork+1","Dagger Throw+1","After Image+1","Tactician+1","Flying Knee","Unload","Hidden Blade","Deflect+1","infinitespire:TheBestDefense+1","Dodge and Roll","Dagger Spray","hubris:Fate+1","Backstab+1","Blade Dance","Tools of the Trade+1","Replay:Fractal Strike+1","Finisher","A Thousand Cuts","Sucker Punch+1","After Image+1","Adrenaline+1","Finisher+1","Hallownest:skillKingdomsEdgeMap+1","Underhanded Strike","ReplayTheSpireMod:Scrap Shanks+1","Underhanded Strike+1","Deadly Poison+1","Prepared+1","Well Laid Plans+1"],"relics":["Bloody Idol","Bottled Flame","Turnip","Bloomberg","hubris:MedicalManual","champ:FightingForDummies","hexamod:SoulOfChaos","WristBlade","Runic Cube","infinitespire:Chaos","ReplayTheSpireMod:Ring of Exchange","Ring of Misfortune","Honey Jar","Mirror","Replay:Bottled Steam","PreservedInsect","hubris:KleinBottle","Lizard Tail","Ice Cream","Replay:Grab Bag","Busted Crown","Philosopher\u0027s Stone","Astrolabe","Bag of Marbles","Sundial"],"acts_visited":["Hallownest:Greenpath","Hallownest:CityofTears","Hallownest:KingdomsEdge"],"potions_floor_usage":[16,16,37,50],"damage_taken":[{"damage":0,"enemies":"Hallownest:2_Baldur","floor":1,"turns":1},{"damage":3,"enemies":"Hallownest:2_Tiktiks_and_1_Crawlid","floor":5,"turns":1},{"damage":0,"enemies":"Hallownest:eliteVengeflyKing","floor":6,"turns":1},{"damage":14,"enemies":"Hallownest:eliteMossKnight","floor":8,"turns":20},{"damage":0,"enemies":"Hallownest:monsterHuskWarrior","floor":10,"turns":5},{"damage":0,"enemies":"Hallownest:BossFalseKnight","floor":16,"turns":9},{"damage":0,"enemies":"Hallownest:3_Youths","floor":18,"turns":8},{"damage":0,"enemies":"Hallownest:2_Mistakes","floor":19,"turns":8},{"damage":0,"enemies":"Hallownest:Warrior_and_Youth","floor":21,"turns":7},{"damage":0,"enemies":"Hallownest:monsterShrumalOgre","floor":22,"turns":4},{"damage":0,"enemies":"Nightmare","floor":23,"turns":9},{"damage":0,"enemies":"Hallownest:2_Flukemon","floor":25,"turns":6},{"damage":0,"enemies":"Hallownest:eliteWatcherKnight","floor":27,"turns":8},{"damage":0,"enemies":"Hallownest:3_Mistakes","floor":31,"turns":4},{"damage":0,"enemies":"Hallownest:BossSoulMaster","floor":33,"turns":5},{"damage":0,"enemies":"Hallownest:Shield_Heavy","floor":35,"turns":2},{"damage":6,"enemies":"Hallownest:2_Littles","floor":37,"turns":3},{"damage":13,"enemies":"Hallownest:monsterPrimalAspid","floor":39,"turns":2},{"damage":3,"enemies":"Hallownest:2_Soldiers_and_1_Guardian","floor":42,"turns":3},{"damage":0,"enemies":"Hallownest:2_Wing_and_1_Kings","floor":44,"turns":3},{"damage":0,"enemies":"Hallownest:2_Great","floor":45,"turns":4},{"damage":0,"enemies":"Hallownest:monsterPrimalAspid","floor":46,"turns":3},{"damage":0,"enemies":"Hallownest:Slobbering_and_Violent","floor":48,"turns":3},{"damage":9,"enemies":"Hallownest:BossHollowKnight","floor":50,"turns":4}],"seed_played":"9104518155096830911","potions_obtained":[{"floor":8,"key":"Block Potion"},{"floor":10,"key":"Death Potion"},{"floor":16,"key":"Death Potion"},{"floor":19,"key":"Adrenaline Potion"},{"floor":31,"key":"Ancient Potion"},{"floor":33,"key":"PowerPotion"},{"floor":35,"key":"Ancient Potion"},{"floor":45,"key":"Toxic Potion"},{"floor":46,"key":"Energy Potion"}],"is_trial":false,"path_per_floor":["M","?","?","$","M","E","R","E","T","M","$","?","R","$","R","B",null,"M","M","?","M","M","NM","R","M","T","E","R","$","R","M","R","B",null,"M","?","M","$","M","R","$","M","T","M","M","M","R","M","R","B",null],"character_chosen":"THE_SILENT","items_purchased":["Footwork","infinitespire:Chaos","hubris:KleinBottle","Lizard Tail","Ice Cream","ReplayTheSpireMod:Scrap Shanks+1","Bag of Marbles"],"campfire_rested":1,"item_purchase_floors":[4,11,29,29,29,38,38],"current_hp_per_floor":[70,70,70,70,67,67,67,55,55,57,57,57,57,57,57,62,70,70,70,52,57,62,67,67,70,70,70,70,11,32,52,52,57,70,70,70,69,69,61,61,61,63,63,68,70,70,70,70,70,61],"gold":83,"neow_bonus":"THREE_ENEMY_KILL","is_daily":false,"chose_seed":false,"campfire_upgraded":8,"win_rate":0.0,"timestamp":1610103529,"path_taken":["M","?","?","$","M","E","R","E","T","?","?","?","R","?","R","BOSS","M","M","?","?","M","NM","R","M","T","E","R","?","R","?","R","BOSS","M","?","M","$","?","R","?","M","T","?","M","M","R","M","R","BOSS"],"items_purchased_type":["Card","Relic","Relic","Relic","Relic","Card","Relic"],"build_version":"2020-12-22","purchased_purges":2,"victory":true,"max_hp_per_floor":[70,70,70,70,70,70,70,70,70,70,70,70,70,70,70,70,70,70,70,70,70,70,70,70,70,70,70,70,70,70,70,70,70,70,70,70,70,70,70,70,70,70,70,70,70,70,70,70,70,70],"card_choices":[{"not_picked":["Blade Dance","conspire:PoisonWeapons"],"picked":"Dodge and Roll","floor":1},{"not_picked":["Slice","Underhanded Strike"],"picked":"Dagger Throw","floor":5},{"not_picked":["Distraction","Dagger Spray"],"picked":"After Image","floor":6},{"not_picked":["Terror","Prepared"],"picked":"Tactician","floor":8},{"not_picked":["Sucker Punch","Choke"],"picked":"Flying Knee","floor":10},{"not_picked":["Night Terror","Replay:Bag of Tricks"],"picked":"Unload","floor":16},{"not_picked":["All Out Attack+1","Backflip+1","Slice"],"picked":"Hidden Blade","floor":18},{"not_picked":["Escape Plan","Well Laid Plans","Outmaneuver"],"picked":"Deflect+1","floor":19},{"not_picked":["hubris:Fate","infinitespire:Collect"],"picked":"infinitespire:TheBestDefense","floor":20},{"not_picked":["Deadly Poison","Outmaneuver","Sucker Punch"],"picked":"Dodge and Roll","floor":21},{"not_picked":["Leg Sweep","conspire:PoisonWeapons","Dodge and Roll+1"],"picked":"Dagger Spray","floor":22},{"not_picked":["ReplayTheSpireMod:??????????????????????","infinitespire:FutureSight"],"picked":"hubris:Fate","floor":23},{"not_picked":["conspire:PoisonWeapons+1","Toxin Wave","Outmaneuver"],"picked":"Backstab+1","floor":23},{"not_picked":["Hidden Blade","Choke","Deflect"],"picked":"Blade Dance","floor":25},{"not_picked":["Well Laid Plans","Crippling Poison","Dodge and Roll+1"],"picked":"Tools of the Trade","floor":27},{"not_picked":["ReplayTheSpireMod:Echoes of Time","infinitespire:Execution"],"picked":"Replay:Fractal Strike","floor":29},{"not_picked":["Backflip+1","Deadly Poison","Poisoned Stab"],"picked":"Finisher","floor":31},{"not_picked":["Adrenaline","Night Terror","Venomology"],"picked":"A Thousand Cuts","floor":33},{"not_picked":["Predator+1"],"picked":"Finisher+1","floor":35},{"not_picked":["Outmaneuver"],"picked":"Underhanded Strike","floor":37},{"not_picked":["Hidden Blade"],"picked":"Underhanded Strike+1","floor":39},{"not_picked":["ReplayTheSpireMod:Exploit Weakness","Slice"],"picked":"SKIP","floor":42},{"not_picked":["Crippling Poison","Underhanded Strike"],"picked":"SKIP","floor":44},{"not_picked":["Backflip"],"picked":"Deadly Poison+1","floor":45},{"not_picked":["Outmaneuver"],"picked":"Prepared+1","floor":46},{"not_picked":["Prepared+1"],"picked":"Well Laid Plans+1","floor":48}],"player_experience":1527,"relics_obtained":[{"floor":6,"key":"Blood Vial"},{"floor":8,"key":"hubris:ToyBattleship"},{"floor":9,"key":"Snake Skull"},{"floor":15,"key":"ReplayTheSpireMod:Ring of Exchange"},{"floor":15,"key":"Ring of Misfortune"},{"floor":23,"key":"Mirror"},{"floor":26,"key":"Replay:Bottled Steam"},{"floor":27,"key":"PreservedInsect"},{"floor":43,"key":"Sundial"}],"event_choices":[{"damage_healed":0,"gold_gain":0,"player_choice":"Leave","damage_taken":0,"max_hp_gain":0,"max_hp_loss":0,"event_name":"conspire:Investor","floor":2,"gold_loss":0}],"is_beta":false,"boss_relics":[{"not_picked":["hubris:BlackHole","conspire:RoyalGoblet"],"picked":"Honey Jar"},{"not_picked":["Snecko Eye","hubris:CrackedHourglass"],"picked":"Replay:Grab Bag"},{"not_picked":["aspiration:FutureDiary","Velvet Choker"],"picked":"Busted Crown"},{"not_picked":["Painkiller Herb","hubris:TerracottaHorce"],"picked":"Philosopher\u0027s Stone"},{"not_picked":["hubris:HollowSoul","hubris:Stopwatch"],"picked":"Astrolabe"}],"items_purged_floors":[38,41],"is_endless":false,"potions_floor_spawned":[8,10,16,19,31,33,35,45,46],"ascension_level":0}}