{"host":"00yob6u0fiu7ehgs","time":1610066107,"event":{"mods":["Act Like it!","Arknights The Spire","Art Attack!","BaseMod","Chen","Colored Powertips","Elementarium","Gensokyo","GifTheSpireLib","Infinite Spire","Jorbs\u0027s Wanderer Trilogy","Koishi","Marisa????????","Minty Spire (QoL Compilation)","Rare Cards Sparkle","Reimu??????","Remilia??????","Replay The Spire","StSLib","The Animator","The Cursed","The Forsaken","The Judge","The Marked","The Servant 0.9.4","The Wild Card","Wandering Minibosses","Yakumo Yukari mod"],"gold_per_floor":[119,119,119,64,64,89,89,109,135,20,47,59,59,0,0,72,72,87,106,46,46],"floor_reached":20,"playtime":947,"items_purged":[],"score":465,"play_id":"ec3d8eae-7371-4b06-9016-67890d7aa2fe","local_time":"20210107173507","is_ascension_mode":true,"campfire_choices":[{"data":"ReplayTheSpireMod:Chaos Vortex","floor":7,"key":"SMITH"},{"data":"CasketOfStar","floor":13,"key":"SMITH"},{"data":"GasGiant","floor":15,"key":"SMITH"}],"circlet_count":0,"master_deck":["AscendersBane","Strike_MRS","Strike_MRS","Strike_MRS","Strike_MRS","Defend_MRS","Defend_MRS","Defend_MRS","Defend_MRS","MasterSpark","UpSweep","EventHorizon","ReplayTheSpireMod:Chaos Vortex+1","MilkyWay","MachineGunSpark","CasketOfStar+1","PowerUp+1","MagicChant","SporeBomb","GasGiant+1","MilkyWay","MilkyWay","MilkyWay"],"relics":["MiniHakkero","Pocketwatch","theForsaken:Lifeblossom","Nunchaku","Lantern","Black Star"],"acts_visited":["Exordium","Gensokyo:Gensokyo"],"potions_floor_usage":[11,11],"damage_taken":[{"damage":8,"enemies":"Gensokyo:Python","floor":1,"turns":3},{"damage":0,"enemies":"Gensokyo:Mamizou","floor":6,"turns":8},{"damage":3,"enemies":"Gensokyo:3_Fairies","floor":8,"turns":5},{"damage":0,"enemies":"Gensokyo:Aya","floor":11,"turns":3},{"damage":0,"enemies":"Gensokyo:Gryphon","floor":12,"turns":3},{"damage":11,"enemies":"Gensokyo:Kokoro","floor":16,"turns":9},{"damage":16,"enemies":"Gensokyo:3_Dogs","floor":18,"turns":6},{"damage":4,"enemies":"Gensokyo:CosmicMonolith","floor":19,"turns":5},{"damage":67,"enemies":"Gensokyo:3_Gloops","floor":20,"turns":6}],"seed_played":"3869449831926476986","potions_obtained":[{"floor":1,"key":"Reflective Coating"},{"floor":8,"key":"DuplicationPotion"},{"floor":16,"key":"Languid Potion"}],"is_trial":true,"path_per_floor":["M","?","?","$","T","E","R","M","T","$","E","M","R","$","R","B",null,"M","M","M"],"character_chosen":"MARISA","items_purchased":["MilkyWay","PowerUp+1","MagicChant","MilkyWay"],"campfire_rested":0,"item_purchase_floors":[4,10,10,14],"current_hp_per_floor":[55,39,39,39,39,39,39,42,42,42,48,53,53,53,53,48,65,55,57,0,0],"gold":46,"neow_bonus":"","is_daily":false,"chose_seed":false,"campfire_upgraded":3,"win_rate":0.0,"timestamp":1610066107,"path_taken":["M","?","?","$","?","E","R","?","T","?","E","M","R","$","R","BOSS","M","?","M"],"items_purchased_type":["Card","Card","Card","Card"],"build_version":"2020-12-22","purchased_purges":0,"victory":false,"max_hp_per_floor":[70,70,70,70,70,70,70,70,70,70,70,70,70,70,70,70,70,70,70,70,70],"card_choices":[{"not_picked":["WitchOfGreed","OneTimeOff"],"picked":"EventHorizon","floor":1},{"not_picked":["infinitespire:Oblivion","ReplayTheSpireMod:Echoes of Time"],"picked":"ReplayTheSpireMod:Chaos Vortex","floor":2},{"not_picked":["EnergyFlow","ShootingEcho"],"picked":"MachineGunSpark","floor":6},{"not_picked":["GalacticHalo","GrandCross"],"picked":"CasketOfStar","floor":8},{"not_picked":["NonDirectionalLaser","StarlightTyphoon"],"picked":"SporeBomb","floor":11},{"not_picked":["6A","AlicesGift"],"picked":"GasGiant","floor":12},{"not_picked":["SporeBomb","ManaConvection"],"picked":"MilkyWay","floor":18},{"not_picked":["DarkSpark","MysteriousBeam"],"picked":"MilkyWay","floor":19}],"player_experience":363781,"relics_obtained":[{"floor":5,"key":"Pocketwatch"},{"floor":6,"key":"theForsaken:Lifeblossom"},{"floor":9,"key":"Nunchaku"},{"floor":11,"key":"Lantern"}],"event_choices":[],"is_beta":false,"boss_relics":[{"not_picked":["Honey Jar","Busted Crown"],"picked":"Black Star"}],"items_purged_floors":[],"is_endless":false,"potions_floor_spawned":[1,8,16],"killed_by":"Gensokyo:3_Gloops","ascension_level":20}}