{"host":"7krnriczr1b2ou5r","time":1610091490,"event":{"mods":["BaseMod","Keyboard Shortcuts","Marisa£¨Ùöéë¡¡Øª×âÞÞ£©","Minty Spire (QoL Compilation)","Relic Stats","StSLib"],"gold_per_floor":[119,119,142,242,20,20,44,67,67,111,126,141,174,23,23,152,152,177,177,177,196,211,211,67,101,101,200,200,200,200,200,200,326,326,341,354,122,181,194,234,234,234,261,594,607,607,625,642,642,642],"floor_reached":51,"playtime":2177,"items_purged":["Strike_MRS","Strike_MRS"],"score":867,"play_id":"f838fe8b-df92-47b9-a8e4-d940f79414d0","local_time":"20210108163810","is_ascension_mode":true,"campfire_choices":[{"data":"JA","floor":6.0,"key":"SMITH"},{"data":"ChargingUp","floor":15.0,"key":"SMITH"},{"data":"BlazeAway","floor":23,"key":"SMITH"},{"data":"OrrerysSun","floor":30,"key":"SMITH"},{"data":"DeepEcoloBomb","floor":32,"key":"SMITH"},{"floor":41,"key":"REST"},{"floor":49,"key":"REST"}],"circlet_count":0,"master_deck":["Strike_MRS","Defend_MRS","Defend_MRS","MasterSpark","UpSweep","ChargingUp+1","MilkyWay","JA+1","GalacticHalo","OrrerysSun+1","Orbital","Acceleration","BlazingStar","WitchLeyline","DeepEcoloBomb+1","Necronomicurse","Acceleration","BlazeAway+1","EnergyFlow+1","MeteoricShower","ManaConvection"],"relics":["MiniHakkero","Torii","Ornamental Fan","RampagingMagicTools","Necronomicon","TheAbacus","Singing Bowl","Ginger","Nloth\u0027s Gift","Fusion Hammer","Bag of Preparation","Thread and Needle","Molten Egg 2","Omamori"],"acts_visited":["Exordium","TheCity","TheBeyond"],"potions_floor_usage":[33,50,50,50],"damage_taken":[{"damage":6.0,"enemies":"Jaw Worm","floor":1.0,"turns":3.0},{"damage":0.0,"enemies":"Cultist","floor":3.0,"turns":2.0},{"damage":3.0,"enemies":"Small Slimes","floor":7.0,"turns":2.0},{"damage":0.0,"enemies":"Red Slaver","floor":8.0,"turns":3.0},{"damage":10.0,"enemies":"Lagavulin","floor":10.0,"turns":6.0},{"damage":0.0,"enemies":"Looter","floor":11.0,"turns":1.0},{"damage":0.0,"enemies":"Large Slime","floor":12.0,"turns":4.0},{"damage":0.0,"enemies":"Gremlin Nob","floor":13.0,"turns":2.0},{"damage":2.0,"enemies":"Slime Boss","floor":16.0,"turns":8.0},{"damage":1,"enemies":"2 Thieves","floor":18,"turns":2},{"damage":3,"enemies":"Chosen","floor":21,"turns":2},{"damage":11,"enemies":"Snake Plant","floor":22,"turns":2},{"damage":6,"enemies":"Slavers","floor":25,"turns":3},{"damage":31,"enemies":"Collector","floor":33,"turns":5},{"damage":0,"enemies":"Orb Walker","floor":35,"turns":2},{"damage":5,"enemies":"3 Shapes","floor":36,"turns":3},{"damage":1,"enemies":"2 Orb Walkers","floor":38,"turns":2},{"damage":18,"enemies":"Sphere and 2 Shapes","floor":39,"turns":1},{"damage":0,"enemies":"Nemesis","floor":40,"turns":3},{"damage":0,"enemies":"Jaw Worm Horde","floor":45,"turns":2},{"damage":0,"enemies":"Writhing Mass","floor":47,"turns":4},{"damage":0,"enemies":"Spire Growth","floor":48,"turns":3},{"damage":74,"enemies":"Time Eater","floor":50,"turns":10}],"seed_played":"6151530493976073092","potions_obtained":[{"floor":1.0,"key":"SteroidPotion"},{"floor":8.0,"key":"AttackPotion"},{"floor":10.0,"key":"ShroomBrew"},{"floor":12.0,"key":"DistilledChaos"},{"floor":21,"key":"ColorlessPotion"},{"floor":25,"key":"Explosive Potion"},{"floor":35,"key":"Weak Potion"},{"floor":39,"key":"SpeedPotion"}],"is_trial":false,"path_per_floor":["M","?","M","?","$","R","M","M","T","E","M","M","E","$","R","B",null,"M","?","?","M","M","R","$","E","T","?","?","?","R","$","R","B",null,"M","M","$","?","M","E","R","?","T","?","M","?","M","M","R","B",null],"character_chosen":"MARISA","items_purchased":["JA","Acceleration","TheAbacus","Bag of Preparation","ManaConvection"],"campfire_rested":2,"item_purchase_floors":[5,14,24,37,37],"current_hp_per_floor":[62,45,45,45,45,45,42,42,42,32,32,32,32,32,32,30,68,67,67,51,48,37,37,37,31,31,31,31,31,31,31,31,32,70,72,67,67,68,52,54,77,79,79,79,81,78,80,82,82,8],"gold":642,"neow_bonus":"REMOVE_TWO","is_daily":false,"chose_seed":false,"campfire_upgraded":5,"win_rate":0.0,"timestamp":1610091490,"path_taken":["M","?","M","?","?","R","M","M","T","E","?","?","E","$","R","BOSS","M","?","?","M","M","R","$","E","T","?","?","?","R","$","R","BOSS","M","?","$","?","M","E","R","?","T","?","M","?","M","M","R","BOSS"],"items_purchased_type":["Card","Card","Relic","Relic","Card"],"build_version":"2020-12-22","purchased_purges":2,"victory":true,"max_hp_per_floor":[68,68,68,68,68,68,68,68,68,68,68,68,68,68,68,68,68,68,68,68,68,68,68,68,68,68,68,68,68,68,68,68,70,70,72,72,72,74,76,78,78,80,80,80,82,78,80,82,82,82],"relic_stats":{"TheAbacus":[48],"Torii":17,"Singing Bowl":18,"counters":[23,75],"Ornamental Fan":[172],"Necronomicon":[35],"Nloth\u0027s Gift":1,"Bag of Preparation":[14],"Ginger":[11],"obtain_stats":[{"Torii":9,"Singing Bowl":25,"Golden Idol":2,"Thread and Needle":38,"Juzu Bracelet":13,"Bag of Preparation":37,"Omamori":43,"Ginger":26,"TheAbacus":24,"Ornamental Fan":10,"Molten Egg 2":40,"Fusion Hammer":34,"Necronomicon":20,"Nloth\u0027s Gift":29,"MiniHakkero":0,"RampagingMagicTools":17},{"Torii":4,"Singing Bowl":13,"Golden Idol":1,"Thread and Needle":17,"Juzu Bracelet":8,"Bag of Preparation":16,"Omamori":19,"Ginger":13,"TheAbacus":12,"Ornamental Fan":5,"Molten Egg 2":19,"Fusion Hammer":14,"Necronomicon":10,"Nloth\u0027s Gift":13,"MiniHakkero":0,"RampagingMagicTools":9},{"Torii":10,"Singing Bowl":40,"Golden Idol":3,"Thread and Needle":52,"Juzu Bracelet":23,"Bag of Preparation":50,"Omamori":56,"Ginger":40,"TheAbacus":37,"Ornamental Fan":16,"Molten Egg 2":56,"Fusion Hammer":45,"Necronomicon":33,"Nloth\u0027s Gift":40,"MiniHakkero":0,"RampagingMagicTools":31}]},"card_choices":[{"not_picked":["PulseMagic","WitchOfGreed"],"picked":"ChargingUp","floor":1.0},{"not_picked":["WitchOfGreed","UnstableBomb"],"picked":"MilkyWay","floor":3.0},{"not_picked":["WitchOfGreed","ChargingUp"],"picked":"GalacticHalo","floor":7.0},{"not_picked":["MysteriousBeam","WitchLeyline"],"picked":"OrrerysSun","floor":8.0},{"not_picked":["IllusionStar","CollectingQuirk","GrandCross"],"picked":"SKIP","floor":10.0},{"not_picked":["DoubleSpark","UnstableBomb"],"picked":"Orbital","floor":11.0},{"not_picked":["DeepEcoloBomb","IllusionStar","NonDirectionalLaser"],"picked":"SKIP","floor":12.0},{"not_picked":["OortCloud","DeepEcoloBomb","TreasureHunter"],"picked":"SKIP","floor":13.0},{"not_picked":["ManaRampage","TreasureHunter"],"picked":"BlazingStar","floor":16.0},{"not_picked":["ChargingUp","MilkyWay"],"picked":"WitchLeyline","floor":18},{"not_picked":["ShootingEcho","SporeBomb+1","Acceleration"],"picked":"SKIP","floor":21},{"not_picked":["ShootingEcho","SporeBomb+1"],"picked":"Acceleration","floor":21},{"not_picked":["ShootTheMoon+1","ChargeUpSpray"],"picked":"BlazeAway","floor":22},{"not_picked":["WitchOfGreed+1","PowerUp"],"picked":"EnergyFlow+1","floor":25},{"not_picked":["CasketOfStar","JA","AbsoluteMagnitude"],"picked":"Singing Bowl","floor":33},{"not_picked":["EarthLightRay","GrandCross","ShootingEcho+1"],"picked":"Singing Bowl","floor":35},{"not_picked":["OpenUniverse","UnstableBomb"],"picked":"MeteoricShower","floor":36},{"not_picked":["DarkMatter+1","SatelliteIllusion","GravityBeat"],"picked":"Singing Bowl","floor":38},{"not_picked":["6A","FairyDestructionRay","SprinkleStarSeal+1"],"picked":"Singing Bowl","floor":39},{"not_picked":["DarkMatter+1","ShootTheMoon+1","FairyDestructionRay+1"],"picked":"Singing Bowl","floor":40},{"not_picked":["Panache","Magnetism","Dark Shackles"],"picked":"Singing Bowl","floor":42},{"not_picked":["OortCloud+1","Occultation+1","MagicAbsorber+1"],"picked":"Singing Bowl","floor":45},{"not_picked":["MachineGunSpark+1","DeepEcoloBomb+1","Robbery+1"],"picked":"Singing Bowl","floor":47},{"not_picked":["StarBarrage+1","SporeBomb+1","GalacticHalo"],"picked":"Singing Bowl","floor":48}],"player_experience":1076731,"relics_obtained":[{"floor":9.0,"key":"Torii"},{"floor":10.0,"key":"Ornamental Fan"},{"floor":13.0,"key":"Juzu Bracelet"},{"floor":20,"key":"Necronomicon"},{"floor":25,"key":"Singing Bowl"},{"floor":26,"key":"Ginger"},{"floor":38,"key":"Thread and Needle"},{"floor":40,"key":"Molten Egg 2"},{"floor":43,"key":"Omamori"}],"event_choices":[{"damage_healed":0.0,"max_hp_gain":0.0,"max_hp_loss":0.0,"gold_gain":0.0,"event_name":"Golden Idol","player_choice":"Take Damage","floor":2.0,"gold_loss":0.0,"damage_taken":17.0,"relics_obtained":["Golden Idol"]},{"damage_healed":0.0,"max_hp_gain":0.0,"max_hp_loss":0.0,"gold_gain":100.0,"event_name":"Golden Shrine","player_choice":"Pray","floor":4.0,"gold_loss":0.0,"damage_taken":0.0},{"damage_healed":0,"gold_gain":0,"cards_transformed":["Defend_MRS"],"player_choice":"Transformed","damage_taken":0,"max_hp_gain":0,"max_hp_loss":0,"event_name":"Transmorgrifier","floor":19,"gold_loss":0,"cards_obtained":["DeepEcoloBomb"]},{"damage_healed":0,"gold_gain":0,"player_choice":"Obtained Book","damage_taken":16,"max_hp_gain":0,"max_hp_loss":0,"event_name":"Cursed Tome","floor":20,"gold_loss":0},{"damage_healed":0,"gold_gain":99,"player_choice":"Stole From Cult","damage_taken":0,"max_hp_gain":0,"max_hp_loss":0,"event_name":"Nest","floor":27,"gold_loss":0},{"damage_healed":0,"gold_gain":0,"player_choice":"Ignored","damage_taken":0,"max_hp_gain":0,"max_hp_loss":0,"event_name":"Vampires","floor":28,"gold_loss":0},{"damage_healed":0,"gold_gain":0,"player_choice":"Traded Relic","damage_taken":0,"relics_obtained":["Nloth\u0027s Gift"],"max_hp_gain":0,"max_hp_loss":0,"event_name":"N\u0027loth","floor":29,"relics_lost":["Juzu Bracelet"],"gold_loss":0},{"damage_healed":0,"gold_gain":0,"player_choice":"Fight","damage_taken":0,"max_hp_gain":0,"max_hp_loss":0,"event_name":"Mysterious Sphere","floor":38,"gold_loss":0},{"damage_healed":0,"gold_gain":0,"player_choice":"Memory 1","damage_taken":0,"max_hp_gain":0,"max_hp_loss":0,"event_name":"SensoryStone","floor":42,"gold_loss":0},{"damage_healed":0,"gold_gain":333,"player_choice":"Gave Idol","damage_taken":0,"max_hp_gain":0,"max_hp_loss":0,"event_name":"The Moai Head","floor":44,"relics_lost":["Golden Idol"],"gold_loss":0},{"damage_healed":0,"gold_gain":0,"player_choice":"Max HP","damage_taken":0,"max_hp_gain":0,"max_hp_loss":4,"event_name":"Winding Halls","floor":46,"gold_loss":0}],"is_beta":false,"boss_relics":[{"not_picked":["Philosopher\u0027s Stone","Pandora\u0027s Box"],"picked":"RampagingMagicTools"},{"not_picked":["Tiny House","Calling Bell"],"picked":"Fusion Hammer"}],"items_purged_floors":[5,14],"is_endless":false,"potions_floor_spawned":[1,8,10,12,21,25,35,39,47,48],"ascension_level":1}}