{"host":"9v3x998ddbx8o276","time":1610077534,"event":{"mods":["AchievementEnabler","BaseMod","Colored Map","Colored Powertips","Highlight Path","Minty Spire (QoL Compilation)","Quick Restart","Rare Cards Sparkle"],"gold_per_floor":[117,137,154,154,173,204,204,222,222,222,125,200,219,219,219,350,350,374,387,80,105,105,143,143,159,236,236,236,250,275,275,275,380,380,397,397,65,82,102,136,136,149,149,162,162,174,174,190,190,190],"floor_reached":51,"playtime":2465,"items_purged":["Strike_R"],"score":721,"play_id":"1b77f836-c9cd-4e3b-b227-2be7c0bf8a8b","local_time":"20210108141534","is_ascension_mode":false,"campfire_choices":[{"floor":7.0,"key":"REST"},{"data":"Demon Form","floor":10.0,"key":"SMITH"},{"data":"Shockwave","floor":15.0,"key":"SMITH"},{"floor":24.0,"key":"REST"},{"floor":27.0,"key":"REST"},{"floor":32.0,"key":"REST"},{"data":"Whirlwind","floor":45,"key":"SMITH"},{"data":"Double Tap","floor":47,"key":"SMITH"},{"data":"Wraith Form v2","floor":49,"key":"SMITH"}],"circlet_count":0,"master_deck":["Strike_R","Strike_R","Strike_R","Strike_R","Defend_R","Defend_R","Defend_R","Defend_R","Bash+1","Shrug It Off","Pommel Strike","Shockwave+1","Reckless Charge","Demon Form+1","Thunderclap","Flash of Steel","Rage","Impervious","Pummel+1","Shrug It Off","Dual Wield","Metallicize+1","Consecrate","PanicButton","Streamline","Wraith Form v2+1","Anger","Whirlwind+1","Double Tap+1","Defend_B","True Grit+1"],"relics":["Burning Blood","NeowsBlessing","Bloody Idol","Omamori","Mummified Hand","SlaversCollar","PrismaticShard","Necronomicon","Ginger","White Beast Statue","Question Card","Busted Crown","Akabeko","Orichalcum","HornCleat"],"acts_visited":["Exordium","TheCity","TheBeyond"],"potions_floor_usage":[33,40,50,50,50],"damage_taken":[{"damage":0.0,"enemies":"2 Louse","floor":1.0,"turns":1.0},{"damage":0.0,"enemies":"Jaw Worm","floor":2.0,"turns":1.0},{"damage":0.0,"enemies":"Small Slimes","floor":3.0,"turns":1.0},{"damage":10.0,"enemies":"3 Louse","floor":5.0,"turns":4.0},{"damage":36.0,"enemies":"3 Sentries","floor":6.0,"turns":10.0},{"damage":8.0,"enemies":"Lots of Slimes","floor":8.0,"turns":6.0},{"damage":2.0,"enemies":"Large Slime","floor":13.0,"turns":5.0},{"damage":26.0,"enemies":"The Guardian","floor":16.0,"turns":8.0},{"damage":15.0,"enemies":"Chosen","floor":18.0,"turns":5.0},{"damage":21.0,"enemies":"Spheric Guardian","floor":19.0,"turns":6.0},{"damage":7.0,"enemies":"Cultist and Chosen","floor":21.0,"turns":6.0},{"damage":8.0,"enemies":"Book of Stabbing","floor":23.0,"turns":3.0},{"damage":38.0,"enemies":"Snake Plant","floor":25.0,"turns":5.0},{"damage":18.0,"enemies":"3 Cultists","floor":29.0,"turns":6.0},{"damage":30.0,"enemies":"Gremlin Leader","floor":30.0,"turns":5.0},{"damage":18,"enemies":"Champ","floor":33,"turns":7},{"damage":31,"enemies":"3 Shapes","floor":35,"turns":8},{"damage":0,"enemies":"Orb Walker","floor":38,"turns":2},{"damage":0,"enemies":"3 Darklings","floor":39,"turns":1},{"damage":28,"enemies":"Nemesis","floor":40,"turns":5},{"damage":28,"enemies":"Writhing Mass","floor":42,"turns":7},{"damage":2,"enemies":"4 Shapes","floor":44,"turns":5},{"damage":2,"enemies":"Spire Growth","floor":46,"turns":4},{"damage":0,"enemies":"Transient","floor":48,"turns":5},{"damage":19,"enemies":"Donu and Deca","floor":50,"turns":7}],"seed_played":"-2206884366107431595","potions_obtained":[{"floor":2.0,"key":"EntropicBrew"},{"floor":29.0,"key":"ColorlessPotion"},{"floor":30.0,"key":"Fire Potion"},{"floor":33,"key":"HeartOfIron"},{"floor":38,"key":"HeartOfIron"},{"floor":40,"key":"FearPotion"},{"floor":42,"key":"Explosive Potion"}],"is_trial":false,"path_per_floor":["M","M","M","?","M","E","R","M","T","R","$","?","M","?","R","B",null,"M","M","$","M","?","E","R","M","T","R","?","M","E","?","R","B",null,"M","?","$","M","M","E","?","M","T","M","R","M","R","M","R","B",null],"character_chosen":"IRONCLAD","items_purchased":["Flash of Steel","Dual Wield","PrismaticShard","Akabeko","Whirlwind","Double Tap"],"campfire_rested":4,"item_purchase_floors":[11,20,20,37,37,37],"current_hp_per_floor":[80,80,80,60,56,26,50,48,48,48,48,37,41,41,41,21,80,71,56,56,55,39,37,61,29,29,53,53,46,27,53,77,70,80,60,60,60,71,80,63,63,46,46,55,55,64,64,75,75,62],"gold":190,"neow_bonus":"THREE_ENEMY_KILL","is_daily":false,"chose_seed":false,"campfire_upgraded":5,"win_rate":0.0,"timestamp":1610077534,"path_taken":["M","M","M","?","M","E","R","M","T","R","$","?","M","?","R","BOSS","M","M","$","M","?","E","R","M","T","R","?","M","E","?","R","BOSS","M","?","$","M","?","E","?","?","T","M","R","M","R","M","R","BOSS"],"items_purchased_type":["Card","Card","Relic","Relic","Card","Card"],"build_version":"2020-12-22","purchased_purges":1,"victory":true,"max_hp_per_floor":[80,80,80,80,80,80,80,80,80,80,80,80,80,80,80,80,80,80,80,80,80,80,80,80,80,80,80,80,80,80,80,80,80,80,80,80,80,80,80,80,80,80,80,80,80,80,80,80,80,80],"card_choices":[{"not_picked":["Havoc","Iron Wave"],"picked":"Shrug It Off","floor":1.0},{"not_picked":["Feel No Pain","Body Slam"],"picked":"Pommel Strike","floor":2.0},{"not_picked":["Evolve","Iron Wave"],"picked":"Shockwave","floor":3.0},{"not_picked":["Clash","Armaments"],"picked":"Reckless Charge","floor":5.0},{"not_picked":["Body Slam","Power Through"],"picked":"Demon Form","floor":6.0},{"not_picked":["Heavy Blade","Clash"],"picked":"Thunderclap","floor":8.0},{"not_picked":["Shrug It Off","Iron Wave"],"picked":"Rage","floor":13.0},{"not_picked":["Brutality","Bludgeon"],"picked":"Impervious","floor":16.0},{"not_picked":["Pommel Strike","Clothesline"],"picked":"Pummel+1","floor":18.0},{"not_picked":["Heavy Blade","Anger"],"picked":"Shrug It Off","floor":19.0},{"not_picked":["Catalyst+1","Dagger Spray"],"picked":"Metallicize+1","floor":21.0},{"not_picked":["Choke","Burning Pact"],"picked":"Evaluate","floor":23.0},{"not_picked":["Anger","Protect"],"picked":"Consecrate","floor":25.0},{"not_picked":["Swivel","Forethought"],"picked":"PanicButton","floor":29.0},{"not_picked":["Metamorphosis","Sanctity"],"picked":"Streamline","floor":30.0},{"not_picked":["Secret Technique","Night Terror","Meteor Strike"],"picked":"Wraith Form v2","floor":33},{"not_picked":["Sucker Punch"],"picked":"Anger","floor":35},{"not_picked":["Perfected Strike+1","Chaos+1"],"picked":"SKIP","floor":38},{"not_picked":["Coolheaded","Streamline"],"picked":"SKIP","floor":39},{"not_picked":["Cleave+1","Lockon"],"picked":"SKIP","floor":40},{"not_picked":["Collect+1","Blood for Blood+1"],"picked":"SKIP","floor":42},{"not_picked":["Streamline"],"picked":"True Grit+1","floor":44},{"not_picked":["Dropkick","Leap"],"picked":"SKIP","floor":46},{"not_picked":["Cloak And Dagger","Quick Slash+1"],"picked":"SKIP","floor":48}],"player_experience":1632520,"relics_obtained":[{"floor":6.0,"key":"Omamori"},{"floor":9.0,"key":"Mummified Hand"},{"floor":22.0,"key":"Necronomicon"},{"floor":23.0,"key":"Ginger"},{"floor":26.0,"key":"White Beast Statue"},{"floor":30.0,"key":"Question Card"},{"floor":40,"key":"Orichalcum"},{"floor":43,"key":"HornCleat"}],"event_choices":[{"damage_healed":0.0,"max_hp_gain":0.0,"max_hp_loss":0.0,"gold_gain":0.0,"event_name":"Golden Idol","player_choice":"Take Damage","floor":4.0,"gold_loss":0.0,"damage_taken":20.0,"relics_obtained":["Golden Idol"]},{"damage_healed":0.0,"max_hp_gain":0.0,"max_hp_loss":0.0,"gold_gain":75.0,"event_name":"World of Goop","player_choice":"Gather Gold","floor":12.0,"gold_loss":0.0,"damage_taken":11.0},{"damage_healed":0.0,"max_hp_gain":0.0,"max_hp_loss":0.0,"gold_gain":0.0,"event_name":"Living Wall","player_choice":"Grow","floor":14.0,"gold_loss":0.0,"damage_taken":0.0,"cards_upgraded":["Bash"]},{"damage_healed":0.0,"max_hp_gain":0.0,"max_hp_loss":0.0,"gold_gain":0.0,"event_name":"Cursed Tome","player_choice":"Obtained Book","floor":22.0,"gold_loss":0.0,"damage_taken":16.0},{"damage_healed":0.0,"max_hp_gain":0.0,"max_hp_loss":0.0,"gold_gain":0.0,"event_name":"Forgotten Altar","player_choice":"Gave Idol","floor":28.0,"relics_lost":["Golden Idol"],"gold_loss":0.0,"damage_taken":0.0,"relics_obtained":["Bloody Idol"]},{"damage_healed":26.0,"max_hp_gain":0.0,"max_hp_loss":0.0,"gold_gain":0.0,"event_name":"The Library","player_choice":"Heal","floor":31.0,"gold_loss":0.0,"damage_taken":0.0},{"damage_healed":0,"gold_gain":0,"player_choice":"Bought 0 Potions","damage_taken":0,"max_hp_gain":0,"max_hp_loss":0,"event_name":"The Woman in Blue","floor":36,"gold_loss":0},{"cards_removed":["Evaluate"],"damage_healed":0,"gold_gain":0,"player_choice":"Took Card","damage_taken":0,"max_hp_gain":0,"max_hp_loss":0,"event_name":"NoteForYourself","floor":41,"gold_loss":0,"cards_obtained":["Defend_B"]}],"is_beta":false,"boss_relics":[{"not_picked":["Pandora\u0027s Box","Tiny House"],"picked":"SlaversCollar"},{"not_picked":["Coffee Dripper","Fusion Hammer"],"picked":"Busted Crown"}],"items_purged_floors":[20],"is_endless":false,"potions_floor_spawned":[2,5,6,8,16,18,21,29,30,33,35,38,39,40,42,44,46,48],"ascension_level":0}}