{"host":"qvl114e0jmbc6yhm","time":1610143071,"event":{"mods":["Act Like it!","BaseMod","Hermit","Highlight Path","Hubris","Jedi Mod","Marisa????????","Marked Mod","Minty Spire (QoL Compilation)","Permanent Neow","Random Character Button","Relic Sorter","Relic Stats","Replay The Spire","Shop Mod","Spicy Shops","StSLib","The Jungle","The Runesmith"],"gold_per_floor":[109,119,119,138,153,153,181,181,181,211,211,211,226,240,240,314,314,333,248,263,281,281,312,312,338,338,338,351,366,366,366,366,32,32,104,104,118,118,131,151,151,181,181,181,181,181,213,224,242,254,254,254],"floor_reached":53,"playtime":2301,"items_purged":["Strike_G"],"score":1535,"play_id":"437f25b2-5fe5-4718-8e8e-aebe5ec37e07","local_time":"20210108165751","is_ascension_mode":true,"campfire_choices":[{"data":"Blade Dance","floor":6,"key":"SMITH"},{"data":"Cloak And Dagger","floor":11,"key":"SMITH"},{"data":"jedi:studypoison","floor":15,"key":"SMITH"},{"floor":24,"key":"REST"},{"floor":34,"key":"REST"},{"data":"Pot Of Greed","floor":43,"key":"SMITH"},{"data":"Pot Of Greed","floor":46,"key":"SMITH"},{"data":"Ghostly","floor":51,"key":"SMITH"}],"circlet_count":0,"master_deck":["AscendersBane","Defend_G+1","Defend_G","Defend_G","Defend_G","Defend_G","Survivor+1","Neutralize","Blade Dance+1","Terror","jedi:studypoison+1","Cloak And Dagger+1","Adrenaline","Blade Dance","jedi:poisonivy+1","Hidden Blade","Crippling Poison","Ghostly","Ghostly","Ghostly","Ghostly+1","Ghostly","Endless Agony","Pot Of Greed+1","Pot Of Greed+1","Pot Of Greed+1","Cloak And Dagger+1","Wraith Form v2+1","Dodge and Roll","PiercingWail+1","Footwork+1","Blur+1"],"relics":["WristBlade","CaptainsWheel","Ornamental Fan","Pen Nib","Gremlin Food","Philosopher\u0027s Stone","Smiling Mask","Happy Flower","Orichalcum","Dream Catcher","hubris:SphereOfDissonance","hubris:Towel","Grinning Jar","Mirror","Replay:Drink Me","Mercury Hourglass","Replay:Baseball","Bag of Preparation"],"acts_visited":["Exordium","TheCity","TheBeyond"],"potions_floor_usage":[10,23,35,52],"damage_taken":[{"damage":0,"enemies":"Cultist","floor":1,"turns":5},{"damage":0,"enemies":"Jaw Worm","floor":2,"turns":3},{"damage":0,"enemies":"2 Louse","floor":4,"turns":3},{"damage":10,"enemies":"Exordium Thugs","floor":5,"turns":4},{"damage":0,"enemies":"Lagavulin","floor":7,"turns":4},{"damage":8,"enemies":"Gremlin Nob","floor":10,"turns":3},{"damage":0,"enemies":"Blue Slaver","floor":13,"turns":2},{"damage":0,"enemies":"Large Slime","floor":14,"turns":2},{"damage":6,"enemies":"Slime Boss","floor":16,"turns":5},{"damage":13,"enemies":"2 Thieves","floor":18,"turns":3},{"damage":0,"enemies":"Chosen","floor":20,"turns":3},{"damage":3,"enemies":"Sentry and Sphere","floor":21,"turns":4},{"damage":33,"enemies":"Gremlin Leader","floor":23,"turns":6},{"damage":9,"enemies":"Book of Stabbing","floor":25,"turns":3},{"damage":5,"enemies":"Snake Plant","floor":28,"turns":4},{"damage":4,"enemies":"Cultist and Chosen","floor":29,"turns":3},{"damage":23,"enemies":"hubris:MusketHawk","floor":35,"turns":7},{"damage":0,"enemies":"Orb Walker","floor":37,"turns":3},{"damage":0,"enemies":"3 Shapes","floor":39,"turns":3},{"damage":0,"enemies":"Jaw Worm Horde","floor":40,"turns":3},{"damage":0,"enemies":"R_Hoarder","floor":42,"turns":7},{"damage":0,"enemies":"Giant Head","floor":47,"turns":4},{"damage":0,"enemies":"Transient","floor":48,"turns":5},{"damage":0,"enemies":"4 Shapes","floor":49,"turns":4},{"damage":0,"enemies":"Jaw Worm Horde","floor":50,"turns":3},{"damage":0,"enemies":"Awakened One","floor":52,"turns":16}],"seed_played":"-2029274154866432529","potions_obtained":[{"floor":4,"key":"Poison Potion"},{"floor":5,"key":"jedi:holywater"},{"floor":10,"key":"ColorlessPotion"},{"floor":21,"key":"GamblersBrew"},{"floor":28,"key":"Regen Potion"},{"floor":35,"key":"Regen Potion"},{"floor":48,"key":"Block Potion"}],"is_trial":false,"path_per_floor":["M","M","?","M","M","R","E","?","T","E","R","?","M","M","R","B",null,"M","?","M","M","?","E","R","E","T","?","M","M","PTL","PTL","?","$","R","B",null,"M","?","M","M","?","E","R","?","T","R","E","M","M","M","R","B",null],"character_chosen":"THE_SILENT","items_purchased":["Grinning Jar","Mirror"],"campfire_rested":2,"item_purchase_floors":[33,33],"current_hp_per_floor":[59,59,59,59,49,49,49,49,49,41,41,41,41,41,41,35,58,45,45,45,42,42,9,28,19,19,19,14,10,10,10,10,10,19,1,19,19,19,19,19,19,19,19,17,17,17,17,17,17,17,17,25],"gold":254,"neow_bonus":"BOSS_RELIC","is_daily":false,"chose_seed":false,"campfire_upgraded":6,"win_rate":0.0,"timestamp":1610143071,"path_taken":["M","M","?","M","?","R","E","?","T","E","R","?","M","M","R","BOSS","M","?","M","M","?","E","R","E","T","?","?","M","PTL","PTL","?","?","R","BOSS","M","?","?","?","?","E","R","?","T","R","E","M","?","?","R","BOSS"],"items_purchased_type":["Relic","Relic"],"build_version":"2020-12-22","purchased_purges":1,"victory":true,"max_hp_per_floor":[66,66,66,66,66,66,66,66,66,66,66,66,66,66,66,66,66,66,66,66,66,66,66,66,66,66,33,33,33,33,33,33,33,33,33,25,25,25,25,25,25,25,25,25,25,25,25,25,25,25,25,25],"relic_stats":{"Dream Catcher":1,"Happy Flower":[23],"counters":[26,111],"Ornamental Fan":[348],"Pen Nib":[34],"Bag of Preparation":[8],"Orichalcum":[72],"Smiling Mask":25,"obtain_stats":[{"Gremlin Food":12,"Happy Flower":22,"hubris:SphereOfDissonance":26,"Pen Nib":10,"Bag of Preparation":47,"Orichalcum":23,"hubris:Towel":32,"Smiling Mask":19,"Mercury Hourglass":42,"CaptainsWheel":7,"Dream Catcher":25,"Replay:Baseball":45,"WristBlade":0,"Ornamental Fan":9,"Philosopher\u0027s Stone":17,"Grinning Jar":33,"Mirror":33,"Replay:Drink Me":36,"Ring of the Snake":0},{"Gremlin Food":6,"Happy Flower":12,"hubris:SphereOfDissonance":14,"Pen Nib":6,"Bag of Preparation":22,"Orichalcum":13,"hubris:Towel":16,"Smiling Mask":10,"Mercury Hourglass":21,"CaptainsWheel":5,"Dream Catcher":14,"Replay:Baseball":21,"WristBlade":0,"Ornamental Fan":5,"Philosopher\u0027s Stone":9,"Grinning Jar":16,"Mirror":16,"Replay:Drink Me":17,"Ring of the Snake":0},{"Gremlin Food":22,"Happy Flower":41,"hubris:SphereOfDissonance":50,"Pen Nib":22,"Bag of Preparation":84,"Orichalcum":47,"hubris:Towel":57,"Smiling Mask":34,"Mercury Hourglass":80,"CaptainsWheel":19,"Dream Catcher":50,"Replay:Baseball":80,"WristBlade":0,"Ornamental Fan":19,"Philosopher\u0027s Stone":31,"Grinning Jar":57,"Mirror":57,"Replay:Drink Me":64,"Ring of the Snake":0}],"Mercury Hourglass":[130]},"card_choices":[{"not_picked":["All Out Attack","Catalyst"],"picked":"Blade Dance","floor":1},{"not_picked":["Blur","Masterful Stab"],"picked":"Terror","floor":2},{"not_picked":["Dodge and Roll","Bane"],"picked":"Flying Knee","floor":4},{"not_picked":["jedi:pocketpoison","Prepared","Acrobatics"],"picked":"SKIP","floor":5},{"not_picked":["Sucker Punch","Deflect"],"picked":"jedi:studypoison","floor":7},{"not_picked":["Blade Dance","ReplayTheSpireMod:Exploit Weakness"],"picked":"Cloak And Dagger","floor":10},{"not_picked":["Outmaneuver","Choke","Underhanded Strike"],"picked":"SKIP","floor":13},{"not_picked":["Backstab","Skewer"],"picked":"Adrenaline","floor":14},{"not_picked":["Poisoned Stab+1","Endless Agony"],"picked":"Blade Dance","floor":18},{"not_picked":["Concentrate","Poisoned Stab"],"picked":"jedi:poisonivy+1","floor":20},{"not_picked":["Prepared","Quick Slash","Fluid Movement"],"picked":"SKIP","floor":21},{"not_picked":["Toxin Wave","Terror"],"picked":"Hidden Blade","floor":23},{"not_picked":["Bane","hubris:TrickCloak"],"picked":"Crippling Poison","floor":25},{"not_picked":["Predator","Sneak Up"],"picked":"Endless Agony","floor":28},{"not_picked":["Masterful Stab","Blur","Outmaneuver"],"picked":"SKIP","floor":29},{"not_picked":["hubris:Sniper","Deadly Poison"],"picked":"Cloak And Dagger+1","floor":34},{"not_picked":["Night Terror","jedi:brewingpoison"],"picked":"Wraith Form v2","floor":35},{"not_picked":["Riddle With Holes","Deadly Poison"],"picked":"Dodge and Roll","floor":37},{"not_picked":["Predator+1","Catalyst"],"picked":"PiercingWail+1","floor":39},{"not_picked":["Deflect+1","Dagger Throw"],"picked":"Footwork+1","floor":40},{"not_picked":["Bane","Dagger Throw","Prepared"],"picked":"SKIP","floor":42},{"not_picked":["Acrobatics","Terror","Flying Knee"],"picked":"SKIP","floor":47},{"not_picked":["Expertise","Toxin Wave+1","All Out Attack"],"picked":"SKIP","floor":48},{"not_picked":["Expertise","Toxin Wave+1","All Out Attack"],"picked":"SKIP","floor":48},{"not_picked":["hubris:SlightOfHand","Heel Hook","Blur+1"],"picked":"SKIP","floor":49},{"not_picked":["hubris:SlightOfHand","Heel Hook"],"picked":"Blur+1","floor":49},{"not_picked":["Prepared+1","Sucker Punch","Cloak And Dagger"],"picked":"SKIP","floor":50}],"player_experience":2428064,"relics_obtained":[{"floor":7,"key":"CaptainsWheel"},{"floor":9,"key":"Ornamental Fan"},{"floor":10,"key":"Pen Nib"},{"floor":22,"key":"Happy Flower"},{"floor":23,"key":"Orichalcum"},{"floor":25,"key":"Dream Catcher"},{"floor":26,"key":"hubris:SphereOfDissonance"},{"floor":42,"key":"Mercury Hourglass"},{"floor":45,"key":"Replay:Baseball"},{"floor":47,"key":"Bag of Preparation"}],"event_choices":[{"cards_removed":["Strike_G"],"damage_healed":0,"gold_gain":0,"player_choice":"Offered Basic","damage_taken":0,"max_hp_gain":0,"max_hp_loss":0,"event_name":"Bonfire Elementals","floor":3,"gold_loss":0},{"cards_removed":["Flying Knee"],"damage_healed":0,"gold_gain":0,"player_choice":"Gave Card","damage_taken":0,"relics_obtained":["Gremlin Food"],"max_hp_gain":0,"max_hp_loss":0,"event_name":"WeMeetAgain","floor":12,"gold_loss":0},{"damage_healed":0,"gold_gain":0,"player_choice":"Obtained Relic","damage_taken":0,"relics_obtained":["Smiling Mask"],"max_hp_gain":0,"max_hp_loss":0,"event_name":"Addict","floor":19,"gold_loss":85},{"damage_healed":0,"gold_gain":0,"player_choice":"Became a Ghost","damage_taken":0,"max_hp_gain":0,"max_hp_loss":33,"event_name":"Ghosts","floor":27,"gold_loss":0,"cards_obtained":["Ghostly","Ghostly","Ghostly","Ghostly","Ghostly"]},{"damage_healed":0,"gold_gain":0,"player_choice":"Upgraded","damage_taken":0,"max_hp_gain":0,"max_hp_loss":0,"event_name":"Upgrade Shrine","floor":38,"gold_loss":0,"cards_upgraded":["Wraith Form v2"]},{"damage_healed":0,"gold_gain":0,"player_choice":"Damaged","damage_taken":2,"max_hp_gain":0,"max_hp_loss":0,"event_name":"Wheel of Change","floor":44,"gold_loss":0}],"is_beta":false,"boss_relics":[{"not_picked":["jedi:battlestandard","hubris:ScarierMask"],"picked":"Philosopher\u0027s Stone"},{"not_picked":["Sozu","SlaversCollar"],"picked":"Replay:Drink Me"}],"items_purged_floors":[33],"is_endless":false,"potions_floor_spawned":[4,5,10,14,21,28,29,35,37,40,48],"ascension_level":14}}