{"host":"zksvs3x2ysy9npnz","time":1610117190,"event":{"mods":["Aspiration","BaseMod","Beaked The Cultist","BetterRewards","Clockwork Mod","Colored Map","Conspire","Downfall","Duelist Mod","Ekko","Halation","Highlight Path","Hubris","Hunter ??","Infinite Spire","Jedi Mod","JesterMod","Minty Spire (QoL Compilation)","Permanent Neow","Quick Restart","Relic Stats","Replay The Spire","Retaliation","Shade Mod","Shop Mod","StSLib"],"gold_per_floor":[142,41,5,23,36,36,70,70,70,70,90,90,100,125,125,199,199,217,217,217,121,171,171,190,200,227,227,238,218,235,249,249,328,328,288,298,311,323,343,369,369,404,404,404,11,11,11,39,39,39,39,39,39,39,73,73],"floor_reached":57,"playtime":10863,"items_purged":["theDuelist:Sparks","theDuelist:Sparks"],"score":2508,"play_id":"84567bcd-1772-477e-833e-2844f00bfb10","local_time":"20210108154630","is_ascension_mode":true,"campfire_choices":[{"data":"theDuelist:IslandTurtle","floor":6.0,"key":"SMITH"},{"floor":8.0,"key":"REST"},{"data":"theDuelist:IslandTurtle","floor":10.0,"key":"SMITH"},{"data":"theDuelist:ImperialCustom","floor":12.0,"key":"SMITH"},{"floor":15.0,"key":"REST"},{"data":"infinitespire:Collect","floor":23.0,"key":"SMITH"},{"data":"theDuelist:FishRain","floor":27.0,"key":"SMITH"},{"data":"theDuelist:GishkiEmilia","floor":32.0,"key":"SMITH"},{"floor":41.0,"key":"RECALL"},{"data":"Enlightenment","floor":47,"key":"SMITH"},{"data":"theDuelist:BigWaveSmallWave","floor":49,"key":"SMITH"},{"floor":53,"key":"REST"}],"circlet_count":0,"master_deck":["theDuelist:SevenColoredFish+1","theDuelist:SevenColoredFish+1","theDuelist:AquaSpirit+1","theDuelist:CastleWalls+1","theDuelist:CastleWalls+1","AscendersBane","theDuelist:IslandTurtle+1","theDuelist:IslandTurtle+1","theDuelist:RevivalJam+1","theDuelist:SpearfishSoldier+1","theDuelist:FishRain+1","theDuelist:Submarineroid+1","theDuelist:ImperialCustom+1","theDuelist:BoulderTortoise+1","theDuelist:MermailAbyssalacia+1","theDuelist:SpearfishSoldier+1","theDuelist:OhFish+1","infinitespire:Collect+1","theDuelist:GishkiEmilia+1","theDuelist:ThunderSeaHorse+1","theDuelist:EagleShark+1","theDuelist:FishborgArcher+1","theDuelist:ImperialCustom+1","theDuelist:ArmoredStarfish+1","theDuelist:GishkiMollusk+1","theDuelist:AmphibiousBugroth+1","Enlightenment+1","theDuelist:BoulderTortoise+1","theDuelist:BigWaveSmallWave+1","theDuelist:MermailAbyssalacia+1"],"relics":["theDuelist:MillenniumPuzzle","theDuelist:ChallengePuzzle","theDuelist:CardPoolRelic","theDuelist:CardPoolBasicRelic","theDuelist:BoosterPackPoolRelic","theDuelist:CardPoolAddRelic","theDuelist:CardPoolMinusRelic","theDuelist:CardPoolSaveRelic","theDuelist:CardPoolOptionsRelic","NeowsBlessing","Sundial","Replay:Rubber Ducky","theDuelist:Flowstate","aspiration:SilentSkillbook","hubris:Icosahedron","theDuelist:YugiMirror","Tiny House","Blood Vial","hubris:Backtick","beaked:MendingPlumage","aspiration:HiddenCompartment","infinitespire:CursedDice","InkBottle","Boot","Bag of Marbles","ReplayTheSpireMod:TigerMarble"],"acts_visited":["Exordium","TheCity","TheBeyond","TheEnding"],"potions_floor_usage":[48,48],"damage_taken":[{"damage":0.0,"enemies":"Jaw Worm","floor":1.0,"turns":1.0},{"damage":0.0,"enemies":"Cultist","floor":4.0,"turns":1.0},{"damage":0.0,"enemies":"Small Slimes","floor":5.0,"turns":1.0},{"damage":37.0,"enemies":"3 Sentries","floor":7.0,"turns":13.0},{"damage":0.0,"enemies":"3 Louse","floor":11.0,"turns":5.0},{"damage":9.0,"enemies":"Lots of Slimes","floor":13.0,"turns":8.0},{"damage":34.0,"enemies":"Gremlin Nob","floor":14.0,"turns":5.0},{"damage":13.0,"enemies":"The Guardian","floor":16.0,"turns":21.0},{"damage":0.0,"enemies":"3 Byrds","floor":18.0,"turns":11.0},{"damage":9.0,"enemies":"2 Thieves","floor":21.0,"turns":5.0},{"damage":0.0,"enemies":"Snake Plant","floor":24.0,"turns":6.0},{"damage":0.0,"enemies":"3 Cultists","floor":25.0,"turns":7.0},{"damage":0.0,"enemies":"Cultist and Chosen","floor":28.0,"turns":8.0},{"damage":0.0,"enemies":"Snecko","floor":30.0,"turns":5.0},{"damage":0.0,"enemies":"Centurion and Healer","floor":31.0,"turns":10.0},{"damage":0.0,"enemies":"Automaton","floor":33.0,"turns":15.0},{"damage":0.0,"enemies":"3 Shapes","floor":35.0,"turns":7.0},{"damage":4.0,"enemies":"3 Darklings","floor":36.0,"turns":10.0},{"damage":0.0,"enemies":"Spire Growth","floor":37.0,"turns":10.0},{"damage":0.0,"enemies":"Maw","floor":38.0,"turns":10.0},{"damage":0.0,"enemies":"Sphere and 2 Shapes","floor":39.0,"turns":12.0},{"damage":0.0,"enemies":"Giant Head","floor":40.0,"turns":17.0},{"damage":0,"enemies":"Nemesis","floor":42,"turns":17},{"damage":40,"enemies":"Reptomancer","floor":48,"turns":10},{"damage":0,"enemies":"conspire:OrnateMirror","floor":50,"turns":15},{"damage":12,"enemies":"Replay:Hell Engine","floor":51,"turns":15},{"damage":32,"enemies":"Shield and Spear","floor":55,"turns":20},{"damage":110,"enemies":"The Heart","floor":56,"turns":21}],"seed_played":"7812040198898066591","potions_obtained":[{"floor":1.0,"key":"theDuelist:SealedPackB"},{"floor":5.0,"key":"theDuelist:BigOrbBottle"},{"floor":13.0,"key":"Weak Potion"},{"floor":21.0,"key":"theDuelist:DebuffArmorPotion"},{"floor":22.0,"key":"theDuelist:SteelBrew"},{"floor":29.0,"key":"theDuelist:SummonFuryPotion"},{"floor":36.0,"key":"jedi:wingpotion"},{"floor":38.0,"key":"EssenceOfSteel"},{"floor":42,"key":"theDuelist:FlamingBottle"}],"is_trial":false,"path_per_floor":["M","?","$","M","M","R","E","R","T","R","M","R","M","E","R","B",null,"M","?","?","M","AVR","R","M","M","T","R","M","?","M","M","R","B",null,"M","M","M","M","M","E","R","E","T","?","$","?","R","E","R","B","B",null,"R","$","E","B",null],"character_chosen":"THE_DUELIST","items_purchased":["theDuelist:SpearfishSoldier+1","Boot","Enlightenment","theDuelist:BoulderTortoise"],"campfire_rested":3,"item_purchase_floors":[3,45,45,45],"current_hp_per_floor":[63,63,63,63,63,63,26,47,47,47,47,47,38,4,25,12,56,56,56,56,47,52,52,52,52,52,52,54,54,56,58,58,63,67,68,68,68,68,68,68,68,68,68,68,68,68,68,57,57,68,68,68,68,68,68,38],"gold":73,"neow_bonus":"THREE_ENEMY_KILL","is_daily":false,"chose_seed":false,"campfire_upgraded":8,"win_rate":0.0,"timestamp":1610117190,"path_taken":["M","?","$","M","?","R","E","R","T","R","M","R","M","E","R","BOSS","M","?","?","M","AVR","R","M","M","T","R","M","?","M","M","R","BOSS","M","?","M","?","M","E","R","E","T","?","$","?","R","E","R","BOSS","BOSS","R","$","E","BOSS"],"items_purchased_type":["Card","Relic","Card","Card"],"build_version":"2020-12-22","purchased_purges":2,"victory":true,"max_hp_per_floor":[70,70,70,70,70,70,70,70,70,70,70,70,70,70,70,70,70,70,70,70,70,75,75,73,71,71,71,69,69,67,65,65,68,68,68,68,68,68,68,68,68,68,68,68,68,68,68,68,68,68,68,68,68,68,68,68],"relic_stats":{"Blood Vial":11,"counters":[28,286],"Sundial":[52],"Boot":[7],"obtain_stats":[{"Tiny House":22,"theDuelist:MillenniumPuzzle":0,"Boot":45,"Replay:Rubber Ducky":7,"theDuelist:Flowstate":14,"Blood Vial":26,"theDuelist:BoosterPackPoolRelic":0,"hubris:Icosahedron":20,"hubris:Backtick":34,"theDuelist:YugiMirror":22,"Sundial":2,"theDuelist:CardPoolAddRelic":0,"theDuelist:CardPoolOptionsRelic":0,"InkBottle":43,"theDuelist:CardPoolRelic":0,"NeowsBlessing":0,"infinitespire:CursedDice":42,"theDuelist:CardPoolSaveRelic":0,"aspiration:HiddenCompartment":40,"theDuelist:ChallengePuzzle":0,"theDuelist:CardPoolMinusRelic":0,"theDuelist:CardPoolBasicRelic":0,"aspiration:SilentSkillbook":17,"Bag of Marbles":48,"ReplayTheSpireMod:TigerMarble":55,"beaked:MendingPlumage":34},{"Tiny House":10,"theDuelist:MillenniumPuzzle":0,"Boot":23,"Replay:Rubber Ducky":4,"theDuelist:Flowstate":7,"Blood Vial":12,"theDuelist:BoosterPackPoolRelic":0,"hubris:Icosahedron":9,"hubris:Backtick":16,"theDuelist:YugiMirror":10,"Sundial":1,"theDuelist:CardPoolAddRelic":0,"theDuelist:CardPoolOptionsRelic":0,"InkBottle":23,"theDuelist:CardPoolRelic":0,"NeowsBlessing":0,"infinitespire:CursedDice":23,"theDuelist:CardPoolSaveRelic":0,"aspiration:HiddenCompartment":22,"theDuelist:ChallengePuzzle":0,"theDuelist:CardPoolMinusRelic":0,"theDuelist:CardPoolBasicRelic":0,"aspiration:SilentSkillbook":8,"Bag of Marbles":24,"ReplayTheSpireMod:TigerMarble":27,"beaked:MendingPlumage":16},{"Tiny House":71,"theDuelist:MillenniumPuzzle":0,"Boot":205,"Replay:Rubber Ducky":16,"theDuelist:Flowstate":34,"Blood Vial":84,"theDuelist:BoosterPackPoolRelic":0,"hubris:Icosahedron":66,"hubris:Backtick":122,"theDuelist:YugiMirror":71,"Sundial":1,"theDuelist:CardPoolAddRelic":0,"theDuelist:CardPoolOptionsRelic":0,"InkBottle":205,"theDuelist:CardPoolRelic":0,"NeowsBlessing":0,"infinitespire:CursedDice":205,"theDuelist:CardPoolSaveRelic":0,"aspiration:HiddenCompartment":188,"theDuelist:ChallengePuzzle":0,"theDuelist:CardPoolMinusRelic":0,"theDuelist:CardPoolBasicRelic":0,"aspiration:SilentSkillbook":55,"Bag of Marbles":215,"ReplayTheSpireMod:TigerMarble":265,"beaked:MendingPlumage":122}],"InkBottle":[30]},"card_choices":[{"not_picked":["theDuelist:Fissure"],"picked":"SKIP","floor":1.0},{"not_picked":[],"picked":"theDuelist:FishRain","floor":4.0},{"not_picked":[],"picked":"theDuelist:Submarineroid","floor":5.0},{"not_picked":["theDuelist:PotDichotomy"],"picked":"SKIP","floor":7.0},{"not_picked":[],"picked":"theDuelist:ImperialCustom","floor":11.0},{"not_picked":["theDuelist:FishRain"],"picked":"SKIP","floor":13.0},{"not_picked":[],"picked":"theDuelist:BoulderTortoise","floor":14.0},{"not_picked":[],"picked":"theDuelist:MermailAbyssalacia","floor":16.0},{"not_picked":[],"picked":"theDuelist:SpearfishSoldier","floor":18.0},{"not_picked":[],"picked":"theDuelist:OhFish","floor":21.0},{"not_picked":["theDuelist:BigWaveSmallWave+1"],"picked":"SKIP","floor":24.0},{"not_picked":["theDuelist:ArmoredStarfish"],"picked":"SKIP","floor":25.0},{"not_picked":[],"picked":"theDuelist:GishkiEmilia","floor":28.0},{"not_picked":[],"picked":"theDuelist:ThunderSeaHorse","floor":30.0},{"not_picked":[],"picked":"theDuelist:EagleShark","floor":31.0},{"not_picked":[],"picked":"theDuelist:FishborgArcher","floor":33.0},{"not_picked":[],"picked":"theDuelist:ImperialCustom+1","floor":35.0},{"not_picked":["theDuelist:SpearfishSoldier"],"picked":"SKIP","floor":36.0},{"not_picked":[],"picked":"theDuelist:ArmoredStarfish+1","floor":37.0},{"not_picked":[],"picked":"theDuelist:GishkiMollusk+1","floor":38.0},{"not_picked":["theDuelist:ArmoredStarfish"],"picked":"SKIP","floor":39.0},{"not_picked":["theDuelist:GilfordLegend+1"],"picked":"SKIP","floor":40.0},{"not_picked":["theDuelist:GilfordLegend+1"],"picked":"SKIP","floor":40.0},{"not_picked":["theDuelist:GilfordLegend+1"],"picked":"SKIP","floor":40.0},{"not_picked":[],"picked":"theDuelist:AmphibiousBugroth+1","floor":42},{"not_picked":["theDuelist:BigWaveSmallWave"],"picked":"SKIP","floor":48},{"not_picked":[],"picked":"theDuelist:BigWaveSmallWave","floor":48},{"not_picked":[],"picked":"theDuelist:MermailAbyssalacia+1","floor":55}],"player_experience":1849888,"relics_obtained":[{"floor":7.0,"key":"Replay:Rubber Ducky"},{"floor":14.0,"key":"theDuelist:Flowstate"},{"floor":26.0,"key":"Blood Vial"},{"floor":40.0,"key":"aspiration:HiddenCompartment"},{"floor":42,"key":"infinitespire:CursedDice"},{"floor":43,"key":"InkBottle"},{"floor":48,"key":"Bag of Marbles"},{"floor":55,"key":"ReplayTheSpireMod:TigerMarble"}],"event_choices":[{"damage_healed":0.0,"max_hp_gain":0.0,"max_hp_loss":0.0,"gold_gain":0.0,"event_name":"WeMeetAgain","player_choice":"Paid Gold","floor":2.0,"gold_loss":101.0,"damage_taken":0.0,"relics_obtained":["Sundial"]},{"damage_healed":0.0,"max_hp_gain":0.0,"max_hp_loss":0.0,"gold_gain":0.0,"event_name":"The Woman in Blue","player_choice":"Bought 1 Potion","floor":29.0,"gold_loss":0.0,"damage_taken":0.0},{"damage_healed":0,"gold_gain":0,"player_choice":"Ignored","damage_taken":0,"max_hp_gain":0,"max_hp_loss":0,"event_name":"Tomb of Lord Red Mask","floor":44,"gold_loss":0},{"cards_removed":["theDuelist:AquaSpirit"],"damage_healed":0,"gold_gain":0,"player_choice":"Removed Attack","damage_taken":0,"max_hp_gain":0,"max_hp_loss":0,"event_name":"Falling","floor":46,"gold_loss":0}],"is_beta":false,"boss_relics":[{"not_picked":["Abe\u0027s Treasure","Empty Cage"],"picked":"aspiration:SilentSkillbook"},{"not_picked":["hubris:VirtuousBlindfold","theDuelist:GamblerChip"],"picked":"hubris:Backtick"}],"items_purged_floors":[22,45],"is_endless":false,"potions_floor_spawned":[1,5,13,21,24,31,36,38,42],"ascension_level":20}}