{"host":"e52c7hvho6xny3hd","time":1610075586,"event":{"mods":["AchievementEnabler","BaseMod","Colored Map","DeckTracker","Minty Spire (QoL Compilation)","Permanent Neow","StSLib"],"gold_per_floor":[112,123,133,133,152,152,172,190,214,214,229,229,249,269,269,348,348,364,374,374,248,298,298,310,326,326,343,343,343],"floor_reached":28,"playtime":1303,"items_purged":["Strike_B"],"score":385,"play_id":"4207fd72-032b-4518-acb0-c2420ef190ac","local_time":"20210108121306","is_ascension_mode":true,"campfire_choices":[{"data":"Buffer","floor":6,"key":"SMITH"},{"data":"Hologram","floor":10,"key":"SMITH"},{"floor":15,"key":"REST"},{"data":"Redo","floor":23,"key":"SMITH"}],"circlet_count":0,"master_deck":["AscendersBane","Strike_B","Defend_B","Defend_B+1","Defend_B","Defend_B","Zap","Dualcast","Ball Lightning","Sweeping Beam","Go for the Eyes","Buffer+1","Hologram+1","Conserve Battery","Coolheaded+1","Thunder Strike","Self Repair","Core Surge","Redo+1","Hologram","Ghostly","Ghostly","Ghostly","Ghostly","Ghostly","Cold Snap","Loop","Redo"],"relics":["Cracked Core","Omamori","Empty Cage","War Paint"],"acts_visited":["Exordium","TheCity"],"potions_floor_usage":[19],"damage_taken":[{"damage":1,"enemies":"2 Louse","floor":1,"turns":2},{"damage":0,"enemies":"Cultist","floor":2,"turns":3},{"damage":7,"enemies":"Jaw Worm","floor":3,"turns":2},{"damage":32,"enemies":"Gremlin Gang","floor":5,"turns":5},{"damage":8,"enemies":"Large Slime","floor":7,"turns":5},{"damage":6,"enemies":"Lots of Slimes","floor":8,"turns":2},{"damage":0,"enemies":"Exordium Wildlife","floor":11,"turns":4},{"damage":8,"enemies":"Large Slime","floor":13,"turns":7},{"damage":0,"enemies":"Red Slaver","floor":14,"turns":4},{"damage":29,"enemies":"Slime Boss","floor":16,"turns":9},{"damage":0,"enemies":"Chosen","floor":18,"turns":6},{"damage":28,"enemies":"2 Thieves","floor":19,"turns":4},{"damage":12,"enemies":"3 Cultists","floor":24,"turns":9},{"damage":0,"enemies":"Snecko","floor":25,"turns":6},{"damage":34,"enemies":"Cultist and Chosen","floor":27,"turns":11},{"damage":0,"enemies":"Shelled Parasite and Fungi","floor":28,"turns":5}],"seed_played":"-1112646121458634537","potions_obtained":[{"floor":5,"key":"Explosive Potion"},{"floor":7,"key":"DistilledChaos"},{"floor":14,"key":"Dexterity Potion"},{"floor":19,"key":"FairyPotion"}],"is_trial":false,"path_per_floor":["M","M","M","?","M","R","M","M","T","R","M","?","M","M","R","B",null,"M","M","?","$","?","R","M","M","T","M","M"],"character_chosen":"DEFECT","items_purchased":["Cold Snap"],"campfire_rested":1,"item_purchase_floors":[21],"current_hp_per_floor":[74,74,67,82,50,50,42,36,36,36,36,36,28,28,52,30,69,76,55,41,41,41,41,36,41,41,14,14,14],"gold":343,"neow_bonus":"TEN_PERCENT_HP_BONUS","is_daily":false,"chose_seed":false,"campfire_upgraded":3,"win_rate":0.0,"timestamp":1610075586,"path_taken":["M","M","M","?","?","R","M","M","T","R","M","?","M","M","R","BOSS","M","?","?","$","?","R","M","?","T","M","M"],"items_purchased_type":["Card"],"build_version":"2020-12-22","purchased_purges":1,"victory":false,"max_hp_per_floor":[82,82,82,82,82,82,82,82,82,82,82,82,82,82,82,82,82,82,82,41,41,41,41,41,41,41,41,41,41],"card_choices":[{"not_picked":["Barrage","Rebound"],"picked":"Ball Lightning","floor":1},{"not_picked":["Chaos","Compile Driver"],"picked":"Sweeping Beam","floor":2},{"not_picked":["Leap","Heatsinks"],"picked":"Go for the Eyes","floor":3},{"not_picked":["FTL","Conserve Battery"],"picked":"Buffer","floor":5},{"not_picked":["Streamline","Beam Cell"],"picked":"Hologram","floor":7},{"not_picked":["Go for the Eyes","Sweeping Beam"],"picked":"Conserve Battery","floor":8},{"not_picked":["Streamline","Rip and Tear"],"picked":"Coolheaded","floor":11},{"not_picked":["Force Field","Go for the Eyes"],"picked":"Thunder Strike","floor":13},{"not_picked":["Storm","Chill"],"picked":"Self Repair","floor":14},{"not_picked":["Fission","Thunder Strike"],"picked":"Core Surge","floor":16},{"not_picked":["Hello World+1","Reprogram+1"],"picked":"Redo","floor":18},{"not_picked":["Compile Driver","Beam Cell"],"picked":"Hologram","floor":19},{"not_picked":["Streamline","Undo+1","Tempest"],"picked":"SKIP","floor":24},{"not_picked":["Conserve Battery","Undo"],"picked":"Loop","floor":25},{"not_picked":["Streamline","Hologram"],"picked":"Redo","floor":27}],"player_experience":642700,"relics_obtained":[{"floor":9,"key":"Omamori"},{"floor":26,"key":"War Paint"}],"event_choices":[{"damage_healed":15,"gold_gain":0,"player_choice":"Full Heal","damage_taken":0,"max_hp_gain":0,"max_hp_loss":0,"event_name":"Wheel of Change","floor":4,"gold_loss":0},{"damage_healed":0,"gold_gain":0,"player_choice":"Bought 0 Potions","damage_taken":0,"max_hp_gain":0,"max_hp_loss":0,"event_name":"The Woman in Blue","floor":12,"gold_loss":0},{"damage_healed":0,"gold_gain":0,"player_choice":"Became a Ghost","damage_taken":0,"max_hp_gain":0,"max_hp_loss":41,"event_name":"Ghosts","floor":20,"gold_loss":0,"cards_obtained":["Ghostly","Ghostly","Ghostly","Ghostly","Ghostly"]},{"damage_healed":0,"gold_gain":100,"player_choice":"Bet on Murderer","damage_taken":0,"max_hp_gain":0,"max_hp_loss":0,"event_name":"The Joust","floor":22,"gold_loss":50}],"is_beta":false,"boss_relics":[{"not_picked":["SlaversCollar","Busted Crown"],"picked":"Empty Cage"}],"items_purged_floors":[21],"is_endless":false,"potions_floor_spawned":[5,7,14,16,19,24],"killed_by":"Shelled Parasite and Fungi","ascension_level":13}}