{"host":"qm4rv4rkpk76sbxu","time":1610107650,"event":{"mods":["BaseMod","Bestiary","Block Reminder","Dark Map","DeckTracker","Filter the Spire","Keyboard Shortcuts","Minty Spire (QoL Compilation)","MonsterHotkey","Potion Indicator Mod","Quick Restart","Relic Stats","Slay-I","StSLib","ojb\u0027s Better Paths Mod"],"gold_per_floor":[116,131,131,141,106,136,136,156,208,238,252,264,314,334,334,412,412,432,446,463,489,506,506,506,506],"floor_reached":24,"playtime":943,"items_purged":[],"score":474,"play_id":"2e98f538-827e-4e47-beb0-84e0efd11647","local_time":"20210108130730","is_ascension_mode":true,"campfire_choices":[{"data":"Envenom","floor":7.0,"key":"SMITH"},{"data":"Catalyst","floor":15.0,"key":"SMITH"},{"floor":23.0,"key":"REST"}],"circlet_count":0,"master_deck":["AscendersBane","Strike_G","Strike_G","Strike_G+1","Strike_G","Strike_G","Defend_G+1","Defend_G","Defend_G","Defend_G","Defend_G","Survivor","Neutralize","Masterful Stab","Cloak And Dagger","Sucker Punch","Envenom+1","Catalyst+1","Poisoned Stab","Accuracy","Noxious Fumes","Backflip","Night Terror","Finisher+1","Footwork"],"relics":["Black Star","Ninja Scroll","Tiny Chest","MealTicket","Anchor","Strawberry","Fusion Hammer","Omamori"],"acts_visited":["Exordium","TheCity"],"potions_floor_usage":[],"damage_taken":[{"damage":0.0,"enemies":"Jaw Worm","floor":1.0,"turns":6.0},{"damage":1.0,"enemies":"Small Slimes","floor":2.0,"turns":4.0},{"damage":0.0,"enemies":"2 Louse","floor":4.0,"turns":2.0},{"damage":22.0,"enemies":"Gremlin Nob","floor":6.0,"turns":4.0},{"damage":2.0,"enemies":"Red Slaver","floor":8.0,"turns":3.0},{"damage":7.0,"enemies":"3 Sentries","floor":10.0,"turns":8.0},{"damage":0.0,"enemies":"Gremlin Gang","floor":11.0,"turns":3.0},{"damage":9.0,"enemies":"Exordium Thugs","floor":12.0,"turns":5.0},{"damage":1.0,"enemies":"Large Slime","floor":14.0,"turns":5.0},{"damage":3.0,"enemies":"Hexaghost","floor":16.0,"turns":9.0},{"damage":0.0,"enemies":"Chosen","floor":18.0,"turns":3.0},{"damage":28.0,"enemies":"Spheric Guardian","floor":19.0,"turns":5.0},{"damage":15.0,"enemies":"Snake Plant","floor":20.0,"turns":5.0},{"damage":6.0,"enemies":"Shelled Parasite and Fungi","floor":22.0,"turns":3.0},{"damage":32,"enemies":"Gremlin Leader","floor":24,"turns":5}],"seed_played":"5789627737166478356","potions_obtained":[{"floor":1.0,"key":"FearPotion"},{"floor":8.0,"key":"SteroidPotion"},{"floor":10.0,"key":"Energy Potion"},{"floor":12.0,"key":"PowerPotion"},{"floor":14.0,"key":"GhostInAJar"},{"floor":18.0,"key":"Energy Potion"}],"is_trial":false,"path_per_floor":["M","M","?","M","?","E","R","M","T","E","M","M","?","M","R","B",null,"M","M","M","T","M","R","E"],"character_chosen":"THE_SILENT","items_purchased":[],"campfire_rested":1,"item_purchase_floors":[],"current_hp_per_floor":[59,58,38,38,54,32,32,30,30,30,30,21,21,20,20,17,59,59,31,16,16,10,31,0,0],"gold":506,"neow_bonus":"BOSS_RELIC","is_daily":false,"chose_seed":false,"campfire_upgraded":2,"win_rate":0.0,"timestamp":1610107650,"path_taken":["M","M","?","M","?","E","R","M","T","E","M","M","?","?","R","BOSS","M","M","?","?","M","R","E"],"items_purchased_type":[],"build_version":"2020-12-22","purchased_purges":0,"victory":false,"max_hp_per_floor":[66,66,66,66,66,66,66,66,66,73,73,73,73,73,73,73,73,73,73,73,73,73,73,73,73],"relic_stats":{"counters":[15,70],"Tiny Chest":1,"MealTicket":0,"Black Star":2,"obtain_stats":[{"Anchor":10,"Ninja Scroll":6,"Strawberry":10,"Tiny Chest":6,"MealTicket":9,"Fusion Hammer":17,"Black Star":0,"Omamori":21,"Ring of the Snake":0},{"Anchor":6,"Ninja Scroll":4,"Strawberry":6,"Tiny Chest":4,"MealTicket":5,"Fusion Hammer":10,"Black Star":0,"Omamori":13,"Ring of the Snake":0},{"Anchor":27,"Ninja Scroll":16,"Strawberry":27,"Tiny Chest":16,"MealTicket":19,"Fusion Hammer":49,"Black Star":0,"Omamori":62,"Ring of the Snake":0}]},"card_choices":[{"not_picked":["Acrobatics","PiercingWail"],"picked":"Masterful Stab","floor":1.0},{"not_picked":["Outmaneuver","Deadly Poison"],"picked":"Cloak And Dagger","floor":2.0},{"not_picked":["Dodge and Roll","Masterful Stab"],"picked":"Sucker Punch","floor":4.0},{"not_picked":["Night Terror","Choke"],"picked":"Envenom","floor":6.0},{"not_picked":["Prepared","Backflip"],"picked":"Catalyst","floor":8.0},{"not_picked":["Cloak And Dagger","Sucker Punch"],"picked":"Poisoned Stab","floor":10.0},{"not_picked":["Slice","Reflex"],"picked":"Accuracy","floor":11.0},{"not_picked":["Sucker Punch","Infinite Blades"],"picked":"Noxious Fumes","floor":12.0},{"not_picked":["Accuracy","Calculated Gamble"],"picked":"Backflip","floor":14.0},{"not_picked":["Phantasmal Killer","Doppelganger"],"picked":"Night Terror","floor":16.0},{"not_picked":["Quick Slash","Deadly Poison","Flechettes+1"],"picked":"SKIP","floor":18.0},{"not_picked":["All Out Attack","Deflect"],"picked":"Finisher+1","floor":19.0},{"not_picked":["Cloak And Dagger","Accuracy","Dodge and Roll"],"picked":"SKIP","floor":20.0},{"not_picked":["Outmaneuver+1","Flechettes"],"picked":"Footwork","floor":22.0}],"player_experience":1238308,"relics_obtained":[{"floor":6.0,"key":"Ninja Scroll"},{"floor":6.0,"key":"Tiny Chest"},{"floor":9.0,"key":"MealTicket"},{"floor":10.0,"key":"Anchor"},{"floor":10.0,"key":"Strawberry"},{"floor":21.0,"key":"Omamori"}],"event_choices":[{"damage_healed":0.0,"max_hp_gain":0.0,"max_hp_loss":0.0,"gold_gain":0.0,"event_name":"Shining Light","player_choice":"Entered Light","floor":3.0,"gold_loss":0.0,"damage_taken":20.0,"cards_upgraded":["Defend_G","Strike_G"]},{"damage_healed":16.0,"max_hp_gain":0.0,"max_hp_loss":0.0,"gold_gain":0.0,"event_name":"The Cleric","player_choice":"Healed","floor":5.0,"gold_loss":35.0,"damage_taken":0.0},{"damage_healed":0.0,"max_hp_gain":0.0,"max_hp_loss":0.0,"gold_gain":50.0,"event_name":"Golden Shrine","player_choice":"Pray","floor":13.0,"gold_loss":0.0,"damage_taken":0.0}],"is_beta":false,"boss_relics":[{"not_picked":["Velvet Choker","Sozu"],"picked":"Fusion Hammer"}],"items_purged_floors":[],"is_endless":false,"potions_floor_spawned":[1,8,10,12,14,18],"killed_by":"Gremlin Leader","ascension_level":20}}