{"host":"u7lm8z2rvb4dg2oo","time":1610084604,"event":{"mods":["AchievementEnabler","BaseMod","Colored Map","Colored Powertips","Curses Come First","Googly Eyes","Highlight Path","Minty Spire (QoL Compilation)","Quick Restart","StSLib"],"gold_per_floor":[110,110,110,124,138,169,12,43,43,8,47,47,66,79,79,199,199,213,179,195,195,210,210,251,251,251,274,274,189,71,90,90,213,213,237,237,570,586,605,605,631,631,685,698,698,290,290,323,323,323,323],"floor_reached":50,"playtime":4005,"items_purged":["Writhe"],"score":991,"play_id":"086b92e4-a944-4284-a2ee-60bad5f631bf","local_time":"20210108004324","is_ascension_mode":true,"campfire_choices":[{"floor":15.0,"key":"REST"},{"data":"Vault","floor":23.0,"key":"SMITH"},{"floor":28.0,"key":"REST"},{"floor":32.0,"key":"REST"},{"floor":40.0,"key":"REST"},{"floor":42,"key":"REST"},{"floor":47,"key":"REST"},{"data":"Establishment","floor":49,"key":"SMITH"}],"circlet_count":0,"master_deck":["AscendersBane","Eruption","Vigilance","CutThroughFate","Wallop","Tantrum","PathToVictory","FearNoEvil","PathToVictory","Vault+1","WreathOfFlame","FlyingSleeves+1","FollowUp","Sanctity","Scrawl","ReachHeaven","LessonLearned","Scrawl","Swivel","FlurryOfBlows","EmptyFist","Ragnarok","SashWhip","Protect","TalkToTheHand","Mayhem","Establishment+1"],"relics":["PureWater","NeowsBlessing","Eternal Feather","Bronze Scales","Mango","Ice Cream","Bag of Preparation","VioletLotus","Smiling Mask","Enchiridion","Bottled Lightning","Darkstone Periapt","Pandora\u0027s Box","Gambling Chip","Strawberry","Membership Card","Juzu Bracelet"],"acts_visited":["Exordium","TheCity","TheBeyond"],"potions_floor_usage":[41,44,48,50],"damage_taken":[{"damage":0.0,"enemies":"2 Louse","floor":1.0,"turns":2.0},{"damage":0.0,"enemies":"Jaw Worm","floor":4.0,"turns":1.0},{"damage":0.0,"enemies":"Cultist","floor":5.0,"turns":1.0},{"damage":20.0,"enemies":"3 Sentries","floor":6.0,"turns":5.0},{"damage":0.0,"enemies":"Gremlin Nob","floor":8.0,"turns":2.0},{"damage":25.0,"enemies":"3 Sentries","floor":11.0,"turns":5.0},{"damage":0.0,"enemies":"2 Fungi Beasts","floor":13.0,"turns":1.0},{"damage":11.0,"enemies":"Exordium Thugs","floor":14.0,"turns":2.0},{"damage":13.0,"enemies":"The Guardian","floor":16.0,"turns":7.0},{"damage":9.0,"enemies":"2 Thieves","floor":18.0,"turns":5.0},{"damage":17.0,"enemies":"Spheric Guardian","floor":20.0,"turns":4.0},{"damage":20.0,"enemies":"Snecko","floor":22.0,"turns":3.0},{"damage":17.0,"enemies":"Book of Stabbing","floor":24.0,"turns":6.0},{"damage":7.0,"enemies":"Chosen and Byrds","floor":27.0,"turns":4.0},{"damage":4.0,"enemies":"Centurion and Healer","floor":31.0,"turns":5.0},{"damage":50.0,"enemies":"Collector","floor":33.0,"turns":8.0},{"damage":39.0,"enemies":"3 Darklings","floor":35.0,"turns":4.0},{"damage":21.0,"enemies":"3 Shapes","floor":38.0,"turns":4.0},{"damage":0.0,"enemies":"Transient","floor":39.0,"turns":5.0},{"damage":44,"enemies":"Giant Head","floor":41,"turns":6},{"damage":43,"enemies":"Writhing Mass","floor":44,"turns":7},{"damage":35,"enemies":"Reptomancer","floor":48,"turns":5},{"damage":84,"enemies":"Donu and Deca","floor":50,"turns":3}],"seed_played":"8120306525112257895","potions_obtained":[{"floor":4.0,"key":"FearPotion"},{"floor":8.0,"key":"Block Potion"},{"floor":11.0,"key":"BlessingOfTheForge"},{"floor":14.0,"key":"BottledMiracle"},{"floor":18.0,"key":"EssenceOfSteel"},{"floor":24.0,"key":"ColorlessPotion"},{"floor":33.0,"key":"FearPotion"},{"floor":41,"key":"Block Potion"},{"floor":48,"key":"ColorlessPotion"}],"is_trial":false,"path_per_floor":["M","?","?","M","M","E","$","E","T","?","E","$","M","M","R","B",null,"M","$","M","?","M","R","E","?","T","M","R","?","$","M","R","B",null,"M","$","?","M","M","R","E","R","T","M","?","$","R","E","R","B"],"character_chosen":"WATCHER","items_purchased":["Bronze Scales","WreathOfFlame","SpeedPotion","ReachHeaven","Membership Card","Ancient Potion","ColorlessPotion","Mayhem","Establishment"],"campfire_rested":6,"item_purchase_floors":[7,19,30,30,46,46,46,46,46],"current_hp_per_floor":[65,47,47,47,47,27,27,41,41,62,37,37,37,26,60,47,76,67,67,50,50,30,42,25,9,9,2,39,39,39,35,72,22,70,31,31,31,10,10,50,6,46,53,10,39,39,83,48,63,0,0],"gold":323,"neow_bonus":"THREE_ENEMY_KILL","is_daily":false,"chose_seed":false,"campfire_upgraded":2,"win_rate":0.0,"timestamp":1610084604,"path_taken":["M","?","?","M","?","E","$","E","T","?","E","?","?","M","R","BOSS","M","?","M","?","?","R","E","?","T","M","R","?","$","M","R","BOSS","M","$","?","M","M","R","E","R","T","M","?","$","R","E","R","BOSS"],"items_purchased_type":["Relic","Card","Potion","Card","Relic","Potion","Potion","Card","Card"],"build_version":"2020-12-22","purchased_purges":1,"victory":false,"max_hp_per_floor":[72,72,72,72,72,72,72,86,86,86,86,86,86,86,86,86,86,86,86,86,86,86,86,86,86,86,86,86,86,86,86,86,86,86,86,86,86,86,86,86,86,86,93,93,99,99,99,99,99,99,99],"card_choices":[{"not_picked":["Prostrate","SashWhip"],"picked":"CutThroughFate","floor":1.0},{"not_picked":["ClearTheMind","LikeWater"],"picked":"Tantrum","floor":4.0},{"not_picked":["FollowUp","JustLucky","EmptyMind"],"picked":"SKIP","floor":5.0},{"not_picked":["CrushJoints","FollowUp"],"picked":"PathToVictory","floor":6.0},{"not_picked":["Consecrate","ConjureBlade"],"picked":"FearNoEvil","floor":8.0},{"not_picked":["Consecrate","Wireheading"],"picked":"PathToVictory","floor":11.0},{"not_picked":["Worship","CarveReality","Vengeance"],"picked":"SKIP","floor":13.0},{"not_picked":["Prostrate","FlurryOfBlows","Vengeance"],"picked":"SKIP","floor":14.0},{"not_picked":["Brilliance","Wish"],"picked":"Vault","floor":16.0},{"not_picked":["FlyingSleeves","Crescendo","Consecrate"],"picked":"SKIP","floor":18.0},{"not_picked":["CarveReality","SashWhip+1"],"picked":"FlyingSleeves+1","floor":20.0},{"not_picked":["Evaluate","Vengeance"],"picked":"Sanctity","floor":22.0},{"not_picked":["Vengeance","Protect"],"picked":"Scrawl","floor":24.0},{"not_picked":["Conclude","DeceiveReality","Nirvana"],"picked":"SKIP","floor":27.0},{"not_picked":["CrushJoints","JustLucky+1","InnerPeace"],"picked":"SKIP","floor":31.0},{"not_picked":["Establishment","DeusExMachina"],"picked":"LessonLearned","floor":33.0},{"not_picked":["Halt","Prostrate"],"picked":"Protect","floor":35.0},{"not_picked":["ThirdEye","BowlingBash","EmptyFist"],"picked":"SKIP","floor":38.0},{"not_picked":["EmptyMind","Pray"],"picked":"TalkToTheHand","floor":39.0},{"not_picked":["EmptyFist","FlurryOfBlows","EmptyMind"],"picked":"SKIP","floor":41},{"not_picked":["Nirvana","ClearTheMind+1","Perseverance"],"picked":"SKIP","floor":44},{"not_picked":["CarveReality","CutThroughFate","CrushJoints+1"],"picked":"SKIP","floor":48}],"player_experience":1123082,"relics_obtained":[{"floor":6.0,"key":"Eternal Feather"},{"floor":8.0,"key":"Mango"},{"floor":9.0,"key":"Ice Cream"},{"floor":11.0,"key":"Bag of Preparation"},{"floor":24.0,"key":"Smiling Mask"},{"floor":25.0,"key":"Enchiridion"},{"floor":26.0,"key":"Bottled Lightning"},{"floor":41,"key":"Gambling Chip"},{"floor":43,"key":"Strawberry"},{"floor":48,"key":"Juzu Bracelet"}],"event_choices":[{"damage_healed":0.0,"max_hp_gain":0.0,"max_hp_loss":0.0,"gold_gain":0.0,"event_name":"Golden Idol","player_choice":"Take Damage","floor":2.0,"gold_loss":0.0,"damage_taken":18.0,"relics_obtained":["Golden Idol"]},{"damage_healed":0.0,"max_hp_gain":0.0,"max_hp_loss":0.0,"gold_gain":0.0,"cards_transformed":["Strike_P"],"event_name":"Transmorgrifier","player_choice":"Transformed","floor":3.0,"gold_loss":0.0,"damage_taken":0.0,"cards_obtained":["Wallop"]},{"damage_healed":21.0,"max_hp_gain":0.0,"max_hp_loss":0.0,"gold_gain":0.0,"event_name":"The Cleric","player_choice":"Healed","floor":10.0,"gold_loss":35.0,"damage_taken":0.0},{"damage_healed":0.0,"max_hp_gain":0.0,"max_hp_loss":0.0,"gold_gain":0.0,"cards_transformed":["Strike_P"],"event_name":"Transmorgrifier","player_choice":"Transformed","floor":21.0,"gold_loss":0.0,"damage_taken":0.0,"cards_obtained":["FollowUp"]},{"damage_healed":0.0,"max_hp_gain":0.0,"max_hp_loss":0.0,"gold_gain":0.0,"event_name":"Cursed Tome","player_choice":"Obtained Book","floor":25.0,"gold_loss":0.0,"damage_taken":16.0},{"damage_healed":0.0,"max_hp_gain":0.0,"max_hp_loss":0.0,"gold_gain":0.0,"event_name":"Addict","player_choice":"Obtained Relic","floor":29.0,"gold_loss":85.0,"damage_taken":0.0,"relics_obtained":["Darkstone Periapt"]},{"damage_healed":0.0,"max_hp_gain":0.0,"max_hp_loss":0.0,"gold_gain":333.0,"event_name":"The Moai Head","player_choice":"Gave Idol","floor":37.0,"relics_lost":["Golden Idol"],"gold_loss":0.0,"damage_taken":0.0},{"damage_healed":23,"gold_gain":0,"player_choice":"Writhe","damage_taken":0,"max_hp_gain":0,"max_hp_loss":0,"event_name":"Winding Halls","floor":45,"gold_loss":0,"cards_obtained":["Writhe"]}],"is_beta":false,"boss_relics":[{"not_picked":["HolyWater","Busted Crown"],"picked":"VioletLotus"},{"not_picked":["Coffee Dripper","Runic Dome"],"picked":"Pandora\u0027s Box"}],"items_purged_floors":[46],"is_endless":false,"potions_floor_spawned":[4,8,11,14,18,24,33,41,48],"killed_by":"Donu and Deca","ascension_level":12}}