{"host":"uv231blk40vjdojr","time":1610139757,"event":{"mods":["AchievementEnabler","BaseMod","Bestiary","Minty Spire (QoL Compilation)","Relic Stats"],"gold_per_floor":[116,116,116,1,1,1,15,15,15,90,100,146,166,176,176,278,278,291,291,308,323,341,341,341],"floor_reached":23,"playtime":663,"items_purged":[],"score":183,"play_id":"d8d66c43-f08f-4654-918a-cbcc42f4d184","local_time":"20210108220237","is_ascension_mode":false,"campfire_choices":[{"data":"Vigilance","floor":6,"key":"SMITH"},{"data":"FlurryOfBlows","floor":8,"key":"SMITH"},{"data":"Alpha","floor":15,"key":"SMITH"}],"circlet_count":0,"master_deck":["Strike_P","Strike_P","Strike_P","Strike_P","Defend_P","Defend_P","Defend_P","Defend_P","Eruption+1","Vigilance+1","Consecrate","BattleHymn","FlurryOfBlows+1","Indignation","Vengeance","Alpha+1","Judgement","ThirdEye+1","EmptyMind"],"relics":["PureWater"],"acts_visited":["Exordium","TheCity"],"potions_floor_usage":[23],"damage_taken":[{"damage":2.0,"enemies":"Cultist","floor":1.0,"turns":3.0},{"damage":0,"enemies":"2 Louse","floor":7,"turns":2},{"damage":2,"enemies":"Small Slimes","floor":11,"turns":3},{"damage":9,"enemies":"Gremlin Gang","floor":13,"turns":4},{"damage":11,"enemies":"Lots of Slimes","floor":14,"turns":3},{"damage":18,"enemies":"Slime Boss","floor":16,"turns":5},{"damage":19,"enemies":"Shell Parasite","floor":18,"turns":5},{"damage":15,"enemies":"2 Thieves","floor":20,"turns":4},{"damage":15,"enemies":"Snecko","floor":21,"turns":5},{"damage":14,"enemies":"Centurion and Healer","floor":22,"turns":4},{"damage":31,"enemies":"Shelled Parasite and Fungi","floor":23,"turns":3}],"seed_played":"2635813679614666654","potions_obtained":[{"floor":7,"key":"GamblersBrew"},{"floor":22,"key":"GamblersBrew"}],"is_trial":false,"path_per_floor":["M","?","?","$","?","R","M","R","T","?","M","T","M","M","R","B",null,"M","?","M","M","M","M"],"character_chosen":"WATCHER","items_purchased":["BattleHymn","Regen Potion"],"campfire_rested":0,"item_purchase_floors":[4,4],"current_hp_per_floor":[70,70,75,75,75,75,75,75,75,64,62,62,53,42,42,24,77,58,58,43,28,14,0,0],"gold":341,"neow_bonus":"UPGRADE_CARD","is_daily":false,"chose_seed":false,"campfire_upgraded":3,"win_rate":0.0,"timestamp":1610139757,"path_taken":["M","?","?","$","?","R","M","R","T","?","M","?","M","M","R","BOSS","M","?","M","M","?","M"],"items_purchased_type":["Card","Potion"],"build_version":"2020-12-22","purchased_purges":0,"victory":false,"max_hp_per_floor":[72,72,77,77,77,77,77,77,77,77,77,77,77,77,77,77,77,77,77,77,77,77,77,77],"relic_stats":{"counters":[11,41],"obtain_stats":[{"PureWater":0},{"PureWater":0},{"PureWater":0}]},"card_choices":[{"not_picked":["PathToVictory","Evaluate"],"picked":"Consecrate","floor":1.0},{"not_picked":["CrushJoints","Prostrate"],"picked":"FlurryOfBlows","floor":7},{"not_picked":["Consecrate","ThirdEye"],"picked":"Indignation","floor":11},{"not_picked":["FlurryOfBlows","Consecrate"],"picked":"Vengeance","floor":13},{"not_picked":["Tantrum","ThirdEye"],"picked":"Alpha","floor":14},{"not_picked":["MasterReality","Establishment"],"picked":"Judgement","floor":16},{"not_picked":["FlurryOfBlows","Conclude"],"picked":"ThirdEye+1","floor":18},{"not_picked":["CrushJoints","SashWhip","PathToVictory"],"picked":"SKIP","floor":20},{"not_picked":["SandsOfTime","BowlingBash","ReachHeaven"],"picked":"SKIP","floor":21},{"not_picked":["Fasting2+1","JustLucky"],"picked":"EmptyMind","floor":22}],"player_experience":615223,"relics_obtained":[],"event_choices":[{"damage_healed":0,"gold_gain":0,"player_choice":"Ignored","damage_taken":0,"max_hp_gain":0,"max_hp_loss":0,"event_name":"Golden Idol","floor":2,"gold_loss":0},{"damage_healed":0,"gold_gain":0,"player_choice":"Donut","damage_taken":0,"max_hp_gain":5,"max_hp_loss":0,"event_name":"Big Fish","floor":3,"gold_loss":0},{"damage_healed":0,"gold_gain":0,"player_choice":"Ignored","damage_taken":0,"max_hp_gain":0,"max_hp_loss":0,"event_name":"Liars Game","floor":5,"gold_loss":0},{"damage_healed":0,"gold_gain":75,"player_choice":"Gather Gold","damage_taken":11,"max_hp_gain":0,"max_hp_loss":0,"event_name":"World of Goop","floor":10,"gold_loss":0},{"damage_healed":0,"gold_gain":0,"player_choice":"Relic","damage_taken":0,"max_hp_gain":0,"max_hp_loss":0,"event_name":"Wheel of Change","floor":19,"gold_loss":0}],"is_beta":false,"boss_relics":[{"not_picked":["SacredBark","Fusion Hammer","SlaversCollar"]}],"items_purged_floors":[],"is_endless":false,"potions_floor_spawned":[7,22],"killed_by":"Shelled Parasite and Fungi","ascension_level":0}}