{"host":"sav7uxregyirlf69","time":1610110545,"event":{"mods":["AchievementEnabler","BaseMod","Colored Map","DeckTracker","Keyboard Shortcuts","Minty Spire (QoL Compilation)","READ ME - Guardian Mod","StSLib","SuperFastMode"],"gold_per_floor":[118,134,184,197,122,122,22,22,22,22,47,47,47,60,60,132,132,150,150,150,150,150,185,199,219,219,219,219],"floor_reached":27,"playtime":357,"items_purged":["Strike_G","Strike_G"],"score":658,"play_id":"7b9ab910-30ba-4baf-a357-dfea0ece5120","local_time":"20210108215545","is_ascension_mode":true,"campfire_choices":[{"data":"Deadly Poison","floor":6,"key":"SMITH"},{"data":"Dagger Spray","floor":8,"key":"SMITH"},{"data":"Catalyst","floor":12,"key":"SMITH"},{"data":"Deadly Poison","floor":15,"key":"SMITH"}],"circlet_count":0,"master_deck":["AscendersBane","Strike_G","Strike_G","Strike_G","Defend_G","Defend_G","Defend_G","Defend_G","Defend_G","Survivor","Neutralize","Dagger Spray+1","Cloak And Dagger","Deadly Poison+1","Catalyst+1","Deadly Poison+1","Corpse Explosion","Catalyst+1","Backflip+1"],"relics":["Ring of the Snake","Gambling Chip","Ginger","Art of War","Sozu","Happy Flower","Bird Faced Urn"],"acts_visited":["Exordium","TheCity"],"potions_floor_usage":[16,23,25],"damage_taken":[{"damage":1.0,"enemies":"Jaw Worm","floor":1.0,"turns":5.0},{"damage":1.0,"enemies":"Cultist","floor":2.0,"turns":4.0},{"damage":0,"enemies":"Small Slimes","floor":4,"turns":4},{"damage":11,"enemies":"Lagavulin","floor":11,"turns":5},{"damage":4,"enemies":"Red Slaver","floor":14,"turns":3},{"damage":0,"enemies":"The Guardian","floor":16,"turns":5},{"damage":0,"enemies":"Chosen","floor":18,"turns":2},{"damage":0,"enemies":"Gremlin Leader","floor":23,"turns":1},{"damage":0,"enemies":"Spheric Guardian","floor":24,"turns":1},{"damage":24,"enemies":"Chosen and Byrds","floor":25,"turns":5},{"damage":15,"enemies":"Centurion and Healer","floor":27,"turns":4}],"seed_played":"5167058336953378428","potions_obtained":[{"floor":2.0,"key":"DistilledChaos"},{"floor":13,"key":"CultistPotion"},{"floor":16,"key":"DuplicationPotion"}],"is_trial":false,"path_per_floor":["M","M","?","M","$","R","$","R","T","$","E","R","?","M","R","B",null,"M","?","?","?","?","E","M","M","T","M"],"character_chosen":"THE_SILENT","items_purchased":[],"campfire_rested":0,"item_purchase_floors":[],"current_hp_per_floor":[58,57,51,51,51,51,51,51,51,51,40,40,40,36,36,36,54,54,54,54,38,38,38,38,14,14,0,0],"gold":219,"neow_bonus":"ONE_RARE_RELIC","is_daily":false,"chose_seed":false,"campfire_upgraded":4,"win_rate":0.0,"timestamp":1610110545,"path_taken":["M","M","?","?","$","R","?","R","T","$","E","R","?","?","R","BOSS","M","?","?","?","?","E","M","M","T","?"],"items_purchased_type":[],"build_version":"2020-12-22","purchased_purges":2,"victory":false,"max_hp_per_floor":[60,60,60,60,60,60,60,60,60,60,60,60,60,60,60,60,60,60,60,60,65,65,65,65,65,65,65,65],"card_choices":[{"not_picked":["Underhanded Strike","Flying Knee"],"picked":"Dagger Spray","floor":1.0},{"not_picked":["Bane","Flying Knee"],"picked":"Cloak And Dagger","floor":2.0},{"not_picked":["Dagger Spray","Masterful Stab"],"picked":"Deadly Poison","floor":4},{"not_picked":["Storm of Steel","Bane"],"picked":"Catalyst","floor":11},{"not_picked":["Deflect","Cloak And Dagger"],"picked":"Deadly Poison","floor":14},{"not_picked":["Unload","Envenom"],"picked":"Corpse Explosion","floor":16},{"not_picked":["Bane","Outmaneuver+1","Skewer"],"picked":"SKIP","floor":18},{"not_picked":["Dagger Throw","Slice"],"picked":"Backflip+1","floor":23},{"not_picked":["Terror","Outmaneuver","Caltrops"],"picked":"SKIP","floor":24},{"not_picked":["PiercingWail","Underhanded Strike","Cloak And Dagger"],"picked":"SKIP","floor":25}],"player_experience":1201619,"relics_obtained":[{"floor":9,"key":"Ginger"},{"floor":11,"key":"Art of War"},{"floor":23,"key":"Happy Flower"},{"floor":26,"key":"Bird Faced Urn"}],"event_choices":[{"damage_healed":0,"gold_gain":50,"player_choice":"Touch","damage_taken":6,"max_hp_gain":0,"max_hp_loss":0,"event_name":"FaceTrader","floor":3,"gold_loss":0},{"damage_healed":0,"gold_gain":0,"player_choice":"Got Potions","damage_taken":0,"max_hp_gain":0,"max_hp_loss":0,"event_name":"Lab","floor":13,"gold_loss":0},{"damage_healed":0,"gold_gain":0,"player_choice":"Ignored","damage_taken":0,"max_hp_gain":0,"max_hp_loss":0,"event_name":"Cursed Tome","floor":19,"gold_loss":0},{"damage_healed":0,"gold_gain":0,"player_choice":"Ignored","damage_taken":0,"max_hp_gain":0,"max_hp_loss":0,"event_name":"Vampires","floor":20,"gold_loss":0},{"damage_healed":0,"gold_gain":0,"player_choice":"Shed Blood","damage_taken":21,"max_hp_gain":5,"max_hp_loss":0,"event_name":"Forgotten Altar","floor":21,"gold_loss":0},{"damage_healed":0,"gold_gain":0,"player_choice":"Copied","damage_taken":0,"max_hp_gain":0,"max_hp_loss":0,"event_name":"Duplicator","floor":22,"gold_loss":0,"cards_obtained":["Catalyst"]}],"is_beta":false,"boss_relics":[{"not_picked":["Empty Cage","Ectoplasm"],"picked":"Sozu"}],"items_purged_floors":[5,7],"is_endless":false,"potions_floor_spawned":[2,14,16,18,23,24],"killed_by":"Centurion and Healer","ascension_level":20}}