{"host":"pzxn1nb1tlmimivy","time":1610100461,"event":{"mods":["BaseMod","CapriCore","Infinite Spire","Lobotomy","LobotomyExtend","Minty Spire (QoL Compilation)","Quick Restart","Replay The Spire","StSLib","TestMod","The Immortal","TheWitcher"],"gold_per_floor":[110,122,122,297,297,326,326,365,388,406,406,427,223,258,258,372,372,385,385,401,401,401,425,434,462,462,462,478,478,489,489,489,591,591,591,165,202,311],"floor_reached":39,"playtime":1835,"items_purged":["Doubt","MokouMod:Defend","MokouMod:Strike"],"score":2719,"play_id":"265c37f5-7611-43cc-9756-c03126eb8b6e","local_time":"20210108180741","is_ascension_mode":true,"campfire_choices":[{"data":"MokouMod:FujiyamaVolcano","floor":7,"key":"SMITH"},{"data":"MokouMod:SacredFire","floor":11,"key":"SMITH"},{"floor":15,"key":"DIG"},{"data":"MokouMod:PhoenixForm","floor":27,"key":"SMITH"},{"data":"MokouMod:Firecracker","floor":29,"key":"SMITH"},{"data":"MokouMod:ResonanceReactor","floor":32,"key":"SMITH"},{"data":"MokouMod:SacredFire","floor":35,"key":"SMITH"}],"circlet_count":0,"master_deck":["MokouMod:Strike","MokouMod:Strike","MokouMod:Strike","MokouMod:Strike","MokouMod:Defend","MokouMod:Defend","MokouMod:HeatSpark","MokouMod:GuidingSmoke","MokouMod:HeatCyclone","MokouMod:FujiyamaVolcano+1","MokouMod:SacredFire+1","MokouMod:ResonanceReactor+1","MokouMod:Firecracker+1","MokouMod:Extinguish","MokouMod:PhoenixForm+1","MokouMod:HouraiForge","MokouMod:SacredFire+1","MokouMod:Burn","MokouMod:EnchantingBambooForest"],"relics":["MokouMod:PhoenixFeather","testmod-TestBox","testmod-TheFather","NeowsBlessing","LetterFromLob","Vajra","Pet Ghost","BargainBundle","infinitespire:CursedDice","testmod-TurbochargingSystem","Black Star","Nloth\u0027s Gift","testmod-Charity","testmod-Recursion","MagicBullet_r","InkBottle","Happy Flower","ReplayTheSpireMod:TigerMarble","Ginger","Bird Faced Urn","infinitespire:EvilPickle","infinitespire:Cupcake","Mummified Hand","Divine Protection","Torii"],"acts_visited":["Exordium","TheCity","TheEnding"],"potions_floor_usage":[8,16,33,38,38],"damage_taken":[{"damage":0,"enemies":"Cultist","floor":1,"turns":1},{"damage":0,"enemies":"Jaw Worm","floor":2,"turns":1},{"damage":0,"enemies":"Gremlin Nob","floor":6,"turns":1},{"damage":21,"enemies":"Lagavulin","floor":8,"turns":5},{"damage":0,"enemies":"2 Louse","floor":10,"turns":1},{"damage":8,"enemies":"Blue Slaver","floor":12,"turns":2},{"damage":8,"enemies":"Gremlin Nob","floor":14,"turns":3},{"damage":52,"enemies":"The Guardian","floor":16,"turns":8},{"damage":0,"enemies":"3 Byrds","floor":18,"turns":1},{"damage":23,"enemies":"Shell Parasite","floor":20,"turns":4},{"damage":21,"enemies":"Nightmare","floor":23,"turns":4},{"damage":18,"enemies":"Shelled Parasite and Fungi","floor":24,"turns":2},{"damage":18,"enemies":"Gremlin Leader","floor":25,"turns":2},{"damage":18,"enemies":"Snecko","floor":28,"turns":4},{"damage":0,"enemies":"Chosen and Byrds","floor":30,"turns":3},{"damage":16,"enemies":"Pondfish","floor":33,"turns":3},{"damage":41,"enemies":"Shield and Spear","floor":37,"turns":3},{"damage":237,"enemies":"The Heart","floor":38,"turns":12}],"seed_played":"8803693078180599662","potions_obtained":[{"floor":1,"key":"Energy Potion"},{"floor":6,"key":"Weak Potion"},{"floor":8,"key":"EssenceOfSteel"},{"floor":12,"key":"ColorlessPotion"},{"floor":18,"key":"DuplicationPotion"},{"floor":25,"key":"testmod-TimePotion"}],"is_trial":false,"path_per_floor":["M","M","?","?","?","E","R","E","T","M","R","M","$","E","R","B",null,"M","?","M","AVR","M","NM","M","E","T","R","M","R","M","?","R","B",null,"R","$","E","B",null],"character_chosen":"MKU","items_purchased":["BargainBundle","MokouMod:ResonanceReactor","MokouMod:Firecracker","Mummified Hand","MokouMod:Burn"],"campfire_rested":0,"item_purchase_floors":[13,13,13,36,36],"current_hp_per_floor":[75,75,75,75,75,75,75,54,54,54,54,46,61,53,53,1,75,75,75,52,52,52,38,24,17,17,17,6,6,18,18,18,22,116,116,116,89,25],"gold":311,"neow_bonus":"THREE_ENEMY_KILL","is_daily":false,"chose_seed":false,"campfire_upgraded":6,"win_rate":0.0,"timestamp":1610100461,"path_taken":["M","?","?","?","?","E","R","E","T","M","R","M","?","E","R","BOSS","M","?","?","AVR","M","NM","M","E","T","R","M","R","?","?","R","BOSS","R","$","E","BOSS"],"items_purchased_type":["Relic","Card","Card","Relic","Card"],"build_version":"2020-12-22","purchased_purges":3,"victory":true,"max_hp_per_floor":[75,75,75,75,75,75,75,75,75,75,75,75,75,75,75,75,75,75,75,75,75,75,82,86,97,97,97,100,100,106,106,106,116,116,116,116,126,142],"card_choices":[{"not_picked":["MokouMod:ResonanceReactor","MokouMod:IndiscriminateIgnition"],"picked":"MokouMod:GuidingSmoke","floor":1},{"not_picked":["MokouMod:SubterraneanCore","MokouMod:Wildfire"],"picked":"MokouMod:HeatCyclone","floor":2},{"not_picked":["MokouMod:Overheat","MokouMod:Ember"],"picked":"MokouMod:FujiyamaVolcano","floor":6},{"not_picked":["MokouMod:PhoenixFeathers","MokouMod:Cataclysm"],"picked":"MokouMod:SacredFire","floor":8},{"not_picked":["MokouMod:Overheat","MokouMod:CrimsonArmoury","MokouMod:FlickeringFlame"],"picked":"SKIP","floor":10},{"not_picked":["MokouMod:Fireball","MokouMod:SubterraneanCore","MokouMod:AdaptivePyromancy"],"picked":"SKIP","floor":12},{"not_picked":["MokouMod:FlickeringFlame","MokouMod:Stoke","MokouMod:UncontrollableSolarReaction"],"picked":"SKIP","floor":14},{"not_picked":["MokouMod:EnchantingBambooForest","MokouMod:SearingBlow"],"picked":"MokouMod:Extinguish","floor":16},{"not_picked":["MokouMod:UncontrollableSolarReaction+1","MokouMod:FujiyamaVolcano+1","MokouMod:Refresh"],"picked":"SKIP","floor":18},{"not_picked":["MokouMod:FlareStarter","MokouMod:Stoke+1","MokouMod:IgneousBlow+1"],"picked":"SKIP","floor":20},{"not_picked":["MokouMod:ScorchingColumn","MokouMod:Fireball"],"picked":"MokouMod:PhoenixForm","floor":23},{"not_picked":["MokouMod:Ember","MokouMod:FlamingFireTalons+1","MokouMod:IllusoryBattlefield"],"picked":"SKIP","floor":24},{"not_picked":["MokouMod:ResonatingAura","MokouMod:IndiscriminateIgnition"],"picked":"MokouMod:HouraiForge","floor":25},{"not_picked":["MokouMod:InfernalWave","MokouMod:Stoke","MokouMod:ExplosiveFlame"],"picked":"SKIP","floor":28},{"not_picked":["MokouMod:Fireball","MokouMod:AdaptivePyromancy","MokouMod:FlareStarter"],"picked":"SKIP","floor":30},{"not_picked":["MokouMod:ProfanedFlare","MokouMod:EnchantingBambooForest"],"picked":"MokouMod:SacredFire","floor":33},{"not_picked":["MokouMod:ExplosiveFlame","MokouMod:RadiantBlade","MokouMod:IcarusDive+1"],"picked":"SKIP","floor":37},{"not_picked":["MokouMod:SpontaneousHumanCombustion","MokouMod:PhoenixForm"],"picked":"MokouMod:EnchantingBambooForest","floor":38}],"player_experience":1359777,"relics_obtained":[{"floor":1,"key":"LetterFromLob"},{"floor":6,"key":"Vajra"},{"floor":8,"key":"MealTicket"},{"floor":9,"key":"Pet Ghost"},{"floor":14,"key":"infinitespire:CursedDice"},{"floor":15,"key":"testmod-TurbochargingSystem"},{"floor":23,"key":"InkBottle"},{"floor":23,"key":"Happy Flower"},{"floor":25,"key":"ReplayTheSpireMod:TigerMarble"},{"floor":25,"key":"Ginger"},{"floor":26,"key":"Bird Faced Urn"},{"floor":37,"key":"Divine Protection"},{"floor":37,"key":"Torii"}],"event_choices":[{"damage_healed":0,"gold_gain":175,"player_choice":"AGREE","damage_taken":0,"max_hp_gain":0,"max_hp_loss":0,"event_name":"Liars Game","floor":4,"gold_loss":0,"cards_obtained":["Doubt"]},{"damage_healed":0,"gold_gain":0,"player_choice":"Ignored","damage_taken":0,"max_hp_gain":0,"max_hp_loss":0,"event_name":"给自己的盒子","floor":5,"gold_loss":0},{"damage_healed":0,"gold_gain":0,"player_choice":"Traded Relic","damage_taken":0,"relics_obtained":["Nloth\u0027s Gift"],"max_hp_gain":0,"max_hp_loss":0,"event_name":"N\u0027loth","floor":19,"relics_lost":["MealTicket"],"gold_loss":0}],"is_beta":false,"boss_relics":[{"not_picked":["testmod-IncinerationGenerator","Replay:Bronze Core"],"picked":"Black Star"},{"not_picked":["Empty Cage","testmod-Nine"],"picked":"infinitespire:Cupcake"}],"items_purged_floors":[13,21,36],"is_endless":true,"potions_floor_spawned":[1,6,8,12,14,18,20,25,30],"ascension_level":2}}