{"host":"w5wm7ibv4mob2r08","time":1610123434,"event":{"mods":["AchievementEnabler","BaseMod","Hermit","Minty Spire (QoL Compilation)","Quick Restart","StSLib","SuperFastMode"],"gold_per_floor":[111,129,129,139,151,151,177,177,229,265,290,290,311,331,331,331,331],"floor_reached":16,"playtime":495,"items_purged":[],"score":171,"play_id":"4c51a397-23ce-4d09-91c7-8fb7a0bda049","local_time":"20210109013034","is_ascension_mode":true,"campfire_choices":[{"floor":6,"key":"REST"},{"data":"hermit:Covet","floor":12,"key":"SMITH"},{"data":"hermit:Virtue","floor":15,"key":"SMITH"}],"circlet_count":0,"master_deck":["AscendersBane","hermit:Strike_Hermit","hermit:Strike_Hermit","hermit:Strike_Hermit","hermit:Strike_Hermit","hermit:Defend_Hermit","hermit:Defend_Hermit+1","hermit:Defend_Hermit+1","hermit:Defend_Hermit","hermit:Snapshot","hermit:Covet+1","Normality","hermit:Headshot","hermit:Deadeye","hermit:Ricochet","hermit:FullyLoaded","hermit:RoundhouseKick","hermit:Virtue+1","hermit:Gambit"],"relics":["hermit:Momento","Mango","Sundial","Golden Idol","Dream Catcher","Strawberry"],"acts_visited":["Exordium"],"potions_floor_usage":[7,16,16],"damage_taken":[{"damage":16.0,"enemies":"Jaw Worm","floor":1.0,"turns":4.0},{"damage":9,"enemies":"Small Slimes","floor":2,"turns":4},{"damage":0,"enemies":"Cultist","floor":4,"turns":3},{"damage":12,"enemies":"Exordium Thugs","floor":5,"turns":5},{"damage":2,"enemies":"Gremlin Nob","floor":7,"turns":3},{"damage":19,"enemies":"3 Sentries","floor":10,"turns":7},{"damage":17,"enemies":"Large Slime","floor":11,"turns":4},{"damage":0,"enemies":"Gremlin Gang","floor":13,"turns":3},{"damage":0,"enemies":"Exordium Wildlife","floor":14,"turns":2},{"damage":25,"enemies":"Hexaghost","floor":16,"turns":9}],"seed_played":"3789473734076674119","potions_obtained":[{"floor":1,"key":"PowerPotion"},{"floor":4,"key":"BlessingOfTheForge"},{"floor":10,"key":"Fire Potion"},{"floor":11,"key":"Block Potion"}],"is_trial":false,"path_per_floor":["M","M","?","M","M","R","E","?","T","E","M","R","M","M","R","B"],"character_chosen":"HERMIT","items_purchased":[],"campfire_rested":1,"item_purchase_floors":[],"current_hp_per_floor":[66,57,39,39,27,53,51,51,51,39,22,22,22,22,22,0,0],"gold":331,"neow_bonus":"ONE_RARE_RELIC","is_daily":false,"chose_seed":false,"campfire_upgraded":2,"win_rate":0.0,"timestamp":1610123434,"path_taken":["M","M","?","M","M","R","E","?","T","E","M","R","M","M","R","BOSS"],"items_purchased_type":[],"build_version":"2020-12-22","purchased_purges":0,"victory":false,"max_hp_per_floor":[89,89,89,89,89,89,89,82,82,89,89,89,89,89,89,89,89],"card_choices":[{"not_picked":["hermit:Manifest","hermit:Roulette"],"picked":"hermit:Headshot","floor":1},{"not_picked":["hermit:FullyLoaded","hermit:Feint"],"picked":"hermit:Deadeye","floor":2},{"not_picked":["hermit:TakeCover","hermit:Snipe","hermit:Brawl"],"picked":"SKIP","floor":4},{"not_picked":["hermit:Malice","hermit:Cheat"],"picked":"hermit:Ricochet","floor":5},{"not_picked":["hermit:Ricochet","hermit:Horror"],"picked":"hermit:FullyLoaded","floor":7},{"not_picked":["hermit:Cheat","hermit:LowProfile"],"picked":"hermit:RoundhouseKick","floor":10},{"not_picked":["hermit:HighCaliber","hermit:Coalescence","hermit:TakeCover"],"picked":"SKIP","floor":11},{"not_picked":["hermit:SprayPray","hermit:LowProfile"],"picked":"hermit:Virtue","floor":13},{"not_picked":["hermit:CursedWeapon","hermit:Coalescence"],"picked":"hermit:Gambit","floor":14}],"player_experience":580560,"relics_obtained":[{"floor":7,"key":"Sundial"},{"floor":9,"key":"Dream Catcher"},{"floor":10,"key":"Strawberry"}],"event_choices":[{"damage_healed":0,"gold_gain":0,"player_choice":"Entered Light","damage_taken":18,"max_hp_gain":0,"max_hp_loss":0,"event_name":"Shining Light","floor":3,"gold_loss":0,"cards_upgraded":["hermit:Defend_Hermit","hermit:Defend_Hermit"]},{"damage_healed":0,"gold_gain":0,"player_choice":"Lose Max HP","damage_taken":0,"relics_obtained":["Golden Idol"],"max_hp_gain":0,"max_hp_loss":7,"event_name":"Golden Idol","floor":8,"gold_loss":0}],"is_beta":false,"boss_relics":[],"items_purged_floors":[],"is_endless":false,"potions_floor_spawned":[1,4,10,11,13],"killed_by":"Hexaghost","ascension_level":10}}