{"host":"a3oe3gstxz77c7qu","time":1610093755,"event":{"mods":["2.2 Compatiblity","Act Like it!","BaseMod","Bestiary","Better Altar","Better Match","Better Note","Better Skull","Better Third Choice","Block Reminder","Curses Come First","Custom Start","Downfall","Friendly Minions","GifTheSpireLib","Hermit","Infinite Spire","Jorbs\u0027s Wanderer Trilogy","Lobotomy","LobotomyExtend","Marisa????????","Minty Spire (QoL Compilation)","Permanent Neow","Quick Restart","Relic Stats","Replay The Spire","StSLib","The Bug Knight","The Disciple","Uncapped","Wandering Minibosses"],"gold_per_floor":[119,139,151,59,59,84,84,103,126,144,144,144],"floor_reached":11,"playtime":931,"items_purged":[],"score":110,"play_id":"c615ef1a-46b4-459b-ad4e-68372223bb69","local_time":"20210108081555","is_ascension_mode":true,"campfire_choices":[],"circlet_count":0,"master_deck":["Strike_Br","Strike_Br","Strike_Br","Strike_Br","Defend_Br","Defend_Br+1","Defend_Br","Defend_Br+1","SecondHand","PatternShift","Echoward","UniverseFragment","LockedLightning","LockedWarPaint","expansioncontent:DefensiveStance","HandsUpB+1","EscortCommand","TickedOff","MeatLantern"],"relics":["Chronometer","CogitoBucket","RabbitCall","LetterFromLob","infinitespire:Beetle Shell","Happy Flower","SkinProphecy"],"acts_visited":["Exordium"],"potions_floor_usage":[],"damage_taken":[{"damage":0.0,"enemies":"Jaw Worm","floor":1.0,"turns":7.0},{"damage":0.0,"enemies":"Small Slimes","floor":2.0,"turns":5.0},{"damage":6.0,"enemies":"Cultist","floor":3.0,"turns":7.0},{"damage":0.0,"enemies":"Lagavulin","floor":6.0,"turns":16.0},{"damage":0.0,"enemies":"3 Louse","floor":8.0,"turns":7.0},{"damage":0.0,"enemies":"Red Slaver","floor":10.0,"turns":11.0},{"damage":0,"enemies":"Gremlin Nob","floor":11,"turns":1}],"seed_played":"6235335612957993535","potions_obtained":[{"floor":2.0,"key":"Block Potion"},{"floor":3.0,"key":"Block Potion"}],"is_trial":false,"path_per_floor":["M","M","M","$","?","E","?","M","T","M","E"],"character_chosen":"CHRONO_CLASS","items_purchased":["expansioncontent:DefensiveStance"],"campfire_rested":0,"item_purchase_floors":[4],"current_hp_per_floor":[65,65,59,59,46,46,46,46,46,46,42,42],"gold":144,"neow_bonus":"","is_daily":false,"chose_seed":false,"campfire_upgraded":0,"win_rate":0.0,"timestamp":1610093755,"path_taken":["M","M","M","$","?","E","?","M","T","M","E"],"items_purchased_type":["Card"],"build_version":"2020-12-22","purchased_purges":0,"victory":false,"max_hp_per_floor":[65,65,65,65,65,65,65,65,65,65,67,67],"relic_stats":{"Happy Flower":[4],"counters":[8,53],"obtain_stats":[{"RabbitCall":0,"CogitoBucket":0,"Happy Flower":9,"Chronometer":0,"infinitespire:Beetle Shell":6,"LetterFromLob":1,"SkinProphecy":10},{"RabbitCall":0,"CogitoBucket":0,"Happy Flower":5,"Chronometer":0,"infinitespire:Beetle Shell":4,"LetterFromLob":1,"SkinProphecy":7},{"RabbitCall":0,"CogitoBucket":0,"Happy Flower":41,"Chronometer":0,"infinitespire:Beetle Shell":35,"LetterFromLob":7,"SkinProphecy":52}]},"card_choices":[{"not_picked":["CrunchTime","AlternateTimeline"],"picked":"Echoward","floor":1.0},{"not_picked":["OldLady","SpiderBud","BigBadWolf"],"picked":"Singing Bowl","floor":1.0},{"not_picked":["LittlePrince","OldLady"],"picked":"UniverseFragment","floor":1.0},{"not_picked":["CrunchTime","TickedOff"],"picked":"LockedLightning","floor":2.0},{"not_picked":["VoidDream","SilentOrchestra","WallGazer"],"picked":"Singing Bowl","floor":2.0},{"not_picked":["Cuckoo","LockedMedicine"],"picked":"LockedWarPaint","floor":3.0},{"not_picked":["Bloodbath","CrumblingArmor","Variant"],"picked":"Singing Bowl","floor":3.0},{"not_picked":["LockedOrichalcum","BlueShift"],"picked":"HandsUpB","floor":6.0},{"not_picked":["MeatLantern","CherryBlossoms","Rudolta"],"picked":"Singing Bowl","floor":6.0},{"not_picked":["ReapSow","BiteCommand"],"picked":"EscortCommand","floor":8.0},{"not_picked":["FairyFestival","SpiderBud","CherryBlossoms"],"picked":"Singing Bowl","floor":8.0},{"not_picked":["Engulf","CrunchTime"],"picked":"TickedOff","floor":10.0},{"not_picked":["CherryBlossoms","Murderer","Freischutz"],"picked":"Singing Bowl","floor":10.0},{"not_picked":["BigBadWolf","Alriune"],"picked":"MeatLantern","floor":10.0}],"player_experience":928549,"relics_obtained":[{"floor":1.0,"key":"LetterFromLob"},{"floor":6.0,"key":"infinitespire:Beetle Shell"},{"floor":9.0,"key":"Happy Flower"}],"event_choices":[{"damage_healed":59.0,"max_hp_gain":0.0,"max_hp_loss":65.0,"gold_gain":0.0,"event_name":"betterThird:BetterShining","player_choice":"Upgrade","floor":5.0,"gold_loss":0.0,"damage_taken":13.0,"cards_upgraded":["Defend_Br","Defend_Br"]}],"is_beta":false,"boss_relics":[],"items_purged_floors":[],"is_endless":false,"potions_floor_spawned":[2,3],"killed_by":"Gremlin Nob","ascension_level":2}}