{"host":"10b2ljh1rg6srmxa","time":1610127939,"event":{"mods":["AchievementEnabler","BaseMod","Colored Powertips","Conspire","Downfall","Googly Eyes","Hubris","Infinite Spire","Minty Spire (QoL Compilation)","Replay The Spire","StSLib"],"gold_per_floor":[116,169,169,19,37,62,62,97,124,142,142,161,161,161,161,266,266,284,284,301,315,275,275,285,24,24,44,57,57,57],"floor_reached":29,"playtime":2189,"items_purged":[],"score":299,"play_id":"7a6bda4f-b00d-44ea-83bd-5d0c651d5a44","local_time":"20210108184539","is_ascension_mode":true,"campfire_choices":[{"data":"Storm of Steel","floor":7,"key":"SMITH"},{"floor":11,"key":"REST"},{"data":"Dodge and Roll","floor":13,"key":"SMITH"},{"data":"Dagger Throw","floor":15,"key":"SMITH"},{"floor":23,"key":"RECALL"}],"circlet_count":0,"master_deck":["Strike_G+1","Strike_G","Strike_G","Defend_G","Defend_G","Defend_G","Defend_G","Defend_G+1","Survivor","Neutralize","Acrobatics","Sucker Punch","Hidden Blade","Storm of Steel+1","Dodge and Roll+1","Dagger Throw+1","Phantasmal Killer+1","Crippling Poison+1","Accuracy+1","Blur","infinitespire:Neurotoxin","Footwork+1","Malaise","Deflect"],"relics":["m_SnakeBloodCore","NeowsBlessing","Toy Ornithopter","infinitespire:Cubic Diamond","Blue Doll","Replay:Baseball","Onion Ring","Empty Cage","Happy Flower","Pen Nib"],"acts_visited":["Exordium","TheCity"],"potions_floor_usage":[16,16,21,24,28,29,29],"damage_taken":[{"damage":0,"enemies":"Small Slimes","floor":1,"turns":1},{"damage":0,"enemies":"Cultist","floor":5,"turns":1},{"damage":0,"enemies":"Lagavulin","floor":6,"turns":1},{"damage":47,"enemies":"3 Sentries","floor":8,"turns":14},{"damage":0,"enemies":"2 Louse","floor":10,"turns":2},{"damage":8,"enemies":"Exordium Wildlife","floor":12,"turns":4},{"damage":15,"enemies":"Slime Boss","floor":16,"turns":20},{"damage":9,"enemies":"3 Byrds","floor":18,"turns":7},{"damage":10,"enemies":"2 Thieves","floor":20,"turns":3},{"damage":7,"enemies":"Chosen and Byrds","floor":21,"turns":4},{"damage":12,"enemies":"Snecko","floor":24,"turns":5},{"damage":36,"enemies":"Snake Plant","floor":27,"turns":5},{"damage":16,"enemies":"Cultist and Chosen","floor":28,"turns":9},{"damage":29,"enemies":"Sentry and Sphere","floor":29,"turns":5}],"seed_played":"-3140943412353473891","potions_obtained":[{"floor":2,"key":"EssenceOfSteel"},{"floor":10,"key":"Elixir"},{"floor":12,"key":"Dexterity Potion"},{"floor":20,"key":"Fire Potion"},{"floor":21,"key":"hexamod:EctoCoolerPotion"},{"floor":27,"key":"Block Potion"},{"floor":28,"key":"conspire:TimeTravelPotion"}],"is_trial":false,"path_per_floor":["M","?","?","$","M","E","R","E","T","M","R","M","R","?","R","B",null,"M","?","M","M","?","R","M","$","T","M","M","M"],"character_chosen":"THE_SILENT","items_purchased":["Blue Doll","infinitespire:Neurotoxin","Happy Flower","Footwork+1"],"campfire_rested":1,"item_purchase_floors":[4,25,25,25],"current_hp_per_floor":[70,70,70,70,70,70,70,26,26,29,50,45,45,45,45,43,70,64,64,57,58,58,58,54,54,54,21,13,0,0],"gold":57,"neow_bonus":"THREE_ENEMY_KILL","is_daily":false,"chose_seed":false,"campfire_upgraded":3,"win_rate":0.0,"timestamp":1610127939,"path_taken":["M","?","?","?","M","E","R","E","T","M","R","M","R","?","R","BOSS","M","?","M","?","?","R","M","$","T","M","M","?"],"items_purchased_type":["Relic","Card","Relic","Card"],"build_version":"2020-12-22","purchased_purges":0,"victory":false,"max_hp_per_floor":[70,70,70,70,70,70,70,70,70,70,70,70,70,70,70,70,70,70,70,70,70,70,70,70,70,70,70,70,70,70],"card_choices":[{"not_picked":["Slice","Outmaneuver"],"picked":"Acrobatics","floor":1},{"not_picked":["All Out Attack","Eviscerate"],"picked":"Sucker Punch","floor":2},{"not_picked":["Sucker Punch","ReplayTheSpireMod:Exploit Weakness"],"picked":"Hidden Blade","floor":2},{"not_picked":["Bouncing Flask","Underhanded Strike"],"picked":"Storm of Steel","floor":5},{"not_picked":["Escape Plan","Hidden Blade"],"picked":"Dodge and Roll","floor":6},{"not_picked":["ReplayTheSpireMod:Exploit Weakness","Slice","Outmaneuver"],"picked":"SKIP","floor":8},{"not_picked":["hubris:Counter","Acrobatics"],"picked":"Dagger Throw","floor":10},{"not_picked":["Calculated Gamble","Tactician","hubris:SlightOfHand"],"picked":"SKIP","floor":12},{"not_picked":["Replay:Bag of Tricks","Wraith Form v2"],"picked":"Phantasmal Killer","floor":16},{"not_picked":["Quick Slash","Acrobatics"],"picked":"Crippling Poison+1","floor":18},{"not_picked":["Outmaneuver","Escape Plan+1"],"picked":"Accuracy","floor":20},{"not_picked":["Poisoned Stab","Escape Plan","Acrobatics+1"],"picked":"SKIP","floor":21},{"not_picked":["Poisoned Stab","PiercingWail"],"picked":"Blur","floor":24},{"not_picked":["Fluid Movement","All Out Attack+1"],"picked":"Malaise","floor":27},{"not_picked":["Dagger Spray+1","Well Laid Plans+1"],"picked":"Deflect","floor":28}],"player_experience":337543,"relics_obtained":[{"floor":2,"key":"Toy Ornithopter"},{"floor":6,"key":"Replay:Baseball"},{"floor":8,"key":"Onion Ring"},{"floor":26,"key":"Pen Nib"}],"event_choices":[{"damage_healed":0,"gold_gain":0,"player_choice":"Upgraded","damage_taken":0,"max_hp_gain":0,"max_hp_loss":0,"event_name":"Upgrade Shrine","floor":19,"gold_loss":0,"cards_upgraded":["Phantasmal Killer"]},{"damage_healed":0,"gold_gain":0,"player_choice":"Upgraded Two","damage_taken":0,"max_hp_gain":0,"max_hp_loss":0,"event_name":"Designer","floor":22,"gold_loss":40,"cards_upgraded":["Strike_G","Accuracy"]}],"is_beta":false,"boss_relics":[{"not_picked":["hubris:HollowSoul","Honey Jar"],"picked":"Empty Cage"}],"items_purged_floors":[],"is_endless":false,"potions_floor_spawned":[10,12,20,21,27,28],"killed_by":"Sentry and Sphere","ascension_level":3}}