{"host":"Dean","time":1610132011,"event":{"mods":["2.2 Compatiblity","AchievementEnabler","BaseMod","Block Reminder","Colored Map","Colored Powertips","Minty Spire (QoL Compilation)","Permanent Neow","Quick Restart","Relic Stats","Replay The Spire","StSLib"],"gold_per_floor":[99,99,118,118,128,128,159,170,170,197,197,197,238,349,349,474,474,497,497,101,139,164,164,164,198,250,250,328,372,372,421,421,585,585,630,159,381,381,381,381,470,470,525,123,200,244,326,415,415,469],"floor_reached":51,"playtime":3295,"items_purged":["Strike_G","Defend_G","Defend_G+1"],"score":1624,"play_id":"e46fa011-f62d-4426-8403-71c0fda98003","local_time":"20210108135331","daily_mods":["Colorless Cards","Heirloom"],"is_ascension_mode":true,"campfire_choices":[{"data":"Blade Dance","floor":6,"key":"SMITH"},{"data":"Neutralize","floor":6,"key":"SMITH"},{"data":"1","floor":11,"key":"LIFT"},{"data":"2","floor":15,"key":"LIFT"},{"data":"3","floor":23,"key":"LIFT"},{"data":"Replay:BasicMightCard","floor":24,"key":"SMITH"},{"data":"Hidden Blade","floor":24,"key":"SMITH"},{"data":"Riddle With Holes","floor":27,"key":"SMITH"},{"data":"Well Laid Plans","floor":27,"key":"SMITH"},{"data":"Terror","floor":30,"key":"SMITH"},{"data":"Hidden Blade","floor":30,"key":"SMITH"},{"data":"Cloak And Dagger","floor":32,"key":"SMITH"},{"data":"Finesse","floor":32,"key":"SMITH"},{"data":"Quick Slash","floor":40,"key":"SMITH"},{"data":"Quick Slash","floor":40,"key":"SMITH"},{"data":"Backflip","floor":42,"key":"SMITH"},{"data":"Survivor","floor":42,"key":"SMITH"},{"data":"Survey Options","floor":49,"key":"SMITH"},{"data":"Defend_G+2","floor":49,"key":"SMITH"}],"circlet_count":0,"master_deck":["Defend_G+2","Defend_G+2","Defend_G+3","Survivor+1","Neutralize+1","Blade Dance+1","Dagger Spray+1","Backflip+1","Quick Slash+1","Quick Slash+1","Finesse+1","Burst+1","Well Laid Plans+1","Riddle With Holes+1","Footwork+1","PiercingWail+1","Replay:BasicMightCard+1","Hidden Blade+1","Hidden Blade+1","Terror+1","Cloak And Dagger+1","Adrenaline+1","Finisher+1","Trip+1","ReplayTheSpireMod:Exploit Weakness+1","Leg Sweep+1","After Image+1","Blade Dance+1","After Image+1","Quick Slash+1","Crow Ritual+1","Crow Ritual+1","Survey Options+1"],"relics":["Ring of Chaos","WristBlade","Golden Egg","Replay:Arrowhead","Prayer Wheel","Question Card","Gambling Chip","Sizzling Blood","Eternal Feather","Ancient Tea Set","Girya","Golden Idol","Simple Rune","Sozu","Ornamental Fan","Red Mask","War Paint","Replay:Bandana","WingedGreaves","The Courier","Tingsha","Astrolabe","Blue Doll","DollysMirror","Nunchaku","HornCleat","Boot","Replay:Bottled Eggs","Blood Vial","Mirror","Mango"],"acts_visited":["Exordium","TheCity","TheBeyond"],"potions_floor_usage":[16],"damage_taken":[{"damage":0,"enemies":"Jaw Worm","floor":3,"turns":4},{"damage":0,"enemies":"Small Slimes","floor":5,"turns":2},{"damage":5,"enemies":"3 Sentries","floor":7,"turns":4},{"damage":0,"enemies":"2 Louse","floor":8,"turns":1},{"damage":7,"enemies":"Lagavulin","floor":10,"turns":4},{"damage":0,"enemies":"3 Sentries","floor":13,"turns":2},{"damage":7,"enemies":"The Guardian","floor":16,"turns":6},{"damage":0,"enemies":"Shell Parasite","floor":18,"turns":3},{"damage":3,"enemies":"Masked Bandits","floor":21,"turns":3},{"damage":0,"enemies":"2 Thieves","floor":22,"turns":3},{"damage":0,"enemies":"Gremlin Leader","floor":25,"turns":4},{"damage":0,"enemies":"Book of Stabbing","floor":28,"turns":2},{"damage":0,"enemies":"Shelled Parasite and Fungi","floor":29,"turns":3},{"damage":0,"enemies":"Replay:Snechameleon","floor":31,"turns":2},{"damage":0,"enemies":"Collector","floor":33,"turns":5},{"damage":0,"enemies":"Orb Walker","floor":35,"turns":1},{"damage":0,"enemies":"Reptomancer","floor":41,"turns":3},{"damage":0,"enemies":"Giant Head","floor":45,"turns":4},{"damage":5,"enemies":"3 Darklings","floor":46,"turns":2},{"damage":0,"enemies":"Nemesis","floor":47,"turns":3},{"damage":3,"enemies":"2 Orb Walkers","floor":48,"turns":4},{"damage":0,"enemies":"Donu and Deca","floor":50,"turns":5}],"seed_played":"-4097982189185427540","potions_obtained":[{"floor":8,"key":"SkillPotion"},{"floor":13,"key":"FearPotion"},{"floor":16,"key":"GamblersBrew"}],"is_trial":true,"path_per_floor":["?","?","M","?","M","R","E","M","T","E","R","?","E","?","R","B",null,"M","?","$","?","M","R","R","E","T","R","E","M","R","E","R","B",null,"M","$","?","?","?","R","E","R","T","$","E","M","E","?","R","B",null],"character_chosen":"THE_SILENT","items_purchased":["Ornamental Fan","Footwork","Blue Doll","DollysMirror","Nunchaku","Blade Dance","Crow Ritual","Replay:Bottled Eggs"],"campfire_rested":0,"item_purchase_floors":[20,20,36,36,36,36,44,44],"current_hp_per_floor":[67,67,71,56,60,60,59,63,63,60,69,69,69,52,61,58,66,69,69,69,69,69,69,69,69,69,69,69,69,69,69,69,69,69,69,69,69,69,66,66,66,66,66,66,66,65,66,80,80,80],"gold":469,"neow_bonus":"","is_daily":false,"chose_seed":false,"campfire_upgraded":16,"win_rate":0.0,"timestamp":1610132011,"path_taken":["?","?","M","?","?","R","E","M","T","E","R","?","E","?","R","BOSS","M","?","$","?","M","R","R","E","T","R","E","M","R","E","R","BOSS","M","$","?","?","?","R","E","R","T","$","E","?","E","?","R","BOSS"],"items_purchased_type":["Relic","Card","Relic","Relic","Relic","Card","Card","Relic"],"build_version":"2020-12-18","purchased_purges":3,"victory":true,"max_hp_per_floor":[74,74,74,74,74,74,74,74,74,74,74,69,69,69,69,69,69,69,69,69,69,69,69,69,69,69,69,69,69,69,69,69,69,69,69,69,69,69,66,66,66,66,66,66,66,66,66,80,80,80],"relic_stats":{"counters":[22,70],"Golden Idol":194,"Astrolabe":["Finisher","Trip","ReplayTheSpireMod:Exploit Weakness"],"Eternal Feather":18,"Tingsha":[9],"War Paint":["Defend_G","Defend_G"],"Question Card":32,"Boot":[21],"Sozu":7,"Blood Vial":1,"Nunchaku":[10],"Ornamental Fan":[200],"Gambling Chip":[19],"Prayer Wheel":8,"obtain_stats":[{"Golden Egg":0,"Blue Doll":36,"Mango":48,"Sizzling Blood":1,"Ancient Tea Set":9,"Boot":43,"Sozu":17,"Blood Vial":45,"Replay:Bandana":26,"Nunchaku":36,"HornCleat":41,"WristBlade":0,"DollysMirror":36,"Gambling Chip":0,"Prayer Wheel":0,"WingedGreaves":8,"Red Mask":21,"Replay:Bottled Eggs":44,"Ring of the Snake":0,"Girya":10,"Golden Idol":12,"Astrolabe":34,"Eternal Feather":7,"Tingsha":31,"Ring of Chaos":0,"The Courier":28,"War Paint":25,"Question Card":0,"Replay:Arrowhead":0,"Ornamental Fan":20,"Simple Rune":13,"Mirror":47},{"Golden Egg":0,"Blue Doll":16,"Mango":21,"Sizzling Blood":0,"Ancient Tea Set":4,"Boot":17,"Sozu":7,"Blood Vial":18,"Replay:Bandana":11,"Nunchaku":16,"HornCleat":17,"WristBlade":0,"DollysMirror":16,"Gambling Chip":0,"Prayer Wheel":0,"WingedGreaves":4,"Red Mask":9,"Replay:Bottled Eggs":17,"Ring of the Snake":0,"Girya":5,"Golden Idol":5,"Astrolabe":15,"Eternal Feather":3,"Tingsha":14,"Ring of Chaos":0,"The Courier":12,"War Paint":11,"Question Card":0,"Replay:Arrowhead":0,"Ornamental Fan":8,"Simple Rune":6,"Mirror":20},{"Golden Egg":0,"Blue Doll":49,"Mango":65,"Sizzling Blood":0,"Ancient Tea Set":11,"Boot":52,"Sozu":23,"Blood Vial":56,"Replay:Bandana":36,"Nunchaku":49,"HornCleat":52,"WristBlade":0,"DollysMirror":49,"Gambling Chip":0,"Prayer Wheel":0,"WingedGreaves":11,"Red Mask":29,"Replay:Bottled Eggs":52,"Ring of the Snake":0,"Girya":15,"Golden Idol":15,"Astrolabe":48,"Eternal Feather":10,"Tingsha":43,"Ring of Chaos":0,"The Courier":38,"War Paint":36,"Question Card":0,"Replay:Arrowhead":0,"Ornamental Fan":26,"Simple Rune":17,"Mirror":61}]},"card_choices":[{"not_picked":["Discovery","Blur","Tactician"],"picked":"Blade Dance","floor":3},{"not_picked":["Dodge and Roll","PiercingWail","Poisoned Stab"],"picked":"Dagger Spray","floor":3},{"not_picked":["Mind Blast","Replay:Sssssssssshield","Draining Mist"],"picked":"Backflip","floor":5},{"not_picked":["Dodge and Roll","PiercingWail","Outmaneuver","Bane"],"picked":"SKIP","floor":5},{"not_picked":["Chrysalis","Catalyst","ReplayTheSpireMod:Tripwire","Replay:Parry"],"picked":"SKIP","floor":7},{"not_picked":["Outmaneuver","Eviscerate","Discovery"],"picked":"Quick Slash","floor":8},{"not_picked":["Dagger Throw","Deadly Poison","Outmaneuver"],"picked":"Quick Slash","floor":8},{"not_picked":["Magnetism","Prepared","Acrobatics"],"picked":"Finesse","floor":10},{"not_picked":["Replay:Poison Smokescreen","Dagger Throw","Replay:Parry"],"picked":"Burst","floor":13},{"not_picked":["Acrobatics","Deflect","Flying Knee"],"picked":"Well Laid Plans","floor":14},{"not_picked":["ReplayTheSpireMod:Necrosis","Mayhem","Sadistic Nature"],"picked":"After Image","floor":16},{"not_picked":["Underhanded Strike","Sucker Punch","Replay:Poison Smokescreen"],"picked":"Riddle With Holes","floor":18},{"not_picked":["Flying Knee","Sneak Up","Underhanded Strike","Outmaneuver"],"picked":"SKIP","floor":18},{"not_picked":["Poisoned Stab","Flying Knee","Dagger Spray"],"picked":"PiercingWail+1","floor":21},{"not_picked":["Infinite Blades","Dark Shackles","Escape Plan+1"],"picked":"Replay:BasicMightCard","floor":22},{"not_picked":["Cloak And Dagger","Deflect+1","Eviscerate"],"picked":"Hidden Blade","floor":22},{"not_picked":["Sucker Punch","All Out Attack","Underhanded Strike+1","Backflip"],"picked":"SKIP","floor":25},{"not_picked":["Corpse Explosion","ReplayTheSpireMod:The Works","Underhanded Strike","Deflect"],"picked":"SKIP","floor":28},{"not_picked":["Tactician","Dash+1","Dagger Throw"],"picked":"Hidden Blade","floor":29},{"not_picked":["Deep Breath","Flying Knee","Slice"],"picked":"Terror","floor":29},{"not_picked":["Mayhem","Sucker Punch","Backstab+1"],"picked":"Cloak And Dagger","floor":31},{"not_picked":["Apotheosis","ReplayTheSpireMod:From All Sides","Crow Ritual"],"picked":"Adrenaline","floor":33},{"not_picked":["Cloak And Dagger","Slice","Replay:Parry+1"],"picked":"Leg Sweep+1","floor":35},{"not_picked":["Flechettes","Acrobatics+1","Slice+1","Escape Plan"],"picked":"SKIP","floor":35},{"not_picked":["Dark Shackles","ReplayTheSpireMod:Scrap Shanks","Dagger Spray+1"],"picked":"Quick Slash+1","floor":41},{"not_picked":["Caltrops","Secret Weapon","Blur","Dark Shackles"],"picked":"SKIP","floor":45},{"not_picked":["Blade Dance","Terror+1","Dagger Spray","Deadly Poison"],"picked":"SKIP","floor":46},{"not_picked":["ReplayTheSpireMod:Trickstab+1","Tactician","Hidden Blade","Draining Mist+1"],"picked":"SKIP","floor":46},{"not_picked":["Flying Knee+1","Dagger Spray+1","Underhanded Strike"],"picked":"Survey Options","floor":47}],"player_experience":774546,"relics_obtained":[{"floor":7,"key":"Eternal Feather"},{"floor":9,"key":"Ancient Tea Set"},{"floor":10,"key":"Girya"},{"floor":13,"key":"Simple Rune"},{"floor":21,"key":"Red Mask"},{"floor":25,"key":"War Paint"},{"floor":26,"key":"Replay:Bandana"},{"floor":28,"key":"The Courier"},{"floor":31,"key":"Tingsha"},{"floor":41,"key":"HornCleat"},{"floor":43,"key":"Boot"},{"floor":45,"key":"Blood Vial"},{"floor":47,"key":"Mirror"},{"floor":48,"key":"Mango"}],"event_choices":[{"damage_healed":0,"gold_gain":0,"player_choice":"Entered Light","damage_taken":15,"max_hp_gain":0,"max_hp_loss":0,"event_name":"Shining Light","floor":4,"gold_loss":0,"cards_upgraded":["Strike_G","Dagger Spray"]},{"damage_healed":0,"gold_gain":0,"player_choice":"Lose Max HP","damage_taken":0,"relics_obtained":["Golden Idol"],"max_hp_gain":0,"max_hp_loss":5,"event_name":"Golden Idol","floor":12,"gold_loss":0},{"damage_healed":0,"gold_gain":0,"player_choice":"Ignored","damage_taken":0,"max_hp_gain":0,"max_hp_loss":0,"event_name":"Ghosts","floor":19,"gold_loss":0},{"damage_healed":0,"gold_gain":0,"player_choice":"Fought Bandits","damage_taken":0,"max_hp_gain":0,"max_hp_loss":0,"event_name":"Masked Bandits","floor":21,"gold_loss":0},{"damage_healed":0,"gold_gain":222,"player_choice":"Wore Mask","damage_taken":0,"max_hp_gain":0,"max_hp_loss":0,"event_name":"Tomb of Lord Red Mask","floor":37,"gold_loss":0},{"cards_removed":["After Image"],"damage_healed":0,"gold_gain":0,"player_choice":"Removed Power","damage_taken":0,"max_hp_gain":0,"max_hp_loss":0,"event_name":"Falling","floor":38,"gold_loss":0},{"damage_healed":0,"gold_gain":0,"player_choice":"Max HP","damage_taken":0,"max_hp_gain":0,"max_hp_loss":3,"event_name":"Winding Halls","floor":39,"gold_loss":0},{"damage_healed":0,"gold_gain":0,"player_choice":"Fight","damage_taken":0,"max_hp_gain":0,"max_hp_loss":0,"event_name":"Mysterious Sphere","floor":48,"gold_loss":0}],"is_beta":true,"boss_relics":[{"not_picked":["Replay:Wanted Poster","Calling Bell"],"picked":"Sozu"},{"not_picked":["Replay:Ancient Bell","Busted Crown"],"picked":"Astrolabe"}],"items_purged_floors":[20,36,44],"is_endless":false,"potions_floor_spawned":[8,13,16,18,22,29,33,35,47,48],"ascension_level":9}}