{"host":"p1xsuo25udtrkbq2","time":1610096885,"event":{"mods":["BaseMod","Colored Map","Highlight Path","Minty Spire (QoL Compilation)","Rare Cards Sparkle","Relic Stats","Slay the Relics Exporter","StSLib","everything is the same but u backflip on backflip"],"gold_per_floor":[360,370,385,168,168,168,118,152,226,245,270,284,23,33,33,133,133,153,171,189,208,208,208,242,242,242,273,284,311,341,268,280,392,404,435,149,0,0,13,13,38,38,38],"floor_reached":42,"playtime":6703,"items_purged":["Strike_B","Strike_B"],"score":655,"play_id":"9a721a7e-57b2-4aeb-97a2-7eb9288b6af7","local_time":"20210108040804","is_ascension_mode":true,"campfire_choices":[{"data":"Genetic Algorithm","floor":6.0,"key":"SMITH"},{"data":"Defragment","floor":15.0,"key":"SMITH"},{"data":"Defragment","floor":23.0,"key":"SMITH"},{"data":"Capacitor","floor":25.0,"key":"SMITH"},{"data":"Barrage","floor":32.0,"key":"SMITH"},{"data":"Defragment","floor":40,"key":"SMITH"}],"circlet_count":0,"master_deck":["Strike_B","Defend_B","Defend_B","Defend_B","Defend_B","Zap","Dualcast","Defragment+1","Lockon","Genetic Algorithm+1","Cold Snap","Capacitor+1","Ball Lightning","Chill","Compile Driver","Self Repair","Barrage+1","BootSequence","Electrodynamics","Sweeping Beam+1","Defragment+1","Steam","Conserve Battery","Good Instincts","Defragment+1","Capacitor+1"],"relics":["Cracked Core","Bronze Scales","Ornamental Fan","Singing Bowl","OrangePellets","Busted Crown","Tiny Chest","WingedGreaves","Nunchaku","MawBank","Matryoshka","Runic Pyramid","Red Mask","Boot"],"acts_visited":["Exordium","TheCity","TheBeyond"],"potions_floor_usage":[41,42,42],"damage_taken":[{"damage":2.0,"enemies":"Jaw Worm","floor":1.0,"turns":3.0},{"damage":0.0,"enemies":"Small Slimes","floor":2.0,"turns":2.0},{"damage":1.0,"enemies":"Cultist","floor":3.0,"turns":3.0},{"damage":14.0,"enemies":"Lagavulin","floor":8.0,"turns":6.0},{"damage":17.0,"enemies":"Gremlin Gang","floor":10.0,"turns":4.0},{"damage":1.0,"enemies":"Gremlin Nob","floor":11.0,"turns":3.0},{"damage":13.0,"enemies":"Exordium Wildlife","floor":12.0,"turns":4.0},{"damage":2.0,"enemies":"Blue Slaver","floor":14.0,"turns":4.0},{"damage":15.0,"enemies":"Hexaghost","floor":16.0,"turns":8.0},{"damage":0.0,"enemies":"Shell Parasite","floor":18.0,"turns":4.0},{"damage":7.0,"enemies":"Spheric Guardian","floor":19.0,"turns":4.0},{"damage":16.0,"enemies":"Snake Plant","floor":20.0,"turns":4.0},{"damage":5.0,"enemies":"Cultist and Chosen","floor":21.0,"turns":6.0},{"damage":14.0,"enemies":"Book of Stabbing","floor":24.0,"turns":3.0},{"damage":0.0,"enemies":"Gremlin Leader","floor":27.0,"turns":4.0},{"damage":0.0,"enemies":"Centurion and Healer","floor":28.0,"turns":4.0},{"damage":16.0,"enemies":"Book of Stabbing","floor":29.0,"turns":4.0},{"damage":2.0,"enemies":"3 Cultists","floor":30.0,"turns":3.0},{"damage":14.0,"enemies":"Champ","floor":33.0,"turns":9.0},{"damage":18.0,"enemies":"3 Shapes","floor":35.0,"turns":4.0},{"damage":9,"enemies":"3 Darklings","floor":39,"turns":4},{"damage":0,"enemies":"Giant Head","floor":41,"turns":8},{"damage":92,"enemies":"Reptomancer","floor":42,"turns":3}],"seed_played":"3868871870021315467","potions_obtained":[{"floor":1.0,"key":"Strength Potion"},{"floor":11.0,"key":"SkillPotion"},{"floor":12.0,"key":"Block Potion"},{"floor":14.0,"key":"Regen Potion"},{"floor":16.0,"key":"PowerPotion"},{"floor":19.0,"key":"Explosive Potion"},{"floor":24.0,"key":"FocusPotion"},{"floor":27.0,"key":"Explosive Potion"},{"floor":29.0,"key":"ColorlessPotion"},{"floor":39,"key":"PowerPotion"}],"is_trial":false,"path_per_floor":["M","M","M","$","?","R","?","E","T","M","E","M","$","M","R","B",null,"M","M","M","M","?","R","E","R","T","E","M","E","M","?","R","B",null,"M","$","?","?","M","R","E","E"],"character_chosen":"DEFECT","items_purchased":["Cold Snap","Capacitor","Ball Lightning","OrangePellets","Self Repair","Barrage","Good Instincts","Defragment","EssenceOfSteel"],"campfire_rested":0,"item_purchase_floors":[4,4,4,13,13,13,36,36,36],"current_hp_per_floor":[66,66,65,65,70,70,70,56,56,39,40,29,29,34,34,41,77,77,79,72,76,76,76,62,62,62,71,80,71,78,78,78,73,91,80,80,80,80,73,73,80,0,0],"gold":38,"neow_bonus":"TWO_FIFTY_GOLD","is_daily":false,"chose_seed":false,"campfire_upgraded":6,"win_rate":0.0,"timestamp":1610096884,"path_taken":["M","M","M","$","?","R","?","E","T","M","E","?","$","?","R","BOSS","M","?","M","M","?","R","E","R","T","E","M","E","M","?","R","BOSS","M","$","?","?","M","R","E","E"],"items_purchased_type":["Card","Card","Card","Relic","Card","Card","Card","Card","Potion"],"build_version":"2020-12-22","purchased_purges":2,"victory":false,"max_hp_per_floor":[68,68,68,68,73,73,73,73,73,73,75,77,77,77,77,77,77,77,79,81,83,83,83,83,83,83,85,87,87,89,89,89,91,91,91,91,91,91,93,93,93,93,93],"relic_stats":{"OrangePellets":[6],"Nunchaku":[6],"Busted Crown":26,"Singing Bowl":20,"counters":[23,101],"Ornamental Fan":[60],"Bronze Scales":[235],"Tiny Chest":0,"MawBank":84,"Boot":[1],"obtain_stats":[{"Singing Bowl":11,"MawBank":29,"Boot":41,"OrangePellets":13,"Nunchaku":27,"Busted Crown":17,"Matryoshka":31,"Ornamental Fan":9,"Bronze Scales":8,"Tiny Chest":24,"WingedGreaves":26,"Red Mask":37,"Cracked Core":0,"Runic Pyramid":34},{"Singing Bowl":6,"MawBank":17,"Boot":22,"OrangePellets":7,"Nunchaku":15,"Busted Crown":9,"Matryoshka":18,"Ornamental Fan":4,"Bronze Scales":4,"Tiny Chest":14,"WingedGreaves":14,"Red Mask":20,"Cracked Core":0,"Runic Pyramid":19},{"Singing Bowl":21,"MawBank":70,"Boot":98,"OrangePellets":25,"Nunchaku":62,"Busted Crown":37,"Matryoshka":73,"Ornamental Fan":14,"Bronze Scales":14,"Tiny Chest":58,"WingedGreaves":58,"Red Mask":86,"Cracked Core":0,"Runic Pyramid":82}]},"card_choices":[{"not_picked":["Lockon","Conserve Battery"],"picked":"Defragment","floor":1.0},{"not_picked":["Auto Shields","Hologram"],"picked":"Lockon","floor":2.0},{"not_picked":["Undo","Hologram"],"picked":"Genetic Algorithm","floor":3.0},{"not_picked":["Reprogram","Thunder Strike"],"picked":"Chill","floor":8.0},{"not_picked":["Scrape","Glacier"],"picked":"Compile Driver","floor":10.0},{"not_picked":["Ball Lightning","Hologram","Barrage"],"picked":"Singing Bowl","floor":11.0},{"not_picked":["Scrape","Rebound","Streamline"],"picked":"Singing Bowl","floor":12.0},{"not_picked":["Rebound","Barrage"],"picked":"BootSequence","floor":14.0},{"not_picked":["Creative AI","Seek"],"picked":"Electrodynamics","floor":16.0},{"not_picked":[],"picked":"Sweeping Beam+1","floor":18.0},{"not_picked":["Ball Lightning"],"picked":"Singing Bowl","floor":19.0},{"not_picked":["Loop"],"picked":"Singing Bowl","floor":20.0},{"not_picked":["Streamline"],"picked":"Singing Bowl","floor":21.0},{"not_picked":[],"picked":"Steam","floor":24.0},{"not_picked":["Barrage"],"picked":"Singing Bowl","floor":27.0},{"not_picked":["Gash+1"],"picked":"Singing Bowl","floor":28.0},{"not_picked":[],"picked":"Conserve Battery","floor":29.0},{"not_picked":["Go for the Eyes"],"picked":"Singing Bowl","floor":30.0},{"not_picked":["Meteor Strike"],"picked":"Singing Bowl","floor":33.0},{"not_picked":[],"picked":"Compile Driver+1","floor":35.0},{"not_picked":["Reinforced Body"],"picked":"Singing Bowl","floor":39},{"not_picked":[],"picked":"Capacitor+1","floor":41}],"player_experience":877583,"relics_obtained":[{"floor":8.0,"key":"Bronze Scales"},{"floor":9.0,"key":"Ornamental Fan"},{"floor":11.0,"key":"Singing Bowl"},{"floor":24.0,"key":"Tiny Chest"},{"floor":26.0,"key":"WingedGreaves"},{"floor":27.0,"key":"Nunchaku"},{"floor":29.0,"key":"MawBank"},{"floor":41,"key":"Boot"}],"event_choices":[{"damage_healed":0.0,"max_hp_gain":5.0,"max_hp_loss":0.0,"gold_gain":0.0,"event_name":"Big Fish","player_choice":"Donut","floor":5.0,"gold_loss":0.0,"damage_taken":0.0},{"cards_removed":["Strike_B"],"damage_healed":0.0,"max_hp_gain":0.0,"max_hp_loss":0.0,"gold_gain":0.0,"event_name":"The Cleric","player_choice":"Card Removal","floor":7.0,"gold_loss":50.0,"damage_taken":0.0},{"damage_healed":0.0,"max_hp_gain":0.0,"max_hp_loss":0.0,"gold_gain":0.0,"event_name":"The Library","player_choice":"Read","floor":22.0,"gold_loss":0.0,"damage_taken":0.0,"cards_obtained":["Defragment"]},{"damage_healed":0.0,"max_hp_gain":0.0,"max_hp_loss":0.0,"gold_gain":0.0,"event_name":"Addict","player_choice":"Obtained Relic","floor":31.0,"gold_loss":85.0,"damage_taken":0.0,"relics_obtained":["Matryoshka"]},{"damage_healed":0,"gold_gain":0,"player_choice":"Paid","damage_taken":0,"relics_obtained":["Red Mask"],"max_hp_gain":0,"max_hp_loss":0,"event_name":"Tomb of Lord Red Mask","floor":37,"gold_loss":149},{"cards_removed":["Compile Driver"],"damage_healed":0,"gold_gain":0,"player_choice":"Removed Attack","damage_taken":0,"max_hp_gain":0,"max_hp_loss":0,"event_name":"Falling","floor":38,"gold_loss":0}],"is_beta":false,"boss_relics":[{"not_picked":["Ectoplasm","SacredBark"],"picked":"Busted Crown"},{"not_picked":["Astrolabe","Coffee Dripper"],"picked":"Runic Pyramid"}],"items_purged_floors":[4,36],"is_endless":false,"potions_floor_spawned":[1,11,12,14,16,19,24,27,29,39],"killed_by":"Reptomancer","ascension_level":3}}