{"host":"vr9me2kif8p2xyyc","time":1610148188,"event":{"mods":["2.2 Compatiblity","A Magickal Journey","AchievementEnabler","Act Like it!","Aspiration","Astrologer","Bard","Bartender","BaseMod","Beaked The Cultist","Best Route Mod","Better Match","Better Note","Better Skull","Better Third Choice","BetterRewards","Block Reminder","Booster Modes","CapriCore","Challenge The Spire","ChefMod","Clawfect","Colored Map","Colored Powertips","Conjunction","Conspire","Downfall","Elementarium","Energized Spire","Friendly Minions","GifTheSpireLib","Glutton Mod","Halation","Hallownest","Hermit","Hubris","Jorbs\u0027s Wanderer Trilogy","Kratos Character Expansion","Mad Scientist","Marisa????????","Minty Spire (QoL Compilation)","Pale of the Ancients","Permanent Neow","Potionbrewer","Puzzle Mod","QueenMod","Quick Restart","Random Character Button","Rare Cards Sparkle","Relic Stats","Remilia??????","Replay The Spire","Reworked Bosses","Robot Space Explorer","SCP261 Mod","SIMod","Shop Mod","Slumbering Mod","Spicy Shops","Spikes Relics","StSLib","Stuff the Spire","SuperFastMode","Td1madao Mod","The Alterego","The Animator","The Blackbeard","The Bladedancer","The Blue Laboratory","The Bug Knight","The Caster","The Clintock","The Construct","The Cursed","The Death Knight","The Disciple","The Dragon Tamer","The Druid","The Elementalist","The Exalted","The Fake Hero","The Florist","The Forsaken","The Gatherer","The Hayseed","The Hierophant","The Immortal","The Judge","The Jungle","The Kombatant","The Marked","The Mystic","The Necromancer","The Poker Player","The Problem Sleuth","The Runesmith","The Sage","The Servant 0.9.4","The Spell Scribe","The Valiant","TheArtist","TheBandit","TheFirefly","TheLocksmith","TheVacant","TheWitcher","Wandering Minibosses","Yohane!","thorton"],"gold_per_floor":[119,119,134,134,153,153,153],"floor_reached":6,"playtime":337,"items_purged":[],"score":36,"play_id":"06676e59-75ca-4bce-9787-c146bc5034f4","local_time":"20210108172308","is_ascension_mode":false,"campfire_choices":[],"circlet_count":0,"master_deck":["Bromod:Strike_Bro","Bromod:Strike_Bro","Bromod:Strike_Bro","Bromod:Defend_Bro","Bromod:Defend_Bro","Bromod:Defend_Bro","Bromod:Defend_Bro","Bromod:SlashDash","Bromod:SlashDash","Bromod:SlashDash","potionbrewer:PotionbrewerStrike","theScribe:IcyDefend","Bromod:BodyCount","Regret","Bromod:FinishingTouch","Bromod:QuickDraw"],"relics":["Bromod:Ordis","Bromod:AscarisDevice","Replay:Multitool","StuffTheSpire:RedRose","Mummified Hand"],"acts_visited":["Exordium"],"potions_floor_usage":[6],"damage_taken":[{"damage":8,"enemies":"conspire:RoseBush","floor":1,"turns":3},{"damage":15,"enemies":"Jaw Worm","floor":3,"turns":4},{"damage":3,"enemies":"theSlumbering:NewCultist","floor":5,"turns":3},{"damage":57,"enemies":"Replay:BlueRogue","floor":6,"turns":8}],"seed_played":"-2432294747147628132","potions_obtained":[{"floor":3,"key":"DeathKnight:RimePotion"}],"is_trial":false,"path_per_floor":["M","?","M","T","M","E"],"character_chosen":"THE_EXALTED","items_purchased":[],"campfire_rested":0,"item_purchase_floors":[],"current_hp_per_floor":[67,67,52,52,49,0,0],"gold":153,"neow_bonus":"ONE_RARE_RELIC","is_daily":false,"chose_seed":false,"campfire_upgraded":0,"win_rate":0.0,"timestamp":1610148188,"path_taken":["M","?","M","?","M","E"],"items_purchased_type":[],"build_version":"2020-12-22","purchased_purges":0,"victory":false,"max_hp_per_floor":[75,75,75,75,75,75,75],"relic_stats":{"counters":[36,183],"Mummified Hand":[2],"obtain_stats":[{"MerchantsRug":14,"theVacant:BrassGoblet":0,"Bromod:ArcaneVictory":10,"StuffTheSpire:Saxophone":14,"Rawhide":9,"potionbrewer:MortarAndPestle":21,"StuffTheSpire:BottledEssence":8,"Replay:Multitool":0,"halation:Prosthetics":17,"Smiling Mask":9,"Boot":13,"Anchor":8,"StuffTheSpire:Mouthbags":6,"hubris:Spice":0,"Mummified Hand":4,"hubris:TenFootPole":6,"Black Star":17,"StuffTheSpire:RedRose":2,"hubris:Reverence":6},{"MerchantsRug":8,"theVacant:BrassGoblet":0,"Bromod:ArcaneVictory":19,"StuffTheSpire:Saxophone":8,"Rawhide":18,"potionbrewer:MortarAndPestle":25,"StuffTheSpire:BottledEssence":18,"Replay:Multitool":32,"halation:Prosthetics":23,"Smiling Mask":6,"Boot":8,"Anchor":6,"StuffTheSpire:Mouthbags":30,"hubris:Spice":26,"Mummified Hand":34,"hubris:TenFootPole":4,"Black Star":9,"StuffTheSpire:RedRose":33,"hubris:Reverence":18},{"MerchantsRug":31,"theVacant:BrassGoblet":0,"Bromod:ArcaneVictory":90,"StuffTheSpire:Saxophone":31,"Rawhide":83,"potionbrewer:MortarAndPestle":123,"StuffTheSpire:BottledEssence":83,"Replay:Multitool":165,"halation:Prosthetics":108,"Smiling Mask":21,"Boot":31,"Anchor":21,"StuffTheSpire:Mouthbags":156,"hubris:Spice":126,"Mummified Hand":172,"hubris:TenFootPole":15,"Black Star":39,"StuffTheSpire:RedRose":168,"hubris:Reverence":83}]},"card_choices":[{"not_picked":["Bromod:BulletJump","Bromod:OrganShatter"],"picked":"Bromod:BodyCount","floor":1},{"not_picked":["Bromod:TargetCracker","Bromod:SteelFiber"],"picked":"Bromod:FinishingTouch","floor":3},{"not_picked":["Bromod:PressurePoint","Bromod:BulletJump"],"picked":"Bromod:QuickDraw","floor":5}],"player_experience":1183696,"relics_obtained":[{"floor":4,"key":"Mummified Hand"}],"event_choices":[],"is_beta":false,"boss_relics":[],"items_purged_floors":[],"is_endless":false,"potions_floor_spawned":[3],"killed_by":"Replay:BlueRogue","ascension_level":0}}