{"host":"bxn2em57qlx5u4i0","time":1610074132,"event":{"mods":["BaseMod","Colored Map","Colored Powertips","Highlight Path","Minty Spire (QoL Compilation)","Random Character Button","Relic Sorter","Relic Stats","StSLib","SuperFastMode"],"gold_per_floor":[215,229,379,379,57,57,57],"floor_reached":6,"playtime":124,"items_purged":["Doubt"],"score":68,"play_id":"6f5fe5d3-dd74-4d38-980e-67feb80e6e5c","local_time":"20210107214852","is_ascension_mode":true,"campfire_choices":[],"circlet_count":0,"master_deck":["AscendersBane","Strike_G","Strike_G","Strike_G","Strike_G","Strike_G","Defend_G","Defend_G","Defend_G","Defend_G","Defend_G","Survivor","Neutralize","Dagger Spray","Dagger Spray","After Image"],"relics":["Ring of the Snake","OrangePellets"],"acts_visited":["Exordium"],"potions_floor_usage":[6],"damage_taken":[{"damage":4,"enemies":"2 Louse","floor":1,"turns":3},{"damage":1,"enemies":"Jaw Worm","floor":2,"turns":5},{"damage":52,"enemies":"Lagavulin","floor":6,"turns":8}],"seed_played":"-8968117164125553577","potions_obtained":[{"floor":1,"key":"PowerPotion"}],"is_trial":false,"path_per_floor":["M","M","?","?","$","E"],"character_chosen":"THE_SILENT","items_purchased":["After Image","OrangePellets"],"campfire_rested":0,"item_purchase_floors":[5,5],"current_hp_per_floor":[55,54,54,45,45,0,0],"gold":57,"neow_bonus":"HUNDRED_GOLD","is_daily":false,"chose_seed":false,"campfire_upgraded":0,"win_rate":0.0,"timestamp":1610074132,"path_taken":["M","M","?","?","$","E"],"items_purchased_type":["Card","Relic"],"build_version":"2020-12-22","purchased_purges":1,"victory":false,"max_hp_per_floor":[66,66,66,66,66,66,66],"relic_stats":{"OrangePellets":[0],"counters":[3,16],"obtain_stats":[{"OrangePellets":5,"Ring of the Snake":0},{"OrangePellets":2,"Ring of the Snake":0},{"OrangePellets":8,"Ring of the Snake":0}],"Ring of the Snake":[6]},"card_choices":[{"not_picked":["Well Laid Plans","Underhanded Strike"],"picked":"Dagger Spray","floor":1},{"not_picked":["Underhanded Strike","Prepared"],"picked":"Dagger Spray","floor":2}],"player_experience":2870881,"relics_obtained":[],"event_choices":[{"damage_healed":0,"gold_gain":150,"player_choice":"AGREE","damage_taken":0,"max_hp_gain":0,"max_hp_loss":0,"event_name":"Liars Game","floor":3,"gold_loss":0,"cards_obtained":["Doubt"]},{"damage_healed":0,"gold_gain":0,"player_choice":"Damaged","damage_taken":9,"max_hp_gain":0,"max_hp_loss":0,"event_name":"Wheel of Change","floor":4,"gold_loss":0}],"is_beta":false,"boss_relics":[],"items_purged_floors":[5],"is_endless":false,"potions_floor_spawned":[1],"killed_by":"Lagavulin","ascension_level":20}}