{"host":"z89hp9g41jphfk9d","time":1610107205,"event":{"mods":["Act Like it!","BaseMod","Gensokyo","GifTheSpireLib","Gremlin Mod","HololiveMod","KinomotoSakuraMod(ƒæ÷Æ±æ”£)","LagranYue(¿≠∏Ò¿ °§‘¬)","Luminous","Marisa£®ÏF”Í°°ƒß¿Ì…≥£©","Minty Spire (QoL Compilation)","Reimu£®≤©¿ˆ¡È√Œ£©","Replay The Spire","Spicy Shops","StSLib","The Bug Knight","The Construct","The Cursed","The Servant 0.9.4","Yakumo Yukari mod"],"gold_per_floor":[216,23,23,42,217,217,217,247,274,292,62,62,62,62],"floor_reached":13,"playtime":410,"items_purged":["Strike_G"],"score":93,"play_id":"c4dc54a7-a707-48c1-92c8-23be057bac0a","local_time":"20210108200005","is_ascension_mode":true,"campfire_choices":[{"data":"Noxious Fumes","floor":6,"key":"SMITH"}],"circlet_count":0,"master_deck":["Strike_G","Strike_G","Strike_G","Strike_G","Defend_G+1","Defend_G+1","Defend_G","Defend_G","Defend_G+1","Survivor","Neutralize","PiercingWail","Noxious Fumes+1","Deadly Poison","Doubt","Poisoned Stab","Prepared","Well Laid Plans","Delirium"],"relics":["Ring of the Snake","LagranYue:RandomDrawCardRelic","Question Card","Bag of Preparation","TwistedFunnel","Ring of Panic","Ring of Hypnosis"],"acts_visited":["Exordium"],"potions_floor_usage":[13],"damage_taken":[{"damage":0,"enemies":"Small Slimes","floor":1,"turns":3},{"damage":3,"enemies":"2 Louse","floor":4,"turns":4},{"damage":30,"enemies":"Lagavulin","floor":8,"turns":7},{"damage":6,"enemies":"Jaw Worm","floor":10,"turns":4},{"damage":26,"enemies":"Gremlin Nob","floor":13,"turns":3}],"seed_played":"-6785932110562488951","potions_obtained":[{"floor":8,"key":"GamblersBrew"}],"is_trial":false,"path_per_floor":["M","$","?","M","?","R","?","E","T","M","$","?","E"],"character_chosen":"THE_SILENT","items_purchased":["Noxious Fumes","TwistedFunnel","Well Laid Plans"],"campfire_rested":0,"item_purchase_floors":[2,11,11],"current_hp_per_floor":[70,70,56,53,53,53,53,23,23,17,17,17,0,0],"gold":62,"neow_bonus":"HUNDRED_GOLD","is_daily":false,"chose_seed":false,"campfire_upgraded":1,"win_rate":0.0,"timestamp":1610107205,"path_taken":["M","$","?","M","?","R","?","E","T","M","$","?","E"],"items_purchased_type":["Card","Relic","Card"],"build_version":"2020-12-22","purchased_purges":1,"victory":false,"max_hp_per_floor":[70,70,70,70,70,70,70,70,70,70,70,70,70,70],"card_choices":[{"not_picked":["Quick Slash","Calculated Gamble"],"picked":"PiercingWail","floor":1},{"not_picked":["Poisoned Stab","Expertise"],"picked":"Deadly Poison","floor":4},{"not_picked":["Dagger Spray","Finisher"],"picked":"Poisoned Stab","floor":8},{"not_picked":["Poisoned Stab","Deflect","Dagger Throw"],"picked":"Prepared","floor":10}],"player_experience":102483,"relics_obtained":[{"floor":8,"key":"Question Card"},{"floor":9,"key":"Bag of Preparation"},{"floor":12,"key":"Ring of Panic"},{"floor":12,"key":"Ring of Hypnosis"}],"event_choices":[{"damage_healed":0,"gold_gain":0,"player_choice":"Entered Light","damage_taken":14,"max_hp_gain":0,"max_hp_loss":0,"event_name":"Shining Light","floor":3,"gold_loss":0,"cards_upgraded":["Defend_G","Defend_G"]},{"damage_healed":0,"gold_gain":175,"player_choice":"AGREE","damage_taken":0,"max_hp_gain":0,"max_hp_loss":0,"event_name":"Liars Game","floor":5,"gold_loss":0,"cards_obtained":["Doubt"]}],"is_beta":false,"boss_relics":[],"items_purged_floors":[2],"is_endless":false,"potions_floor_spawned":[8],"killed_by":"Gremlin Nob","ascension_level":3}}