{"host":"ktoxvvst1mwxww91","time":1610146366,"event":{"mods":["BaseMod","Hermit","Minty Spire (QoL Compilation)","StSLib","The Hierophant"],"gold_per_floor":[119,119,44,44,44,75,75,100,126,136,161,186,186,205,205,302,302,312,29,48,68,68,68,68,68],"floor_reached":24,"playtime":953,"items_purged":["Strike_R"],"score":443,"play_id":"ad983685-ad5e-49fc-827a-907192d38b31","local_time":"20210108235246","is_ascension_mode":true,"campfire_choices":[{"data":"Feed","floor":7.0,"key":"SMITH"},{"data":"Berserk","floor":13,"key":"SMITH"},{"data":"Armaments","floor":15,"key":"SMITH"},{"data":"Rupture","floor":23,"key":"SMITH"}],"circlet_count":0,"master_deck":["AscendersBane","Defend_R","Defend_R","Defend_R","Defend_R","Bash+1","Hemokinesis","Feed+1","Pummel","Flame Barrier","Berserk+1","Armaments+1","Bludgeon","Reckless Charge+1","Limit Break+1","Barricade+1","Whirlwind","Rupture+1","Shrug It Off"],"relics":["Burning Blood","NeowsBlessing","Pear","Omamori","Whetstone","Orichalcum","Odd Mushroom","InkBottle","Astrolabe","Lee\u0027s Waffle","Shuriken"],"acts_visited":["Exordium","TheCity"],"potions_floor_usage":[16,16,16,20,20,21],"damage_taken":[{"damage":0.0,"enemies":"Small Slimes","floor":1.0,"turns":1.0},{"damage":0.0,"enemies":"Gremlin Nob","floor":6.0,"turns":2.0},{"damage":0.0,"enemies":"3 Sentries","floor":8.0,"turns":2.0},{"damage":6,"enemies":"Jaw Worm","floor":10,"turns":3},{"damage":48,"enemies":"The Mushroom Lair","floor":11,"turns":6},{"damage":12,"enemies":"Gremlin Nob","floor":12,"turns":3},{"damage":2,"enemies":"2 Louse","floor":14,"turns":2},{"damage":20,"enemies":"The Guardian","floor":16,"turns":8},{"damage":22,"enemies":"Spheric Guardian","floor":18,"turns":5},{"damage":14,"enemies":"Shell Parasite","floor":20,"turns":8},{"damage":17,"enemies":"Cultist and Chosen","floor":21,"turns":9},{"damage":129,"enemies":"Gremlin Leader","floor":24,"turns":8}],"seed_played":"-6250479294782166060","potions_obtained":[{"floor":10,"key":"SmokeBomb"},{"floor":11,"key":"Explosive Potion"},{"floor":12,"key":"LiquidBronze"},{"floor":14,"key":"Explosive Potion"},{"floor":16,"key":"Block Potion"},{"floor":18,"key":"EntropicBrew"},{"floor":21,"key":"Ancient Potion"}],"is_trial":false,"path_per_floor":["M","?","$","?","?","E","R","E","T","M","?","E","R","M","R","B",null,"M","$","M","M","?","R","E"],"character_chosen":"IRONCLAD","items_purchased":["Lee\u0027s Waffle","Rupture","Shrug It Off"],"campfire_rested":0,"item_purchase_floors":[19,19,19],"current_hp_per_floor":[78,78,78,78,85,90,90,94,94,98,60,58,58,66,66,56,100,88,125,121,114,114,114,0,0],"gold":68,"neow_bonus":"THREE_ENEMY_KILL","is_daily":false,"chose_seed":false,"campfire_upgraded":4,"win_rate":0.0,"timestamp":1610146366,"path_taken":["M","?","$","?","?","E","R","E","T","M","?","E","R","M","R","BOSS","M","$","M","M","?","R","E"],"items_purchased_type":["Relic","Card","Card"],"build_version":"2020-12-22","purchased_purges":1,"victory":false,"max_hp_per_floor":[80,80,80,80,90,90,90,94,94,98,102,106,106,110,110,114,114,118,125,129,133,133,133,133,133],"card_choices":[{"not_picked":["Headbutt","Twin Strike"],"picked":"Hemokinesis","floor":1.0},{"not_picked":["Shrug It Off","Power Through"],"picked":"Feed","floor":6.0},{"not_picked":["Shockwave","Heavy Blade","Power Through"],"picked":"SKIP","floor":8.0},{"not_picked":["Thunderclap","Infernal Blade"],"picked":"Pummel","floor":10},{"not_picked":["Flex","Infernal Blade"],"picked":"Flame Barrier","floor":11},{"not_picked":["Ghostly Armor","Flex"],"picked":"Berserk","floor":12},{"not_picked":["Wild Strike","Flex"],"picked":"Armaments","floor":14},{"not_picked":["Barricade","Limit Break"],"picked":"Bludgeon","floor":16},{"not_picked":["Twin Strike","Wild Strike"],"picked":"Whirlwind","floor":18},{"not_picked":["Warcry","Heavy Blade","Armaments"],"picked":"SKIP","floor":20},{"not_picked":["Shockwave","Flex","Anger"],"picked":"SKIP","floor":21}],"player_experience":908357,"relics_obtained":[{"floor":6.0,"key":"Omamori"},{"floor":8.0,"key":"Whetstone"},{"floor":9.0,"key":"Orichalcum"},{"floor":11,"key":"Odd Mushroom"},{"floor":12,"key":"InkBottle"}],"event_choices":[{"cards_removed":["Strike_R"],"damage_healed":0.0,"max_hp_gain":0.0,"max_hp_loss":0.0,"gold_gain":0.0,"event_name":"Living Wall","player_choice":"Forget","floor":2.0,"gold_loss":0.0,"damage_taken":0.0},{"damage_healed":0.0,"max_hp_gain":0.0,"max_hp_loss":0.0,"gold_gain":0.0,"event_name":"The Cleric","player_choice":"Leave","floor":4.0,"gold_loss":0.0,"damage_taken":0.0},{"damage_healed":0.0,"max_hp_gain":0.0,"max_hp_loss":0.0,"gold_gain":0.0,"event_name":"Scrap Ooze","player_choice":"Success","floor":5.0,"gold_loss":0.0,"damage_taken":3.0,"relics_obtained":["Pear"]},{"damage_healed":0,"gold_gain":0,"player_choice":"Fought Mushrooms","damage_taken":0,"max_hp_gain":0,"max_hp_loss":0,"event_name":"Mushrooms","floor":11,"gold_loss":0},{"damage_healed":0,"gold_gain":0,"player_choice":"Stole Relic","damage_taken":0,"relics_obtained":["Shuriken"],"max_hp_gain":0,"max_hp_loss":0,"event_name":"Addict","floor":22,"gold_loss":0,"cards_obtained":["Shame"]}],"is_beta":false,"boss_relics":[{"not_picked":["Black Star","Coffee Dripper"],"picked":"Astrolabe"}],"items_purged_floors":[3],"is_endless":false,"potions_floor_spawned":[10,11,12,14,16,18,21],"killed_by":"Gremlin Leader","ascension_level":10}}