{"host":"8fuipfsvjht9cgcs","time":1610112438,"event":{"mods":["AchievementEnabler","BaseMod","Colored Map","Colored Powertips","DeckTracker","Minty Spire (QoL Compilation)","Replay The Spire","StSLib","SuperFastMode","The Gatherer"],"gold_per_floor":[362,362,212,222,38,38,54,54,54,74,74,105,125,75,75,170,170,189,104,203,221,240,240,260,272,298,327,338,238,238,238,238,338,338,353,371,421,421,482,507,507,532,612,359,369,30,0,13,13,13],"floor_reached":51,"playtime":4919,"items_purged":["Strike_R","Strike_R","Defend_R","Defend_R"],"score":1150,"play_id":"982ce1c9-a965-4825-b416-21c2a5033e30","local_time":"20210109022718","is_ascension_mode":true,"campfire_choices":[{"data":"Whirlwind","floor":6.0,"key":"SMITH"},{"data":"Battle Trance","floor":8.0,"key":"SMITH"},{"data":"Barricade","floor":15.0,"key":"SMITH"},{"data":"True Grit","floor":23.0,"key":"SMITH"},{"data":"Body Slam","floor":30.0,"key":"SMITH"},{"data":"Strike_R","floor":32.0,"key":"PURGE"},{"data":"Strike_R","floor":41.0,"key":"PURGE"},{"data":"Defend_R","floor":49,"key":"PURGE"}],"circlet_count":0,"master_deck":["AscendersBane","Defend_R","Bash","Headbutt","Disarm","Armaments+1","Whirlwind+1","Battle Trance+1","Power Through","Barricade+1","Bludgeon","Shrug It Off+1","Burning Pact+1","True Grit+1","Abandon","Seeing Red","Body Slam+1","Demonic Infusion","Spot Weakness","Abandon+1","ReplayTheSpireMod:Stacked+1","Panacea","ReplayTheSpireMod:Necrogeddon","Secret Technique","Apotheosis"],"relics":["Burning Blood","Bag of Preparation","Replay:Bottled Flurry","Blue Doll","Mark of Pain","Peace Pipe","PreservedInsect","Regal Pillow","ReplayTheSpireMod:Ring of Exchange","ReplayTheSpireMod:Ring of Addiction","Toy Ornithopter","White Beast Statue","Chemical X","Du-Vu Doll","Shuriken","ReplayFunnel","Centennial Puzzle","Bottled Lightning","ReplayTheSpireMod:ShopPack","Red Mask"],"acts_visited":["Exordium","TheCity","TheBeyond"],"potions_floor_usage":[50],"damage_taken":[{"damage":8.0,"enemies":"2 Louse","floor":1.0,"turns":3.0},{"damage":6.0,"enemies":"Cultist","floor":4.0,"turns":3.0},{"damage":3.0,"enemies":"Small Slimes","floor":7.0,"turns":4.0},{"damage":3.0,"enemies":"Blue Slaver","floor":10.0,"turns":5.0},{"damage":4.0,"enemies":"Lagavulin","floor":12.0,"turns":9.0},{"damage":0.0,"enemies":"Large Slime","floor":13.0,"turns":7.0},{"damage":36.0,"enemies":"Fading Forest","floor":16.0,"turns":11.0},{"damage":28.0,"enemies":"2 Thieves","floor":18.0,"turns":4.0},{"damage":4.0,"enemies":"Shell Parasite","floor":21.0,"turns":5.0},{"damage":18.0,"enemies":"3 Cultists","floor":22.0,"turns":5.0},{"damage":0.0,"enemies":"Chosen and Byrds","floor":24.0,"turns":6.0},{"damage":11.0,"enemies":"Centurion and Healer","floor":25.0,"turns":8.0},{"damage":18.0,"enemies":"Gremlin Leader","floor":27.0,"turns":7.0},{"damage":0.0,"enemies":"Cultist and Chosen","floor":28.0,"turns":5.0},{"damage":24.0,"enemies":"Automaton","floor":33.0,"turns":12.0},{"damage":57.0,"enemies":"3 Shapes","floor":35.0,"turns":2.0},{"damage":12.0,"enemies":"3 Darklings","floor":36.0,"turns":4.0},{"damage":0.0,"enemies":"Mind Bloom Boss Battle","floor":37.0,"turns":8.0},{"damage":0.0,"enemies":"Nemesis","floor":40.0,"turns":9.0},{"damage":0.0,"enemies":"Giant Head","floor":42.0,"turns":7.0},{"damage":0.0,"enemies":"Jaw Worm Horde","floor":45.0,"turns":4.0},{"damage":6,"enemies":"4 Shapes","floor":48,"turns":1},{"damage":49,"enemies":"Time Eater","floor":50,"turns":14}],"seed_played":"-4141455263697435544","potions_obtained":[{"floor":1.0,"key":"Ancient Potion"},{"floor":7.0,"key":"Elixir"},{"floor":21.0,"key":"Weak Potion"},{"floor":25.0,"key":"SpeedPotion"},{"floor":33.0,"key":"Strength Potion"},{"floor":35.0,"key":"FairyPotion"},{"floor":36.0,"key":"Block Potion"},{"floor":40.0,"key":"Dexterity Potion"},{"floor":48,"key":"Strength Potion"}],"is_trial":false,"path_per_floor":["M","?","$","M","$","R","M","R","T","M","?","E","M","?","R","B",null,"M","?","?","M","M","R","M","M","T","E","M","$","R","?","R_BF","B",null,"M","M","?","?","?","E","R","E","T","$","M","$","?","M","R","B",null],"character_chosen":"IRONCLAD","items_purchased":["Bag of Preparation","Armaments+1","Whirlwind","ReplayTheSpireMod:ShopPack","Apotheosis"],"campfire_rested":0,"item_purchase_floors":[3,5,5,44,46],"current_hp_per_floor":[70,63,63,63,63,63,66,66,66,69,74,76,77,77,77,47,70,48,48,48,50,38,38,44,39,39,27,33,33,33,33,33,20,63,17,11,17,67,51,62,62,65,65,65,65,63,63,63,63,23],"gold":13,"neow_bonus":"TWO_FIFTY_GOLD","is_daily":false,"chose_seed":false,"campfire_upgraded":5,"win_rate":0.0,"timestamp":1610112438,"path_taken":["M","?","$","M","$","R","?","R","T","M","?","E","M","?","R","BOSS","M","?","?","M","M","R","M","M","T","E","M","$","R","?","R_BF","BOSS","M","M","?","?","?","E","R","E","T","$","M","$","?","M","R","BOSS"],"items_purchased_type":["Relic","Card","Card","Relic","Card"],"build_version":"2020-12-22","purchased_purges":4,"victory":true,"max_hp_per_floor":[72,72,72,72,72,72,72,72,72,72,77,77,77,77,77,77,77,77,77,77,77,77,77,77,77,77,77,77,77,77,77,77,77,77,77,77,77,67,67,65,65,65,65,65,65,63,63,63,63,61],"card_choices":[{"not_picked":["ReplayTheSpireMod:Corrosion Curse","Clothesline"],"picked":"Headbutt","floor":1.0},{"not_picked":["Clash","Anger"],"picked":"Disarm","floor":4.0},{"not_picked":["Pommel Strike","Power Through"],"picked":"Battle Trance","floor":7.0},{"not_picked":["Sever Soul","Twin Strike"],"picked":"Power Through","floor":10.0},{"not_picked":["Warcry","Rage"],"picked":"Barricade","floor":12.0},{"not_picked":["Clothesline","Replay:Undeath\u0027s Touch","Rampage"],"picked":"SKIP","floor":13.0},{"not_picked":["Corruption","Hemogenesis"],"picked":"Bludgeon","floor":16.0},{"not_picked":["Cleave","Armaments+1"],"picked":"Shrug It Off+1","floor":18.0},{"not_picked":["Anger","Replay:Undeath\u0027s Touch"],"picked":"Burning Pact+1","floor":21.0},{"not_picked":["Infernal Blade","Iron Wave"],"picked":"True Grit","floor":22.0},{"not_picked":["Clothesline","Pommel Strike"],"picked":"Abandon","floor":24.0},{"not_picked":["Disarm+1","Barricade"],"picked":"Seeing Red","floor":25.0},{"not_picked":["Dropkick","Wild Strike"],"picked":"Body Slam","floor":27.0},{"not_picked":["True Grit","Pommel Strike","Headbutt"],"picked":"SKIP","floor":28.0},{"not_picked":["Bludgeon","Corruption"],"picked":"Demonic Infusion","floor":33.0},{"not_picked":["Ghostly Armor+1","Whirlwind"],"picked":"Spot Weakness","floor":35.0},{"not_picked":["Run Through+1","Cleave+1","Pummel+1"],"picked":"SKIP","floor":36.0},{"not_picked":["Warcry","Twin Strike+1"],"picked":"Abandon+1","floor":39.0},{"not_picked":["Second Wind+1","Perfected Strike+1"],"picked":"ReplayTheSpireMod:Stacked+1","floor":40.0},{"not_picked":["Wild Strike","Headbutt+1","Shockwave+1"],"picked":"SKIP","floor":42.0},{"not_picked":["Mind Blast","Survey Options"],"picked":"Panacea","floor":44.0},{"not_picked":["ReplayTheSpireMod:Brewmster","Good Instincts"],"picked":"ReplayTheSpireMod:Necrogeddon","floor":44.0},{"not_picked":["ReplayTheSpireMod:Brewmster","HandOfGreed"],"picked":"Secret Technique","floor":44.0},{"not_picked":["Cleave+1","Armaments","Wild Strike"],"picked":"SKIP","floor":45.0},{"not_picked":["Warcry","Twin Strike+1","Shrug It Off+1"],"picked":"SKIP","floor":48}],"player_experience":360221,"relics_obtained":[{"floor":9.0,"key":"Replay:Bottled Flurry"},{"floor":12.0,"key":"Blue Doll"},{"floor":26.0,"key":"PreservedInsect"},{"floor":27.0,"key":"Regal Pillow"},{"floor":31.0,"key":"ReplayTheSpireMod:Ring of Exchange"},{"floor":31.0,"key":"ReplayTheSpireMod:Ring of Addiction"},{"floor":31.0,"key":"Toy Ornithopter"},{"floor":31.0,"key":"White Beast Statue"},{"floor":37.0,"key":"Du-Vu Doll"},{"floor":39.0,"key":"Shuriken"},{"floor":40.0,"key":"ReplayFunnel"},{"floor":42.0,"key":"Centennial Puzzle"},{"floor":43.0,"key":"Bottled Lightning"}],"event_choices":[{"damage_healed":0.0,"max_hp_gain":0.0,"max_hp_loss":0.0,"gold_gain":0.0,"event_name":"Wheel of Change","player_choice":"Damaged","floor":2.0,"gold_loss":0.0,"damage_taken":7.0},{"damage_healed":0.0,"max_hp_gain":5.0,"max_hp_loss":0.0,"gold_gain":0.0,"event_name":"Big Fish","player_choice":"Donut","floor":11.0,"gold_loss":0.0,"damage_taken":0.0},{"cards_removed":["Strike_R"],"damage_healed":0.0,"max_hp_gain":0.0,"max_hp_loss":0.0,"gold_gain":0.0,"event_name":"The Cleric","player_choice":"Card Removal","floor":14.0,"gold_loss":50.0,"damage_taken":0.0},{"damage_healed":0.0,"max_hp_gain":0.0,"max_hp_loss":0.0,"gold_gain":0.0,"event_name":"Addict","player_choice":"Obtained Relic","floor":19.0,"gold_loss":85.0,"damage_taken":0.0,"relics_obtained":["Peace Pipe"]},{"damage_healed":0.0,"max_hp_gain":0.0,"max_hp_loss":0.0,"gold_gain":99.0,"event_name":"Nest","player_choice":"Stole From Cult","floor":20.0,"gold_loss":0.0,"damage_taken":0.0},{"damage_healed":0.0,"max_hp_gain":0.0,"max_hp_loss":0.0,"gold_gain":0.0,"event_name":"MindBloom","player_choice":"Fight","floor":37.0,"gold_loss":0.0,"damage_taken":0.0},{"damage_healed":67.0,"max_hp_gain":0.0,"max_hp_loss":10.0,"gold_gain":0.0,"event_name":"The Moai Head","player_choice":"Heal","floor":38.0,"gold_loss":0.0,"damage_taken":0.0},{"damage_healed":0.0,"max_hp_gain":0.0,"max_hp_loss":0.0,"gold_gain":0.0,"event_name":"Tomb of Lord Red Mask","player_choice":"Paid","floor":47.0,"gold_loss":30.0,"damage_taken":0.0,"relics_obtained":["Red Mask"]}],"is_beta":false,"boss_relics":[{"not_picked":["Pandora\u0027s Box","Abe\u0027s Treasure"],"picked":"Mark of Pain"},{"not_picked":["Replay:Ancient Bell","Tiny House"],"picked":"Chemical X"}],"items_purged_floors":[5,29,44,46],"is_endless":false,"potions_floor_spawned":[1,7,21,24,25,27,33,35,36,37,40,42,45,48],"ascension_level":10}}