{"host":"ygfasg9u7olr7skw","time":1610148253,"event":{"mods":["AchievementEnabler","BaseMod","Better Note","Better Vampires","Colored Powertips","Minty Spire (QoL Compilation)","Replay The Spire","Spicy Shops","StSLib","The IronCluck"],"gold_per_floor":[113,126,126,138,27,27,52,52,105,123,0,12,12,25,25,125,125,141,159,34,53,73,106,123,123,123,123,148,148,193,201,201],"floor_reached":31,"playtime":1938,"items_purged":["Strike_B","Strike_B","Force Field"],"score":332,"play_id":"a75589bc-6aad-4354-9917-1c6d1cf75c81","local_time":"20210108182413","is_ascension_mode":true,"campfire_choices":[{"data":"Zap","floor":6,"key":"SMITH"},{"data":"Chill","floor":8,"key":"SMITH"},{"floor":15,"key":"REST"},{"floor":25,"key":"REST"},{"floor":27,"key":"REST"},{"floor":29,"key":"REST"}],"circlet_count":0,"master_deck":["Zap+1","Dualcast","Ball Lightning","Steam","Loop","Chill+1","Ball Lightning+1","Cold Snap","Cold Snap","Genetic Algorithm","Cold Snap","Tempest","Turbo","Leap","Ball Lightning+1","Panic Button","Barrage+1","Cold Snap+1","ReplayTheSpireMod:Calculation Training","Chaos","ReplayRNGCard"],"relics":["Cracked Core","Simple Rune","Vajra","Pandora\u0027s Box","Solar Panel","Replay:Bandana","Sundial"],"acts_visited":["Exordium","TheCity"],"potions_floor_usage":[7,16,16,21,23,30],"damage_taken":[{"damage":1,"enemies":"Cultist","floor":1,"turns":4},{"damage":0,"enemies":"Small Slimes","floor":2,"turns":4},{"damage":2,"enemies":"Jaw Worm","floor":4,"turns":3},{"damage":17,"enemies":"Gremlin Nob","floor":7,"turns":4},{"damage":0,"enemies":"3 Louse","floor":10,"turns":4},{"damage":0,"enemies":"Red Slaver","floor":12,"turns":2},{"damage":13,"enemies":"Large Slime","floor":14,"turns":4},{"damage":19,"enemies":"Hexaghost","floor":16,"turns":6},{"damage":1,"enemies":"Chosen","floor":18,"turns":4},{"damage":12,"enemies":"3 Byrds","floor":19,"turns":4},{"damage":8,"enemies":"Centurion and Healer","floor":21,"turns":4},{"damage":3,"enemies":"3 Cultists","floor":22,"turns":4},{"damage":30,"enemies":"Slavers","floor":23,"turns":6},{"damage":26,"enemies":"Snake Plant","floor":24,"turns":3},{"damage":24,"enemies":"Sentry and Sphere","floor":28,"turns":4},{"damage":62,"enemies":"Gremlin Leader","floor":30,"turns":9},{"damage":14,"enemies":"3 Cultists","floor":31,"turns":4}],"seed_played":"4125702337801258615","potions_obtained":[{"floor":1,"key":"AttackPotion"},{"floor":7,"key":"AttackPotion"},{"floor":10,"key":"FocusPotion"},{"floor":14,"key":"Swift Potion"},{"floor":19,"key":"SteroidPotion"},{"floor":22,"key":"AttackPotion"},{"floor":24,"key":"SneckoOil"}],"is_trial":false,"path_per_floor":["M","M","?","M","$","R","E","R","T","M","$","M","?","M","R","B",null,"M","M","$","M","M","E","M","R","T","R","M","R","E","M"],"character_chosen":"DEFECT","items_purchased":["Loop","Ball Lightning"],"campfire_rested":4,"item_purchase_floors":[5,11],"current_hp_per_floor":[81,81,86,84,84,84,67,67,67,67,67,67,50,37,63,44,87,86,74,74,66,63,33,9,35,35,61,43,69,9,0,0],"gold":201,"neow_bonus":"TEN_PERCENT_HP_BONUS","is_daily":false,"chose_seed":false,"campfire_upgraded":2,"win_rate":0.0,"timestamp":1610148253,"path_taken":["M","M","?","M","$","R","E","R","T","M","$","M","?","M","R","BOSS","M","M","$","M","M","E","M","R","T","R","M","R","E","M"],"items_purchased_type":["Card","Card"],"build_version":"2020-12-22","purchased_purges":3,"victory":false,"max_hp_per_floor":[82,82,87,87,87,87,87,87,87,87,87,87,87,87,87,87,87,87,87,87,87,87,87,87,87,87,87,87,87,87,87,87],"card_choices":[{"not_picked":["FTL","Rebound","Compile Driver"],"picked":"SKIP","floor":1},{"not_picked":["Redo","ReplayTheSpireMod:GoodbyeWorld"],"picked":"Ball Lightning","floor":2},{"not_picked":["Self Repair","Coolheaded"],"picked":"Steam","floor":4},{"not_picked":["Double Energy","BasicCrystalCard"],"picked":"Chill","floor":7},{"not_picked":["Heatsinks","Turbo","Blizzard"],"picked":"SKIP","floor":10},{"not_picked":["Gash","Hologram"],"picked":"Cold Snap","floor":12},{"not_picked":["Sweeping Beam","Redo"],"picked":"Cold Snap","floor":14},{"not_picked":["Conserve Battery","Sweeping Beam+1"],"picked":"Ball Lightning+1","floor":18},{"not_picked":["Beam Cell","Reinforced Body"],"picked":"Panic Button","floor":19},{"not_picked":["BasicCrystalCard","Hologram"],"picked":"Barrage+1","floor":21},{"not_picked":["Go for the Eyes","Conserve Battery"],"picked":"Cold Snap+1","floor":22},{"not_picked":["ReplaySolidLightProjector","Seek"],"picked":"ReplayTheSpireMod:Calculation Training","floor":23},{"not_picked":["Beam Cell","Sweeping Beam"],"picked":"Chaos","floor":24},{"not_picked":["Streamline+1","Sweeping Beam","Recycle"],"picked":"SKIP","floor":28},{"not_picked":["Scrape","Sunder+1"],"picked":"ReplayRNGCard","floor":30}],"player_experience":228213,"relics_obtained":[{"floor":7,"key":"Simple Rune"},{"floor":9,"key":"Vajra"},{"floor":23,"key":"Solar Panel"},{"floor":26,"key":"Replay:Bandana"},{"floor":30,"key":"Sundial"}],"event_choices":[{"damage_healed":0,"gold_gain":0,"player_choice":"Donut","damage_taken":0,"max_hp_gain":5,"max_hp_loss":0,"event_name":"Big Fish","floor":3,"gold_loss":0},{"damage_healed":0,"gold_gain":0,"player_choice":"Entered Light","damage_taken":17,"max_hp_gain":0,"max_hp_loss":0,"event_name":"Shining Light","floor":13,"gold_loss":0,"cards_upgraded":["Ball Lightning","Defend_B"]}],"is_beta":false,"boss_relics":[{"not_picked":["Calling Bell","Nuclear Battery"],"picked":"Pandora\u0027s Box"}],"items_purged_floors":[5,11,20],"is_endless":false,"potions_floor_spawned":[1,7,10,14,19,22,24],"killed_by":"3 Cultists","ascension_level":2}}