{"host":"s0ikvqhe10eopvjn","time":1610066192,"event":{"mods":["Act Like it!","Bard","BaseMod","Better Third Choice","Block Reminder","Colored Map","Colored Powertips","DeckTracker","Downfall","GifTheSpireLib","Halation","Hallownest","Hermit","Highlight Path","Hubris","Infinite Spire","Mad Scientist","Minty Spire (QoL Compilation)","Permanent Neow","Random Character Button","Replay The Spire","StSLib","The Blackbeard","The Blue Laboratory","The Bug Knight","The Construct","The Cursed","The Disciple","The Hierophant","The Marked","The Mystic","The Necromancer","The Poker Player","The Runesmith","The Servant 0.9.4"],"gold_per_floor":[16,16,26,39,39,39,74,94,94,108,33,33,33,80,80,175,175,188,108,108,8,8,8,36,36,36,53,1,1,14,14,14,115,115,128,142,62,2,2,2,2,2,55,68,68,84,97,97,97,97,97],"floor_reached":50,"playtime":4060,"items_purged":["Hallownest:curseDreamersLament","Shame"],"score":506,"play_id":"a5fa751e-e422-4adb-a671-ff8da2cc48d6","local_time":"20210108003632","is_ascension_mode":false,"campfire_choices":[{"floor":6,"key":"REST"},{"data":"HollowMod:FocusHealStart","floor":12,"key":"SMITH"},{"data":"expansioncontent:DashGenerateEvil","floor":15,"key":"SMITH"},{"data":"HollowMod:PogoStrike","floor":23,"key":"SMITH"},{"floor":29,"key":"REST"},{"floor":32,"key":"DIG"},{"floor":40,"key":"REST"},{"floor":42,"key":"REST"},{"data":"HollowMod:LifebloodCore","floor":49,"key":"SMITH"}],"circlet_count":0,"master_deck":["HollowMod:NailStrikeStart","HollowMod:NailStrikeStart","HollowMod:QuickDashStart","HollowMod:FocusHealStart+1","HollowMod:PogoStrike+1","expansioncontent:DashGenerateEvil+1","HollowMod:NewLittleFool","HollowMod:DashSlash","HollowMod:SharpenedNail","HollowMod:Grubsong","HollowMod:CloakDash","HollowMod:HowlingWraiths","HollowMod:ZotesMagnificence","HollowMod:ChannelNail","Hallownest:skillCityofTearsMap","HollowMod:LifebloodCore+1","HollowMod:SoulSplash","HollowMod:InfectedCysts+1","HollowMod:PureVessel","HollowMod:VengefulSpirit","HollowMod:MawleksShell+1","Hallownest:attackMasterDashSlash","HollowMod:CloakDash+1","HollowMod:MantisMark+1","HollowMod:DungDefenderAura","Burn","Burn"],"relics":["HollowMod:VesselMask","hubris:KleinBottle","Durian","ClockworkSouvenir","Hallownest:TeacherSealRelic","Juzu Bracelet","hubris:TinFlute","Orichalcum","Empty Cage","WarpedTongs","Gremlin Horn","hubris:Icosahedron","Snack Pack","Bottled Flame","Replay:Drink Me","Blood Vial"],"acts_visited":["Exordium","Hallownest:Greenpath","Hallownest:CityofTears"],"potions_floor_usage":[24,24,24,33,36,50,50],"damage_taken":[{"damage":4,"enemies":"Hallownest:2_MossCreeps","floor":1,"turns":6},{"damage":0,"enemies":"Hallownest:monsterHuskGuard","floor":3,"turns":1},{"damage":0,"enemies":"2_ Uuma","floor":4,"turns":6},{"damage":0,"enemies":"Hallownest:eliteVengeflyKing","floor":7,"turns":5},{"damage":6,"enemies":"Hallownest:2_Tiktiks_1_Baldur_1_Crawlid","floor":8,"turns":6},{"damage":0,"enemies":"Hallownest:monsterMossCharger","floor":10,"turns":4},{"damage":1,"enemies":"Hallownest:BossBrokenVessel","floor":16,"turns":11},{"damage":12,"enemies":"Hallownest:Guard_and_Sentry","floor":18,"turns":5},{"damage":23,"enemies":"Hallownest:eliteWatcherKnight","floor":24,"turns":11},{"damage":16,"enemies":"Hallownest:2_Mistakes","floor":27,"turns":6},{"damage":0,"enemies":"Hallownest:monsterShrumalOgre","floor":30,"turns":3},{"damage":68,"enemies":"Hallownest:BossMantisLord","floor":33,"turns":8},{"damage":0,"enemies":"Hallownest:Shield_Heavy","floor":35,"turns":6},{"damage":96,"enemies":"Hallownest:3_Siblings","floor":36,"turns":11},{"damage":0,"enemies":"Hallownest:2_Soldiers_and_1_Guardian","floor":44,"turns":11},{"damage":5,"enemies":"Hallownest:monsterPrimalAspid","floor":46,"turns":6},{"damage":0,"enemies":"Hallownest:Shield_Sturdy","floor":47,"turns":6},{"damage":76,"enemies":"Hallownest:BossHollowKnight","floor":50,"turns":12}],"seed_played":"366917395995373028","potions_obtained":[{"floor":1,"key":"SpeedPotion"},{"floor":4,"key":"Reflective Coating"},{"floor":8,"key":"PowerPotion"},{"floor":18,"key":"Cursed Concoction"},{"floor":27,"key":"blueLaboratory:HummingbirdPotion"},{"floor":33,"key":"SkillPotion"},{"floor":36,"key":"Dexterity Potion"},{"floor":44,"key":"Energy Potion"}],"is_trial":false,"path_per_floor":["M","$","M","M","?","R","E","M","T","M","$","R","?","T","R","B",null,"M","?","?","$","?","R","E","?","T","M","$","R","M","?","R_BF","B",null,"M","M","?","?","?","R","?","R","T","M","$","M","M","?","R","B"],"character_chosen":"THE_BUGKNIGHT","items_purchased":["hubris:KleinBottle","Durian","ClockworkSouvenir","HollowMod:SoulSplash"],"campfire_rested":4,"item_purchase_floors":[2,2,2,28],"current_hp_per_floor":[73,29,29,35,35,59,69,77,77,80,80,80,80,80,80,79,80,68,68,68,68,80,80,67,67,67,57,57,80,80,80,80,30,60,60,5,5,12,12,32,32,52,52,64,64,66,67,67,67,0,0],"gold":97,"neow_bonus":"RANDOM_COLORLESS_2","is_daily":false,"chose_seed":false,"campfire_upgraded":4,"win_rate":0.0,"timestamp":1610066192,"path_taken":["M","?","M","M","?","R","E","M","T","M","?","R","?","?","R","BOSS","M","?","?","$","?","R","E","?","T","M","$","R","M","?","R_BF","BOSS","M","M","?","?","?","R","?","R","T","M","$","M","M","?","R","BOSS"],"items_purchased_type":["Relic","Relic","Relic","Card"],"build_version":"2020-12-22","purchased_purges":2,"victory":false,"max_hp_per_floor":[75,80,80,80,80,80,80,80,80,80,80,80,80,80,80,80,80,80,80,80,80,80,80,80,80,80,80,80,80,80,80,80,80,60,60,60,60,67,67,67,67,67,67,67,67,67,67,67,67,67,67],"card_choices":[{"not_picked":["Magnetism","The Bomb"],"picked":"expansioncontent:DashGenerateEvil","floor":0},{"not_picked":["HollowMod:VengefulVoid","HollowMod:BrokenVessel"],"picked":"HollowMod:NewLittleFool","floor":1},{"not_picked":["infinitespire:SealOfDarkness+","infinitespire:UltimateForm"],"picked":"infinitespire:Fortify","floor":2},{"not_picked":["HollowMod:TaintedHusks","HollowMod:DoubleDash"],"picked":"HollowMod:DashSlash","floor":3},{"not_picked":["HollowMod:WraithStrike","HollowMod:TaintedHusks"],"picked":"HollowMod:SharpenedNail","floor":4},{"not_picked":["HollowMod:TaintedHusks","HollowMod:NewGlowingWomb"],"picked":"HollowMod:Grubsong","floor":7},{"not_picked":["HollowMod:InfectedCysts","HollowMod:BaldurShell"],"picked":"HollowMod:CloakDash","floor":8},{"not_picked":["HollowMod:CloakDash","HollowMod:SiblingsSouls"],"picked":"HollowMod:HowlingWraiths","floor":10},{"not_picked":["HollowMod:Hiveblood","HollowMod:Weaversong"],"picked":"HollowMod:ZotesMagnificence","floor":16},{"not_picked":["HollowMod:ShadowDash","HollowMod:SoulStrike"],"picked":"HollowMod:ChannelNail","floor":18},{"not_picked":["HollowMod:NewJinnsSoul+1","HollowMod:CloakDash+1"],"picked":"HollowMod:LifebloodCore","floor":24},{"not_picked":["HollowMod:LifebloodCocoon","HollowMod:AbyssShriek","HollowMod:DreamGate"],"picked":"SKIP","floor":27},{"not_picked":["HollowMod:LifebloodCocoon","HollowMod:AbyssShriek","HollowMod:DreamGate"],"picked":"SKIP","floor":27},{"not_picked":["HollowMod:HowlingWraiths","HollowMod:DreamGate"],"picked":"HollowMod:InfectedCysts","floor":30},{"not_picked":["HollowMod:ZotesMagnificence","HollowMod:HornetsHelp"],"picked":"HollowMod:PureVessel","floor":33},{"not_picked":["HollowMod:VengefulVoid+1","HollowMod:QuirrelsAssistance+1"],"picked":"HollowMod:VengefulSpirit","floor":35},{"not_picked":["HollowMod:DescendingDark+1","HollowMod:FallenFury"],"picked":"HollowMod:MawleksShell+1","floor":36},{"not_picked":["HollowMod:GoodIntentions+1","HollowMod:DoubleDash+1"],"picked":"HollowMod:CloakDash+1","floor":44},{"not_picked":["HollowMod:NewJinnsSoul","HollowMod:SiblingsShadow+1"],"picked":"HollowMod:MantisMark+1","floor":46},{"not_picked":["HollowMod:NewLittleFool+1","HollowMod:RecoilStrike"],"picked":"HollowMod:DungDefenderAura","floor":47}],"player_experience":126071,"relics_obtained":[{"floor":7,"key":"Juzu Bracelet"},{"floor":9,"key":"hubris:TinFlute"},{"floor":14,"key":"Orichalcum"},{"floor":24,"key":"Gremlin Horn"},{"floor":26,"key":"Snack Pack"},{"floor":32,"key":"Bottled Flame"},{"floor":43,"key":"Blood Vial"}],"event_choices":[],"is_beta":false,"boss_relics":[{"not_picked":["halation:Prosthetics","halation:Yufonium"],"picked":"Empty Cage"},{"not_picked":["Runic Dome","Replay:Bronze Core"],"picked":"Replay:Drink Me"}],"items_purged_floors":[11,21],"is_endless":false,"potions_floor_spawned":[1,4,8,18,27,33,36,44,46],"killed_by":"Hallownest:BossHollowKnight","ascension_level":0}}