{"host":"36mulxq349byzoa2","time":1610118545,"event":{"mods":["AchievementEnabler","BaseMod","Better Match","Block Reminder","Colored Map","Colored Powertips","Minty Spire (QoL Compilation)","Rare Cards Sparkle","StSLib","SuperFastMode"],"gold_per_floor":[119,4,19,19,19,53,68,88,169,94,122,122,152,165,165,165,165],"floor_reached":16,"playtime":395,"items_purged":["Defend_G"],"score":332,"play_id":"94c3052b-1aac-4a1b-8d78-43bb51a2a5ea","local_time":"20210108100905","is_ascension_mode":true,"campfire_choices":[{"data":"Phantasmal Killer","floor":12,"key":"SMITH"},{"data":"Blade Dance","floor":15,"key":"SMITH"}],"circlet_count":0,"master_deck":["AscendersBane","Strike_G","Strike_G","Strike_G","Strike_G","Strike_G","Defend_G","Defend_G","Defend_G","Defend_G","Survivor","Neutralize","Dagger Spray","Blade Dance","Phantasmal Killer+1","PiercingWail","Blade Dance+1","Blade Dance","Quick Slash","Adrenaline"],"relics":["Ring of the Snake","NeowsBlessing","CaptainsWheel","Potion Belt","HornCleat","Darkstone Periapt","Akabeko"],"acts_visited":["Exordium"],"potions_floor_usage":[11,13,14],"damage_taken":[{"damage":0,"enemies":"2 Louse","floor":1,"turns":1},{"damage":0,"enemies":"Cultist","floor":3,"turns":1},{"damage":0,"enemies":"Lagavulin","floor":6,"turns":1},{"damage":0,"enemies":"Jaw Worm","floor":7,"turns":4},{"damage":2,"enemies":"2 Fungi Beasts","floor":8,"turns":3},{"damage":0,"enemies":"Gremlin Nob","floor":11,"turns":3},{"damage":2,"enemies":"3 Sentries","floor":13,"turns":4},{"damage":0,"enemies":"Exordium Wildlife","floor":14,"turns":3},{"damage":73,"enemies":"Hexaghost","floor":16,"turns":11}],"seed_played":"-956757440872805896","potions_obtained":[{"floor":3,"key":"SteroidPotion"},{"floor":8,"key":"DistilledChaos"},{"floor":11,"key":"SneckoOil"}],"is_trial":false,"path_per_floor":["M","?","M","?","?","E","M","M","T","$","E","R","E","M","R","B"],"character_chosen":"THE_SILENT","items_purchased":[],"campfire_rested":0,"item_purchase_floors":[],"current_hp_per_floor":[59,59,59,64,71,71,71,69,69,69,69,69,67,67,67,0,0],"gold":165,"neow_bonus":"THREE_ENEMY_KILL","is_daily":false,"chose_seed":false,"campfire_upgraded":2,"win_rate":0.0,"timestamp":1610118545,"path_taken":["M","?","?","?","?","E","?","M","T","?","E","R","E","M","R","BOSS"],"items_purchased_type":[],"build_version":"2020-12-22","purchased_purges":1,"victory":false,"max_hp_per_floor":[66,66,66,71,71,71,71,71,71,71,71,71,71,71,71,71,71],"card_choices":[{"not_picked":["Dodge and Roll","Outmaneuver"],"picked":"Dagger Spray","floor":1},{"not_picked":["Dagger Spray","Flying Knee"],"picked":"Blade Dance","floor":3},{"not_picked":["Calculated Gamble","Riddle With Holes"],"picked":"Phantasmal Killer","floor":6},{"not_picked":["Slice","Riddle With Holes"],"picked":"PiercingWail","floor":7},{"not_picked":["Cloak And Dagger","Quick Slash"],"picked":"Blade Dance","floor":8},{"not_picked":["Choke","Bane"],"picked":"Blade Dance","floor":11},{"not_picked":["Dagger Spray","Outmaneuver"],"picked":"Quick Slash","floor":13},{"not_picked":["PiercingWail","Caltrops"],"picked":"Adrenaline","floor":14}],"player_experience":1020319,"relics_obtained":[{"floor":6,"key":"Potion Belt"},{"floor":9,"key":"HornCleat"},{"floor":11,"key":"Darkstone Periapt"},{"floor":13,"key":"Akabeko"}],"event_choices":[{"damage_healed":0,"gold_gain":0,"player_choice":"Paid Gold","damage_taken":0,"relics_obtained":["CaptainsWheel"],"max_hp_gain":0,"max_hp_loss":0,"event_name":"WeMeetAgain","floor":2,"gold_loss":115},{"damage_healed":0,"gold_gain":0,"player_choice":"Donut","damage_taken":0,"max_hp_gain":5,"max_hp_loss":0,"event_name":"Big Fish","floor":4,"gold_loss":0},{"damage_healed":7,"gold_gain":0,"player_choice":"Full Heal","damage_taken":0,"max_hp_gain":0,"max_hp_loss":0,"event_name":"Wheel of Change","floor":5,"gold_loss":0}],"is_beta":false,"boss_relics":[],"items_purged_floors":[10],"is_endless":false,"potions_floor_spawned":[3,8,11],"killed_by":"Hexaghost","ascension_level":19}}