{"host":"a0paspe0zwqgzttz","time":1610064780,"event":{"mods":["AchievementEnabler","Act Like it!","BaseMod","BetterRewards","Colored Powertips","Conspire","Downfall","GifTheSpireLib","Hermit","Highlight Path","Lobotomy","Mad Scientist","Marisa????????","Minty Spire (QoL Compilation)","Quick Restart","Replay The Spire","Robot Space Explorer","Shop Mod","StSLib","SuperFastMode","The Bug Knight","The Construct","The Cursed","The Hierophant","The Jungle","The Mystic","The Necromancer","The Runesmith","The Senshi","The Servant 0.9.4"],"gold_per_floor":[99,114,129,129,57,57,82,82,0,15,15,30,45,60,75,75,75],"floor_reached":16,"playtime":620,"items_purged":[],"score":94,"play_id":"dbafa3e9-b23c-4922-9cfd-f25684517338","local_time":"20210107191300","daily_mods":["Heirloom","Diverse","Elite Swarm"],"is_ascension_mode":false,"campfire_choices":[{"floor":1,"key":"RECALL"}],"circlet_count":0,"master_deck":["TheCursedMod:Strike_TheCursed","TheCursedMod:Strike_TheCursed","TheCursedMod:Strike_TheCursed","TheCursedMod:Strike_TheCursed+1","TheCursedMod:Defend_TheCursed","TheCursedMod:Defend_TheCursed","TheCursedMod:Defend_TheCursed","TheCursedMod:Defend_TheCursed","TheCursedMod:CursedWand","TheCursedMod:CleanUpWorkshop","TheCursedMod:Dregs","champ:SkillfulDodge","JustLucky","Spectral_Armor","hermit:Spite","hermit:Spite","Writhe","Negative_Energy_Sphere","champ:ShieldWall","hermit:Vantage","Runesmith:HammerAndChisel+1","hermit:RoundhouseKick","hierophant:Rebuild+1","MadScienceMod:OilDrum+1"],"relics":["TheCursedMod:BlackMagic101","Bird Faced Urn","Toxic Egg 2"],"acts_visited":["Exordium"],"potions_floor_usage":[12,16,16],"damage_taken":[{"damage":0,"enemies":"2 Louse","floor":2,"turns":3},{"damage":0,"enemies":"Small Slimes","floor":3,"turns":3},{"damage":0,"enemies":"downfall:FleeingMerchant","floor":5,"turns":4},{"damage":0,"enemies":"downfall:FleeingMerchant","floor":9,"turns":4},{"damage":6,"enemies":"Jaw Worm","floor":10,"turns":3},{"damage":25,"enemies":"Gremlin Gang","floor":12,"turns":7},{"damage":9,"enemies":"2 Fungi Beasts","floor":13,"turns":3},{"damage":6,"enemies":"3 Louse","floor":14,"turns":4},{"damage":7,"enemies":"Blue Slaver","floor":15,"turns":4},{"damage":38,"enemies":"Fading Forest","floor":16,"turns":8}],"seed_played":"-6062085814737979882","potions_obtained":[{"floor":2,"key":"ColorlessPotion"},{"floor":12,"key":"Fruit Juice"},{"floor":13,"key":"Dexterity Potion"},{"floor":14,"key":"EssenceOfSteel"}],"is_trial":false,"path_per_floor":["R","M","M","?","$","?","T","?","$","M","?","M","M","M","M","B"],"character_chosen":"THE_CURSED","items_purchased":["hermit:Spite","champ:ShieldWall"],"campfire_rested":0,"item_purchase_floors":[5,9],"current_hp_per_floor":[75,75,75,75,75,75,75,75,75,69,62,44,35,29,24,0,0],"gold":75,"neow_bonus":"","is_daily":true,"chose_seed":false,"campfire_upgraded":0,"win_rate":0.0,"timestamp":1610064780,"path_taken":["R","M","M","?","$","?","T","?","?","?","?","M","M","M","M","BOSS"],"items_purchased_type":["Card","Card"],"build_version":"2020-12-22","purchased_purges":0,"victory":false,"max_hp_per_floor":[75,75,75,75,75,75,75,75,75,75,75,80,80,80,80,80,80],"card_choices":[{"not_picked":["champ:EnGarde","Quick Slash"],"picked":"champ:SkillfulDodge","floor":2},{"not_picked":["Chill_Blood","TheCursedMod:CircleOfCorruption"],"picked":"JustLucky","floor":3},{"not_picked":["Weave","HollowMod:MothsMistake"],"picked":"Spectral_Armor","floor":5},{"not_picked":["TheCursedMod:CircleOfFocus","Negative_Energy_Burst"],"picked":"Negative_Energy_Sphere","floor":9},{"not_picked":["champ:GutPunch","Slimebound:SlimeBrawl"],"picked":"hermit:Vantage","floor":10},{"not_picked":["Cleave","DeceiveReality+1"],"picked":"Runesmith:HammerAndChisel+1","floor":12},{"not_picked":["HollowMod:SiblingsShadow+1","Unruled"],"picked":"hermit:RoundhouseKick","floor":13},{"not_picked":["RobotSpaceExplorer:ShockKick","hexamod:PhantomCloak"],"picked":"hierophant:Rebuild+1","floor":14},{"not_picked":["hierophant:HolyVerse+1","TheCursedMod:BlessingInDisguise+1"],"picked":"MadScienceMod:OilDrum+1","floor":15}],"player_experience":451747,"relics_obtained":[],"event_choices":[{"damage_healed":0,"gold_gain":0,"player_choice":"Ignored","damage_taken":0,"max_hp_gain":0,"max_hp_loss":0,"event_name":"Golden Wing","floor":6,"gold_loss":0},{"damage_healed":0,"gold_gain":0,"player_choice":"Success","damage_taken":7,"relics_obtained":["Toxic Egg 2"],"max_hp_gain":0,"max_hp_loss":0,"event_name":"Scrap Ooze","floor":11,"gold_loss":0}],"is_beta":false,"boss_relics":[],"items_purged_floors":[],"is_endless":false,"potions_floor_spawned":[2,12,13,14],"killed_by":"Fading Forest","ascension_level":0}}