{"host":"f5uumzf5hfexzk8l","time":1610079156,"event":{"mods":["AchievementEnabler","BaseMod","Bestiary","Colored Map","Googly Eyes","Minty Spire (QoL Compilation)","Permanent Neow","Relic Sorter","Relic Stats","SuperFastMode","Unceasing Turn Reminder","everything is the same but u backflip on backflip"],"gold_per_floor":[109,125,125,139,153,153,183,197,197,212,212,245,245,258,258,337,337,354,269,269,30,30,63,77,109,155,155,183,183,198,198,198,274,274,289,289,309,11,29,29,78,104,116,2,2,2,28,44,44,44],"floor_reached":51,"playtime":2371,"items_purged":["Strike_G+1","Bouncing Flask"],"score":1403,"play_id":"0569d119-61a2-474a-9829-07a63d3f9d55","local_time":"20210107201236","is_ascension_mode":true,"campfire_choices":[{"data":"Neutralize","floor":6.0,"key":"SMITH"},{"data":"Envenom","floor":11.0,"key":"SMITH"},{"floor":15.0,"key":"REST"},{"data":"Tools of the Trade","floor":27,"key":"SMITH"},{"data":"A Thousand Cuts","floor":29,"key":"SMITH"},{"floor":32,"key":"REST"},{"data":"Crippling Poison","floor":40,"key":"SMITH"},{"floor":45,"key":"REST"},{"data":"Blade Dance","floor":49,"key":"SMITH"}],"circlet_count":0,"master_deck":["AscendersBane","Strike_G+1","Defend_G","Defend_G","Defend_G","Defend_G","Survivor","Neutralize+1","Blade Dance","Dagger Spray","Poisoned Stab","Blade Dance+1","Envenom+1","Tools of the Trade+1","A Thousand Cuts+1","Cloak And Dagger+1","Deflect","Sucker Punch+1","Crippling Poison+1","Deflect+1","Corpse Explosion","Dodge and Roll","Cloak And Dagger+1","Backflip+1"],"relics":["HoveringKite","Juzu Bracelet","Nunchaku","Centennial Puzzle","SacredBark","InkBottle","Kunai","Eternal Feather","Regal Pillow","Whetstone","Molten Egg 2","Empty Cage","Lantern","Bird Faced Urn","MawBank","Bag of Preparation","Smiling Mask"],"acts_visited":["Exordium","TheCity","TheBeyond"],"potions_floor_usage":[16,18,24,24,42,42,42],"damage_taken":[{"damage":7.0,"enemies":"Jaw Worm","floor":1.0,"turns":7.0},{"damage":0.0,"enemies":"Small Slimes","floor":2.0,"turns":4.0},{"damage":0.0,"enemies":"2 Louse","floor":4.0,"turns":2.0},{"damage":6.0,"enemies":"Exordium Thugs","floor":5.0,"turns":4.0},{"damage":25.0,"enemies":"3 Sentries","floor":7.0,"turns":10.0},{"damage":1.0,"enemies":"Red Slaver","floor":8.0,"turns":3.0},{"damage":4.0,"enemies":"2 Fungi Beasts","floor":10.0,"turns":3.0},{"damage":12.0,"enemies":"Gremlin Nob","floor":12.0,"turns":3.0},{"damage":6.0,"enemies":"Large Slime","floor":14.0,"turns":6.0},{"damage":3,"enemies":"The Guardian","floor":16,"turns":8},{"damage":1,"enemies":"2 Thieves","floor":18,"turns":2},{"damage":5,"enemies":"Gremlin Leader","floor":23,"turns":7},{"damage":0,"enemies":"Spheric Guardian","floor":24,"turns":3},{"damage":29,"enemies":"Slavers","floor":25,"turns":1},{"damage":18,"enemies":"Gremlin Leader","floor":28,"turns":8},{"damage":32,"enemies":"Centurion and Healer","floor":30,"turns":5},{"damage":41,"enemies":"Automaton","floor":33,"turns":9},{"damage":14,"enemies":"3 Shapes","floor":35,"turns":2},{"damage":2,"enemies":"Orb Walker","floor":37,"turns":4},{"damage":13,"enemies":"4 Shapes","floor":39,"turns":5},{"damage":40,"enemies":"2 Orb Walkers","floor":41,"turns":5},{"damage":9,"enemies":"Reptomancer","floor":42,"turns":5},{"damage":0,"enemies":"Giant Head","floor":47,"turns":9},{"damage":0,"enemies":"Maw","floor":48,"turns":8},{"damage":15,"enemies":"Awakened One","floor":50,"turns":17}],"seed_played":"-8687040483121887747","potions_obtained":[{"floor":2.0,"key":"Dexterity Potion"},{"floor":4.0,"key":"Strength Potion"},{"floor":12.0,"key":"DistilledChaos"},{"floor":16,"key":"AttackPotion"},{"floor":18,"key":"AttackPotion"},{"floor":28,"key":"GamblersBrew"},{"floor":33,"key":"SpeedPotion"},{"floor":41,"key":"EntropicBrew"},{"floor":42,"key":"ColorlessPotion"}],"is_trial":false,"path_per_floor":["M","M","?","M","M","R","E","M","T","M","R","E","?","M","R","B",null,"M","?","?","$","?","E","M","E","T","R","E","R","M","?","R","B",null,"M","?","M","$","M","R","?","E","T","$","R","?","E","M","R","B",null],"character_chosen":"THE_SILENT","items_purchased":["Kunai","Lantern","Crippling Poison","Dodge and Roll"],"campfire_rested":3,"item_purchase_floors":[21,38,38,44],"current_hp_per_floor":[52,52,57,57,51,51,26,25,25,31,31,19,12,6,27,24,59,58,58,38,38,38,33,33,24,24,36,18,30,18,18,67,26,64,50,50,48,48,35,47,7,4,4,4,53,53,59,65,72,61],"gold":44,"neow_bonus":"BOSS_RELIC","is_daily":false,"chose_seed":false,"campfire_upgraded":6,"win_rate":0.0,"timestamp":1610079156,"path_taken":["M","M","?","M","M","R","E","M","T","M","R","E","?","M","R","BOSS","M","?","?","$","?","E","M","E","T","R","E","R","M","?","R","BOSS","M","?","M","$","M","R","?","E","T","$","R","?","E","M","R","BOSS"],"items_purchased_type":["Relic","Relic","Card","Card"],"build_version":"2020-12-22","purchased_purges":2,"victory":true,"max_hp_per_floor":[66,66,71,71,71,71,71,71,71,71,71,71,71,71,71,71,71,71,71,76,76,76,76,76,76,76,76,76,76,76,76,76,76,76,76,76,76,76,76,76,76,76,76,76,76,72,72,72,72,72],"relic_stats":{"Regal Pillow":30,"counters":[25,140],"HoveringKite":[79],"Eternal Feather":67,"Juzu Bracelet":1,"Bag of Preparation":[6],"Whetstone":["Strike_G","Strike_G"],"MawBank":24,"Smiling Mask":0,"Nunchaku":[44],"Centennial Puzzle":[42],"Bird Faced Urn":[22],"Kunai":[96],"obtain_stats":[{"Regal Pillow":25,"Lantern":38,"SacredBark":17,"HoveringKite":0,"Eternal Feather":23,"Juzu Bracelet":7,"Bag of Preparation":43,"Whetstone":26,"Empty Cage":34,"MawBank":42,"Smiling Mask":47,"Nunchaku":9,"Centennial Puzzle":12,"Bird Faced Urn":41,"Molten Egg 2":28,"Kunai":21,"InkBottle":19,"Ring of the Snake":0},{"Regal Pillow":14,"Lantern":19,"SacredBark":10,"HoveringKite":0,"Eternal Feather":12,"Juzu Bracelet":5,"Bag of Preparation":22,"Whetstone":14,"Empty Cage":17,"MawBank":22,"Smiling Mask":23,"Nunchaku":6,"Centennial Puzzle":8,"Bird Faced Urn":21,"Molten Egg 2":15,"Kunai":11,"InkBottle":11,"Ring of the Snake":0},{"Regal Pillow":63,"Lantern":91,"SacredBark":50,"HoveringKite":0,"Eternal Feather":59,"Juzu Bracelet":27,"Bag of Preparation":106,"Whetstone":63,"Empty Cage":85,"MawBank":106,"Smiling Mask":115,"Nunchaku":30,"Centennial Puzzle":36,"Bird Faced Urn":101,"Molten Egg 2":71,"Kunai":52,"InkBottle":52,"Ring of the Snake":0}],"InkBottle":[62]},"card_choices":[{"not_picked":["PiercingWail","Flying Knee"],"picked":"Blade Dance","floor":1.0},{"not_picked":["Cloak And Dagger","Expertise","Quick Slash"],"picked":"SKIP","floor":2.0},{"not_picked":["Slice","Burst"],"picked":"Dagger Spray","floor":4.0},{"not_picked":["Escape Plan","Dagger Spray"],"picked":"Poisoned Stab","floor":5.0},{"not_picked":["Acrobatics","Dagger Throw"],"picked":"Blade Dance","floor":7.0},{"not_picked":["PiercingWail","Tactician"],"picked":"Bouncing Flask","floor":8.0},{"not_picked":["Slice","Poisoned Stab"],"picked":"Envenom","floor":10.0},{"not_picked":["Setup","Dodge and Roll"],"picked":"Tools of the Trade","floor":12.0},{"not_picked":["Caltrops","Acrobatics","Endless Agony"],"picked":"SKIP","floor":14.0},{"not_picked":["Die Die Die","Grand Finale"],"picked":"A Thousand Cuts","floor":16},{"not_picked":["Flechettes","Bouncing Flask"],"picked":"Cloak And Dagger","floor":18},{"not_picked":["Concentrate","Terror+1","Acrobatics"],"picked":"SKIP","floor":23},{"not_picked":["Acrobatics+1","Flying Knee"],"picked":"Deflect","floor":24},{"not_picked":["Reflex","Expertise","Acrobatics"],"picked":"SKIP","floor":25},{"not_picked":["Tools of the Trade","Escape Plan","Reflex"],"picked":"SKIP","floor":28},{"not_picked":["Slice+1","Expertise+1","Blade Dance"],"picked":"SKIP","floor":30},{"not_picked":["Reflex","Sucker Punch+1","Outmaneuver"],"picked":"SKIP","floor":35},{"not_picked":["Escape Plan","Bouncing Flask","Calculated Gamble+1"],"picked":"SKIP","floor":37},{"not_picked":["Acrobatics","Dash+1","Masterful Stab+1"],"picked":"SKIP","floor":39},{"not_picked":["Underhanded Strike+1","Distraction+1"],"picked":"Deflect+1","floor":41},{"not_picked":["Phantasmal Killer","Endless Agony+1"],"picked":"Corpse Explosion","floor":42},{"not_picked":["PiercingWail+1","Well Laid Plans"],"picked":"Cloak And Dagger+1","floor":47},{"not_picked":["Predator+1","Underhanded Strike+1"],"picked":"Backflip+1","floor":48}],"player_experience":377303,"relics_obtained":[{"floor":7.0,"key":"Juzu Bracelet"},{"floor":9.0,"key":"Nunchaku"},{"floor":12.0,"key":"Centennial Puzzle"},{"floor":23,"key":"Eternal Feather"},{"floor":25,"key":"Regal Pillow"},{"floor":26,"key":"Whetstone"},{"floor":28,"key":"Molten Egg 2"},{"floor":41,"key":"Bird Faced Urn"},{"floor":42,"key":"MawBank"},{"floor":43,"key":"Bag of Preparation"},{"floor":47,"key":"Smiling Mask"}],"event_choices":[{"damage_healed":0.0,"max_hp_gain":5.0,"max_hp_loss":0.0,"gold_gain":0.0,"event_name":"Big Fish","player_choice":"Donut","floor":3.0,"gold_loss":0.0,"damage_taken":0.0},{"cards_removed":["Strike_G"],"damage_healed":0.0,"max_hp_gain":0.0,"max_hp_loss":0.0,"gold_gain":0.0,"event_name":"Golden Wing","player_choice":"Card Removal","floor":13.0,"gold_loss":0.0,"damage_taken":7.0},{"damage_healed":0,"gold_gain":0,"player_choice":"Obtained Relic","damage_taken":0,"relics_obtained":["InkBottle"],"max_hp_gain":0,"max_hp_loss":0,"event_name":"Addict","floor":19,"gold_loss":85},{"damage_healed":0,"gold_gain":0,"player_choice":"Shed Blood","damage_taken":25,"max_hp_gain":5,"max_hp_loss":0,"event_name":"Forgotten Altar","floor":20,"gold_loss":0},{"damage_healed":0,"gold_gain":0,"player_choice":"Upgraded","damage_taken":0,"max_hp_gain":0,"max_hp_loss":0,"event_name":"Upgrade Shrine","floor":22,"gold_loss":0,"cards_upgraded":["Cloak And Dagger"]},{"damage_healed":0,"gold_gain":0,"cards_transformed":["Strike_G"],"player_choice":"Transformed","damage_taken":0,"max_hp_gain":0,"max_hp_loss":0,"event_name":"Transmorgrifier","floor":31,"gold_loss":0,"cards_obtained":["Sucker Punch"]},{"damage_healed":0,"gold_gain":0,"player_choice":"Memory 1","damage_taken":0,"max_hp_gain":0,"max_hp_loss":0,"event_name":"SensoryStone","floor":36,"gold_loss":0},{"damage_healed":0,"gold_gain":0,"player_choice":"Fight","damage_taken":0,"max_hp_gain":0,"max_hp_loss":0,"event_name":"Mysterious Sphere","floor":41,"gold_loss":0},{"damage_healed":0,"gold_gain":0,"player_choice":"Max HP","damage_taken":0,"max_hp_gain":0,"max_hp_loss":4,"event_name":"Winding Halls","floor":46,"gold_loss":0}],"is_beta":false,"boss_relics":[{"not_picked":["Black Star","Coffee Dripper"],"picked":"SacredBark"},{"not_picked":["Tiny House","Calling Bell"],"picked":"Empty Cage"}],"items_purged_floors":[38,44],"is_endless":false,"potions_floor_spawned":[2,4,7,12,16,18,28,33,41,42,47],"ascension_level":15}}