{"host":"J","time":1610137837,"event":{"mods":["BaseMod","Better Third Choice","Minty Spire (QoL Compilation)","StSLib"],"gold_per_floor":[117,133,145,16,28,62,62,62,62],"floor_reached":8,"playtime":208,"items_purged":[],"score":116,"play_id":"f47b9475-9afa-4378-83c5-c4fc87bbc742","local_time":"20210108213037","is_ascension_mode":true,"campfire_choices":[],"circlet_count":0,"master_deck":["AscendersBane","Strike_G","Strike_G","Strike_G","Strike_G","Defend_G","Defend_G","Defend_G","Defend_G","Defend_G","Survivor","Neutralize","Dagger Throw","Underhanded Strike","Accuracy","All Out Attack","Reflex","Riddle With Holes","Eviscerate"],"relics":["Ring of the Snake","NeowsBlessing","Pocketwatch"],"acts_visited":["Exordium"],"potions_floor_usage":[6,8],"damage_taken":[{"damage":0,"enemies":"Cultist","floor":1,"turns":1},{"damage":0,"enemies":"Jaw Worm","floor":2,"turns":1},{"damage":0,"enemies":"Small Slimes","floor":3,"turns":1},{"damage":1,"enemies":"2 Fungi Beasts","floor":5,"turns":3},{"damage":32,"enemies":"3 Sentries","floor":6,"turns":8},{"damage":26,"enemies":"Gremlin Nob","floor":8,"turns":3}],"seed_played":"3857230873775862858","potions_obtained":[{"floor":2,"key":"Explosive Potion"},{"floor":3,"key":"Ancient Potion"}],"is_trial":false,"path_per_floor":["M","M","M","$","M","E","?","E"],"character_chosen":"THE_SILENT","items_purchased":["All Out Attack","Poison Potion"],"campfire_rested":0,"item_purchase_floors":[4,4],"current_hp_per_floor":[59,59,59,59,58,26,26,0,0],"gold":62,"neow_bonus":"THREE_ENEMY_KILL","is_daily":false,"chose_seed":false,"campfire_upgraded":0,"win_rate":0.0,"timestamp":1610137837,"path_taken":["M","M","M","$","M","E","?","E"],"items_purchased_type":["Card","Potion"],"build_version":"2020-12-18","purchased_purges":0,"victory":false,"max_hp_per_floor":[66,66,66,66,66,66,66,66,66],"card_choices":[{"not_picked":["Flying Knee","Backflip"],"picked":"Dagger Throw","floor":1},{"not_picked":["Acrobatics","Dagger Throw"],"picked":"Underhanded Strike","floor":2},{"not_picked":["Bane","Quick Slash"],"picked":"Accuracy","floor":3},{"not_picked":["Deflect","Blur"],"picked":"Reflex","floor":5},{"not_picked":["Burst","Reflex"],"picked":"Riddle With Holes","floor":6}],"player_experience":1078765,"relics_obtained":[{"floor":6,"key":"Pocketwatch"}],"event_choices":[{"damage_healed":0,"gold_gain":0,"cards_transformed":["Strike_G"],"player_choice":"Transformed","damage_taken":0,"max_hp_gain":0,"max_hp_loss":0,"event_name":"Transmorgrifier","floor":7,"gold_loss":0,"cards_obtained":["Eviscerate"]}],"is_beta":true,"boss_relics":[],"items_purged_floors":[],"is_endless":false,"potions_floor_spawned":[2,3,5],"killed_by":"Gremlin Nob","ascension_level":20}}