{"host":"49c2zf0lajbcs427","time":1610068224,"event":{"mods":["AchievementEnabler","BaseMod","Colored Map","Colored Powertips","Highlight Path","Key Reminder","Minty Spire (QoL Compilation)","Relic Stats","StSLib"],"gold_per_floor":[113,213,230,240,256,286,286,320,320,4,23,49,49,4,4,108,108,122,134,134,150,167,167,180,1,1,1,18,18,18,18,18,116,116,132,149,163,163,175,208,227,260,260,260,314,331,331,61,61,61,61,61,12,41,41],"floor_reached":56,"playtime":5013,"items_purged":["Defend_G+1"],"score":1490,"play_id":"e7795281-57f5-4906-a8af-4270e3548366","local_time":"20210108141024","is_ascension_mode":true,"campfire_choices":[{"data":"Caltrops","floor":13,"key":"SMITH"},{"data":"Storm of Steel","floor":15,"key":"SMITH"},{"data":"Strike_G","floor":23,"key":"PURGE"},{"data":"Wraith Form v2","floor":32,"key":"SMITH"},{"data":"Noxious Fumes","floor":44,"key":"SMITH"},{"floor":47,"key":"RECALL"},{"data":"Poisoned Stab","floor":49,"key":"SMITH"},{"data":"Night Terror","floor":52,"key":"SMITH"}],"circlet_count":0,"master_deck":["Strike_G+1","Strike_G+1","Defend_G+1","Defend_G+1","Defend_G+1","Defend_G+1","Survivor","Neutralize","Deadly Poison","Caltrops+1","Flying Knee","Poisoned Stab+1","Storm of Steel+1","Poisoned Stab","Dodge and Roll","PiercingWail","Tools of the Trade","Tactician+1","Well Laid Plans","Backflip","Calculated Gamble","Bandage Up","Bane","Cloak And Dagger","Wraith Form v2+1","Night Terror+1","Distraction+1","Acrobatics+1","Finisher+1","Blade Dance","Blur","Noxious Fumes+1","Crippling Poison+1","Tactician+1"],"relics":["SacredBark","Bronze Scales","Tough Bandages","The Specimen","Lantern","Peace Pipe","Coffee Dripper","NlothsMask","Ornamental Fan","Runic Pyramid","Akabeko","MealTicket","StoneCalendar","Snake Skull","StrikeDummy"],"acts_visited":["Exordium","TheCity","TheBeyond","TheEnding"],"potions_floor_usage":[6,8,12,16,19,33,33,33,40,41,42,55,55],"damage_taken":[{"damage":0,"enemies":"2 Louse","floor":1,"turns":4},{"damage":0,"enemies":"Cultist","floor":3,"turns":4},{"damage":4,"enemies":"Small Slimes","floor":4,"turns":5},{"damage":3,"enemies":"Exordium Thugs","floor":5,"turns":5},{"damage":2,"enemies":"Gremlin Nob","floor":6,"turns":3},{"damage":15,"enemies":"3 Sentries","floor":8,"turns":5},{"damage":10,"enemies":"Lots of Slimes","floor":11,"turns":3},{"damage":10,"enemies":"Gremlin Nob","floor":12,"turns":3},{"damage":0,"enemies":"Hexaghost","floor":16,"turns":8},{"damage":12,"enemies":"Shell Parasite","floor":18,"turns":5},{"damage":12,"enemies":"Spheric Guardian","floor":19,"turns":4},{"damage":19,"enemies":"Snecko","floor":21,"turns":6},{"damage":38,"enemies":"Cultist and Chosen","floor":22,"turns":6},{"damage":5,"enemies":"Centurion and Healer","floor":24,"turns":7},{"damage":15,"enemies":"Snecko","floor":28,"turns":6},{"damage":4,"enemies":"Automaton","floor":33,"turns":13},{"damage":0,"enemies":"3 Darklings","floor":35,"turns":5},{"damage":2,"enemies":"Orb Walker","floor":36,"turns":4},{"damage":13,"enemies":"Spire Growth","floor":37,"turns":7},{"damage":1,"enemies":"3 Darklings","floor":39,"turns":6},{"damage":4,"enemies":"Giant Head","floor":40,"turns":11},{"damage":0,"enemies":"Transient","floor":41,"turns":5},{"damage":11,"enemies":"Reptomancer","floor":42,"turns":6},{"damage":2,"enemies":"2 Orb Walkers","floor":45,"turns":5},{"damage":9,"enemies":"Writhing Mass","floor":46,"turns":6},{"damage":28,"enemies":"Time Eater","floor":50,"turns":14},{"damage":49,"enemies":"Shield and Spear","floor":54,"turns":8},{"damage":53,"enemies":"The Heart","floor":55,"turns":10}],"seed_played":"2977193434572887294","potions_obtained":[{"floor":3,"key":"Explosive Potion"},{"floor":4,"key":"Dexterity Potion"},{"floor":5,"key":"Fire Potion"},{"floor":6,"key":"Fire Potion"},{"floor":18,"key":"ColorlessPotion"},{"floor":28,"key":"Fire Potion"},{"floor":35,"key":"FairyPotion"},{"floor":37,"key":"Poison Potion"},{"floor":39,"key":"Explosive Potion"},{"floor":40,"key":"Poison Potion"},{"floor":41,"key":"Ancient Potion"}],"is_trial":false,"path_per_floor":["M","?","M","M","M","E","?","E","T","$","M","E","R","$","R","B",null,"M","M","?","M","M","R","M","$","T","?","M","T","?","$","R","B",null,"M","M","M","?","M","E","M","E","T","R","?","M","R","$","R","B",null,"R","$","E","B",null],"character_chosen":"THE_SILENT","items_purchased":["Lantern","Well Laid Plans","FairyPotion","PiercingWail","Bandage Up","Dexterity Potion","Explosive Potion","AttackPotion","Snake Skull","Dexterity Potion"],"campfire_rested":0,"item_purchase_floors":[10,10,10,14,25,25,25,48,48,53],"current_hp_per_floor":[63,63,63,59,56,54,54,39,39,39,29,19,19,19,19,19,57,45,33,33,14,24,24,19,19,19,19,8,8,8,8,8,8,55,59,57,48,70,69,66,70,63,63,63,65,60,60,70,70,46,64,64,70,25,26],"gold":41,"neow_bonus":"BOSS_RELIC","is_daily":false,"chose_seed":false,"campfire_upgraded":6,"win_rate":0.0,"timestamp":1610068224,"path_taken":["M","?","M","?","M","E","?","E","T","$","M","E","R","$","R","BOSS","M","M","?","M","M","R","?","$","T","?","M","?","?","?","R","BOSS","M","M","?","?","M","E","?","E","T","R","?","M","R","$","R","BOSS","R","$","E","BOSS"],"items_purchased_type":["Relic","Card","Potion","Card","Card","Potion","Potion","Potion","Relic","Potion"],"build_version":"2020-12-22","purchased_purges":1,"victory":true,"max_hp_per_floor":[70,70,70,70,70,70,70,70,70,70,70,70,70,70,70,70,70,70,70,70,70,70,70,70,70,70,70,70,70,70,70,70,70,70,70,70,70,70,70,70,70,70,70,70,70,70,70,70,70,70,70,70,70,70,70],"relic_stats":{"Peace Pipe":1,"Tough Bandages":[765],"counters":[28,174],"Ornamental Fan":[188],"Bronze Scales":[568],"MealTicket":16,"StoneCalendar":[122],"Snake Skull":[41],"obtain_stats":[{"Lantern":10,"The Specimen":9,"SacredBark":0,"StoneCalendar":45,"Snake Skull":48,"Akabeko":40,"Peace Pipe":12,"keyreminder:keyreminder":42,"Tough Bandages":8,"Ornamental Fan":29,"Bronze Scales":6,"MealTicket":42,"Coffee Dripper":17,"StrikeDummy":54,"Ring of the Snake":0,"NlothsMask":20,"Runic Pyramid":34},{"Lantern":6,"The Specimen":6,"SacredBark":0,"StoneCalendar":24,"Snake Skull":25,"Akabeko":21,"Peace Pipe":8,"keyreminder:keyreminder":23,"Tough Bandages":6,"Ornamental Fan":15,"Bronze Scales":5,"MealTicket":23,"Coffee Dripper":9,"StrikeDummy":27,"Ring of the Snake":0,"NlothsMask":11,"Runic Pyramid":16},{"Lantern":26,"The Specimen":26,"SacredBark":0,"StoneCalendar":136,"Snake Skull":142,"Akabeko":120,"Peace Pipe":32,"keyreminder:keyreminder":131,"Tough Bandages":26,"Ornamental Fan":74,"Bronze Scales":21,"MealTicket":131,"Coffee Dripper":40,"StrikeDummy":164,"Ring of the Snake":0,"NlothsMask":49,"Runic Pyramid":87}]},"card_choices":[{"not_picked":["Slice","Reflex"],"picked":"Deadly Poison","floor":1},{"not_picked":["Expertise","Finisher"],"picked":"Caltrops","floor":3},{"not_picked":["Outmaneuver","Blur"],"picked":"Flying Knee","floor":4},{"not_picked":["Well Laid Plans","Tactician"],"picked":"Poisoned Stab","floor":5},{"not_picked":["Phantasmal Killer","Prepared"],"picked":"Storm of Steel","floor":6},{"not_picked":["Escape Plan","Acrobatics"],"picked":"Poisoned Stab","floor":8},{"not_picked":["Cloak And Dagger","Escape Plan"],"picked":"Dodge and Roll","floor":11},{"not_picked":["Reflex","Dodge and Roll","Terror"],"picked":"SKIP","floor":12},{"not_picked":["Bullet Time","Doppelganger"],"picked":"Tools of the Trade","floor":16},{"not_picked":["Deflect","Underhanded Strike"],"picked":"Tactician+1","floor":18},{"not_picked":["Cloak And Dagger","Bane"],"picked":"Well Laid Plans","floor":19},{"not_picked":["Dodge and Roll","All Out Attack","Dagger Spray"],"picked":"SKIP","floor":21},{"not_picked":["Riddle With Holes","Setup+1"],"picked":"Backflip","floor":22},{"not_picked":["Quick Slash","Bane"],"picked":"Calculated Gamble","floor":24},{"not_picked":["Deflect","Deadly Poison+1"],"picked":"Wraith Form v2","floor":28},{"not_picked":["Wraith Form v2","Grand Finale"],"picked":"Night Terror","floor":33},{"not_picked":["Flying Knee+1","Backstab+1","Heel Hook"],"picked":"SKIP","floor":35},{"not_picked":["Backstab+1","Sucker Punch"],"picked":"Distraction+1","floor":36},{"not_picked":["Outmaneuver+1","Dodge and Roll"],"picked":"Acrobatics+1","floor":37},{"not_picked":["All Out Attack+1","PiercingWail"],"picked":"Finisher+1","floor":39},{"not_picked":["Bane+1","Dodge and Roll+1"],"picked":"Blade Dance","floor":40},{"not_picked":["Flying Knee","Bane+1"],"picked":"Blur","floor":41},{"not_picked":["Riddle With Holes+1","Leg Sweep+1"],"picked":"Noxious Fumes","floor":42},{"not_picked":["Blade Dance","Dodge and Roll"],"picked":"Crippling Poison+1","floor":45},{"not_picked":["Slice+1","Sucker Punch+1","Dodge and Roll+1"],"picked":"SKIP","floor":46},{"not_picked":["Dash+1","Poisoned Stab+1"],"picked":"Tactician+1","floor":54}],"player_experience":2258574,"relics_obtained":[{"floor":6,"key":"Bronze Scales"},{"floor":8,"key":"Tough Bandages"},{"floor":9,"key":"The Specimen"},{"floor":12,"key":"Peace Pipe"},{"floor":29,"key":"Ornamental Fan"},{"floor":40,"key":"Akabeko"},{"floor":42,"key":"MealTicket"},{"floor":45,"key":"StoneCalendar"},{"floor":54,"key":"StrikeDummy"}],"event_choices":[{"damage_healed":0,"gold_gain":100,"player_choice":"Pray","damage_taken":0,"max_hp_gain":0,"max_hp_loss":0,"event_name":"Golden Shrine","floor":2,"gold_loss":0},{"damage_healed":0,"gold_gain":0,"player_choice":"Ignored","damage_taken":0,"max_hp_gain":0,"max_hp_loss":0,"event_name":"WeMeetAgain","floor":7,"gold_loss":0},{"damage_healed":0,"gold_gain":0,"player_choice":"Trade","damage_taken":0,"relics_obtained":["NlothsMask"],"max_hp_gain":0,"max_hp_loss":0,"event_name":"FaceTrader","floor":20,"gold_loss":0},{"damage_healed":0,"gold_gain":0,"cards_transformed":["Strike_G","Strike_G"],"player_choice":"Became Test Subject","damage_taken":0,"max_hp_gain":0,"max_hp_loss":0,"event_name":"Drug Dealer","floor":27,"gold_loss":0,"cards_obtained":["Bane","Cloak And Dagger"]},{"damage_healed":0,"gold_gain":0,"player_choice":"Simplicity","damage_taken":0,"max_hp_gain":0,"max_hp_loss":0,"event_name":"Back to Basics","floor":30,"gold_loss":0,"cards_upgraded":["Strike_G","Strike_G","Defend_G","Defend_G","Defend_G","Defend_G","Defend_G"]},{"cards_removed":["Well Laid Plans"],"damage_healed":22,"gold_gain":0,"player_choice":"Offered Uncommon","damage_taken":0,"max_hp_gain":0,"max_hp_loss":0,"event_name":"Bonfire Elementals","floor":38,"gold_loss":0},{"damage_healed":0,"gold_gain":0,"player_choice":"Fight","damage_taken":0,"max_hp_gain":0,"max_hp_loss":0,"event_name":"Mysterious Sphere","floor":45,"gold_loss":0}],"is_beta":false,"boss_relics":[{"not_picked":["WristBlade","Cursed Key"],"picked":"Coffee Dripper"},{"not_picked":["Philosopher\u0027s Stone","Velvet Choker"],"picked":"Runic Pyramid"}],"items_purged_floors":[48],"is_endless":false,"potions_floor_spawned":[3,4,5,6,18,28,35,37,39,40,41,54],"ascension_level":6}}