{"host":"ifhtq4ixo5m3h13u","time":1610074589,"event":{"mods":["BaseMod","Downfall","Minty Spire (QoL Compilation)","StSLib","noobMod","vexMod","¡¾ÒÅÎï¿¨ÅÆ¡¿REMEMod"],"gold_per_floor":[99,99,99,74,74,74,149,74,93,78,94,125,50,50,50,155,155,167,185,196,210,228,228,278,278,76,183,198,123,138,138,138,239,239,257,268,268,367,394,424,424,519,535,535,565,579,579,598,598,598],"floor_reached":51,"playtime":3117,"items_purged":[],"score":752,"play_id":"8a502d5b-23ec-49b0-964b-3472273e2f73","local_time":"20210108105629","is_ascension_mode":false,"campfire_choices":[{"floor":8.0,"key":"RECALL"},{"floor":13.0,"key":"REST"},{"floor":15.0,"key":"REST"},{"floor":23,"key":"REST"},{"floor":29,"key":"REST"},{"data":"REME_WheelOfFate","floor":32,"key":"SMITH"},{"data":"Slimebound:Gluttony","floor":44,"key":"SMITH"},{"data":"Slimebound:Chomp","floor":47,"key":"SMITH"},{"floor":49,"key":"REST"}],"circlet_count":0,"master_deck":["Slimebound:Strike_Slimebound","Slimebound:Strike_Slimebound","Slimebound:Tackle","Slimebound:Defend_Slimebound","Slimebound:Defend_Slimebound","Slimebound:Defend_Slimebound","Slimebound:Defend_Slimebound","Slimebound:Split","Slimebound:CorrosiveSpit","Slimebound:LeechLife","Slimebound:Chomp+1","Slimebound:ProtectTheBoss","Slimebound:ComboTackle","Slimebound:RollThrough","Slimebound:LivingWall","Slimebound:SlimeSpikes","Slimebound:RainOfGoop","Slimebound:SplitLeeching+1","Slimebound:MegaLick","Slimebound:SpikyOuterGoop","Iron Wave","Slimebound:SlimeTap","REME_WheelOfFate+1","Slimebound:Gluttony+1","Slimebound:Dissolve+1","Slimebound:CheckThePlaybook+1","Slimebound:Icky","Slimebound:WasteNot+1","Slimebound:ProtectTheBoss+1","Slimebound:RejuvenatingLick+1","Slimebound:FirmFortitude+1","Slimebound:DouseInSlime+1","Slimebound:Replication+1","Slimebound:Prepare+1"],"relics":["Slimebound:AbsorbEndCombatUpgraded","REME_ComplimentaryCards","ice","downfall:HeartsMalice","downfall:HeartBlessingBlue","WingedGreaves","downfall:HeartBlessingRed","SlaversCollar","Pen Nib","Toxic Egg 2","downfall:HeartBlessingGreen","Bag of Preparation","Orichalcum","REME_LimitBreaker","Letter Opener"],"acts_visited":["Exordium","TheCity","TheBeyond"],"potions_floor_usage":[20,50,50],"damage_taken":[{"damage":0.0,"enemies":"Small Slimes","floor":1.0,"turns":1.0},{"damage":0.0,"enemies":"Jaw Worm","floor":2.0,"turns":1.0},{"damage":0.0,"enemies":"2 Louse","floor":3.0,"turns":1.0},{"damage":35.0,"enemies":"Exordium Thugs","floor":9.0,"turns":4.0},{"damage":7.0,"enemies":"downfall:FleeingMerchant","floor":10.0,"turns":4.0},{"damage":5.0,"enemies":"Large Slime","floor":11.0,"turns":5.0},{"damage":60.0,"enemies":"Gremlin Nob","floor":12.0,"turns":6.0},{"damage":45.0,"enemies":"downfall:Silent","floor":16.0,"turns":10.0},{"damage":40.0,"enemies":"Spheric Guardian","floor":18.0,"turns":6.0},{"damage":20.0,"enemies":"3 Byrds","floor":19.0,"turns":4.0},{"damage":72,"enemies":"Centurion and Healer","floor":20,"turns":10},{"damage":43,"enemies":"Sentry and Sphere","floor":21,"turns":6},{"damage":18,"enemies":"Snake Plant","floor":22,"turns":4},{"damage":23,"enemies":"downfall:FleeingMerchant","floor":26,"turns":4},{"damage":57,"enemies":"Gremlin Leader","floor":27,"turns":6},{"damage":38,"enemies":"Snecko","floor":28,"turns":7},{"damage":15,"enemies":"3 Cultists","floor":30,"turns":5},{"damage":53,"enemies":"downfall:Watcher","floor":33,"turns":6},{"damage":28,"enemies":"Orb Walker","floor":35,"turns":5},{"damage":56,"enemies":"3 Darklings","floor":36,"turns":4},{"damage":42,"enemies":"4 Shapes","floor":38,"turns":5},{"damage":14,"enemies":"Giant Head","floor":40,"turns":6},{"damage":28,"enemies":"Sphere and 2 Shapes","floor":42,"turns":7},{"damage":57,"enemies":"Spire Growth","floor":43,"turns":5},{"damage":6,"enemies":"Nemesis","floor":45,"turns":5},{"damage":69,"enemies":"Transient","floor":46,"turns":5},{"damage":38,"enemies":"Sphere and 2 Shapes","floor":48,"turns":5},{"damage":35,"enemies":"downfall:Defect","floor":50,"turns":5}],"seed_played":"-599123928121332818","potions_obtained":[{"floor":11.0,"key":"REME_GoldPotion"},{"floor":12.0,"key":"DistilledChaos"},{"floor":14.0,"key":"Block Potion"},{"floor":14.0,"key":"DuplicationPotion"},{"floor":16.0,"key":"Fire Potion"},{"floor":19.0,"key":"Ancient Potion"},{"floor":20,"key":"PowerPotion"},{"floor":22,"key":"Dexterity Potion"},{"floor":28,"key":"FairyPotion"},{"floor":45,"key":"Fire Potion"}],"is_trial":false,"path_per_floor":["M","M","M","?","?","?","T","R","M","$","M","E","R","?","R","B",null,"M","M","M","M","M","R","T","?","$","E","M","R","M","?","R","B",null,"M","M","?","M","?","E","T","M","M","R","E","M","R","M","R","B",null],"character_chosen":"SLIMEBOUND","items_purchased":["REME_WheelOfFate"],"campfire_rested":5,"item_purchase_floors":[26],"current_hp_per_floor":[60,60,60,60,65,65,65,75,52,51,54,10,32,32,54,37,75,39,31,59,50,44,69,69,69,66,38,50,81,106,106,106,85,121,125,109,109,113,113,142,142,138,119,119,162,116,116,100,152,181],"gold":598,"neow_bonus":"THREE_ENEMY_KILL","is_daily":false,"chose_seed":false,"campfire_upgraded":3,"win_rate":0.0,"timestamp":1610074589,"path_taken":["M","M","M","?","?","?","T","R","?","?","M","E","R","?","R","BOSS","M","M","M","?","M","R","T","?","?","E","M","R","?","?","R","BOSS","M","M","?","M","?","E","T","M","M","R","E","M","R","M","R","BOSS"],"items_purchased_type":["Card"],"build_version":"2020-12-22","purchased_purges":0,"victory":true,"max_hp_per_floor":[60,60,60,60,65,65,65,75,75,75,75,75,75,75,75,75,75,75,75,76,83,86,86,86,86,91,101,106,106,112,112,112,121,121,125,133,133,139,139,142,142,150,156,156,162,167,167,175,175,190],"card_choices":[{"not_picked":["Slimebound:FlameTackle","Slimebound:ComboTackle"],"picked":"Slimebound:Chomp","floor":1.0},{"not_picked":["Slimebound:Nibble","Slimebound:Grow"],"picked":"Slimebound:ProtectTheBoss","floor":2.0},{"not_picked":["Slimebound:PressTheAttack","Slimebound:SlimeBrawl"],"picked":"Slimebound:ComboTackle","floor":3.0},{"not_picked":["Slimebound:GrowthPunch","Slimebound:LevelUp"],"picked":"Slimebound:RollThrough","floor":9.0},{"not_picked":["Slimebound:Teamwork","Slimebound:SplitLeeching","Slimebound:FinishingTackle"],"picked":"SKIP","floor":10.0},{"not_picked":["Slimebound:SplitAcid","Slimebound:SlimeSpikes"],"picked":"Slimebound:LivingWall","floor":11.0},{"not_picked":["Slimebound:Chomp","Slimebound:RollThrough"],"picked":"Slimebound:SlimeSpikes","floor":12.0},{"not_picked":["Slimebound:Overexert","Slimebound:Teamwork"],"picked":"Slimebound:PrepareCrush","floor":16.0},{"not_picked":["Slimebound:ViciousTackle","Slimebound:LeechingTouch"],"picked":"Slimebound:RainOfGoop","floor":18.0},{"not_picked":["Slimebound:ViciousTackle","Slimebound:ForwardTackle","Slimebound:SplitMire"],"picked":"SKIP","floor":19.0},{"not_picked":["Slimebound:FinishingTackle+1","Slimebound:RollThrough+1"],"picked":"Slimebound:SplitLeeching+1","floor":20},{"not_picked":["Slimebound:GrowthPunch","Slimebound:LeechEnergy"],"picked":"Slimebound:MegaLick","floor":21},{"not_picked":["Slimebound:SplitAcid","Slimebound:FinishingTackle"],"picked":"Slimebound:SpikyOuterGoop","floor":22},{"not_picked":["Slimebound:PressTheAttack","Slimebound:FormOfPuddle"],"picked":"Slimebound:SlimeTap","floor":26},{"not_picked":["Slimebound:ProtectTheBoss","Slimebound:LeechingTouch"],"picked":"Slimebound:Gluttony","floor":27},{"not_picked":["Slimebound:Grow","Slimebound:GoopSpray+1"],"picked":"Slimebound:Dissolve+1","floor":28},{"not_picked":["Slimebound:SplitMire+1","Slimebound:FlameTackle","Slimebound:RollThrough"],"picked":"SKIP","floor":30},{"not_picked":["Slimebound:DuplicatedForm","Slimebound:MinionMaster"],"picked":"Slimebound:WasteNot+1","floor":33},{"not_picked":["Slimebound:PressTheAttack","Slimebound:LeechEnergy"],"picked":"Slimebound:ProtectTheBoss+1","floor":35},{"not_picked":["Slimebound:PressTheAttack+1","Slimebound:Grow+1"],"picked":"Slimebound:SplitBruiser+1","floor":36},{"not_picked":["Slimebound:LeechingTouch","Slimebound:ComboTackle"],"picked":"Slimebound:RejuvenatingLick+1","floor":38},{"not_picked":["Slimebound:SlimeSpikes+1","Slimebound:LeechEnergy"],"picked":"Slimebound:FirmFortitude+1","floor":40},{"not_picked":["Slimebound:RollThrough+1","Slimebound:FinishingTackle","Slimebound:SplitMire+1"],"picked":"SKIP","floor":42},{"not_picked":["Slimebound:SplitLeeching+1","Slimebound:HauntingLick+1"],"picked":"Slimebound:DouseInSlime+1","floor":43},{"not_picked":["Slimebound:ComboTackle+1","Slimebound:SlimeSpikes+1"],"picked":"Slimebound:Replication+1","floor":45},{"not_picked":["Slimebound:FinishingTackle","Slimebound:SlimeSpikes+1"],"picked":"Slimebound:Prepare+1","floor":46},{"not_picked":["Slimebound:LivingWall+1","Slimebound:LeechingTouch","Slimebound:SlimeSpikes+1"],"picked":"SKIP","floor":48}],"player_experience":49393,"relics_obtained":[{"floor":12.0,"key":"WingedGreaves"},{"floor":24,"key":"Pen Nib"},{"floor":27,"key":"Toxic Egg 2"},{"floor":39,"key":"Bag of Preparation"},{"floor":40,"key":"Orichalcum"},{"floor":41,"key":"REME_LimitBreaker"},{"floor":45,"key":"Letter Opener"}],"event_choices":[{"damage_healed":0.0,"max_hp_gain":5.0,"max_hp_loss":0.0,"gold_gain":0.0,"event_name":"Big Fish","player_choice":"Donut","floor":5.0,"gold_loss":0.0,"damage_taken":0.0},{"cards_removed":["Slimebound:Strike_Slimebound"],"damage_healed":0.0,"max_hp_gain":0.0,"max_hp_loss":0.0,"gold_gain":0.0,"event_name":"Wheel of Change","player_choice":"Card Removal","floor":6.0,"gold_loss":0.0,"damage_taken":0.0},{"damage_healed":0.0,"max_hp_gain":0.0,"max_hp_loss":0.0,"gold_gain":0.0,"event_name":"Lab","player_choice":"Got Potions","floor":14.0,"gold_loss":0.0,"damage_taken":0.0},{"cards_removed":["Slimebound:PrepareCrush"],"damage_healed":0,"gold_gain":0,"player_choice":"Took Card","damage_taken":0,"max_hp_gain":0,"max_hp_loss":0,"event_name":"NoteForYourself","floor":25,"gold_loss":0,"cards_obtained":["Iron Wave"]},{"cards_removed":["Slimebound:SplitBruiser"],"damage_healed":0,"gold_gain":0,"player_choice":"Removed Skill","damage_taken":0,"max_hp_gain":0,"max_hp_loss":0,"event_name":"Falling","floor":37,"gold_loss":0}],"is_beta":false,"boss_relics":[{"not_picked":["vexMod:ImprovementManual","Velvet Choker"],"picked":"SlaversCollar"},{"not_picked":["SacredBark","REME_DuelDisc"],"picked":"Slimebound:AbsorbEndCombatUpgraded"}],"items_purged_floors":[],"is_endless":false,"potions_floor_spawned":[11,12,16,19,20,22,28,36,40,45,46],"ascension_level":0}}