{"host":"urcd10ipogtopotm","time":1610068664,"event":{"mods":["2.2 Compatiblity","AchievementEnabler","Act Like it!","Bard","BaseMod","Beaked The Cultist","Better Third Choice","Block Reminder","Colored Map","Colored Powertips","Downfall","Hallownest","Hermit","Highlight Path","Infinite Spire","Minty Spire (QoL Compilation)","Permanent Neow","Quick Restart","Random Character Button","Relic Stats","Replay The Spire","Shade Mod","Shop Mod","StSLib","The Blackbeard","The Bug Knight","The Construct","The Cursed","The Disciple","The Forsaken","The Hierophant","The Necromancer","The Runesmith","The Senshi","The Servant 0.9.4"],"gold_per_floor":[109,125,145,24,40,40,66,84,84,108,126,26,26,63,63,184,184,205,227,257,191,209,254,254,254,254,254,290,312,91,111,111,214,214,235,237,264,281,281,295,341,341,422,422,422,422,424,453,453,457,457,457,74,118,138],"floor_reached":56,"playtime":17615,"items_purged":["HollowMod:NailStrikeStart","HollowMod:QuickDashStart","HollowMod:NailStrikeStart","HollowMod:NailStrikeStart"],"score":981,"play_id":"3c4332bf-3947-4ae3-a65a-a0ed68de6441","local_time":"20210107201744","is_ascension_mode":false,"campfire_choices":[{"data":"HollowMod:SoulSplash","floor":6.0,"key":"SMITH"},{"data":"HollowMod:GreatSlash","floor":15.0,"key":"SMITH"},{"floor":25.0,"key":"REST"},{"data":"HollowMod:Hiveblood","floor":27.0,"key":"SMITH"},{"floor":32.0,"key":"DIG"},{"floor":44.0,"key":"RECALL"},{"data":"infinitespire:UltimateForm","floor":46.0,"key":"SMITH"},{"floor":49.0,"key":"REST"},{"data":"Replay:SS_hec_2","floor":52.0,"key":"SMITH"}],"circlet_count":0,"master_deck":["HollowMod:NailStrikeStart","HollowMod:QuickDashStart","HollowMod:QuickDashStart","HollowMod:QuickDashStart","HollowMod:FocusHealStart","HollowMod:PogoStrike","HollowMod:SoulSplash+1","HollowMod:SoulSplash","HollowMod:GreatSlash+1","HollowMod:GoodIntentions","HollowMod:SoulStrike","HollowMod:MothsMistake+1","HollowMod:Hiveblood+1","HollowMod:MothsMistake+1","HollowMod:DashSlash","HollowMod:CloakDash+1","HollowMod:ChannelNail+1","Replay:SS_hec_2+1","HollowMod:Hiveblood","Madness","Madness","HollowMod:GoodIntentions+1","infinitespire:UltimateForm+1","infinitespire:NeuralNetwork","HollowMod:HuntersJournal+1"],"relics":["HollowMod:VesselMask","Letter Opener","infinitespire:Midas Blood","Toy Ornithopter","Painkiller Herb","Lizard Tail","Pondfish Scales","Question Card","HollowMod:MillibellesNoteRelic","Busted Crown","HollowMod:PaleOreRelic","Toolbox","ReplayTheSpireMod:Lightbulb"],"acts_visited":["Exordium","TheCity","TheBeyond","TheEnding"],"potions_floor_usage":[55,55],"damage_taken":[{"damage":0.0,"enemies":"2 Louse","floor":1.0,"turns":2.0},{"damage":1.0,"enemies":"Cultist","floor":2.0,"turns":3.0},{"damage":8.0,"enemies":"Jaw Worm","floor":3.0,"turns":3.0},{"damage":11.0,"enemies":"Exordium Thugs","floor":5.0,"turns":5.0},{"damage":17.0,"enemies":"Replay:BlueRogue","floor":7.0,"turns":11.0},{"damage":6.0,"enemies":"Lots of Slimes","floor":8.0,"turns":2.0},{"damage":16.0,"enemies":"Large Slime","floor":10.0,"turns":5.0},{"damage":4.0,"enemies":"Exordium Wildlife","floor":11.0,"turns":4.0},{"damage":16.0,"enemies":"Gremlin Nob","floor":14.0,"turns":3.0},{"damage":19.0,"enemies":"Fading Forest","floor":16.0,"turns":11.0},{"damage":25.0,"enemies":"Spheric Guardian","floor":18.0,"turns":4.0},{"damage":12.0,"enemies":"Chosen","floor":19.0,"turns":4.0},{"damage":36.0,"enemies":"Snake Plant","floor":20.0,"turns":4.0},{"damage":2.0,"enemies":"Snecko","floor":22.0,"turns":3.0},{"damage":62.0,"enemies":"Book of Stabbing","floor":23.0,"turns":5.0},{"damage":30.0,"enemies":"Gremlin Leader","floor":28.0,"turns":7.0},{"damage":36.0,"enemies":"Sentry and Sphere","floor":29.0,"turns":5.0},{"damage":25.0,"enemies":"Cultist and Chosen","floor":31.0,"turns":7.0},{"damage":50.0,"enemies":"Champ","floor":33.0,"turns":12.0},{"damage":14.0,"enemies":"3 Shapes","floor":35.0,"turns":5.0},{"damage":42.0,"enemies":"Orb Walker","floor":37.0,"turns":5.0},{"damage":38.0,"enemies":"Writhing Mass","floor":38.0,"turns":7.0},{"damage":3.0,"enemies":"Transient","floor":40.0,"turns":5.0},{"damage":51.0,"enemies":"Nemesis","floor":41.0,"turns":11.0},{"damage":69.0,"enemies":"Jaw Worm Horde","floor":48.0,"turns":8.0},{"damage":24.0,"enemies":"Replay:Hell Engine","floor":50.0,"turns":9.0},{"damage":95.0,"enemies":"Shield and Spear","floor":54.0,"turns":7.0},{"damage":69,"enemies":"The Heart","floor":55,"turns":9}],"seed_played":"2398180209378707495","potions_obtained":[{"floor":3.0,"key":"Fire Potion"},{"floor":10.0,"key":"ColorlessPotion"},{"floor":11.0,"key":"DistilledChaos"},{"floor":16.0,"key":"Milkshake"},{"floor":19.0,"key":"PowerPotion"},{"floor":20.0,"key":"SteroidPotion"},{"floor":22.0,"key":"Doom Potion"},{"floor":33.0,"key":"DuplicationPotion"},{"floor":35.0,"key":"LiquidBronze"},{"floor":48.0,"key":"Fire Potion"}],"is_trial":false,"path_per_floor":["M","M","M","$","M","R","E","M","T","M","M","$","?","E","R","B",null,"?","?","?","?","?","E","?","T","T","T","E","?","T","?","T","B",null,"?","?","?","?","?","?","E","?","T","T","AVR","T","?","?","T","B",null,"T","T","E","B",null],"character_chosen":"THE_BUGKNIGHT","items_purchased":["HollowMod:SoulStrike","Replay:SS_hec_2","Regen Potion","Toolbox"],"campfire_rested":2,"item_purchase_floors":[4,30,53,53],"current_hp_per_floor":[75,74,72,72,67,67,60,54,54,48,50,50,50,40,40,43,75,65,71,57,75,73,30,30,52,52,52,59,51,51,57,57,45,75,75,66,75,75,75,72,75,75,75,75,75,75,57,32,54,75,75,75,75,58,56],"gold":138,"neow_bonus":"THREE_CARDS","is_daily":false,"chose_seed":false,"campfire_upgraded":5,"win_rate":0.0,"timestamp":1610068664,"path_taken":["M","M","M","$","M","R","E","M","T","M","M","$","?","E","R","BOSS","?","?","?","?","?","E","?","T","T","T","E","?","?","?","T","BOSS","?","?","?","?","?","?","E","?","T","T","AVR","T","?","?","T","BOSS","T","T","E","BOSS"],"items_purchased_type":["Card","Card","Potion","Relic"],"build_version":"2020-12-22","purchased_purges":4,"victory":true,"max_hp_per_floor":[75,75,75,75,75,75,75,75,75,75,75,75,75,75,75,75,75,75,75,75,75,75,75,75,75,75,75,75,75,75,75,75,75,75,75,75,75,75,75,75,75,75,75,75,75,75,75,75,75,75,75,75,75,75,75],"relic_stats":{"Lizard Tail":0,"Busted Crown":20,"counters":[28,166],"Letter Opener":[314],"Question Card":15,"obtain_stats":[{"HollowMod:VesselMask":0,"Painkiller Herb":17,"Letter Opener":7,"Question Card":28,"HollowMod:MillibellesNoteRelic":32,"Lizard Tail":23,"Pondfish Scales":26,"Busted Crown":34,"Toolbox":53,"HollowMod:PaleOreRelic":41,"ReplayTheSpireMod:Lightbulb":54,"Toy Ornithopter":14,"infinitespire:Midas Blood":9},{"HollowMod:VesselMask":0,"Painkiller Herb":10,"Letter Opener":5,"Question Card":16,"HollowMod:MillibellesNoteRelic":18,"Lizard Tail":15,"Pondfish Scales":15,"Busted Crown":19,"Toolbox":26,"HollowMod:PaleOreRelic":24,"ReplayTheSpireMod:Lightbulb":27,"Toy Ornithopter":9,"infinitespire:Midas Blood":6},{"HollowMod:VesselMask":0,"Painkiller Herb":49,"Letter Opener":24,"Question Card":76,"HollowMod:MillibellesNoteRelic":88,"Lizard Tail":69,"Pondfish Scales":69,"Busted Crown":100,"Toolbox":150,"HollowMod:PaleOreRelic":133,"ReplayTheSpireMod:Lightbulb":157,"Toy Ornithopter":38,"infinitespire:Midas Blood":26}],"Toy Ornithopter":34},"card_choices":[{"not_picked":["HollowMod:HuntersJournal","HollowMod:NewJinnsSoul"],"picked":"HollowMod:SoulSplash","floor":0.0},{"not_picked":["HollowMod:SharpenedShadows","HollowMod:TaintedHusks"],"picked":"HollowMod:SoulSplash","floor":1.0},{"not_picked":["HollowMod:DashSlash","HollowMod:GoodIntentions"],"picked":"HollowMod:GreatSlash","floor":2.0},{"not_picked":["HollowMod:NewInfectedGuardian","HollowMod:WraithStrike"],"picked":"HollowMod:GoodIntentions","floor":3.0},{"not_picked":["HollowMod:DesolateDive","HollowMod:SiblingsSouls"],"picked":"HollowMod:ShapeofUnn","floor":5.0},{"not_picked":["HollowMod:BaldurShell","HollowMod:SoulSplash","HollowMod:GreatSlash"],"picked":"SKIP","floor":7.0},{"not_picked":["HollowMod:PureNailStrike","HollowMod:VengefulVoid","HollowMod:BaldurShell"],"picked":"SKIP","floor":8.0},{"not_picked":["HollowMod:SharpenedNail","HollowMod:HowlingWraiths"],"picked":"HollowMod:MothsMistake","floor":10.0},{"not_picked":["HollowMod:VengefulVoid","HollowMod:NewLittleFool","HollowMod:SoulStrike"],"picked":"SKIP","floor":11.0},{"not_picked":["HollowMod:LifebloodCore","HollowMod:CrystalDash","HollowMod:NewLittleFool"],"picked":"SKIP","floor":14.0},{"not_picked":["HollowMod:ElderbugsWisdom","HollowMod:VoidDash"],"picked":"HollowMod:Hiveblood","floor":16.0},{"not_picked":["HollowMod:InfectedAttack+1","HollowMod:SoulSplash"],"picked":"HollowMod:MothsMistake+1","floor":18.0},{"not_picked":["HollowMod:HuntersJournal","HollowMod:CloakDash"],"picked":"HollowMod:DashSlash","floor":19.0},{"not_picked":["HollowMod:CycloneSlash","HollowMod:CoiledNail"],"picked":"HollowMod:CloakDash+1","floor":20.0},{"not_picked":["HollowMod:CloakDash","HollowMod:SiblingsShadow+1","HollowMod:MawleksShell"],"picked":"SKIP","floor":22.0},{"not_picked":["HollowMod:FallenFury+1","HollowMod:SoulSplash"],"picked":"HollowMod:ChannelNail+1","floor":23.0},{"not_picked":["HollowMod:ElderbugsWisdom","HollowMod:ShapeofUnn","HollowMod:HeavyBlow+1"],"picked":"SKIP","floor":28.0},{"not_picked":["HollowMod:HeavyBlow","HollowMod:SharpenedNail","HollowMod:NewLittleFool"],"picked":"HollowMod:NewGlowingWomb","floor":29.0},{"not_picked":["HollowMod:CycloneSlash+1","HollowMod:AbyssShriek+1","HollowMod:MantisMark","HollowMod:InfectedCysts+1"],"picked":"SKIP","floor":31.0},{"not_picked":["HollowMod:HornetsHelp","HollowMod:MidwifesHunger","HollowMod:ElderbugsWisdom"],"picked":"HollowMod:Hiveblood","floor":33.0},{"not_picked":["HollowMod:TaintedHusks","HollowMod:HeavyBlow"],"picked":"SKIP","floor":35.0},{"not_picked":["HollowMod:ShadowDash+1"],"picked":"HollowMod:GoodIntentions+1","floor":37.0},{"not_picked":["HollowMod:CrystalDash+1","HollowMod:GoodIntentions+1"],"picked":"SKIP","floor":38.0},{"not_picked":["HollowMod:LifebloodCocoon","HollowMod:GrimmsGift"],"picked":"SKIP","floor":40.0},{"not_picked":["HollowMod:SoulMaster","HollowMod:QuirrelsAssistance"],"picked":"SKIP","floor":41.0},{"not_picked":["infinitespire:UltimateForm","infinitespire:Fortify"],"picked":"infinitespire:NeuralNetwork","floor":47.0},{"not_picked":["HollowMod:CycloneSlash+1"],"picked":"HollowMod:HuntersJournal+1","floor":48.0},{"not_picked":["HollowMod:MawleksShell+1","HollowMod:RecoilStrike"],"picked":"SKIP","floor":54.0}],"player_experience":123626,"relics_obtained":[{"floor":7.0,"key":"Letter Opener"},{"floor":9.0,"key":"infinitespire:Midas Blood"},{"floor":14.0,"key":"Toy Ornithopter"},{"floor":23.0,"key":"Lizard Tail"},{"floor":26.0,"key":"Pondfish Scales"},{"floor":28.0,"key":"Question Card"},{"floor":32.0,"key":"HollowMod:MillibellesNoteRelic"},{"floor":41.0,"key":"HollowMod:PaleOreRelic"},{"floor":54.0,"key":"ReplayTheSpireMod:Lightbulb"}],"event_choices":[{"damage_healed":0.0,"max_hp_gain":0.0,"max_hp_loss":0.0,"gold_gain":0.0,"event_name":"Accursed Blacksmith","player_choice":"Forge","floor":13.0,"gold_loss":0.0,"damage_taken":0.0,"cards_upgraded":["HollowMod:MothsMistake"]},{"damage_healed":0.0,"max_hp_gain":0.0,"max_hp_loss":0.0,"gold_gain":0.0,"event_name":"The Mausoleum","player_choice":"Ignored","floor":24.0,"gold_loss":0.0,"damage_taken":0.0},{"damage_healed":0.0,"max_hp_gain":0.0,"max_hp_loss":0.0,"gold_gain":0.0,"event_name":"Winding Halls","player_choice":"Embrace Madness","floor":36.0,"gold_loss":0.0,"damage_taken":9.0,"cards_obtained":["Madness","Madness"]},{"cards_removed":["HollowMod:ShapeofUnn"],"damage_healed":0.0,"max_hp_gain":0.0,"max_hp_loss":0.0,"gold_gain":0.0,"event_name":"Falling","player_choice":"Removed Power","floor":39.0,"gold_loss":0.0,"damage_taken":0.0}],"is_beta":false,"boss_relics":[{"not_picked":["beaked:MawFillet","ReplayTheSpireMod:SealedPack"],"picked":"Painkiller Herb"},{"not_picked":["Runic Pyramid","SacredBark"],"picked":"Busted Crown"}],"items_purged_floors":[4,12,30,53],"is_endless":false,"potions_floor_spawned":[3,10,11,16,19,20,22,33,35,37,41,48],"ascension_level":0}}