{"host":"dr5ef424til0p8zn","time":1610138782,"event":{"mods":["2.2 Compatiblity","Act Like it!","BaseMod","Better Skull","Downfall","Gremlin Skip","Hallownest","Hermit","Minty Spire (QoL Compilation)","Shade Mod","StSLib","Td1madao Mod","The Bug Knight","The Hierophant","The Marked"],"gold_per_floor":[0,0,17,35,20,37,37,37,50,61,61,89,101,113,132,234,234,84,107,116,141,85,85,112,112,307,324,351,351,386,395,415,529,529,529,545,557,570,579,579,579,929,952,305,317,6,41,41,58,58],"floor_reached":51,"playtime":4814,"items_purged":[],"score":840,"play_id":"01aee022-cb62-423a-b291-ee3045a0b6cd","local_time":"20210108214622","is_ascension_mode":true,"campfire_choices":[{"data":"Secret Technique","floor":1,"key":"SMITH"},{"data":"Slimebound:SplitSpecialist","floor":11,"key":"SMITH"},{"data":"Slimebound:Split","floor":18,"key":"SMITH"},{"data":"Slimebound:Darklings","floor":23,"key":"SMITH"},{"data":"Slimebound:LivingWall","floor":25,"key":"SMITH"},{"data":"Slimebound:Teamwork","floor":35,"key":"SMITH"}],"circlet_count":0,"master_deck":["Slimebound:Strike_Slimebound","Slimebound:Strike_Slimebound","Slimebound:Tackle","Slimebound:Defend_Slimebound","Slimebound:Defend_Slimebound","Slimebound:Defend_Slimebound+1","Slimebound:Defend_Slimebound","Slimebound:Split+1","Slimebound:CorrosiveSpit","Secret Technique+1","Slimebound:SplitSpecialist+1","Slimebound:ProtectTheBoss","Slimebound:SlimeTap","Slimebound:MegaLick+1","Slimebound:PressTheAttack","Slimebound:SplitLeeching","Slimebound:SlimeSpikes","Slimebound:FirmFortitude","Slimebound:OneTwoCombo","CurseOfTheBell","Slimebound:PressTheAttack+1","Slimebound:LivingWall+1","Slimebound:RejuvenatingLick+1","Slimebound:Darklings+1","Slimebound:RallyTheTroops","Slimebound:SplitBruiser+1","Slimebound:OneTwoCombo","Slimebound:SlimeBarrage","Slimebound:Teamwork+1","expansioncontent:Collect","Slimebound:OneTwoCombo","Slimebound:Repurpose"],"relics":["Slimebound:AbsorbEndCombat","WarpedTongs","Vajra","Calling Bell","CeramicFish","Blue Candle","Dead Branch","downfall:HeartBlessingBlue","downfall:HeartBlessingGreen","Art of War","PreservedInsect","MutagenicStrength","Gremlin Horn","Slimebound:TarBlob","Du-Vu Doll","Old Coin","War Paint","Medical Kit","Slimebound:AggressiveSlimeRelic","HollowMod:PaleOreRelic","Nunchaku","Sling","Blood Vial"],"acts_visited":["Exordium","TheCity","TheBeyond"],"potions_floor_usage":[9,16,22,22,26,33,33,37,47,49,50,50],"damage_taken":[{"damage":6,"enemies":"Small Slimes","floor":3,"turns":3},{"damage":16,"enemies":"Cultist","floor":4,"turns":4},{"damage":23,"enemies":"downfall:FleeingMerchant","floor":5,"turns":4},{"damage":8,"enemies":"2 Louse","floor":6,"turns":1},{"damage":8,"enemies":"Large Slime","floor":9,"turns":5},{"damage":10,"enemies":"Red Slaver","floor":10,"turns":3},{"damage":49,"enemies":"Gremlin Nob","floor":12,"turns":5},{"damage":17,"enemies":"Large Slime","floor":13,"turns":4},{"damage":12,"enemies":"Exordium Thugs","floor":14,"turns":4},{"damage":4,"enemies":"Blue Slaver","floor":15,"turns":3},{"damage":45,"enemies":"downfall:Ironclad","floor":16,"turns":7},{"damage":13,"enemies":"3 Byrds","floor":19,"turns":3},{"damage":12,"enemies":"Chosen","floor":21,"turns":3},{"damage":20,"enemies":"downfall:FleeingMerchant","floor":22,"turns":4},{"damage":48,"enemies":"downfall:FleeingMerchant","floor":26,"turns":3},{"damage":33,"enemies":"Centurion and Healer","floor":27,"turns":1},{"damage":16,"enemies":"Snecko","floor":28,"turns":4},{"damage":17,"enemies":"Book of Stabbing","floor":30,"turns":2},{"damage":12,"enemies":"Snake Plant","floor":32,"turns":1},{"damage":29,"enemies":"downfall:Defect","floor":33,"turns":3},{"damage":12,"enemies":"3 Shapes","floor":36,"turns":1},{"damage":31,"enemies":"Orb Walker","floor":37,"turns":2},{"damage":36,"enemies":"4 Shapes","floor":38,"turns":1},{"damage":27,"enemies":"Mind Bloom Boss Battle","floor":42,"turns":2},{"damage":18,"enemies":"Sphere and 2 Shapes","floor":45,"turns":2},{"damage":30,"enemies":"Giant Head","floor":47,"turns":3},{"damage":54,"enemies":"Transient","floor":49,"turns":5},{"damage":55,"enemies":"downfall:Watcher","floor":50,"turns":3}],"seed_played":"255997392241381467","potions_obtained":[{"floor":6,"key":"Fire Potion"},{"floor":9,"key":"Energy Potion"},{"floor":12,"key":"Explosive Potion"},{"floor":15,"key":"SneckoOil"},{"floor":19,"key":"champ:CounterPotion"},{"floor":27,"key":"SpeedPotion"},{"floor":30,"key":"Strength Potion"},{"floor":32,"key":"Strength Potion"},{"floor":33,"key":"FearPotion"},{"floor":38,"key":"Dexterity Potion"},{"floor":42,"key":"SteroidPotion"},{"floor":47,"key":"Dexterity Potion"}],"is_trial":false,"path_per_floor":["R","?","M","M","$","M","T","?","M","M","R","E","M","M","M","B",null,"R","M","?","M","$","R","T","R","$","M","M","?","E","?","M","B",null,"R","M","M","M","?","?","T","?","T","$","M","$","E","?","M","B",null],"character_chosen":"SLIMEBOUND","items_purchased":["champ:CounterPotion","PreservedInsect","Medical Kit","Slimebound:OneTwoCombo","Slimebound:AggressiveSlimeRelic","HollowMod:PaleOreRelic","Slimebound:Repurpose","Nunchaku","Sling"],"campfire_rested":0,"item_purchase_floors":[22,26,44,44,44,44,44,46,46],"current_hp_per_floor":[60,60,60,58,51,53,53,53,59,60,60,27,26,34,42,13,60,70,70,70,70,70,70,70,70,48,59,63,63,64,64,70,70,70,70,70,63,66,66,66,66,65,65,65,67,67,70,70,70,68],"gold":58,"neow_bonus":"RANDOM_COLORLESS_2","is_daily":false,"chose_seed":false,"campfire_upgraded":6,"win_rate":0.0,"timestamp":1610138782,"path_taken":["R","?","M","M","$","?","T","?","?","M","R","E","M","M","M","BOSS","R","M","?","M","$","R","T","R","$","M","?","?","E","?","M","BOSS","R","M","M","M","?","?","T","?","?","$","M","$","E","?","M","BOSS"],"items_purchased_type":["Potion","Relic","Relic","Card","Relic","Relic","Card","Relic","Relic"],"build_version":"2020-12-22","purchased_purges":0,"victory":true,"max_hp_per_floor":[60,60,60,60,60,60,60,60,60,60,60,60,60,60,60,60,60,70,70,70,70,70,70,70,70,70,70,70,70,70,70,70,70,70,70,70,70,70,70,70,70,70,70,70,70,70,70,70,70,70],"card_choices":[{"not_picked":["Metamorphosis","Master of Strategy"],"picked":"Secret Technique","floor":0},{"not_picked":["Slimebound:SlimeSpikes","Slimebound:MegaLick"],"picked":"Slimebound:SplitSpecialist","floor":3},{"not_picked":["Slimebound:SplitLeeching","Slimebound:Schlurp"],"picked":"Slimebound:ProtectTheBoss","floor":4},{"not_picked":["Slimebound:SlimeBrawl","Slimebound:LivingWall"],"picked":"Slimebound:SlimeTap","floor":5},{"not_picked":["Slimebound:Schlurp","Slimebound:GoopSpray"],"picked":"Slimebound:MegaLick","floor":6},{"not_picked":["Slimebound:DivideAndConquer","Slimebound:FinishingTackle"],"picked":"Slimebound:PressTheAttack","floor":9},{"not_picked":["Slimebound:Dissolve","Slimebound:ViciousTackle"],"picked":"Slimebound:SplitLeeching","floor":10},{"not_picked":["Slimebound:SplitLeeching","Slimebound:HauntingLick"],"picked":"Slimebound:SlimeSpikes","floor":12},{"not_picked":["Slimebound:SplitBruiser","Slimebound:Grow","Slimebound:PressTheAttack"],"picked":"SKIP","floor":13},{"not_picked":["Slimebound:ServeAndProtect","Slimebound:LevelUp"],"picked":"Slimebound:FirmFortitude","floor":14},{"not_picked":["Slimebound:DivideAndConquer","Slimebound:SlimeTap"],"picked":"Slimebound:FinishingTackle","floor":15},{"not_picked":["Slimebound:CheckThePlaybook","Slimebound:MassRepurpose"],"picked":"Slimebound:OneTwoCombo","floor":16},{"not_picked":["Slimebound:RollThrough+1","Slimebound:HauntingLick"],"picked":"Slimebound:PressTheAttack+1","floor":19},{"not_picked":["Slimebound:SamplingLick","Slimebound:ComboTackle+1"],"picked":"Slimebound:RejuvenatingLick+1","floor":21},{"not_picked":["Slimebound:ViciousTackle","Slimebound:Grow+1"],"picked":"Slimebound:Darklings","floor":22},{"not_picked":["Slimebound:RollThrough","Slimebound:Prepare"],"picked":"Slimebound:RallyTheTroops","floor":26},{"not_picked":["Slimebound:DivideAndConquer","Slimebound:LeechingTouch+1","Slimebound:SamplingLick"],"picked":"SKIP","floor":27},{"not_picked":["Slimebound:ServeAndProtect","Slimebound:LeadByExample"],"picked":"Slimebound:SplitBruiser+1","floor":28},{"not_picked":["Slimebound:PressTheAttack","Slimebound:Schlurp","Slimebound:SplitSpecialist"],"picked":"SKIP","floor":30},{"not_picked":["Slimebound:PressTheAttack","Slimebound:LeadByExample+1"],"picked":"Slimebound:SlimeBarrage","floor":32},{"not_picked":["Slimebound:CheckThePlaybook","Slimebound:SlimeSlap"],"picked":"Slimebound:Teamwork","floor":33},{"not_picked":["Slimebound:ViciousTackle+1","Slimebound:LeechingTouch","Slimebound:Equalize"],"picked":"SKIP","floor":36},{"not_picked":["Slimebound:ViciousTackle+1","Slimebound:FormOfPuddle+1","Slimebound:SlimeSpikes"],"picked":"SKIP","floor":37},{"not_picked":["Slimebound:SplitSpecialist","Slimebound:Gluttony+1","Slimebound:RollThrough"],"picked":"SKIP","floor":38},{"not_picked":["expansioncontent:PolyBeam","expansioncontent:DefensiveStance"],"picked":"expansioncontent:Collect","floor":39},{"not_picked":["Slimebound:SplitMire","Slimebound:FlameTackle+1","Slimebound:ViciousTackle"],"picked":"SKIP","floor":45},{"not_picked":["Slimebound:DisruptingSlam","Slimebound:RollThrough","Slimebound:LeechingTouch"],"picked":"SKIP","floor":47},{"not_picked":["Slimebound:SplitAcid","Slimebound:GrowthPunch","Slimebound:SlimeSpikes+1"],"picked":"SKIP","floor":49}],"player_experience":486240,"relics_obtained":[{"floor":12,"key":"Vajra"},{"floor":17,"key":"CeramicFish"},{"floor":17,"key":"Blue Candle"},{"floor":17,"key":"Dead Branch"},{"floor":24,"key":"Art of War"},{"floor":30,"key":"Gremlin Horn"},{"floor":41,"key":"Du-Vu Doll"},{"floor":42,"key":"Old Coin"},{"floor":43,"key":"War Paint"},{"floor":47,"key":"Blood Vial"}],"event_choices":[{"damage_healed":0,"gold_gain":0,"player_choice":"Rummage","damage_taken":0,"relics_obtained":["WarpedTongs"],"max_hp_gain":0,"max_hp_loss":0,"event_name":"Accursed Blacksmith","floor":2,"gold_loss":0,"cards_obtained":["Pain"]},{"cards_removed":["Pain"],"damage_healed":0,"gold_gain":0,"player_choice":"Purged","damage_taken":0,"max_hp_gain":0,"max_hp_loss":0,"event_name":"Purifier","floor":8,"gold_loss":0},{"damage_healed":0,"gold_gain":0,"cards_transformed":["Slimebound:FinishingTackle"],"player_choice":"Transformed","damage_taken":0,"max_hp_gain":0,"max_hp_loss":0,"event_name":"Transmorgrifier","floor":20,"gold_loss":0,"cards_obtained":["Slimebound:LivingWall"]},{"damage_healed":0,"gold_gain":0,"player_choice":"Inject Mutagens","damage_taken":0,"relics_obtained":["MutagenicStrength"],"max_hp_gain":0,"max_hp_loss":0,"event_name":"Drug Dealer","floor":29,"gold_loss":0},{"damage_healed":0,"gold_gain":0,"player_choice":"Copied","damage_taken":0,"max_hp_gain":0,"max_hp_loss":0,"event_name":"Duplicator","floor":31,"gold_loss":0,"cards_obtained":["Slimebound:OneTwoCombo"]},{"cards_removed":["Slimebound:Strike_Slimebound"],"damage_healed":0,"gold_gain":0,"player_choice":"Removed Attack","damage_taken":0,"max_hp_gain":0,"max_hp_loss":0,"event_name":"Falling","floor":40,"gold_loss":0}],"is_beta":false,"boss_relics":[{"not_picked":["Philosopher\u0027s Stone","Empty Cage"],"picked":"Calling Bell"},{"not_picked":["Sozu","Astrolabe"],"picked":"Slimebound:TarBlob"}],"items_purged_floors":[],"is_endless":false,"potions_floor_spawned":[6,9,12,15,19,27,30,32,33,38,42,47],"ascension_level":1}}