{"host":"g7trc0x2teqyd8ye","time":1610128942,"event":{"mods":["BaseMod","Key Reminder","Minty Spire (QoL Compilation)","Relic Stats"],"gold_per_floor":[113,127,145,162,7,36,50,50,50],"floor_reached":8,"playtime":369,"items_purged":["Strike_B"],"score":93,"play_id":"fe554a5a-875f-494a-81be-cb1ce2936c8c","local_time":"20210108190222","is_ascension_mode":true,"campfire_choices":[],"circlet_count":0,"master_deck":["AscendersBane","Strike_B","Strike_B","Strike_B","Defend_B","Defend_B","Defend_B","Defend_B","Zap","Dualcast","Ball Lightning","Rip and Tear","Force Field","Meteor Strike","Self Repair","Loop","Coolheaded"],"relics":["Cracked Core","Anchor","keyreminder:keyreminder"],"acts_visited":["Exordium"],"potions_floor_usage":[8],"damage_taken":[{"damage":0,"enemies":"Small Slimes","floor":1,"turns":4},{"damage":2,"enemies":"2 Louse","floor":2,"turns":2},{"damage":7,"enemies":"Jaw Worm","floor":3,"turns":3},{"damage":4,"enemies":"2 Fungi Beasts","floor":4,"turns":3},{"damage":40,"enemies":"3 Sentries","floor":6,"turns":8},{"damage":0,"enemies":"Large Slime","floor":7,"turns":5},{"damage":40,"enemies":"Gremlin Nob","floor":8,"turns":3}],"seed_played":"4191684346754728799","potions_obtained":[{"floor":1,"key":"Dexterity Potion"},{"floor":4,"key":"Strength Potion"}],"is_trial":false,"path_per_floor":["M","M","M","M","$","E","M","E"],"character_chosen":"DEFECT","items_purchased":["Self Repair"],"campfire_rested":0,"item_purchase_floors":[5],"current_hp_per_floor":[75,73,66,62,62,29,36,0,0],"gold":50,"neow_bonus":"TEN_PERCENT_HP_BONUS","is_daily":false,"chose_seed":false,"campfire_upgraded":0,"win_rate":0.0,"timestamp":1610128942,"path_taken":["M","M","M","M","$","E","M","E"],"items_purchased_type":["Card"],"build_version":"2020-12-22","purchased_purges":1,"victory":false,"max_hp_per_floor":[82,82,82,82,82,82,82,82,82],"relic_stats":{"counters":[7,28],"obtain_stats":[{"keyreminder:keyreminder":6,"Anchor":6,"Cracked Core":0},{"keyreminder:keyreminder":5,"Anchor":5,"Cracked Core":0},{"keyreminder:keyreminder":20,"Anchor":20,"Cracked Core":0}]},"card_choices":[{"not_picked":["Turbo","Glacier"],"picked":"Ball Lightning","floor":1},{"not_picked":["Steam","Coolheaded"],"picked":"Rip and Tear","floor":2},{"not_picked":["Steam","Blizzard"],"picked":"Force Field","floor":3},{"not_picked":["Leap","Heatsinks"],"picked":"Meteor Strike","floor":4},{"not_picked":["Doom and Gloom","Stack"],"picked":"Loop","floor":6},{"not_picked":["Go for the Eyes","Steam"],"picked":"Coolheaded","floor":7}],"player_experience":891541,"relics_obtained":[{"floor":6,"key":"Anchor"}],"event_choices":[],"is_beta":false,"boss_relics":[],"items_purged_floors":[5],"is_endless":false,"potions_floor_spawned":[1,4,7],"killed_by":"Gremlin Nob","ascension_level":11}}