{"host":"tw7a6rmo9h75ssrt","time":1610072169,"event":{"mods":["AchievementEnabler","Act Like it!","BaseMod","Colored Map","Highlight Path","Minty Spire (QoL Compilation)","Permanent Neow","Quick Restart","Relic Stats","SuperFastMode"],"gold_per_floor":[10,26,26,26,50,50,69,69,69,94,94,27,41,65,65,191,191,174,7,28,28,47,47,47,70,70,70,70,88,3,24,24,154,154,178,178,178,178,78,78,78,78,78,128,128,128,164,164,164,164,164],"floor_reached":50,"playtime":3939,"items_purged":["Strike_R","Injury"],"score":795,"play_id":"5a177e03-2241-4d43-95de-3f8fed2351ff","local_time":"20210108101609","is_ascension_mode":true,"campfire_choices":[{"data":"Bash","floor":6.0,"key":"SMITH"},{"data":"Iron Wave","floor":11.0,"key":"SMITH"},{"data":"Spot Weakness","floor":15.0,"key":"SMITH"},{"floor":24.0,"key":"REST"},{"floor":27.0,"key":"REST"},{"data":"Rampage","floor":32.0,"key":"SMITH"},{"data":"Battle Trance","floor":40.0,"key":"SMITH"},{"data":"Burning Pact","floor":42.0,"key":"SMITH"},{"data":"Headbutt","floor":46.0,"key":"SMITH"},{"data":"Strike_R","floor":49.0,"key":"PURGE"}],"circlet_count":0,"master_deck":["AscendersBane","Strike_R","Defend_R","Defend_R","Bash+1","Battle Trance+1","Metallicize","Iron Wave+1","Headbutt+1","Spot Weakness+1","Burning Pact+1","Impervious","CurseOfTheBell","Trip+1","Burning Pact+1","Disarm+1","Rampage+1","Battle Trance+1","Offering+1","Shrug It Off+1","Madness+1","Madness+1","Rage+1"],"relics":["Burning Blood","Golden Idol","Toy Ornithopter","Ice Cream","Calling Bell","Bag of Preparation","Toxic Egg 2","Incense Burner","Juzu Bracelet","Champion Belt","Velvet Choker","Meat on the Bone","Blood Vial","Peace Pipe","TungstenRod"],"acts_visited":["Exordium","TheCity","TheBeyond"],"potions_floor_usage":[],"damage_taken":[{"damage":11.0,"enemies":"Cultist","floor":1.0,"turns":4.0},{"damage":13.0,"enemies":"Small Slimes","floor":2.0,"turns":4.0},{"damage":4.0,"enemies":"Jaw Worm","floor":7.0,"turns":6.0},{"damage":3.0,"enemies":"Blue Slaver","floor":10.0,"turns":5.0},{"damage":3.0,"enemies":"Exordium Wildlife","floor":13.0,"turns":4.0},{"damage":9.0,"enemies":"3 Louse","floor":14.0,"turns":5.0},{"damage":20.0,"enemies":"Slime Boss","floor":16.0,"turns":10.0},{"damage":15.0,"enemies":"2 Thieves","floor":18.0,"turns":4.0},{"damage":22.0,"enemies":"Spheric Guardian","floor":20.0,"turns":6.0},{"damage":20.0,"enemies":"Chosen and Byrds","floor":22.0,"turns":6.0},{"damage":17.0,"enemies":"Centurion and Healer","floor":25.0,"turns":7.0},{"damage":20.0,"enemies":"Shelled Parasite and Fungi","floor":29.0,"turns":9.0},{"damage":6.0,"enemies":"Snake Plant","floor":31.0,"turns":6.0},{"damage":47.0,"enemies":"Automaton","floor":33.0,"turns":8.0},{"damage":18.0,"enemies":"3 Shapes","floor":35.0,"turns":9.0},{"damage":8.0,"enemies":"Giant Head","floor":47.0,"turns":7.0},{"damage":62,"enemies":"Donu and Deca","floor":50,"turns":6}],"seed_played":"7404665173338139871","potions_obtained":[{"floor":1.0,"key":"Weak Potion"},{"floor":14.0,"key":"BlessingOfTheForge"},{"floor":20.0,"key":"PowerPotion"},{"floor":22.0,"key":"Regen Potion"},{"floor":29.0,"key":"SpeedPotion"},{"floor":47.0,"key":"Explosive Potion"}],"is_trial":false,"path_per_floor":["M","M","?","?","T","R","M","$","T","M","R","$","M","M","R","B",null,"M","$","M","?","M","$","R","M","T","R","$","M","?","M","R","B",null,"M","?","?","?","$","R","?","R","T","T","?","R","E","?","R","B"],"character_chosen":"IRONCLAD","items_purchased":["Spot Weakness","Trip+1"],"campfire_rested":2,"item_purchase_floors":[12,19],"current_hp_per_floor":[67,60,60,60,60,60,62,62,62,65,65,65,68,65,65,61,75,66,66,50,50,41,41,65,54,54,78,78,64,64,64,64,48,72,60,60,50,50,50,50,50,50,50,50,50,50,50,50,50,0,0],"gold":164,"neow_bonus":"REMOVE_TWO","is_daily":false,"chose_seed":false,"campfire_upgraded":7,"win_rate":0.0,"timestamp":1610072169,"path_taken":["M","M","?","?","?","R","M","?","T","?","R","$","M","M","R","BOSS","M","$","M","?","M","?","R","M","T","R","$","M","?","M","R","BOSS","M","?","?","?","$","R","?","R","T","?","?","R","E","?","R","BOSS"],"items_purchased_type":["Card","Card"],"build_version":"2020-12-22","purchased_purges":2,"victory":false,"max_hp_per_floor":[80,80,80,80,80,80,80,80,80,80,80,80,80,80,80,80,80,80,80,80,80,80,80,80,80,80,80,80,80,80,80,80,80,80,80,80,80,80,80,80,80,80,80,80,80,80,80,80,80,80,80],"relic_stats":{"Blood Vial":4,"Peace Pipe":2,"counters":[17,106],"Golden Idol":104,"Bag of Preparation":[20],"Juzu Bracelet":1,"Champion Belt":[26],"obtain_stats":[{"Ice Cream":9,"Golden Idol":3,"Velvet Choker":34,"Bag of Preparation":17,"Incense Burner":17,"Juzu Bracelet":26,"Burning Blood":0,"Calling Bell":17,"Blood Vial":44,"Peace Pipe":47,"Champion Belt":30,"Toxic Egg 2":17,"Toy Ornithopter":5,"TungstenRod":48,"Meat on the Bone":43},{"Ice Cream":3,"Golden Idol":2,"Velvet Choker":14,"Bag of Preparation":7,"Incense Burner":7,"Juzu Bracelet":11,"Burning Blood":0,"Calling Bell":7,"Blood Vial":15,"Peace Pipe":16,"Champion Belt":12,"Toxic Egg 2":7,"Toy Ornithopter":2,"TungstenRod":16,"Meat on the Bone":15},{"Ice Cream":14,"Golden Idol":8,"Velvet Choker":84,"Bag of Preparation":38,"Incense Burner":38,"Juzu Bracelet":61,"Burning Blood":0,"Calling Bell":38,"Blood Vial":93,"Peace Pipe":100,"Champion Belt":70,"Toxic Egg 2":38,"Toy Ornithopter":8,"TungstenRod":100,"Meat on the Bone":93}],"Burning Blood":96,"Toy Ornithopter":25,"TungstenRod":6,"Meat on the Bone":0},"card_choices":[{"not_picked":["Shockwave","Clothesline"],"picked":"Battle Trance","floor":1.0},{"not_picked":["Feel No Pain","Havoc"],"picked":"Metallicize","floor":2.0},{"not_picked":["Infernal Blade","Warcry"],"picked":"Iron Wave","floor":7.0},{"not_picked":["Thunderclap","Pommel Strike"],"picked":"Headbutt","floor":10.0},{"not_picked":["Rampage","Armaments"],"picked":"Burning Pact","floor":13.0},{"not_picked":["Body Slam","Dropkick","Flame Barrier"],"picked":"SKIP","floor":14.0},{"not_picked":["Bludgeon","Immolate"],"picked":"Impervious","floor":16.0},{"not_picked":["Feel No Pain+1","Whirlwind","Bloodletting+1"],"picked":"SKIP","floor":18.0},{"not_picked":["Thunderclap+1","True Grit+1"],"picked":"Armaments+1","floor":20.0},{"not_picked":["Exhume+1","Perfected Strike"],"picked":"Disarm+1","floor":22.0},{"not_picked":["True Grit+1","Havoc+1"],"picked":"Rampage","floor":25.0},{"not_picked":["Blood for Blood","Evolve"],"picked":"Battle Trance+1","floor":29.0},{"not_picked":["Hemokinesis","Cleave","Intimidate+1"],"picked":"SKIP","floor":31.0},{"not_picked":["Juggernaut","Bludgeon"],"picked":"Offering+1","floor":33.0},{"not_picked":["Wild Strike","Warcry+1"],"picked":"Shrug It Off+1","floor":35.0},{"not_picked":["Searing Blow","Thunderclap"],"picked":"Rage+1","floor":47.0}],"player_experience":91617,"relics_obtained":[{"floor":5.0,"key":"Toy Ornithopter"},{"floor":9.0,"key":"Ice Cream"},{"floor":17.0,"key":"Bag of Preparation"},{"floor":17.0,"key":"Toxic Egg 2"},{"floor":17.0,"key":"Incense Burner"},{"floor":26.0,"key":"Juzu Bracelet"},{"floor":43.0,"key":"Meat on the Bone"},{"floor":44.0,"key":"Blood Vial"},{"floor":47.0,"key":"Peace Pipe"}],"event_choices":[{"damage_healed":0.0,"max_hp_gain":0.0,"max_hp_loss":0.0,"gold_gain":0.0,"event_name":"Golden Idol","player_choice":"Take Wound","floor":3.0,"gold_loss":0.0,"damage_taken":0.0,"relics_obtained":["Golden Idol"],"cards_obtained":["Injury"]},{"damage_healed":0.0,"max_hp_gain":0.0,"max_hp_loss":0.0,"gold_gain":0.0,"event_name":"Liars Game","player_choice":"Ignored","floor":4.0,"gold_loss":0.0,"damage_taken":0.0},{"damage_healed":0.0,"max_hp_gain":0.0,"max_hp_loss":0.0,"gold_gain":0.0,"cards_transformed":["Defend_R"],"event_name":"Transmorgrifier","player_choice":"Transformed","floor":21.0,"gold_loss":0.0,"damage_taken":0.0,"cards_obtained":["Burning Pact"]},{"damage_healed":0.0,"max_hp_gain":0.0,"max_hp_loss":0.0,"gold_gain":0.0,"event_name":"Addict","player_choice":"Obtained Relic","floor":30.0,"gold_loss":85.0,"damage_taken":0.0,"relics_obtained":["Champion Belt"]},{"damage_healed":0.0,"max_hp_gain":0.0,"max_hp_loss":0.0,"gold_gain":0.0,"event_name":"Tomb of Lord Red Mask","player_choice":"Ignored","floor":36.0,"gold_loss":0.0,"damage_taken":0.0},{"damage_healed":0.0,"max_hp_gain":0.0,"max_hp_loss":0.0,"gold_gain":0.0,"event_name":"Winding Halls","player_choice":"Embrace Madness","floor":37.0,"gold_loss":0.0,"damage_taken":10.0,"cards_obtained":["Madness","Madness"]},{"damage_healed":0.0,"max_hp_gain":0.0,"max_hp_loss":0.0,"gold_gain":0.0,"event_name":"Duplicator","player_choice":"Ignored","floor":38.0,"gold_loss":0.0,"damage_taken":0.0},{"cards_removed":["Defend_R"],"damage_healed":0.0,"max_hp_gain":0.0,"max_hp_loss":0.0,"gold_gain":0.0,"event_name":"Falling","player_choice":"Removed Skill","floor":41.0,"gold_loss":0.0,"damage_taken":0.0},{"damage_healed":0.0,"max_hp_gain":0.0,"max_hp_loss":0.0,"gold_gain":0.0,"event_name":"Mysterious Sphere","player_choice":"Ignored","floor":45.0,"gold_loss":0.0,"damage_taken":0.0},{"cards_removed":["Armaments"],"damage_healed":0.0,"max_hp_gain":0.0,"max_hp_loss":0.0,"gold_gain":0.0,"event_name":"WeMeetAgain","player_choice":"Gave Card","floor":48.0,"gold_loss":0.0,"damage_taken":0.0,"relics_obtained":["TungstenRod"]}],"is_beta":false,"boss_relics":[{"not_picked":["Astrolabe","SacredBark"],"picked":"Calling Bell"},{"not_picked":["Cursed Key","Empty Cage"],"picked":"Velvet Choker"}],"items_purged_floors":[19,39],"is_endless":false,"potions_floor_spawned":[1,14,20,22,29,47],"killed_by":"Donu and Deca","ascension_level":12}}