{"host":"tcdxiwht2vajk3tk","time":1610076484,"event":{"mods":["AchievementEnabler","BaseMod","Beaked The Cultist","Conspire","Defuse TimeMaze Blight","Downfall","Halation","Hermit","Hubris","Infinite Spire","Lobotomy","Minty Spire (QoL Compilation)","Replay The Spire","Shop Mod","StSLib","The Cursed","The Disciple","vexMod"],"gold_per_floor":[117,128,147,422,438,438,438],"floor_reached":6,"playtime":649,"items_purged":[],"score":49,"play_id":"bf6fead0-e398-4443-a93f-20feb13faf57","local_time":"20210107222804","is_ascension_mode":true,"campfire_choices":[],"circlet_count":0,"master_deck":["beaked:Strike_Y","beaked:Strike_Y","beaked:Strike_Y","beaked:Strike_Y","beaked:Strike_Y","beaked:Strike_Y","beaked:Defend_Y","beaked:Defend_Y","beaked:Defend_Y","beaked:Defend_Y","beaked:Ceremony","beaked:Ceremony","beaked:Ceremony","Wellcheers","beaked:BraceForImpact","LittlePrince","beaked:Evade","OldLady","beaked:MachineEssence","Regret","beaked:VigorBurst"],"relics":["beaked:MendingPlumage","CogitoBucket"],"acts_visited":["Exordium"],"potions_floor_usage":[],"damage_taken":[{"damage":26.0,"enemies":"Small Slimes","floor":1.0,"turns":5.0},{"damage":9.0,"enemies":"Cultist","floor":2.0,"turns":4.0},{"damage":14.0,"enemies":"Jaw Worm","floor":3.0,"turns":5.0},{"damage":43.0,"enemies":"Blue Slaver","floor":5.0,"turns":7.0},{"damage":61,"enemies":"3 Sentries","floor":6,"turns":6}],"seed_played":"4746781218410258790","potions_obtained":[{"floor":1.0,"key":"Swift Potion"}],"is_trial":false,"path_per_floor":["M","M","M","?","M","E"],"character_chosen":"BEAKED_THE_CULTIST","items_purchased":[],"campfire_rested":0,"item_purchase_floors":[],"current_hp_per_floor":[31,36,42,42,33,0,0],"gold":438,"neow_bonus":"","is_daily":false,"chose_seed":false,"campfire_upgraded":0,"win_rate":0.0,"timestamp":1610076484,"path_taken":["M","M","M","?","?","E"],"items_purchased_type":[],"build_version":"2020-12-22","purchased_purges":0,"victory":false,"max_hp_per_floor":[50,50,50,50,55,55,55],"card_choices":[{"not_picked":["BlackArmy","CherryBlossoms"],"picked":"Wellcheers","floor":1.0},{"not_picked":["beaked:DesperateSwing","beaked:Resilience"],"picked":"beaked:BraceForImpact","floor":1.0},{"not_picked":["ShyLook","Bloodbath"],"picked":"LittlePrince","floor":2.0},{"not_picked":["beaked:Insight","beaked:Foresight"],"picked":"beaked:Evade","floor":2.0},{"not_picked":["Scarecrow","DespairKnight"],"picked":"OldLady","floor":3.0},{"not_picked":["beaked:WindBringer","beaked:Daydream"],"picked":"beaked:MachineEssence","floor":3.0},{"not_picked":["beaked:Poke","beaked:TuckingFeathers"],"picked":"beaked:VigorBurst","floor":5}],"player_experience":1513253,"relics_obtained":[],"event_choices":[{"damage_healed":0.0,"max_hp_gain":0.0,"max_hp_loss":0.0,"gold_gain":275.0,"event_name":"Golden Shrine","player_choice":"Desecrate","floor":4.0,"gold_loss":0.0,"damage_taken":0.0,"cards_obtained":["Regret"]}],"is_beta":false,"boss_relics":[],"items_purged_floors":[],"is_endless":false,"potions_floor_spawned":[1],"killed_by":"3 Sentries","ascension_level":6}}