{"host":"xs2umar4czbsv0xl","time":1610106824,"event":{"mods":["AchievementEnabler","Act Like it!","BaseMod","Gensokyo","Marisa????????","Minty Spire (QoL Compilation)","Reimu??????","Remilia??????","Replay The Spire","StSLib","The Hierophant","The Wild Card"],"gold_per_floor":[219,219,238,238,238,238,255,255,323,358,378,392,392,405,405,524,524,567,273,299,333,372,372,404,482,505,567,622,661,670,694,694,816,816,850,894,903,25,0,0,55,115,115,17,17,68,92,137,137,165,165,165,90,177,229],"floor_reached":56,"playtime":4249,"items_purged":["Delirium"],"score":1228,"play_id":"b4e00c0f-ccfc-4581-a6cf-50ca0ec73ce5","local_time":"20210108055344","is_ascension_mode":false,"campfire_choices":[{"floor":6,"key":"RECALL"},{"data":"Replay:Bag of Tricks","floor":8,"key":"SMITH"},{"floor":15,"key":"DIG"},{"floor":23,"key":"REST"},{"floor":32,"key":"REST"},{"floor":40,"key":"REST"},{"data":"Wraith Form v2","floor":45,"key":"SMITH"},{"floor":49,"key":"REST"},{"data":"Terror","floor":52,"key":"SMITH"}],"circlet_count":0,"master_deck":["Strike_G","Strike_G","Strike_G","Strike_G","Strike_G","Defend_G","Defend_G","Defend_G","Defend_G","Defend_G","Survivor","Neutralize","Backstab+1","Dagger Spray+1","Replay:Bag of Tricks+1","ReplayTheSpireMod:From All Sides","Wraith Form v2+1","Dash","Quick Slash","Prepared","Corpse Explosion","Slice","ReplayTheSpireMod:Faulty Equipment","Terror+1","Riddle With Holes+1","Crow Ritual","Blade Dance","Cloak And Dagger","Hidden Blade+1","Finisher+1","Glass Knife+1","Acrobatics","Cloak And Dagger","Slice+1","Phantasmal Killer","Sucker Punch+1","Blade Dance","Unload","Blade Dance","Secret Weapon","Forethought","ReplayTheSpireMod:Scrap Shanks","Parasite","Blade Dance+1","Dodge and Roll","Escape Plan+1","Adrenaline","Calculated Gamble"],"relics":["Ring of the Snake","Shuriken","AntiCross","Replay:Bandana","Ring of Chaos","ReplayTheSpireMod:CursedCoin","Tiny Chest","CeramicFish","ReplayTheSpireMod:Lightbulb","WristBlade","Whetstone","Replay:Towering Pillar of Hats","Red Mask","Mastiff:ReiMu","Regal Pillow","Oddly Smooth Stone","Blood Vial"],"acts_visited":["Exordium","TheCity","TheBeyond","TheEnding"],"potions_floor_usage":[16,16,22,24,25,27,29,33,55,55],"damage_taken":[{"damage":1,"enemies":"Cultist","floor":1,"turns":4},{"damage":0,"enemies":"Small Slimes","floor":3,"turns":3},{"damage":0,"enemies":"Jaw Worm","floor":7,"turns":2},{"damage":6,"enemies":"3 Sentries","floor":10,"turns":6},{"damage":23,"enemies":"Gremlin Gang","floor":11,"turns":3},{"damage":0,"enemies":"Lots of Slimes","floor":12,"turns":1},{"damage":1,"enemies":"Large Slime","floor":14,"turns":4},{"damage":14,"enemies":"The Guardian","floor":16,"turns":7},{"damage":6,"enemies":"Chosen","floor":18,"turns":2},{"damage":6,"enemies":"Shell Parasite","floor":20,"turns":3},{"damage":11,"enemies":"Centurion and Healer","floor":21,"turns":3},{"damage":20,"enemies":"Snake Plant","floor":22,"turns":3},{"damage":12,"enemies":"Shelled Parasite and Fungi","floor":24,"turns":3},{"damage":15,"enemies":"Replay:Snechameleon","floor":25,"turns":3},{"damage":3,"enemies":"Cultist and Chosen","floor":27,"turns":2},{"damage":0,"enemies":"Snecko","floor":28,"turns":2},{"damage":12,"enemies":"Snake Plant","floor":29,"turns":3},{"damage":36,"enemies":"Automaton","floor":33,"turns":6},{"damage":18,"enemies":"3 Darklings","floor":35,"turns":2},{"damage":11,"enemies":"3 Shapes","floor":36,"turns":2},{"damage":11,"enemies":"Writhing Mass","floor":41,"turns":3},{"damage":3,"enemies":"Nemesis","floor":42,"turns":3},{"damage":0,"enemies":"Sphere and 2 Shapes","floor":46,"turns":3},{"damage":0,"enemies":"Jaw Worm Horde","floor":48,"turns":2},{"damage":39,"enemies":"Time Eater","floor":50,"turns":6},{"damage":5,"enemies":"Shield and Spear","floor":54,"turns":3},{"damage":43,"enemies":"The Heart","floor":55,"turns":5}],"seed_played":"8632602176364636400","potions_obtained":[{"floor":11,"key":"DuplicationPotion"},{"floor":12,"key":"SkillPotion"},{"floor":14,"key":"SkillPotion"},{"floor":18,"key":"Elixir"},{"floor":21,"key":"ColorlessPotion"},{"floor":22,"key":"AttackPotion"},{"floor":25,"key":"AttackPotion"},{"floor":29,"key":"SkillPotion"},{"floor":42,"key":"Swift Potion"},{"floor":48,"key":"Toxic Potion"}],"is_trial":false,"path_per_floor":["M","?","M","?","?","R","M","R","T","E","M","M","?","M","R","B",null,"M","$","M","M","M","R","M","E","T","M","M","M","?","T","R","B",null,"M","M","?","$","?","R","M","E","T","$","R","M","T","M","R","B",null,"R","$","E","B",null],"character_chosen":"THE_SILENT","items_purchased":["ReplayTheSpireMod:CursedCoin","Tiny Chest","Terror","Riddle With Holes+1","Crow Ritual","Whetstone","Unload","Blade Dance","Secret Weapon","Replay:Towering Pillar of Hats","Forethought","ReplayTheSpireMod:Scrap Shanks","Flashbang"],"campfire_rested":4,"item_purchase_floors":[19,19,19,19,19,38,38,38,38,38,38,38,44],"current_hp_per_floor":[69,69,69,69,69,69,69,69,69,63,40,40,33,32,32,18,70,64,64,58,47,27,48,36,21,21,18,18,6,21,21,46,10,85,67,56,56,56,56,81,70,67,67,67,67,67,67,67,85,46,85,85,85,80,39],"gold":229,"neow_bonus":"HUNDRED_GOLD","is_daily":false,"chose_seed":false,"campfire_upgraded":3,"win_rate":0.0,"timestamp":1610106824,"path_taken":["M","?","M","?","?","R","M","R","T","E","M","?","?","M","R","BOSS","M","$","M","?","?","R","M","E","T","M","M","M","?","?","R","BOSS","M","M","?","?","?","R","M","E","T","$","R","M","?","M","R","BOSS","R","$","E","BOSS"],"items_purchased_type":["Relic","Relic","Card","Card","Card","Relic","Card","Card","Card","Relic","Card","Card","Potion"],"build_version":"2020-12-22","purchased_purges":1,"victory":true,"max_hp_per_floor":[70,70,70,70,70,70,70,70,70,70,70,70,70,70,70,70,70,70,70,70,70,70,70,70,70,70,70,70,70,85,85,85,85,85,85,85,85,85,85,85,85,85,85,85,85,85,85,85,85,85,85,85,85,85,85],"card_choices":[{"not_picked":["Sucker Punch","Poisoned Stab"],"picked":"Backstab","floor":1},{"not_picked":["ReplayTheSpireMod:Exploit Weakness","ReplayTheSpireMod:Tripwire"],"picked":"Dagger Spray","floor":3},{"not_picked":["Catalyst","Terror"],"picked":"ReplayTheSpireMod:From All Sides","floor":7},{"not_picked":["Deflect","Catalyst"],"picked":"Wraith Form v2","floor":10},{"not_picked":["Reflex","Outmaneuver"],"picked":"Dash","floor":11},{"not_picked":["Deadly Poison","Draining Mist"],"picked":"Quick Slash","floor":12},{"not_picked":["PiercingWail","Tactician"],"picked":"Prepared","floor":14},{"not_picked":["Burst","Poison Darts"],"picked":"Corpse Explosion","floor":16},{"not_picked":["Flying Knee","Bane"],"picked":"Slice","floor":18},{"not_picked":["Reflex","Catalyst"],"picked":"Blade Dance","floor":20},{"not_picked":["Deflect","Eviscerate"],"picked":"Cloak And Dagger","floor":21},{"not_picked":["Dagger Spray","Flechettes"],"picked":"Hidden Blade+1","floor":22},{"not_picked":["Slice","All Out Attack+1"],"picked":"Finisher+1","floor":24},{"not_picked":["Flechettes","Caltrops"],"picked":"Glass Knife","floor":25},{"not_picked":["Toxin Wave","Outmaneuver"],"picked":"Acrobatics","floor":27},{"not_picked":["Sucker Punch+1","Flying Knee"],"picked":"Cloak And Dagger","floor":28},{"not_picked":["Bane","Draining Mist+1"],"picked":"Slice+1","floor":29},{"not_picked":["Wraith Form v2","Burst"],"picked":"Phantasmal Killer","floor":33},{"not_picked":["Bane","Tactician+1"],"picked":"Sucker Punch+1","floor":35},{"not_picked":["Choke","ReplayTheSpireMod:Scrap Shanks+1"],"picked":"Blade Dance","floor":36},{"not_picked":["Underhanded Strike","Dagger Spray"],"picked":"Blade Dance+1","floor":41},{"not_picked":["Prepared","ReplayTheSpireMod:The Works+1"],"picked":"Dodge and Roll","floor":42},{"not_picked":["Quick Slash","Backflip"],"picked":"Escape Plan+1","floor":46},{"not_picked":["Hidden Blade","Dagger Throw+1"],"picked":"Adrenaline","floor":48},{"not_picked":["Caltrops+1","ReplayTheSpireMod:Tripwire+1"],"picked":"Calculated Gamble","floor":54}],"player_experience":157358,"relics_obtained":[{"floor":9,"key":"Shuriken"},{"floor":10,"key":"AntiCross"},{"floor":15,"key":"Replay:Bandana"},{"floor":25,"key":"CeramicFish"},{"floor":31,"key":"ReplayTheSpireMod:Lightbulb"},{"floor":42,"key":"Mastiff:ReiMu"},{"floor":43,"key":"Regal Pillow"},{"floor":47,"key":"Oddly Smooth Stone"},{"floor":54,"key":"Blood Vial"}],"event_choices":[{"damage_healed":0,"gold_gain":0,"player_choice":"Leave","damage_taken":0,"max_hp_gain":0,"max_hp_loss":0,"event_name":"The Cleric","floor":2,"gold_loss":0},{"damage_healed":0,"gold_gain":0,"player_choice":"Grow","damage_taken":0,"max_hp_gain":0,"max_hp_loss":0,"event_name":"Living Wall","floor":4,"gold_loss":0,"cards_upgraded":["Dagger Spray"]},{"damage_healed":0,"gold_gain":0,"player_choice":"1 cards matched","damage_taken":0,"max_hp_gain":0,"max_hp_loss":0,"event_name":"Match and Keep!","floor":5,"gold_loss":0,"cards_obtained":["Replay:Bag of Tricks"]},{"damage_healed":0,"gold_gain":0,"player_choice":"Damaged","damage_taken":7,"max_hp_gain":0,"max_hp_loss":0,"event_name":"Wheel of Change","floor":13,"gold_loss":0},{"damage_healed":0,"gold_gain":0,"cards_transformed":["Gluttony_TH"],"player_choice":"Transformed","damage_taken":0,"max_hp_gain":0,"max_hp_loss":0,"event_name":"Transmorgrifier","floor":37,"gold_loss":0,"cards_obtained":["Delirium"]},{"damage_healed":0,"gold_gain":0,"player_choice":"Paid","damage_taken":0,"relics_obtained":["Red Mask"],"max_hp_gain":0,"max_hp_loss":0,"event_name":"Tomb of Lord Red Mask","floor":39,"gold_loss":25}],"is_beta":false,"boss_relics":[{"not_picked":["Replay:Drink Me","Sozu"],"picked":"Ring of Chaos"},{"not_picked":["Honey Jar","Philosopher\u0027s Stone"],"picked":"WristBlade"}],"items_purged_floors":[53],"is_endless":false,"potions_floor_spawned":[11,12,14,18,21,22,25,29,42,48],"ascension_level":0}}