{"host":"ec2wu4mdnvke243f","time":1610108912,"event":{"mods":["2.2 Compatiblity","AchievementEnabler","BaseMod","Defuse TimeMaze Blight","Downfall","Hermit","Infinite Spire","Minty Spire (QoL Compilation)","StSLib","The Cursed","The Disciple","The Jungle","The Servant 0.9.4"],"gold_per_floor":[118,118,130,130,149,184,184,218,218,218,22,77,112,138,138,235,235,247,247,247,247,112,112,112],"floor_reached":23,"playtime":1488,"items_purged":[],"score":213,"play_id":"e94707da-cf71-4450-8fcd-73666cb3bfbd","local_time":"20210108132832","daily_mods":["Colorless Cards","Flight","Elite Swarm"],"is_ascension_mode":false,"campfire_choices":[{"floor":10,"key":"REST"},{"floor":15,"key":"REST"}],"circlet_count":0,"master_deck":["hermit:Strike_Hermit","hermit:Strike_Hermit","hermit:Strike_Hermit","hermit:Strike_Hermit","hermit:Defend_Hermit","hermit:Defend_Hermit","hermit:Defend_Hermit","hermit:Defend_Hermit","hermit:Snapshot","hermit:Covet","hermit:LowProfile","hermit:Dissolve","hermit:Roughhouse","Metamorphosis","hermit:SprayPray","hermit:GoldenBullet","Transmutation","Secret Technique","Violence","hermit:Quickdraw","Writhe","Shame"],"relics":["hermit:Momento","The Courier","Mummified Hand","Art of War","Lee\u0027s Waffle","Lantern","infinitespire:Beetle Shell","Cursed Key","Shovel","theJungle:SneckoAutograph","theJungle:Flamango"],"acts_visited":["Exordium","Exordium"],"potions_floor_usage":[6,23,23,23],"damage_taken":[{"damage":5,"enemies":"Small Slimes","floor":1,"turns":4},{"damage":16,"enemies":"infinitespire:Voidling","floor":3,"turns":3},{"damage":1,"enemies":"Cultist","floor":5,"turns":4},{"damage":22,"enemies":"Gremlin Nob","floor":6,"turns":5},{"damage":35,"enemies":"Lagavulin","floor":8,"turns":8},{"damage":23,"enemies":"Gremlin Nob","floor":13,"turns":5},{"damage":22,"enemies":"Lagavulin","floor":14,"turns":6},{"damage":23,"enemies":"The Guardian","floor":16,"turns":11},{"damage":7,"enemies":"theJungle:MUSHROOMGANG","floor":18,"turns":5},{"damage":84,"enemies":"theJungle:MamaSnecko","floor":23,"turns":6}],"seed_played":"8915004328180659778","potions_obtained":[{"floor":5,"key":"AttackPotion"},{"floor":6,"key":"Explosive Potion"},{"floor":13,"key":"GamblersBrew"},{"floor":18,"key":"Dexterity Potion"}],"is_trial":true,"path_per_floor":["M","?","M","?","M","E","?","E","T","R","$","?","E","E","R","B",null,"M","?","?","?","?","E"],"character_chosen":"HERMIT","items_purchased":["Lee\u0027s Waffle","hermit:SprayPray","hermit:GoldenBullet"],"campfire_rested":2,"item_purchase_floors":[11,11,11],"current_hp_per_floor":[70,70,54,59,58,36,36,1,1,23,82,82,59,37,61,38,82,75,58,58,58,58,0,0],"gold":112,"neow_bonus":"","is_daily":false,"chose_seed":false,"campfire_upgraded":0,"win_rate":0.0,"timestamp":1610108912,"path_taken":["M","?","?","?","?","E","?","E","T","R","$","?","E","E","R","BOSS","M","?","?","?","?","E"],"items_purchased_type":["Relic","Card","Card"],"build_version":"2020-12-22","purchased_purges":0,"victory":false,"max_hp_per_floor":[75,75,75,75,75,75,75,75,75,75,82,82,82,82,82,82,82,82,82,82,82,82,82,82],"card_choices":[{"not_picked":["hermit:Desperado","hermit:SprayPray"],"picked":"hermit:Misfire","floor":1},{"not_picked":["hermit:BigShot","hermit:HighCaliber"],"picked":"hermit:LowProfile","floor":3},{"not_picked":["hermit:LoneWolf","hermit:Roulette"],"picked":"hermit:Dissolve","floor":5},{"not_picked":["Mayhem","expansioncontent:QuickStudy"],"picked":"hermit:Roughhouse","floor":6},{"not_picked":["Apotheosis","Secret Technique"],"picked":"Metamorphosis","floor":8},{"not_picked":["hermit:FromBeyond","Apotheosis"],"picked":"Transmutation","floor":13},{"not_picked":["expansioncontent:Corrupt","hermit:Purgatory"],"picked":"Secret Technique","floor":14},{"not_picked":["hermit:Dissolve","Apotheosis"],"picked":"Violence","floor":16},{"not_picked":["hermit:FullyLoaded","hermit:Ricochet+1"],"picked":"hermit:Quickdraw","floor":18}],"player_experience":562996,"relics_obtained":[{"floor":6,"key":"The Courier"},{"floor":8,"key":"Mummified Hand"},{"floor":9,"key":"Art of War"},{"floor":13,"key":"Lantern"},{"floor":14,"key":"infinitespire:Beetle Shell"}],"event_choices":[{"damage_healed":0,"gold_gain":0,"cards_transformed":["hermit:Misfire"],"player_choice":"Transformed","damage_taken":0,"max_hp_gain":0,"max_hp_loss":0,"event_name":"Transmorgrifier","floor":2,"gold_loss":0,"cards_obtained":["hermit:Roulette"]},{"cards_removed":["hermit:Roulette"],"damage_healed":5,"gold_gain":0,"player_choice":"Offered Common","damage_taken":0,"max_hp_gain":0,"max_hp_loss":0,"event_name":"Bonfire Elementals","floor":4,"gold_loss":0},{"cards_removed":["hermit:Roulette"],"damage_healed":5,"gold_gain":0,"player_choice":"Offered Special","damage_taken":0,"max_hp_gain":0,"max_hp_loss":0,"event_name":"Bonfire Elementals","floor":4,"gold_loss":0},{"damage_healed":0,"gold_gain":55,"player_choice":"Gained Gold","damage_taken":0,"max_hp_gain":0,"max_hp_loss":0,"event_name":"Golden Wing","floor":12,"gold_loss":0}],"is_beta":false,"boss_relics":[{"not_picked":["Philosopher\u0027s Stone","Velvet Choker"],"picked":"Cursed Key"}],"items_purged_floors":[],"is_endless":false,"potions_floor_spawned":[5,6,13,18],"killed_by":"theJungle:MamaSnecko","ascension_level":0}}