{"host":"h4lp0eeso8a0ssq0","time":1610088600,"event":{"mods":["2.2 Compatiblity","AchievementEnabler","BaseMod","CapriCore","Colored Map","Minty Spire (QoL Compilation)","StSLib","SuperFastMode"],"gold_per_floor":[119,119,119,48,68,68,94,104,128,145,161,174,174,203,203,308,308,293,305,321,321,34,34,45,45,119,119,132,151,73,86,86,184,184,196,215,40,40,55,83,62,62,62,82,82,5,15,27,27,27,27,27,2,32,32],"floor_reached":56,"playtime":2118,"items_purged":["Strike_B"],"score":1343,"play_id":"1fdfe5fa-ecbc-4699-ada0-4be072275707","local_time":"20210108155000","is_ascension_mode":false,"campfire_choices":[{"data":"Dualcast","floor":6.0,"key":"SMITH"},{"data":"Defragment","floor":13.0,"key":"SMITH"},{"data":"Hologram","floor":15.0,"key":"SMITH"},{"data":"Defragment","floor":23.0,"key":"SMITH"},{"data":"Capacitor","floor":25.0,"key":"SMITH"},{"data":"Redo","floor":27.0,"key":"SMITH"},{"data":"Double Energy","floor":32.0,"key":"SMITH"},{"data":"Amplify","floor":42.0,"key":"SMITH"},{"floor":45.0,"key":"RECALL"},{"data":"Writhe","floor":49.0,"key":"PURGE"},{"data":"Coolheaded","floor":52.0,"key":"SMITH"}],"circlet_count":0,"master_deck":["Defend_B+1","Defend_B+1","Defend_B","Zap","Dualcast+1","Chill","Blizzard","Compile Driver","Hologram+1","Lockon","Reinforced Body","Defragment+1","Cold Snap","Core Surge","Capacitor+1","Redo+1","Defragment+1","Skim","Coolheaded+1","Capacitor+1","Double Energy+1","Electrodynamics+1","Consume+1","Hologram","Heatsinks+1","Mayhem+1","Amplify+1","Sunder+1","Chaos+1","Defragment+1","Ball Lightning+1","Coolheaded+1","Redo+1","Reinforced Body+1","Barrage+1","Rainbow+1"],"relics":["Cracked Core","NeowsBlessing","Happy Flower","DataDisk","Peace Pipe","Empty Cage","Membership Card","Mummified Hand","Frozen Egg 2","Cursed Key","Anchor","Toxic Egg 2","Orrery","Calipers"],"acts_visited":["TheCity","TheBeyond","TheEnding"],"potions_floor_usage":[55,55,55,55],"damage_taken":[{"damage":0.0,"enemies":"Jaw Worm","floor":1.0,"turns":1.0},{"damage":0.0,"enemies":"Cultist","floor":5.0,"turns":1.0},{"damage":0.0,"enemies":"3 Sentries","floor":7.0,"turns":1.0},{"damage":0.0,"enemies":"2 Louse","floor":8.0,"turns":1.0},{"damage":0.0,"enemies":"Exordium Thugs","floor":10.0,"turns":4.0},{"damage":0.0,"enemies":"Exordium Wildlife","floor":11.0,"turns":3.0},{"damage":2.0,"enemies":"Looter","floor":12.0,"turns":3.0},{"damage":11.0,"enemies":"Lagavulin","floor":14.0,"turns":5.0},{"damage":3.0,"enemies":"Slime Boss","floor":16.0,"turns":12.0},{"damage":6.0,"enemies":"2 Thieves","floor":18.0,"turns":4.0},{"damage":0.0,"enemies":"3 Byrds","floor":19.0,"turns":5.0},{"damage":2.0,"enemies":"Shelled Parasite and Fungi","floor":20.0,"turns":7.0},{"damage":3.0,"enemies":"Snecko","floor":24.0,"turns":5.0},{"damage":0.0,"enemies":"3 Cultists","floor":28.0,"turns":6.0},{"damage":21.0,"enemies":"Snake Plant","floor":29.0,"turns":3.0},{"damage":0.0,"enemies":"Snecko","floor":31.0,"turns":5.0},{"damage":0.0,"enemies":"Automaton","floor":33.0,"turns":9.0},{"damage":4.0,"enemies":"3 Darklings","floor":35.0,"turns":4.0},{"damage":7.0,"enemies":"3 Shapes","floor":36.0,"turns":4.0},{"damage":6.0,"enemies":"Maw","floor":39.0,"turns":7.0},{"damage":0.0,"enemies":"Giant Head","floor":40.0,"turns":6.0},{"damage":5.0,"enemies":"4 Shapes","floor":44.0,"turns":4.0},{"damage":2.0,"enemies":"Writhing Mass","floor":47.0,"turns":4.0},{"damage":16.0,"enemies":"Maw","floor":48.0,"turns":5.0},{"damage":0.0,"enemies":"Donu and Deca","floor":50.0,"turns":6.0},{"damage":29.0,"enemies":"Shield and Spear","floor":54.0,"turns":3.0},{"damage":21,"enemies":"The Heart","floor":55,"turns":9}],"seed_played":"68525874315530027","potions_obtained":[{"floor":1.0,"key":"FearPotion"},{"floor":11.0,"key":"DistilledChaos"},{"floor":12.0,"key":"SkillPotion"},{"floor":28.0,"key":"Fruit Juice"},{"floor":29.0,"key":"Weak Potion"},{"floor":36.0,"key":"EntropicBrew"},{"floor":48.0,"key":"BlessingOfTheForge"}],"is_trial":false,"path_per_floor":["M","?","?","$","M","R","E","M","T","M","M","M","R","E","R","B",null,"M","M","M","?","$","R","M","R","T","R","M","M","$","M","R","B",null,"M","M","$","?","M","E","$","R","T","M","R","$","M","M","R","B",null,"R","$","E","B",null],"character_chosen":"DEFECT","items_purchased":["Blizzard","Membership Card","Defragment","Mummified Hand","Capacitor+1","Anchor","Heatsinks+1","Mayhem+1","Chaos+1","Orrery","SpeedPotion"],"campfire_rested":0,"item_purchase_floors":[4,22,22,22,30,37,37,37,41,46,53],"current_hp_per_floor":[75,60,60,60,60,60,60,60,60,60,60,58,58,47,47,44,75,69,69,67,67,67,67,64,64,64,64,69,48,48,48,48,48,80,76,69,69,69,63,63,63,63,63,58,58,58,56,40,40,40,80,80,80,51,30],"gold":32,"neow_bonus":"THREE_ENEMY_KILL","is_daily":false,"chose_seed":false,"campfire_upgraded":9,"win_rate":0.0,"timestamp":1610088600,"path_taken":["M","?","?","$","M","R","E","M","T","M","?","M","R","E","R","BOSS","M","M","M","?","$","R","M","R","T","R","M","M","?","M","R","BOSS","M","M","$","?","M","E","?","R","T","M","R","$","M","M","R","BOSS","R","$","E","BOSS"],"items_purchased_type":["Card","Relic","Card","Relic","Card","Relic","Card","Card","Card","Relic","Potion"],"build_version":"2020-12-22","purchased_purges":1,"victory":true,"max_hp_per_floor":[75,75,75,75,75,75,75,75,75,75,75,75,75,75,75,75,75,75,75,75,75,75,75,75,75,75,75,80,80,80,80,80,80,80,80,80,80,80,80,80,80,80,80,80,80,80,80,80,80,80,80,80,80,80,80],"card_choices":[{"not_picked":["Barrage","Rip and Tear"],"picked":"Chill","floor":1.0},{"not_picked":["Streamline","Turbo"],"picked":"Compile Driver","floor":5.0},{"not_picked":["Self Repair","Fission"],"picked":"Hologram","floor":7.0},{"not_picked":["Barrage","Double Energy","Beam Cell"],"picked":"SKIP","floor":8.0},{"not_picked":["Steam","Beam Cell"],"picked":"Lockon","floor":10.0},{"not_picked":["White Noise","Go for the Eyes"],"picked":"Reinforced Body","floor":11.0},{"not_picked":["Barrage","Machine Learning"],"picked":"Defragment","floor":12.0},{"not_picked":["Undo","Hologram"],"picked":"Cold Snap","floor":14.0},{"not_picked":["Hyperbeam","Amplify"],"picked":"Core Surge","floor":16.0},{"not_picked":["Go for the Eyes","Beam Cell"],"picked":"Capacitor","floor":18.0},{"not_picked":["Aggregate+1","Gash"],"picked":"Redo","floor":19.0},{"not_picked":["Gash","Steam","Reinforced Body"],"picked":"SKIP","floor":20.0},{"not_picked":["Streamline","Sweeping Beam+1","Cold Snap"],"picked":"SKIP","floor":24.0},{"not_picked":["Sunder","Hologram"],"picked":"Skim","floor":28.0},{"not_picked":["Ball Lightning","Redo"],"picked":"Coolheaded","floor":29.0},{"not_picked":["Lockon","Scrape+1"],"picked":"Double Energy","floor":31.0},{"not_picked":["Amplify","Echo Form+1"],"picked":"Electrodynamics+1","floor":33.0},{"not_picked":["Chaos+1","Self Repair+1"],"picked":"Consume+1","floor":35.0},{"not_picked":["Stack","Streamline"],"picked":"Hologram","floor":36.0},{"not_picked":["Recycle+1","Beam Cell"],"picked":"Sunder+1","floor":39.0},{"not_picked":["Leap+1","Redo+1","Genetic Algorithm+1"],"picked":"SKIP","floor":40.0},{"not_picked":["Barrage+1","Doom and Gloom+1"],"picked":"Defragment+1","floor":44.0},{"not_picked":["Hologram+1","Stack+1"],"picked":"Ball Lightning+1","floor":46.0},{"not_picked":["Steam+1","Amplify+1"],"picked":"Coolheaded+1","floor":46.0},{"not_picked":["Heatsinks+1","Barrage"],"picked":"Redo+1","floor":46.0},{"not_picked":["Streamline+1","Beam Cell"],"picked":"Reinforced Body+1","floor":46.0},{"not_picked":["Leap+1","Cold Snap+1"],"picked":"Barrage+1","floor":47.0},{"not_picked":["Beam Cell","Ball Lightning","Steam+1"],"picked":"SKIP","floor":48.0},{"not_picked":["Coolheaded+1","Redo+1"],"picked":"Rainbow+1","floor":54.0}],"player_experience":99610,"relics_obtained":[{"floor":7.0,"key":"Happy Flower"},{"floor":9.0,"key":"DataDisk"},{"floor":14.0,"key":"Peace Pipe"},{"floor":26.0,"key":"Frozen Egg 2"},{"floor":40.0,"key":"Toxic Egg 2"},{"floor":54.0,"key":"Calipers"}],"event_choices":[{"damage_healed":0.0,"max_hp_gain":0.0,"max_hp_loss":0.0,"gold_gain":0.0,"event_name":"Shining Light","player_choice":"Entered Light","floor":2.0,"gold_loss":0.0,"damage_taken":15.0,"cards_upgraded":["Defend_B","Defend_B"]},{"cards_removed":["Strike_B"],"damage_healed":0.0,"max_hp_gain":0.0,"max_hp_loss":0.0,"gold_gain":0.0,"event_name":"Purifier","player_choice":"Purged","floor":3.0,"gold_loss":0.0,"damage_taken":0.0},{"cards_removed":["Strike_B"],"damage_healed":0.0,"max_hp_gain":0.0,"max_hp_loss":0.0,"gold_gain":0.0,"event_name":"Purifier","player_choice":"Purged","floor":21.0,"gold_loss":0.0,"damage_taken":0.0},{"damage_healed":0.0,"max_hp_gain":0.0,"max_hp_loss":0.0,"gold_gain":0.0,"event_name":"Match and Keep!","player_choice":"1 cards matched","floor":38.0,"gold_loss":0.0,"damage_taken":0.0,"cards_obtained":["Amplify"]}],"is_beta":false,"boss_relics":[{"not_picked":["Runic Dome","Busted Crown"],"picked":"Empty Cage"},{"not_picked":["Snecko Eye","Astrolabe"],"picked":"Cursed Key"}],"items_purged_floors":[30],"is_endless":false,"potions_floor_spawned":[1,11,12,18,28,29,31,35,36,48,54],"ascension_level":0}}