{"host":"qjv9b7mze4c73keh","time":1610088909,"event":{"mods":["BaseMod","Minty Spire (QoL Compilation)"],"gold_per_floor":[113,133,39,39,39,39,39,39,39,39,54,74,88,88,88,183,183,194,213,128,128,44,44,58,58,127,60,60,78,89,89,89],"floor_reached":31,"playtime":2846,"items_purged":[],"score":225,"play_id":"bfebfc90-04a7-4dc3-8a67-c26666efc94a","local_time":"20210108115509","is_ascension_mode":false,"campfire_choices":[{"data":"Good Instincts","floor":6.0,"key":"SMITH"},{"data":"Strike_R","floor":8.0,"key":"SMITH"},{"data":"Strike_R","floor":10.0,"key":"SMITH"},{"data":"Body Slam","floor":15,"key":"SMITH"},{"floor":23,"key":"REST"},{"floor":28,"key":"REST"}],"circlet_count":0,"master_deck":["Strike_R","Strike_R","Strike_R+1","Strike_R+1","Defend_R+1","Defend_R","Defend_R+1","Defend_R","Bash","True Grit","Entrench","Good Instincts+1","Berserk","Disarm","Body Slam+1","Barricade","Twin Strike+1","Combust","Dramatic Entrance","Cleave+1","Bloodletting","Iron Wave","Pommel Strike+1"],"relics":["Burning Blood","Anchor","War Paint","Philosopher\u0027s Stone","Ancient Tea Set","Bottled Flame"],"acts_visited":["TheCity"],"potions_floor_usage":[16,16,16,29,30],"damage_taken":[{"damage":10.0,"enemies":"Jaw Worm","floor":1.0,"turns":4.0},{"damage":2.0,"enemies":"2 Louse","floor":2.0,"turns":4.0},{"damage":0.0,"enemies":"Small Slimes","floor":11.0,"turns":4.0},{"damage":7,"enemies":"3 Louse","floor":12,"turns":5},{"damage":4,"enemies":"Blue Slaver","floor":13,"turns":5},{"damage":37,"enemies":"The Guardian","floor":16,"turns":14},{"damage":36,"enemies":"2 Thieves","floor":18,"turns":5},{"damage":10,"enemies":"Shell Parasite","floor":19,"turns":7},{"damage":9,"enemies":"Snecko","floor":24,"turns":7},{"damage":72,"enemies":"3 Cultists","floor":29,"turns":7},{"damage":12,"enemies":"Centurion and Healer","floor":30,"turns":6},{"damage":15,"enemies":"Snake Plant","floor":31,"turns":4}],"seed_played":"2252114297187194860","potions_obtained":[{"floor":2.0,"key":"Weak Potion"},{"floor":12,"key":"Dexterity Potion"},{"floor":13,"key":"SkillPotion"},{"floor":24,"key":"Fire Potion"},{"floor":29,"key":"SneckoOil"}],"is_trial":false,"path_per_floor":["M","M","$","?","?","R","?","R","T","R","M","M","M","?","R","B",null,"M","M","?","?","$","R","M","?","T","$","R","M","M","M"],"character_chosen":"IRONCLAD","items_purchased":["Good Instincts","Dramatic Entrance","Bloodletting"],"campfire_rested":2,"item_purchase_floors":[3,22,27],"current_hp_per_floor":[76,80,80,80,85,85,78,78,78,78,84,83,85,85,85,54,85,55,51,51,51,51,76,73,73,73,73,85,19,13,0,0],"gold":89,"neow_bonus":"RANDOM_COMMON_RELIC","is_daily":false,"chose_seed":false,"campfire_upgraded":4,"win_rate":0.0,"timestamp":1610088909,"path_taken":["M","M","$","?","?","R","?","R","T","R","M","M","?","?","R","BOSS","M","M","?","?","$","R","M","?","T","$","R","M","M","M"],"items_purchased_type":["Card","Card","Card"],"build_version":"2020-12-22","purchased_purges":0,"victory":false,"max_hp_per_floor":[80,80,80,80,85,85,85,85,85,85,85,85,85,85,85,85,85,85,85,85,85,85,85,85,85,85,85,85,85,85,85,85],"card_choices":[{"not_picked":["Blood for Blood","Armaments"],"picked":"True Grit","floor":1.0},{"not_picked":["Uppercut","Thunderclap"],"picked":"Entrench","floor":2.0},{"not_picked":["Pommel Strike","Sword Boomerang"],"picked":"Berserk","floor":11},{"not_picked":["Bloodletting","Clothesline"],"picked":"Disarm","floor":12},{"not_picked":["Anger","Armaments"],"picked":"Body Slam","floor":13},{"not_picked":["Berserk","Feed"],"picked":"Barricade","floor":16},{"not_picked":["Heavy Blade","Body Slam"],"picked":"Twin Strike+1","floor":18},{"not_picked":["Shockwave+1","Second Wind"],"picked":"Combust","floor":19},{"not_picked":["Warcry","Reckless Charge"],"picked":"Cleave+1","floor":24},{"not_picked":["Pummel","Warcry"],"picked":"Iron Wave","floor":29},{"not_picked":["Brutality","Sword Boomerang"],"picked":"Pommel Strike+1","floor":30}],"player_experience":30949,"relics_obtained":[{"floor":9.0,"key":"War Paint"},{"floor":26,"key":"Bottled Flame"}],"event_choices":[{"damage_healed":0.0,"max_hp_gain":0.0,"max_hp_loss":0.0,"gold_gain":0.0,"event_name":"Liars Game","player_choice":"Ignored","floor":4.0,"gold_loss":0.0,"damage_taken":0.0},{"damage_healed":0.0,"max_hp_gain":5.0,"max_hp_loss":0.0,"gold_gain":0.0,"event_name":"Big Fish","player_choice":"Donut","floor":5.0,"gold_loss":0.0,"damage_taken":0.0},{"cards_removed":["Strike_R"],"damage_healed":0.0,"max_hp_gain":0.0,"max_hp_loss":0.0,"gold_gain":0.0,"event_name":"Golden Wing","player_choice":"Card Removal","floor":7.0,"gold_loss":0.0,"damage_taken":7.0},{"damage_healed":0,"gold_gain":0,"player_choice":"Fled","damage_taken":0,"max_hp_gain":0,"max_hp_loss":0,"event_name":"Scrap Ooze","floor":14,"gold_loss":0},{"damage_healed":0,"gold_gain":0,"player_choice":"Obtained Relic","damage_taken":0,"relics_obtained":["Ancient Tea Set"],"max_hp_gain":0,"max_hp_loss":0,"event_name":"Addict","floor":20,"gold_loss":85},{"damage_healed":0,"gold_gain":0,"player_choice":"Ignored","damage_taken":0,"max_hp_gain":0,"max_hp_loss":0,"event_name":"The Mausoleum","floor":21,"gold_loss":0},{"damage_healed":0,"gold_gain":0,"player_choice":"Ignored","damage_taken":0,"max_hp_gain":0,"max_hp_loss":0,"event_name":"Ghosts","floor":25,"gold_loss":0}],"is_beta":false,"boss_relics":[{"not_picked":["Black Star","Ectoplasm"],"picked":"Philosopher\u0027s Stone"}],"items_purged_floors":[],"is_endless":false,"potions_floor_spawned":[2,12,13,24,29],"killed_by":"Snake Plant","ascension_level":0}}