{"host":"ip2nojeflv39cgzz","time":1610074436,"event":{"mods":["BaseMod","Colored Powertips","Downfall","Hermit","Infinite Spire","Minty Spire (QoL Compilation)","StSLib","The Jungle"],"gold_per_floor":[99,99,99,99,84,84,84,95,95,122,137,157,82,82,92,192,192,192,207,207,307,326,251,251,267,277,362,48,68,68,68,68,68],"floor_reached":31,"playtime":1460,"items_purged":["Slimebound:Schlurp"],"score":183,"play_id":"b77e8823-e988-4aef-b26e-45da048487fd","local_time":"20210108035356","is_ascension_mode":false,"campfire_choices":[{"data":"Slimebound:Split","floor":1,"key":"SMITH"},{"data":"Slimebound:SplitMire","floor":6,"key":"SMITH"},{"floor":13,"key":"REST"},{"floor":18,"key":"RECALL"},{"data":"Slimebound:Equalize","floor":23,"key":"SMITH"},{"data":"Slimebound:OozeBath","floor":30,"key":"SMITH"}],"circlet_count":0,"master_deck":["Slimebound:Strike_Slimebound","Slimebound:Strike_Slimebound+1","Slimebound:Tackle","Slimebound:Defend_Slimebound","Slimebound:Defend_Slimebound","Slimebound:Defend_Slimebound","Slimebound:Defend_Slimebound","Slimebound:Split+1","Slimebound:CorrosiveSpit","Slimebound:ViciousTackle+1","Slimebound:SplitMire+1","Slimebound:PressTheAttack","Slimebound:SplitAcid","Slimebound:SplitLeeching","Slimebound:Equalize+1","Slimebound:Overexert","Slimebound:Repurpose","Slimebound:LeechLife","RitualDagger","Slimebound:MegaLick","Slimebound:PressTheAttack+1","Slimebound:OozeBath+1","Slimebound:Replication+1"],"relics":["Slimebound:AbsorbEndCombat","downfall:HeartsMalice","Singing Bowl","Whetstone","downfall:HeartBlessingGreen","Velvet Choker","downfall:HeartBlessingRed","TheAbacus"],"acts_visited":["Exordium","TheCity"],"potions_floor_usage":[26,26],"damage_taken":[{"damage":0,"enemies":"Cultist","floor":2,"turns":1},{"damage":0,"enemies":"Jaw Worm","floor":3,"turns":1},{"damage":0,"enemies":"Small Slimes","floor":4,"turns":1},{"damage":20,"enemies":"downfall:FleeingMerchant","floor":5,"turns":4},{"damage":15,"enemies":"3 Louse","floor":8,"turns":2},{"damage":47,"enemies":"Lagavulin","floor":10,"turns":5},{"damage":30,"enemies":"Blue Slaver","floor":11,"turns":2},{"damage":20,"enemies":"2 Fungi Beasts","floor":12,"turns":2},{"damage":11,"enemies":"Exordium Wildlife","floor":15,"turns":2},{"damage":0,"enemies":"downfall:Defect","floor":16,"turns":1},{"damage":18,"enemies":"Spheric Guardian","floor":19,"turns":3},{"damage":35,"enemies":"Shell Parasite","floor":22,"turns":4},{"damage":39,"enemies":"Shelled Parasite and Fungi","floor":25,"turns":4},{"damage":20,"enemies":"Sentry and Sphere","floor":26,"turns":3},{"damage":30,"enemies":"downfall:FleeingMerchant","floor":28,"turns":4},{"damage":29,"enemies":"Snake Plant","floor":29,"turns":4},{"damage":26,"enemies":"Slavers","floor":31,"turns":1}],"seed_played":"-7540862888382600457","potions_obtained":[{"floor":8,"key":"Energy Potion"},{"floor":10,"key":"AttackPotion"},{"floor":12,"key":"PowerPotion"},{"floor":29,"key":"Energy Potion"}],"is_trial":false,"path_per_floor":["R","M","M","M","$","R","T","M","?","E","M","M","R","?","M","B",null,"R","M","?","?","M","R","T","M","M","?","$","M","R","E"],"character_chosen":"SLIMEBOUND","items_purchased":["TheAbacus","Slimebound:OozeBath"],"campfire_rested":1,"item_purchase_floors":[28,28],"current_hp_per_floor":[60,60,60,60,56,56,56,57,57,38,22,14,32,17,18,18,62,62,56,50,50,53,53,53,44,40,28,34,24,24,0,0,0],"gold":68,"neow_bonus":"THREE_ENEMY_KILL","is_daily":false,"chose_seed":false,"campfire_upgraded":4,"win_rate":0.0,"timestamp":1610074436,"path_taken":["R","M","?","M","?","R","T","M","?","E","?","M","R","?","M","BOSS","R","M","?","?","M","R","T","M","M","?","$","M","R","E"],"items_purchased_type":["Relic","Card"],"build_version":"2020-12-22","purchased_purges":1,"victory":false,"max_hp_per_floor":[60,60,60,60,60,60,60,60,60,62,62,62,62,62,62,62,62,62,62,62,62,64,64,64,66,66,66,66,66,66,66,66,66],"card_choices":[{"not_picked":["Slimebound:LeechingTouch","Slimebound:LeechEnergy"],"picked":"Slimebound:ViciousTackle","floor":2},{"not_picked":["Slimebound:FirmFortitude","Slimebound:FinishingTackle"],"picked":"Slimebound:SplitMire","floor":3},{"not_picked":["Slimebound:SlimeSpikes","Slimebound:Gluttony"],"picked":"Slimebound:PressTheAttack","floor":4},{"not_picked":["Slimebound:FinishingTackle","Slimebound:SlimeBarrage"],"picked":"Slimebound:SplitAcid","floor":5},{"not_picked":["Slimebound:LeechingTouch","Slimebound:ComboTackle"],"picked":"Slimebound:SplitLeeching","floor":8},{"not_picked":["Slimebound:SlimeBarrage","Slimebound:SplitMire","Slimebound:BestDefense"],"picked":"Singing Bowl","floor":10},{"not_picked":["Slimebound:DisruptingSlam","Slimebound:Nibble"],"picked":"Slimebound:Equalize","floor":11},{"not_picked":["Slimebound:Gluttony","Slimebound:AcidTongue"],"picked":"Slimebound:Overexert","floor":12},{"not_picked":["infinitespire:FinalStrike","infinitespire:DeathsTouch"],"picked":"infinitespire:SealOfDarkness+","floor":14},{"not_picked":["Slimebound:GoopSpray","Slimebound:ComboTackle"],"picked":"Slimebound:Repurpose","floor":15},{"not_picked":["Slimebound:MinionMaster","Slimebound:SlimeSlap"],"picked":"Slimebound:LeechLife","floor":16},{"not_picked":["Slimebound:SplitBruiser+1","Slimebound:Prepare+1"],"picked":"Slimebound:Schlurp","floor":19},{"not_picked":["Slimebound:SplitBruiser","Slimebound:SplitMire","Slimebound:FinishingTackle"],"picked":"Singing Bowl","floor":22},{"not_picked":["Slimebound:GoopSpray","Slimebound:SplitLeeching","Slimebound:FinishingTackle"],"picked":"Singing Bowl","floor":25},{"not_picked":["Slimebound:GoopSpray","Slimebound:SlimeBarrage"],"picked":"Slimebound:MegaLick","floor":26},{"not_picked":["Slimebound:DuplicatedForm","Slimebound:HauntingLick+1"],"picked":"Slimebound:PressTheAttack+1","floor":28},{"not_picked":["Slimebound:GrowthPunch","Slimebound:Grow"],"picked":"Slimebound:Replication+1","floor":29}],"player_experience":157621,"relics_obtained":[{"floor":7,"key":"Singing Bowl"},{"floor":10,"key":"Whetstone"}],"event_choices":[{"cards_removed":["Slimebound:Strike_Slimebound"],"damage_healed":0,"gold_gain":0,"player_choice":"Offered Basic","damage_taken":0,"max_hp_gain":0,"max_hp_loss":0,"event_name":"Bonfire Elementals","floor":9,"gold_loss":0}],"is_beta":false,"boss_relics":[{"not_picked":["Slimebound:AbsorbEndCombatUpgraded","Snecko Eye"],"picked":"Velvet Choker"}],"items_purged_floors":[28],"is_endless":false,"potions_floor_spawned":[8,10,12,16,25,29],"killed_by":"Slavers","ascension_level":0}}