{"host":"m77rrhbqzv44va4v","time":1610127526,"event":{"mods":["AchievementEnabler","BaseMod","Colored Map","DeckTracker","Keyboard Shortcuts","Minty Spire (QoL Compilation)","StSLib","SuperFastMode","everything is the same but u backflip on backflip"],"gold_per_floor":[117,135,35,46,60,60,80,105,105,139,157,177,177,187,187,260,260,273,273,223,273,290,290,305,305,305],"floor_reached":25,"playtime":500,"items_purged":["Strike_G","Strike_G"],"score":414,"play_id":"cb5554b4-3af5-4204-94f9-b2e0cbc58ed3","local_time":"20210109023846","is_ascension_mode":true,"campfire_choices":[{"data":"Terror","floor":6.0,"key":"SMITH"},{"data":"Noxious Fumes","floor":15.0,"key":"SMITH"},{"floor":23.0,"key":"REST"}],"circlet_count":0,"master_deck":["AscendersBane","Strike_G","Strike_G","Strike_G","Defend_G","Defend_G","Defend_G","Defend_G","Survivor","Neutralize","Die Die Die","Well Laid Plans","Predator","Dagger Spray","Quick Slash","Terror+1","Bouncing Flask","Noxious Fumes+1","Acrobatics","Masterful Stab","A Thousand Cuts","CurseOfTheBell","Backflip","Crippling Poison","PiercingWail"],"relics":["Ring of the Snake","Strawberry","Nunchaku","Lantern","Calling Bell","Smiling Mask","Kunai","CaptainsWheel","Enchiridion"],"acts_visited":["Exordium","TheCity"],"potions_floor_usage":[25,25],"damage_taken":[{"damage":0.0,"enemies":"Cultist","floor":1.0,"turns":3.0},{"damage":4.0,"enemies":"Jaw Worm","floor":2.0,"turns":6.0},{"damage":0.0,"enemies":"2 Louse","floor":4.0,"turns":3.0},{"damage":4.0,"enemies":"Large Slime","floor":5.0,"turns":6.0},{"damage":10.0,"enemies":"Exordium Wildlife","floor":7.0,"turns":4.0},{"damage":12.0,"enemies":"Lagavulin","floor":10.0,"turns":4.0},{"damage":4.0,"enemies":"Red Slaver","floor":11.0,"turns":3.0},{"damage":1.0,"enemies":"Looter","floor":12.0,"turns":3.0},{"damage":6.0,"enemies":"Lots of Slimes","floor":14.0,"turns":2.0},{"damage":19.0,"enemies":"Hexaghost","floor":16.0,"turns":8.0},{"damage":3.0,"enemies":"Chosen","floor":18.0,"turns":4.0},{"damage":15.0,"enemies":"3 Byrds","floor":22.0,"turns":3.0},{"damage":14,"enemies":"Centurion and Healer","floor":24,"turns":8},{"damage":45,"enemies":"Slavers","floor":25,"turns":4}],"seed_played":"-3821071530027707939","potions_obtained":[{"floor":2.0,"key":"ColorlessPotion"},{"floor":4.0,"key":"Energy Potion"},{"floor":5.0,"key":"CultistPotion"},{"floor":10.0,"key":"SpeedPotion"},{"floor":12.0,"key":"ColorlessPotion"},{"floor":24,"key":"Regen Potion"}],"is_trial":false,"path_per_floor":["M","M","$","M","M","R","M","T","T","E","M","M","?","M","R","B",null,"M","?","$","?","M","R","M","E"],"character_chosen":"THE_SILENT","items_purchased":["Dagger Spray"],"campfire_rested":1,"item_purchase_floors":[3],"current_hp_per_floor":[59,55,55,55,51,51,41,48,48,36,32,31,55,49,49,30,62,59,38,38,31,16,37,23,0,0],"gold":305,"neow_bonus":"TRANSFORM_CARD","is_daily":false,"chose_seed":false,"campfire_upgraded":2,"win_rate":0.0,"timestamp":1610127526,"path_taken":["M","M","?","M","M","R","M","?","T","E","M","?","?","M","R","BOSS","M","?","$","?","?","R","M","E"],"items_purchased_type":["Card"],"build_version":"2020-12-22","purchased_purges":2,"victory":false,"max_hp_per_floor":[66,66,66,66,66,66,66,73,73,73,73,73,73,73,73,73,73,73,73,73,73,73,73,73,73,73],"card_choices":[{"not_picked":["Deflect","Outmaneuver"],"picked":"Well Laid Plans","floor":1.0},{"not_picked":["Flying Knee","Prepared"],"picked":"Predator","floor":2.0},{"not_picked":["Underhanded Strike","Deadly Poison"],"picked":"Quick Slash","floor":4.0},{"not_picked":["Prepared","Accuracy"],"picked":"Terror","floor":5.0},{"not_picked":["Unload","Outmaneuver"],"picked":"Bouncing Flask","floor":7.0},{"not_picked":["Predator","Sucker Punch"],"picked":"Noxious Fumes","floor":10.0},{"not_picked":["Eviscerate","Dagger Spray"],"picked":"Acrobatics","floor":11.0},{"not_picked":["Prepared","Underhanded Strike"],"picked":"Masterful Stab","floor":12.0},{"not_picked":["Poisoned Stab","Deadly Poison","Flechettes"],"picked":"SKIP","floor":14.0},{"not_picked":["Envenom","Unload"],"picked":"A Thousand Cuts","floor":16.0},{"not_picked":["Slice","Blade Dance"],"picked":"Backflip","floor":18.0},{"not_picked":["Dodge and Roll","Backflip"],"picked":"Crippling Poison","floor":22.0},{"not_picked":["Backflip","Blade Dance"],"picked":"PiercingWail","floor":24}],"player_experience":916679,"relics_obtained":[{"floor":8.0,"key":"Strawberry"},{"floor":9.0,"key":"Nunchaku"},{"floor":10.0,"key":"Lantern"},{"floor":17.0,"key":"Smiling Mask"},{"floor":17.0,"key":"Kunai"},{"floor":17.0,"key":"CaptainsWheel"},{"floor":19.0,"key":"Enchiridion"}],"event_choices":[{"damage_healed":24.0,"max_hp_gain":0.0,"max_hp_loss":0.0,"gold_gain":0.0,"event_name":"Big Fish","player_choice":"Banana","floor":13.0,"gold_loss":0.0,"damage_taken":0.0},{"damage_healed":0.0,"max_hp_gain":0.0,"max_hp_loss":0.0,"gold_gain":0.0,"event_name":"Cursed Tome","player_choice":"Obtained Book","floor":19.0,"gold_loss":0.0,"damage_taken":21.0},{"damage_healed":0.0,"max_hp_gain":0.0,"max_hp_loss":0.0,"gold_gain":50.0,"event_name":"FaceTrader","player_choice":"Touch","floor":21.0,"gold_loss":0.0,"damage_taken":7.0}],"is_beta":false,"boss_relics":[{"not_picked":["Philosopher\u0027s Stone","Empty Cage"],"picked":"Calling Bell"}],"items_purged_floors":[3,20],"is_endless":false,"potions_floor_spawned":[2,4,5,10,12,24],"killed_by":"Slavers","ascension_level":20}}