{"host":"mydft8i2zzydgggw","time":1610130336,"event":{"mods":["AchievementEnabler","BaseMod","BetterRewards","Colored Map","Colored Powertips","DeckTracker","Keyboard Shortcuts","Minty Spire (QoL Compilation)","Quick Restart","Rare Cards Sparkle","StSLib","SuperFastMode","The Poker Player","everything is the same but u backflip on backflip"],"gold_per_floor":[10,10,28,28,57,57,99,118,118,143,168,168,26,45,45,154,213,233,254,273,110,137,137,174,193,219,235,235,344,344,364,364,474,474,490,168,180,180,208,208,258,293,319,352,380,380,408,470,470,470],"floor_reached":51,"playtime":1995,"items_purged":["Defend_B","Strike_B","Defend_B"],"score":1025,"play_id":"a78e95f5-e43c-47b4-88c6-7c283606b58b","local_time":"20210109032536","is_ascension_mode":true,"campfire_choices":[{"data":"Machine Learning","floor":6.0,"key":"SMITH"},{"data":"Coolheaded","floor":12.0,"key":"SMITH"},{"floor":15.0,"key":"REST"},{"data":"White Noise","floor":23.0,"key":"SMITH"},{"floor":28.0,"key":"REST"},{"data":"Defragment","floor":30.0,"key":"SMITH"},{"data":"Zap","floor":32.0,"key":"SMITH"},{"data":"Creative AI","floor":40.0,"key":"SMITH"},{"data":"Heatsinks","floor":49,"key":"SMITH"}],"circlet_count":0,"master_deck":["Defend_B","Defend_B","Zap+1","Dualcast","Machine Learning+1","Streamline","Sweeping Beam","Coolheaded+1","Defragment+1","Static Discharge+1","Seek","Genetic Algorithm","Coolheaded+1","White Noise+1","Static Discharge","Leap+1","Heatsinks+1","Redo+1","Creative AI+1","Consume","Loop","Capacitor+1","Echo Form","Beam Cell+1","Barrage+1","Self Repair+1"],"relics":["Cracked Core","CeramicFish","Bird Faced Urn","Mummified Hand","Omamori","Tiny House","Anchor","Molten Egg 2","Regal Pillow","FossilizedHelix","Blue Candle","Inserter","Prayer Wheel","MealTicket","Centennial Puzzle","Bag of Marbles","Darkstone Periapt","Dead Branch"],"acts_visited":["Exordium","TheCity","TheBeyond"],"potions_floor_usage":[48,48,50,50],"damage_taken":[{"damage":7.0,"enemies":"2 Louse","floor":1.0,"turns":3.0},{"damage":0.0,"enemies":"Cultist","floor":3.0,"turns":4.0},{"damage":0.0,"enemies":"Small Slimes","floor":5.0,"turns":4.0},{"damage":15.0,"enemies":"Lagavulin","floor":7.0,"turns":7.0},{"damage":10.0,"enemies":"Gremlin Gang","floor":8.0,"turns":5.0},{"damage":6.0,"enemies":"Blue Slaver","floor":10.0,"turns":3.0},{"damage":24.0,"enemies":"Exordium Thugs","floor":14.0,"turns":5.0},{"damage":41.0,"enemies":"Slime Boss","floor":16.0,"turns":8.0},{"damage":16.0,"enemies":"3 Byrds","floor":18.0,"turns":3.0},{"damage":16.0,"enemies":"Shell Parasite","floor":19.0,"turns":9.0},{"damage":27.0,"enemies":"Centurion and Healer","floor":20.0,"turns":4.0},{"damage":29.0,"enemies":"Slavers","floor":24.0,"turns":6.0},{"damage":9.0,"enemies":"Cultist and Chosen","floor":25.0,"turns":6.0},{"damage":26.0,"enemies":"Chosen and Byrds","floor":27.0,"turns":5.0},{"damage":8.0,"enemies":"Colosseum Slavers","floor":29.0,"turns":4.0},{"damage":22.0,"enemies":"Colosseum Nobs","floor":29.0,"turns":3.0},{"damage":14.0,"enemies":"Snecko","floor":31.0,"turns":7.0},{"damage":11.0,"enemies":"Automaton","floor":33.0,"turns":11.0},{"damage":0.0,"enemies":"3 Darklings","floor":35.0,"turns":6.0},{"damage":0.0,"enemies":"3 Shapes","floor":37.0,"turns":4.0},{"damage":0.0,"enemies":"Maw","floor":39.0,"turns":6.0},{"damage":0.0,"enemies":"Mind Bloom Boss Battle","floor":41.0,"turns":8.0},{"damage":19.0,"enemies":"Reptomancer","floor":42.0,"turns":5.0},{"damage":0.0,"enemies":"Giant Head","floor":44.0,"turns":7.0},{"damage":18.0,"enemies":"Sphere and 2 Shapes","floor":45.0,"turns":4.0},{"damage":0.0,"enemies":"Writhing Mass","floor":47.0,"turns":4.0},{"damage":25,"enemies":"2 Orb Walkers","floor":48,"turns":5},{"damage":51,"enemies":"Time Eater","floor":50,"turns":7}],"seed_played":"-8649095497269537770","potions_obtained":[{"floor":3.0,"key":"SpeedPotion"},{"floor":5.0,"key":"SkillPotion"},{"floor":14.0,"key":"FairyPotion"},{"floor":17.0,"key":"ColorlessPotion"},{"floor":19.0,"key":"EssenceOfDarkness"},{"floor":31.0,"key":"PowerPotion"},{"floor":37.0,"key":"DuplicationPotion"},{"floor":41.0,"key":"Block Potion"},{"floor":44.0,"key":"EssenceOfSteel"},{"floor":45.0,"key":"PowerPotion"},{"floor":48,"key":"PotionOfCapacity"}],"is_trial":false,"path_per_floor":["M","?","M","$","M","R","E","M","T","M","T","R","$","M","R","B",null,"M","M","M","$","T","R","E","M","T","M","R","?","R","M","R","B",null,"M","$","M","?","M","R","?","E","T","E","M","T","M","?","R","B",null],"character_chosen":"DEFECT","items_purchased":["Defragment","Static Discharge","Consume","Fruit Juice","Loop"],"campfire_rested":2,"item_purchase_floors":[13,21,36,36,36],"current_hp_per_floor":[61,61,61,61,61,61,46,38,38,34,34,34,34,14,36,1,62,54,44,25,25,25,25,6,7,7,24,63,57,57,65,65,68,77,80,80,85,85,85,85,85,74,74,85,75,75,85,66,66,53],"gold":470,"neow_bonus":"REMOVE_TWO","is_daily":false,"chose_seed":false,"campfire_upgraded":7,"win_rate":0.0,"timestamp":1610130336,"path_taken":["M","?","M","?","M","R","E","M","T","?","?","R","$","M","R","BOSS","M","?","?","$","?","R","E","M","T","M","R","?","R","M","R","BOSS","M","$","M","?","?","R","?","E","T","E","M","?","?","?","R","BOSS"],"items_purchased_type":["Card","Card","Card","Potion","Card"],"build_version":"2020-12-22","purchased_purges":3,"victory":true,"max_hp_per_floor":[75,75,75,75,75,75,75,75,75,75,75,75,75,75,75,75,80,80,80,80,80,80,80,80,80,80,80,80,80,80,80,80,80,80,80,80,85,85,85,85,85,85,85,85,85,85,85,85,85,85],"card_choices":[{"not_picked":["Reprogram","Compile Driver"],"picked":"Streamline","floor":1.0},{"not_picked":["Gash","Reprogram","Stack"],"picked":"SKIP","floor":3.0},{"not_picked":["Sweeping Beam","Barrage"],"picked":"Machine Learning","floor":5.0},{"not_picked":["Rebound","Hologram"],"picked":"Streamline","floor":7.0},{"not_picked":["Barrage","Steam"],"picked":"Sweeping Beam","floor":8.0},{"not_picked":["Conserve Battery","Static Discharge"],"picked":"Coolheaded","floor":10.0},{"not_picked":["Barrage","Double Energy"],"picked":"Static Discharge","floor":14.0},{"not_picked":["Rainbow","All For One"],"picked":"Seek","floor":16.0},{"not_picked":["Stack","Cold Snap"],"picked":"Genetic Algorithm","floor":17.0},{"not_picked":["Gash+1","White Noise"],"picked":"Coolheaded+1","floor":18.0},{"not_picked":["Leap","Cold Snap"],"picked":"White Noise","floor":19.0},{"not_picked":["Conserve Battery","Ball Lightning","Gash"],"picked":"SKIP","floor":20.0},{"not_picked":["Streamline+1","Skim"],"picked":"Leap+1","floor":24.0},{"not_picked":["Sweeping Beam+1","Chaos"],"picked":"Heatsinks","floor":25.0},{"not_picked":["Chaos","Steam Power","Static Discharge"],"picked":"SKIP","floor":27.0},{"not_picked":["Gash+1","Cold Snap+1"],"picked":"Redo+1","floor":29.0},{"not_picked":["Redo","Streamline+1","Tempest+1"],"picked":"SKIP","floor":31.0},{"not_picked":["Rainbow","Buffer"],"picked":"Creative AI","floor":33.0},{"not_picked":["Leap+1","Sweeping Beam+1","Rip and Tear+1"],"picked":"SKIP","floor":35.0},{"not_picked":["Conserve Battery+1","Streamline+1","Gash+1"],"picked":"SKIP","floor":37.0},{"not_picked":["Beam Cell+1","Redo+1"],"picked":"Capacitor+1","floor":39.0},{"not_picked":["Coolheaded+1","Auto Shields"],"picked":"Echo Form","floor":42.0},{"not_picked":["Turbo","Coolheaded+1","Aggregate+1"],"picked":"SKIP","floor":44.0},{"not_picked":["Go for the Eyes+1","Darkness+1"],"picked":"Beam Cell+1","floor":45.0},{"not_picked":["Beam Cell+1","Turbo+1","Streamline+1"],"picked":"SKIP","floor":45.0},{"not_picked":["Storm","Skim"],"picked":"Barrage+1","floor":47.0},{"not_picked":["Tempest","Darkness+1","Cold Snap+1"],"picked":"SKIP","floor":47.0},{"not_picked":["Tempest","Darkness+1","Cold Snap+1"],"picked":"SKIP","floor":47.0},{"not_picked":["Streamline+1","Conserve Battery+1"],"picked":"Self Repair+1","floor":48}],"player_experience":141146,"relics_obtained":[{"floor":7.0,"key":"Bird Faced Urn"},{"floor":9.0,"key":"Mummified Hand"},{"floor":11.0,"key":"Omamori"},{"floor":22.0,"key":"Anchor"},{"floor":24.0,"key":"Molten Egg 2"},{"floor":26.0,"key":"Regal Pillow"},{"floor":29.0,"key":"FossilizedHelix"},{"floor":29.0,"key":"Blue Candle"},{"floor":41.0,"key":"Prayer Wheel"},{"floor":42.0,"key":"MealTicket"},{"floor":43.0,"key":"Centennial Puzzle"},{"floor":44.0,"key":"Bag of Marbles"},{"floor":46.0,"key":"Darkstone Periapt"},{"floor":48,"key":"Dead Branch"}],"event_choices":[{"cards_removed":["Streamline"],"damage_healed":0.0,"max_hp_gain":0.0,"max_hp_loss":0.0,"gold_gain":0.0,"event_name":"WeMeetAgain","player_choice":"Gave Card","floor":2.0,"gold_loss":0.0,"damage_taken":0.0,"relics_obtained":["CeramicFish"]},{"damage_healed":0.0,"max_hp_gain":0.0,"max_hp_loss":0.0,"gold_gain":0.0,"event_name":"Colosseum","player_choice":"Fight","floor":29.0,"gold_loss":0.0,"damage_taken":0.0},{"damage_healed":0.0,"max_hp_gain":0.0,"max_hp_loss":0.0,"gold_gain":0.0,"event_name":"Colosseum","player_choice":"Fled From Nobs","floor":29.0,"gold_loss":0.0,"damage_taken":0.0},{"damage_healed":0.0,"max_hp_gain":0.0,"max_hp_loss":0.0,"gold_gain":0.0,"event_name":"Colosseum","player_choice":"Fought Nobs","floor":29.0,"gold_loss":0.0,"damage_taken":0.0},{"cards_removed":["Strike_B"],"damage_healed":0.0,"max_hp_gain":0.0,"max_hp_loss":0.0,"gold_gain":0.0,"event_name":"Purifier","player_choice":"Purged","floor":38.0,"gold_loss":0.0,"damage_taken":0.0},{"damage_healed":0.0,"max_hp_gain":0.0,"max_hp_loss":0.0,"gold_gain":0.0,"event_name":"MindBloom","player_choice":"Fight","floor":41.0,"gold_loss":0.0,"damage_taken":0.0},{"damage_healed":0,"gold_gain":0,"player_choice":"Fight","damage_taken":0,"max_hp_gain":0,"max_hp_loss":0,"event_name":"Mysterious Sphere","floor":48,"gold_loss":0}],"is_beta":false,"boss_relics":[{"not_picked":["Coffee Dripper","Ectoplasm"],"picked":"Tiny House"},{"not_picked":["Snecko Eye","Runic Dome"],"picked":"Inserter"}],"items_purged_floors":[13,21,36],"is_endless":false,"potions_floor_spawned":[3,5,14,19,29,31,37,41,44,45,48],"ascension_level":7}}