{"host":"sxuxxxc6yxgqlsd9","time":1610108508,"event":{"mods":["BaseMod","Minty Spire (QoL Compilation)","Shop Mod","StSLib"],"gold_per_floor":[115,134,154,172,186,186,217,217,217,217,64,64,64,83,83,181,181,197,197,197,207,288,304,304,323,347,347,373,373,52,71,71,172,172,185,0,17,17,59,59,89,89,89,89,89],"floor_reached":44,"playtime":4631,"items_purged":[],"score":456,"play_id":"c7fbfd53-1ff3-44f1-9d07-5aaf4fa787ba","local_time":"20210108202148","is_ascension_mode":false,"campfire_choices":[{"data":"Power Through","floor":6.0,"key":"SMITH"},{"data":"1","floor":13.0,"key":"LIFT"},{"floor":15.0,"key":"REST"},{"data":"2","floor":24.0,"key":"LIFT"},{"floor":27,"key":"REST"},{"floor":32,"key":"REST"},{"data":"3","floor":40,"key":"LIFT"},{"floor":42,"key":"REST"}],"circlet_count":0,"master_deck":["Strike_R+1","Strike_R","Defend_R+1","Defend_R","Defend_R+1","Defend_R+1","Cleave","Armaments","Flex","Shrug It Off","Power Through+1","Wild Strike","Evolve+1","Flex+1","Intimidate+1","RitualDagger","Shrug It Off","Armaments+1","Apotheosis","Demon Form","Iron Wave+1","Dramatic Entrance"],"relics":["Burning Blood","Pen Nib","Pantograph","Girya","MerchantsRug","Bottled Flame","Ornamental Fan","Sling","Red Mask","Boot","Sundial"],"acts_visited":["Exordium","TheCity","TheBeyond"],"potions_floor_usage":[44],"damage_taken":[{"damage":0.0,"enemies":"Small Slimes","floor":1.0,"turns":2.0},{"damage":3.0,"enemies":"2 Louse","floor":2.0,"turns":2.0},{"damage":4.0,"enemies":"Cultist","floor":3.0,"turns":4.0},{"damage":2.0,"enemies":"2 Fungi Beasts","floor":4.0,"turns":4.0},{"damage":4.0,"enemies":"Blue Slaver","floor":5.0,"turns":6.0},{"damage":19.0,"enemies":"3 Sentries","floor":7.0,"turns":11.0},{"damage":2.0,"enemies":"Looter","floor":14.0,"turns":3.0},{"damage":41.0,"enemies":"Hexaghost","floor":16.0,"turns":12.0},{"damage":19.0,"enemies":"Shell Parasite","floor":18.0,"turns":9.0},{"damage":10.0,"enemies":"Spheric Guardian","floor":21.0,"turns":5.0},{"damage":11.0,"enemies":"Cultist and Chosen","floor":23.0,"turns":8.0},{"damage":39,"enemies":"Sentry and Sphere","floor":25,"turns":9},{"damage":24,"enemies":"Slavers","floor":28,"turns":10},{"damage":29,"enemies":"Centurion and Healer","floor":31,"turns":7},{"damage":79,"enemies":"Champ","floor":33,"turns":28},{"damage":10,"enemies":"3 Shapes","floor":35,"turns":4},{"damage":14,"enemies":"Orb Walker","floor":37,"turns":5},{"damage":93,"enemies":"Nemesis","floor":41,"turns":9},{"damage":103,"enemies":"Giant Head","floor":44,"turns":11}],"seed_played":"8423167166137119372","potions_obtained":[{"floor":4.0,"key":"FearPotion"},{"floor":7.0,"key":"GamblersBrew"},{"floor":12.0,"key":"LiquidBronze"},{"floor":12.0,"key":"Strength Potion"},{"floor":14.0,"key":"FairyPotion"},{"floor":16.0,"key":"SpeedPotion"},{"floor":23.0,"key":"FairyPotion"}],"is_trial":false,"path_per_floor":["M","M","M","M","M","R","E","?","T","?","$","?","R","M","R","B",null,"M","?","?","M","T","M","R","M","T","R","E","?","$","M","R","B",null,"M","?","M","?","$","R","E","R","T","E"],"character_chosen":"IRONCLAD","items_purchased":["MerchantsRug","Sling","Apotheosis"],"campfire_rested":4,"item_purchase_floors":[11,30,30],"current_hp_per_floor":[80,80,80,80,80,80,67,51,51,33,33,33,33,37,61,45,80,67,61,61,57,57,52,52,19,19,43,25,80,80,57,80,7,80,76,76,68,68,68,68,30,54,54,0,0],"gold":89,"neow_bonus":"TRANSFORM_CARD","is_daily":false,"chose_seed":false,"campfire_upgraded":1,"win_rate":0.0,"timestamp":1610108508,"path_taken":["M","M","M","M","M","R","E","?","T","?","$","?","R","?","R","BOSS","M","?","?","M","?","M","R","M","T","R","E","?","$","M","R","BOSS","M","?","M","?","?","R","E","R","T","E"],"items_purchased_type":["Relic","Relic","Card"],"build_version":"2020-12-22","purchased_purges":0,"victory":false,"max_hp_per_floor":[80,80,80,80,80,80,80,80,80,80,80,80,80,80,80,80,80,80,80,80,80,80,80,80,80,80,80,80,80,80,80,80,80,80,80,80,80,80,80,80,80,80,80,80,80],"card_choices":[{"not_picked":["Cleave","Thunderclap"],"picked":"Armaments","floor":1.0},{"not_picked":["Perfected Strike","Dual Wield"],"picked":"Flex","floor":2.0},{"not_picked":["Carnage","Blood for Blood"],"picked":"Shrug It Off","floor":3.0},{"not_picked":["Warcry","Entrench","Iron Wave"],"picked":"SKIP","floor":4.0},{"not_picked":["Shrug It Off","Flex"],"picked":"Power Through","floor":5.0},{"not_picked":["Thunderclap","Perfected Strike","Heavy Blade"],"picked":"SKIP","floor":7.0},{"not_picked":["Searing Blow","Battle Trance"],"picked":"Wild Strike","floor":14.0},{"not_picked":["Blood for Blood","Thunderclap","Heavy Blade+1"],"picked":"SKIP","floor":18.0},{"not_picked":["Flex+1","Armaments"],"picked":"Shrug It Off","floor":21.0},{"not_picked":["Shockwave","Havoc+1","Twin Strike"],"picked":"SKIP","floor":23.0},{"not_picked":["Flame Barrier","Havoc","Body Slam"],"picked":"SKIP","floor":25},{"not_picked":["Whirlwind","Clash"],"picked":"Armaments+1","floor":28},{"not_picked":["Inflame+1","Clash","Armaments"],"picked":"SKIP","floor":31},{"not_picked":["Exhume","Offering"],"picked":"Demon Form","floor":33},{"not_picked":["Warcry+1","Seeing Red+1"],"picked":"Iron Wave+1","floor":35},{"not_picked":["Hemokinesis+1","Warcry+1","Perfected Strike+1"],"picked":"SKIP","floor":37},{"not_picked":["Chrysalis","Secret Technique"],"picked":"Dramatic Entrance","floor":38},{"not_picked":["Second Wind","True Grit+1","Dark Embrace+1"],"picked":"SKIP","floor":41}],"player_experience":87141,"relics_obtained":[{"floor":7.0,"key":"Pen Nib"},{"floor":9.0,"key":"Pantograph"},{"floor":22.0,"key":"Bottled Flame"},{"floor":26,"key":"War Paint"},{"floor":28,"key":"Ornamental Fan"},{"floor":41,"key":"Boot"},{"floor":43,"key":"Sundial"}],"event_choices":[{"damage_healed":0.0,"max_hp_gain":0.0,"max_hp_loss":0.0,"gold_gain":0.0,"event_name":"Shining Light","player_choice":"Entered Light","floor":8.0,"gold_loss":0.0,"damage_taken":16.0,"cards_upgraded":["Defend_R","Strike_R"]},{"damage_healed":0.0,"max_hp_gain":0.0,"max_hp_loss":0.0,"gold_gain":0.0,"event_name":"Scrap Ooze","player_choice":"Success","floor":10.0,"gold_loss":0.0,"damage_taken":18.0,"relics_obtained":["Girya"]},{"damage_healed":0.0,"max_hp_gain":0.0,"max_hp_loss":0.0,"gold_gain":0.0,"event_name":"Lab","player_choice":"Got Potions","floor":12.0,"gold_loss":0.0,"damage_taken":0.0},{"damage_healed":0.0,"max_hp_gain":0.0,"max_hp_loss":0.0,"gold_gain":0.0,"event_name":"Nest","player_choice":"Joined the Cult","floor":19.0,"gold_loss":0.0,"damage_taken":6.0,"cards_obtained":["RitualDagger"]},{"damage_healed":0.0,"max_hp_gain":0.0,"max_hp_loss":0.0,"gold_gain":0.0,"event_name":"The Library","player_choice":"Read","floor":20.0,"gold_loss":0.0,"damage_taken":0.0,"cards_obtained":["Combust"]},{"cards_removed":["Combust"],"damage_healed":55,"gold_gain":0,"player_choice":"Offered Uncommon","damage_taken":0,"max_hp_gain":0,"max_hp_loss":0,"event_name":"Bonfire Elementals","floor":29,"gold_loss":0},{"damage_healed":0,"gold_gain":0,"player_choice":"Paid","damage_taken":0,"relics_obtained":["Red Mask"],"max_hp_gain":0,"max_hp_loss":0,"event_name":"Tomb of Lord Red Mask","floor":36,"gold_loss":185},{"damage_healed":0,"gold_gain":0,"player_choice":"Memory 1","damage_taken":0,"max_hp_gain":0,"max_hp_loss":0,"event_name":"SensoryStone","floor":38,"gold_loss":0}],"is_beta":false,"boss_relics":[{"not_picked":["SacredBark","Cursed Key"],"picked":"Astrolabe"},{"not_picked":["Runic Dome","Philosopher\u0027s Stone","Busted Crown"]}],"items_purged_floors":[],"is_endless":false,"potions_floor_spawned":[4,7,14,16,23,25,37],"killed_by":"Giant Head","ascension_level":0}}