{"host":"J","time":1610119429,"event":{"mods":["BaseMod","Better Third Choice","Minty Spire (QoL Compilation)","StSLib"],"gold_per_floor":[118,118,132,146,146,146,180,180,256,256,53,71,71,99,99,99,99],"floor_reached":16,"playtime":324,"items_purged":[],"score":216,"play_id":"73f36cc0-9a1d-48a8-ac8f-190747ebdd38","local_time":"20210108162349","is_ascension_mode":true,"campfire_choices":[{"data":"Flying Knee","floor":6,"key":"SMITH"},{"floor":15,"key":"REST"}],"circlet_count":0,"master_deck":["AscendersBane","Strike_G","Strike_G","Strike_G","Strike_G","Strike_G","Defend_G","Defend_G","Defend_G","Defend_G","Defend_G","Survivor","Neutralize","Slice","Flying Knee+1","Quick Slash","Blade Dance","Noxious Fumes","Leg Sweep"],"relics":["Ring of the Snake","NeowsBlessing","Bag of Preparation","Ninja Scroll","White Beast Statue","Molten Egg 2","The Courier"],"acts_visited":["Exordium"],"potions_floor_usage":[7,14],"damage_taken":[{"damage":0,"enemies":"2 Louse","floor":1,"turns":1},{"damage":0,"enemies":"Cultist","floor":3,"turns":1},{"damage":0,"enemies":"Small Slimes","floor":4,"turns":1},{"damage":26,"enemies":"Gremlin Nob","floor":7,"turns":4},{"damage":13,"enemies":"Blue Slaver","floor":12,"turns":4},{"damage":14,"enemies":"Lagavulin","floor":14,"turns":5},{"damage":38,"enemies":"The Guardian","floor":16,"turns":13}],"seed_played":"30910929360881024","potions_obtained":[{"floor":3,"key":"BlessingOfTheForge"},{"floor":12,"key":"BlessingOfTheForge"},{"floor":14,"key":"Ancient Potion"}],"is_trial":false,"path_per_floor":["M","?","M","M","?","R","E","?","T","?","$","M","T","E","R","B"],"character_chosen":"THE_SILENT","items_purchased":["Blade Dance","BlessingOfTheForge","Noxious Fumes"],"campfire_rested":1,"item_purchase_floors":[11,11,11],"current_hp_per_floor":[59,59,59,59,64,64,38,38,38,38,38,25,25,11,32,0,0],"gold":99,"neow_bonus":"THREE_ENEMY_KILL","is_daily":false,"chose_seed":false,"campfire_upgraded":1,"win_rate":0.0,"timestamp":1610119429,"path_taken":["M","?","M","?","?","R","E","?","T","?","$","M","?","E","R","BOSS"],"items_purchased_type":["Card","Potion","Card"],"build_version":"2020-12-18","purchased_purges":0,"victory":false,"max_hp_per_floor":[66,66,66,66,71,71,71,71,71,71,71,71,71,71,71,71,71],"card_choices":[{"not_picked":["PiercingWail","Dodge and Roll"],"picked":"Slice","floor":1},{"not_picked":["Deflect","Backflip"],"picked":"Slice","floor":3},{"not_picked":["PiercingWail","Acrobatics"],"picked":"Flying Knee","floor":4},{"not_picked":["Blur","Reflex"],"picked":"Quick Slash","floor":7},{"not_picked":["Quick Slash","Backflip"],"picked":"Leg Sweep","floor":12},{"not_picked":["Distraction","Prepared","Noxious Fumes"],"picked":"SKIP","floor":14}],"player_experience":1077945,"relics_obtained":[{"floor":7,"key":"Ninja Scroll"},{"floor":9,"key":"White Beast Statue"},{"floor":13,"key":"Molten Egg 2"},{"floor":14,"key":"The Courier"}],"event_choices":[{"cards_removed":["Slice"],"damage_healed":0,"gold_gain":0,"player_choice":"Gave Card","damage_taken":0,"relics_obtained":["Bag of Preparation"],"max_hp_gain":0,"max_hp_loss":0,"event_name":"WeMeetAgain","floor":2,"gold_loss":0},{"damage_healed":0,"gold_gain":0,"player_choice":"Donut","damage_taken":0,"max_hp_gain":5,"max_hp_loss":0,"event_name":"Big Fish","floor":5,"gold_loss":0},{"damage_healed":38,"gold_gain":0,"player_choice":"Embrace Burn","damage_taken":0,"max_hp_gain":0,"max_hp_loss":71,"event_name":"betterThird:BetterShining","floor":8,"gold_loss":0},{"cards_removed":["Burn"],"damage_healed":0,"gold_gain":0,"player_choice":"Forget","damage_taken":0,"max_hp_gain":0,"max_hp_loss":0,"event_name":"Living Wall","floor":10,"gold_loss":0}],"is_beta":true,"boss_relics":[],"items_purged_floors":[],"is_endless":false,"potions_floor_spawned":[3,12,14],"killed_by":"The Guardian","ascension_level":20}}