{"host":"dpbezu80jg8zk7un","time":1610099963,"event":{"mods":["BaseMod","Colored Map","Colored Powertips","Custom Start","DeckTracker","Minty Spire (QoL Compilation)","Quick Restart","StSLib","SuperFastMode"],"gold_per_floor":[10,28,28,45,58,58,74,74,155,172,172,199,199,232,232,232,232],"floor_reached":16,"playtime":550,"items_purged":[],"score":224,"play_id":"b2350253-4341-4545-92a8-9cccf1e33c0c","local_time":"20210108185923","is_ascension_mode":true,"campfire_choices":[{"data":"Body Slam","floor":6.0,"key":"SMITH"},{"data":"Feel No Pain","floor":11.0,"key":"SMITH"},{"data":"Second Wind","floor":13.0,"key":"SMITH"},{"data":"Power Through","floor":15,"key":"SMITH"}],"circlet_count":0,"master_deck":["AscendersBane","Strike_R","Strike_R","Defend_R","Defend_R","Defend_R","Defend_R","Bash","Seeing Red","Feel No Pain+1","Iron Wave","Second Wind+1","Body Slam+1","Power Through+1","Impervious"],"relics":["Burning Blood","Frozen Egg 2","TungstenRod","Bag of Marbles"],"acts_visited":["Exordium"],"potions_floor_usage":[14,14],"damage_taken":[{"damage":3.0,"enemies":"2 Louse","floor":1.0,"turns":4.0},{"damage":6.0,"enemies":"Cultist","floor":2.0,"turns":5.0},{"damage":1.0,"enemies":"Small Slimes","floor":4.0,"turns":5.0},{"damage":1.0,"enemies":"2 Fungi Beasts","floor":5.0,"turns":5.0},{"damage":23.0,"enemies":"Large Slime","floor":7.0,"turns":7.0},{"damage":8.0,"enemies":"Lots of Slimes","floor":10.0,"turns":6.0},{"damage":7.0,"enemies":"3 Sentries","floor":12.0,"turns":19.0},{"damage":36,"enemies":"Gremlin Nob","floor":14,"turns":5},{"damage":25,"enemies":"Hexaghost","floor":16,"turns":11}],"seed_played":"1155558875166106792","potions_obtained":[{"floor":1.0,"key":"SpeedPotion"},{"floor":4.0,"key":"Dexterity Potion"},{"floor":14,"key":"DistilledChaos"}],"is_trial":false,"path_per_floor":["M","M","?","M","M","R","M","?","T","M","R","E","R","E","R","B"],"character_chosen":"IRONCLAD","items_purchased":[],"campfire_rested":0,"item_purchase_floors":[],"current_hp_per_floor":[71,71,71,75,75,75,58,58,58,56,56,55,55,25,25,0,0],"gold":232,"neow_bonus":"TRANSFORM_TWO_CARDS","is_daily":false,"chose_seed":false,"campfire_upgraded":4,"win_rate":0.0,"timestamp":1610099963,"path_taken":["M","M","?","?","M","R","M","?","T","M","R","E","R","E","R","BOSS"],"items_purchased_type":[],"build_version":"2020-12-22","purchased_purges":0,"victory":false,"max_hp_per_floor":[75,75,75,75,75,75,75,75,75,75,75,75,75,75,75,75,75],"card_choices":[{"not_picked":["Rupture","Clothesline"],"picked":"Iron Wave","floor":1.0},{"not_picked":["Sentinel","Whirlwind","Sword Boomerang"],"picked":"SKIP","floor":2.0},{"not_picked":["Cleave","Uppercut"],"picked":"Second Wind","floor":4.0},{"not_picked":["Impervious","Battle Trance"],"picked":"Body Slam","floor":5.0},{"not_picked":["Rupture","Wild Strike","Perfected Strike"],"picked":"SKIP","floor":7.0},{"not_picked":["Iron Wave","Shrug It Off"],"picked":"Power Through","floor":10.0},{"not_picked":["Sword Boomerang","Infernal Blade","Dropkick"],"picked":"SKIP","floor":12.0},{"not_picked":["Blood for Blood","True Grit"],"picked":"Impervious","floor":14}],"player_experience":2854437,"relics_obtained":[{"floor":9.0,"key":"Frozen Egg 2"},{"floor":12.0,"key":"TungstenRod"},{"floor":14,"key":"Bag of Marbles"}],"event_choices":[{"cards_removed":["Strike_R"],"damage_healed":0.0,"max_hp_gain":0.0,"max_hp_loss":0.0,"gold_gain":0.0,"event_name":"Bonfire Elementals","player_choice":"Offered Basic","floor":3.0,"gold_loss":0.0,"damage_taken":0.0},{"damage_healed":0.0,"max_hp_gain":0.0,"max_hp_loss":0.0,"gold_gain":0.0,"event_name":"Liars Game","player_choice":"Ignored","floor":8.0,"gold_loss":0.0,"damage_taken":0.0}],"is_beta":false,"boss_relics":[],"items_purged_floors":[],"is_endless":false,"potions_floor_spawned":[1,4,12,14],"killed_by":"Hexaghost","ascension_level":20}}