{"host":"fwes8e3a36usabj9","time":1610088531,"event":{"mods":["BaseMod","Colored Map","Colored Powertips","Minty Spire (QoL Compilation)"],"gold_per_floor":[109,284,302,1,14,41,41,76,99,64,76,76,88,117,117,217,217,229,245,245,19,33,33,64,64,64,80,96,96,195,220,220,323,323,342,342,358,358,2,27,27,45,45,45,95,95,112,129,129,129],"floor_reached":51,"playtime":13736,"items_purged":["Doubt"],"score":856,"play_id":"43af5f7e-8bcd-48ac-a3bd-d6ed9c778b1a","local_time":"20210107224851","is_ascension_mode":true,"campfire_choices":[{"data":"Coolheaded","floor":7.0,"key":"SMITH"},{"data":"Echo Form","floor":15.0,"key":"SMITH"},{"data":"Self Repair","floor":23.0,"key":"SMITH"},{"data":"Defragment","floor":25.0,"key":"SMITH"},{"floor":32.0,"key":"REST"},{"data":"Buffer","floor":41.0,"key":"SMITH"},{"data":"Creative AI","floor":49.0,"key":"SMITH"}],"circlet_count":0,"master_deck":["Strike_B","Strike_B","Defend_B","Defend_B","Defend_B","Defend_B","Zap","Dualcast+1","Skim","Melter+1","Ball Lightning","BootSequence","Capacitor","Coolheaded+1","Genetic Algorithm","Stack","Echo Form+1","Biased Cognition","Self Repair+1","Conserve Battery+1","Necronomicurse","Defragment+1","Cold Snap","Consume","Defragment","Core Surge","Fusion","Buffer+1","Chaos+1","Genetic Algorithm","Compile Driver","Writhe","Creative AI+1"],"relics":["FrozenCore","Happy Flower","Whetstone","Boot","Bag of Marbles","Juzu Bracelet","Cursed Key","Necronomicon","HandDrill","Omamori","Shuriken","Calipers","WarpedTongs","DollysMirror","War Paint","Nunchaku","Singing Bowl","Du-Vu Doll"],"acts_visited":["Exordium","TheCity","TheBeyond"],"potions_floor_usage":[50,50],"damage_taken":[{"damage":4.0,"enemies":"Small Slimes","floor":1.0,"turns":3.0},{"damage":0.0,"enemies":"2 Louse","floor":3.0,"turns":2.0},{"damage":0.0,"enemies":"Jaw Worm","floor":5.0,"turns":2.0},{"damage":25.0,"enemies":"3 Sentries","floor":6.0,"turns":7.0},{"damage":29.0,"enemies":"Lagavulin","floor":8.0,"turns":6.0},{"damage":0.0,"enemies":"Looter","floor":11.0,"turns":4.0},{"damage":8.0,"enemies":"Blue Slaver","floor":13.0,"turns":3.0},{"damage":17.0,"enemies":"3 Sentries","floor":14.0,"turns":7.0},{"damage":14.0,"enemies":"The Guardian","floor":16.0,"turns":13.0},{"damage":0.0,"enemies":"Chosen","floor":18.0,"turns":4.0},{"damage":6.0,"enemies":"Shell Parasite","floor":19.0,"turns":4.0},{"damage":16.0,"enemies":"Sentry and Sphere","floor":22.0,"turns":4.0},{"damage":47.0,"enemies":"Gremlin Leader","floor":24.0,"turns":8.0},{"damage":13.0,"enemies":"Snecko","floor":27.0,"turns":5.0},{"damage":23.0,"enemies":"Snake Plant","floor":28.0,"turns":4.0},{"damage":32.0,"enemies":"Slavers","floor":31.0,"turns":7.0},{"damage":58.0,"enemies":"Collector","floor":33.0,"turns":12.0},{"damage":3.0,"enemies":"3 Shapes","floor":35.0,"turns":8.0},{"damage":9.0,"enemies":"Orb Walker","floor":37.0,"turns":6.0},{"damage":10.0,"enemies":"Giant Head","floor":40.0,"turns":14.0},{"damage":13.0,"enemies":"Transient","floor":42.0,"turns":5.0},{"damage":0.0,"enemies":"Mind Bloom Boss Battle","floor":45.0,"turns":8.0},{"damage":0.0,"enemies":"Spire Growth","floor":47.0,"turns":7.0},{"damage":8.0,"enemies":"4 Shapes","floor":48.0,"turns":5.0},{"damage":37,"enemies":"Awakened One","floor":50,"turns":16}],"seed_played":"-8248428323576700961","potions_obtained":[{"floor":3.0,"key":"Strength Potion"},{"floor":5.0,"key":"FairyPotion"},{"floor":13.0,"key":"FairyPotion"},{"floor":14.0,"key":"Weak Potion"},{"floor":16.0,"key":"EssenceOfSteel"},{"floor":18.0,"key":"Fruit Juice"},{"floor":22.0,"key":"Swift Potion"},{"floor":24.0,"key":"LiquidBronze"},{"floor":31.0,"key":"Dexterity Potion"},{"floor":40.0,"key":"Regen Potion"},{"floor":42.0,"key":"PowerPotion"},{"floor":45.0,"key":"BlessingOfTheForge"}],"is_trial":false,"path_per_floor":["M","?","M","$","M","E","R","E","T","?","M","?","M","E","R","B",null,"M","M","?","$","M","R","E","R","T","M","M","$","?","E","R","B",null,"M","?","M","?","$","E","R","M","T","$","?","?","M","M","R","B",null],"character_chosen":"DEFECT","items_purchased":["Happy Flower","BootSequence","HandDrill","Defragment","DollysMirror","War Paint","Swift Potion"],"campfire_rested":1,"item_purchase_floors":[4,4,21,21,39,39,39],"current_hp_per_floor":[71,71,71,71,71,46,46,17,17,35,35,60,52,35,35,21,62,67,68,52,52,36,36,31,31,31,38,25,25,25,38,62,14,64,71,71,80,80,80,80,80,67,67,67,67,69,71,65,65,53],"gold":129,"neow_bonus":"TRANSFORM_CARD","is_daily":false,"chose_seed":false,"campfire_upgraded":6,"win_rate":0.0,"timestamp":1610088531,"path_taken":["M","?","M","$","M","E","R","E","T","?","M","?","?","E","R","BOSS","M","M","?","$","M","R","E","R","T","M","M","$","?","E","R","BOSS","M","?","M","?","$","E","R","M","T","$","?","?","M","M","R","BOSS"],"items_purchased_type":["Relic","Card","Relic","Card","Relic","Relic","Potion"],"build_version":"2020-12-22","purchased_purges":1,"victory":true,"max_hp_per_floor":[75,75,75,75,75,75,75,75,75,75,75,75,75,75,75,75,75,80,80,80,80,80,80,80,80,80,80,80,80,80,80,80,80,80,80,80,80,80,80,80,80,80,80,80,80,82,84,86,86,86],"card_choices":[{"not_picked":["Streamline","Coolheaded"],"picked":"Melter","floor":1.0},{"not_picked":["Go for the Eyes","Barrage"],"picked":"Ball Lightning","floor":3.0},{"not_picked":["BootSequence","Blizzard"],"picked":"Capacitor","floor":5.0},{"not_picked":["Sweeping Beam","Barrage"],"picked":"Coolheaded","floor":6.0},{"not_picked":["Amplify","Hello World"],"picked":"Genetic Algorithm","floor":8.0},{"not_picked":["Static Discharge","Heatsinks","Coolheaded"],"picked":"SKIP","floor":11.0},{"not_picked":["Coolheaded","Darkness"],"picked":"Stack","floor":13.0},{"not_picked":["Force Field","Capacitor"],"picked":"Echo Form","floor":14.0},{"not_picked":["All For One","Fission"],"picked":"Biased Cognition","floor":16.0},{"not_picked":["Go for the Eyes","Static Discharge"],"picked":"Self Repair","floor":18.0},{"not_picked":["Gash","Ball Lightning+1"],"picked":"Conserve Battery","floor":19.0},{"not_picked":["Compile Driver","Gash+1"],"picked":"Cold Snap","floor":22.0},{"not_picked":["Double Energy","Rip and Tear"],"picked":"Consume","floor":24.0},{"not_picked":["Gash","Cold Snap"],"picked":"Defragment","floor":27.0},{"not_picked":["Hologram","Skim+1"],"picked":"Core Surge","floor":28.0},{"not_picked":["Rebound","Skim+1"],"picked":"Fusion","floor":31.0},{"not_picked":["Amplify","Electrodynamics"],"picked":"Buffer","floor":33.0},{"not_picked":["Coolheaded","Genetic Algorithm+1","Sweeping Beam+1"],"picked":"SKIP","floor":35.0},{"not_picked":["Scrape","Streamline"],"picked":"Chaos+1","floor":37.0},{"not_picked":["Cold Snap+1","Sweeping Beam+1"],"picked":"Compile Driver","floor":40.0},{"not_picked":["Hello World","FTL+1","Beam Cell"],"picked":"SKIP","floor":42.0},{"not_picked":["Rebound","Conserve Battery"],"picked":"Creative AI","floor":45.0},{"not_picked":["Swift Strike","Bandage Up","PanicButton"],"picked":"Singing Bowl","floor":46.0},{"not_picked":["Ball Lightning","Leap","Tempest"],"picked":"Singing Bowl","floor":47.0},{"not_picked":["Compile Driver","Sunder","Coolheaded+1"],"picked":"Singing Bowl","floor":48.0}],"player_experience":678957,"relics_obtained":[{"floor":6.0,"key":"Whetstone"},{"floor":8.0,"key":"Boot"},{"floor":9.0,"key":"Bag of Marbles"},{"floor":14.0,"key":"Juzu Bracelet"},{"floor":20.0,"key":"Necronomicon"},{"floor":24.0,"key":"Omamori"},{"floor":26.0,"key":"Shuriken"},{"floor":31.0,"key":"Calipers"},{"floor":40.0,"key":"Nunchaku"},{"floor":43.0,"key":"Singing Bowl"},{"floor":45.0,"key":"Du-Vu Doll"}],"event_choices":[{"damage_healed":0.0,"max_hp_gain":0.0,"max_hp_loss":0.0,"gold_gain":175.0,"event_name":"Liars Game","player_choice":"AGREE","floor":2.0,"gold_loss":0.0,"damage_taken":0.0,"cards_obtained":["Doubt"]},{"damage_healed":18.0,"max_hp_gain":0.0,"max_hp_loss":0.0,"gold_gain":0.0,"event_name":"The Cleric","player_choice":"Healed","floor":10.0,"gold_loss":35.0,"damage_taken":0.0},{"damage_healed":25.0,"max_hp_gain":0.0,"max_hp_loss":0.0,"gold_gain":0.0,"event_name":"Big Fish","player_choice":"Banana","floor":12.0,"gold_loss":0.0,"damage_taken":0.0},{"damage_healed":0.0,"max_hp_gain":0.0,"max_hp_loss":0.0,"gold_gain":0.0,"event_name":"Cursed Tome","player_choice":"Obtained Book","floor":20.0,"gold_loss":0.0,"damage_taken":16.0},{"damage_healed":0.0,"max_hp_gain":0.0,"max_hp_loss":0.0,"gold_gain":99.0,"event_name":"Nest","player_choice":"Stole From Cult","floor":30.0,"gold_loss":0.0,"damage_taken":0.0},{"damage_healed":0.0,"max_hp_gain":0.0,"max_hp_loss":0.0,"gold_gain":0.0,"event_name":"Accursed Blacksmith","player_choice":"Rummage","floor":36.0,"gold_loss":0.0,"damage_taken":0.0,"relics_obtained":["WarpedTongs"],"cards_obtained":["Pain"]},{"cards_removed":["Strike_B"],"damage_healed":0.0,"max_hp_gain":0.0,"max_hp_loss":0.0,"gold_gain":0.0,"event_name":"Falling","player_choice":"Removed Attack","floor":38.0,"gold_loss":0.0,"damage_taken":0.0},{"damage_healed":0.0,"max_hp_gain":0.0,"max_hp_loss":0.0,"gold_gain":0.0,"event_name":"MindBloom","player_choice":"Fight","floor":45.0,"gold_loss":0.0,"damage_taken":0.0},{"damage_healed":0.0,"max_hp_gain":0.0,"max_hp_loss":0.0,"gold_gain":0.0,"event_name":"SensoryStone","player_choice":"Memory 1","floor":46.0,"gold_loss":0.0,"damage_taken":0.0}],"is_beta":false,"boss_relics":[{"not_picked":["Ectoplasm","Astrolabe"],"picked":"Cursed Key"},{"not_picked":["Black Star","Snecko Eye"],"picked":"FrozenCore"}],"items_purged_floors":[4],"is_endless":false,"potions_floor_spawned":[3,5,13,14,16,18,22,24,31,40,42,45,48],"ascension_level":5}}