{"host":"gk5m6v7zec9neb0j","time":1610087250,"event":{"mods":["AchievementEnabler","AlwaysNeverKeys","BaseMod","BetterRewards","Block Reminder","Minty Spire (QoL Compilation)","Rare Cards Sparkle","Relic Stats","StSLib"],"gold_per_floor":[110,110,126,141,53,53,3,29,29,46,63,10,30,30,30,129,129,148,166,166,178,188,188,188,188,214,50,50,71,71,84,84,196,196,213,238,247,597,226,226,226,226,249,279,129,148,165,176,176,176,176,176,36,80,80],"floor_reached":56,"playtime":3004,"items_purged":["Strike_B","Darkness","Mayhem","Strike_B"],"score":1419,"play_id":"a67d98f2-593c-490b-a3e8-429ba67f6ef0","local_time":"20210108012730","is_ascension_mode":false,"campfire_choices":[{"data":"Zap","floor":6.0,"key":"SMITH"},{"data":"Panacea","floor":15.0,"key":"SMITH"},{"data":"Echo Form","floor":23.0,"key":"SMITH"},{"floor":25.0,"key":"REST"},{"floor":28.0,"key":"REST"},{"floor":32.0,"key":"REST"},{"data":"Echo Form","floor":40,"key":"SMITH"},{"data":"Creative AI","floor":42,"key":"SMITH"},{"data":"Defend_B","floor":49,"key":"PURGE"},{"data":"Redo","floor":52,"key":"SMITH"}],"circlet_count":0,"master_deck":["Strike_B","Defend_B","Defend_B","Defend_B","Zap+1","Dualcast+1","Coolheaded","Conserve Battery","Redo+1","Blizzard","Panacea+1","White Noise","Coolheaded","Echo Form+1","White Noise","Echo Form+1","Force Field+1","Reinforced Body","Self Repair","Leap+1","Creative AI+1","Skim+1","Self Repair+1","Loop+1","Finesse","Echo Form+1"],"relics":["Cracked Core","Strawberry","Peace Pipe","Nuclear Battery","CeramicFish","Inserter","Old Coin","Frozen Egg 2","Omamori","Mummified Hand","TungstenRod"],"acts_visited":["Exordium","TheCity","TheBeyond","TheEnding"],"potions_floor_usage":[50,50,55],"damage_taken":[{"damage":3.0,"enemies":"Jaw Worm","floor":1.0,"turns":5.0},{"damage":0.0,"enemies":"2 Louse","floor":3.0,"turns":2.0},{"damage":0.0,"enemies":"Cultist","floor":4.0,"turns":2.0},{"damage":9.0,"enemies":"Large Slime","floor":10.0,"turns":6.0},{"damage":9.0,"enemies":"Lots of Slimes","floor":11.0,"turns":4.0},{"damage":8.0,"enemies":"Exordium Thugs","floor":13.0,"turns":6.0},{"damage":29.0,"enemies":"The Guardian","floor":16.0,"turns":18.0},{"damage":19.0,"enemies":"2 Thieves","floor":18.0,"turns":4.0},{"damage":38.0,"enemies":"3 Byrds","floor":19.0,"turns":5.0},{"damage":0.0,"enemies":"Snecko","floor":21.0,"turns":7.0},{"damage":12.0,"enemies":"Snake Plant","floor":22.0,"turns":4.0},{"damage":54.0,"enemies":"3 Cultists","floor":29.0,"turns":8.0},{"damage":11.0,"enemies":"Shelled Parasite and Fungi","floor":31.0,"turns":9.0},{"damage":21.0,"enemies":"Champ","floor":33.0,"turns":9.0},{"damage":8.0,"enemies":"Orb Walker","floor":35.0,"turns":7.0},{"damage":7.0,"enemies":"3 Shapes","floor":36.0,"turns":11.0},{"damage":21.0,"enemies":"Mind Bloom Boss Battle","floor":38.0,"turns":9.0},{"damage":0,"enemies":"Giant Head","floor":44,"turns":16},{"damage":29,"enemies":"Spire Growth","floor":46,"turns":6},{"damage":9,"enemies":"3 Darklings","floor":47,"turns":7},{"damage":4,"enemies":"Maw","floor":48,"turns":7},{"damage":41,"enemies":"Time Eater","floor":50,"turns":13},{"damage":35,"enemies":"Shield and Spear","floor":54,"turns":12},{"damage":56,"enemies":"The Heart","floor":55,"turns":8}],"seed_played":"2142913529446368054","potions_obtained":[{"floor":1.0,"key":"Explosive Potion"},{"floor":11.0,"key":"Energy Potion"},{"floor":16.0,"key":"PotionOfCapacity"},{"floor":31.0,"key":"PowerPotion"},{"floor":33.0,"key":"Swift Potion"},{"floor":36.0,"key":"SkillPotion"},{"floor":48,"key":"Regen Potion"},{"floor":54,"key":"ColorlessPotion"}],"is_trial":false,"path_per_floor":["M","?","M","M","$","R","?","T","T","M","M","$","M","$","R","B",null,"M","M","?","M","M","R","$","R","T","$","R","M","?","M","R","B",null,"M","M","?","?","$","R","?","R","T","E","$","M","M","M","R","B",null,"R","$","E","B",null],"character_chosen":"DEFECT","items_purchased":["Coolheaded","Panacea","Coolheaded","Self Repair","Frozen Egg 2","Loop+1","Finesse"],"campfire_rested":3,"item_purchase_floors":[0,5,12,27,39,53,53],"current_hp_per_floor":[66,66,66,66,66,66,66,73,73,64,55,55,47,47,47,18,82,63,25,25,25,13,13,13,37,37,37,61,21,21,24,48,41,82,82,82,77,63,63,63,63,63,63,70,70,48,66,79,79,80,82,82,82,64,25],"gold":80,"neow_bonus":"","is_daily":false,"chose_seed":false,"campfire_upgraded":6,"win_rate":0.0,"timestamp":1610087250,"path_taken":["M","?","M","M","$","R","?","?","T","M","?","$","M","?","R","BOSS","M","M","?","M","M","R","$","R","T","$","R","?","?","M","R","BOSS","M","M","?","?","$","R","?","R","T","E","?","?","M","M","R","BOSS","R","$","E","BOSS"],"items_purchased_type":["Card","Card","Card","Card","Relic","Card","Card"],"build_version":"2020-12-22","purchased_purges":4,"victory":true,"max_hp_per_floor":[75,75,75,75,75,75,75,82,82,82,82,82,82,82,82,82,82,82,82,82,82,82,82,82,82,82,82,82,82,82,82,82,82,82,82,82,82,82,82,82,82,82,82,82,82,82,82,82,82,82,82,82,82,82,82],"relic_stats":{"Peace Pipe":1,"Inserter":[39],"counters":[66,367],"Mummified Hand":[340],"CeramicFish":81,"obtain_stats":[{"Tiny House":17,"Calipers":23,"CeramicFish":26,"Mango":0,"Runic Capacitor":0,"Old Coin":38,"HornCleat":42,"Mummified Hand":25,"Gambling Chip":0,"Strawberry":8,"Kunai":0,"Chemical X":0,"Cracked Core":0,"Inserter":34,"Happy Flower":45,"Golden Idol":3,"Blue Candle":43,"PreservedInsect":40,"Omamori":43,"War Paint":54,"Frozen Egg 2":39,"Question Card":9,"Mercury Hourglass":9,"Nuclear Battery":17,"Peace Pipe":9,"CaptainsWheel":11,"Bronze Scales":0,"Symbiotic Virus":26,"StrikeDummy":47,"TungstenRod":54},{"Tiny House":38,"Calipers":41,"CeramicFish":53,"Mango":30,"Runic Capacitor":0,"Old Coin":59,"HornCleat":22,"Mummified Hand":13,"Gambling Chip":30,"Strawberry":45,"Kunai":30,"Chemical X":30,"Cracked Core":0,"Inserter":15,"Happy Flower":24,"Golden Idol":31,"Blue Candle":22,"PreservedInsect":20,"Omamori":59,"War Paint":29,"Frozen Egg 2":59,"Question Card":34,"Mercury Hourglass":5,"Nuclear Battery":49,"Peace Pipe":45,"CaptainsWheel":6,"Bronze Scales":30,"Symbiotic Virus":13,"StrikeDummy":26,"TungstenRod":65},{"Tiny House":167,"Calipers":179,"CeramicFish":245,"Mango":131,"Runic Capacitor":0,"Old Coin":298,"HornCleat":90,"Mummified Hand":49,"Gambling Chip":131,"Strawberry":191,"Kunai":131,"Chemical X":131,"Cracked Core":0,"Inserter":60,"Happy Flower":96,"Golden Idol":133,"Blue Candle":90,"PreservedInsect":82,"Omamori":298,"War Paint":121,"Frozen Egg 2":298,"Question Card":145,"Mercury Hourglass":15,"Nuclear Battery":225,"Peace Pipe":191,"CaptainsWheel":19,"Bronze Scales":131,"Symbiotic Virus":49,"StrikeDummy":105,"TungstenRod":359}],"TungstenRod":35},"card_choices":[{"not_picked":["Consume","Doom and Gloom"],"picked":"Conserve Battery","floor":1.0},{"not_picked":["Steam","Storm"],"picked":"Redo","floor":3.0},{"not_picked":["Streamline","Compile Driver"],"picked":"Blizzard","floor":4.0},{"not_picked":["Gash","Rebound"],"picked":"White Noise","floor":10.0},{"not_picked":["Scrape","Tempest","Auto Shields"],"picked":"SKIP","floor":11.0},{"not_picked":["Coolheaded","Recycle","Heatsinks"],"picked":"SKIP","floor":13.0},{"not_picked":["Multi-Cast","Meteor Strike"],"picked":"Echo Form","floor":16.0},{"not_picked":["Turbo","Heatsinks"],"picked":"White Noise","floor":18.0},{"not_picked":["Turbo","Beam Cell","Darkness"],"picked":"SKIP","floor":19.0},{"not_picked":["Turbo","Beam Cell"],"picked":"Darkness","floor":19.0},{"not_picked":["Streamline+1","Conserve Battery"],"picked":"Force Field+1","floor":21.0},{"not_picked":["Conserve Battery","Steam"],"picked":"Reinforced Body","floor":22.0},{"not_picked":["Auto Shields+1","Chill"],"picked":"Leap+1","floor":29.0},{"not_picked":["Steam Power+1","Sweeping Beam","Ball Lightning"],"picked":"SKIP","floor":31.0},{"not_picked":["Echo Form","Hyperbeam"],"picked":"Creative AI","floor":33.0},{"not_picked":["Loop","Sweeping Beam+1","Undo+1"],"picked":"SKIP","floor":35.0},{"not_picked":["Force Field+1","Aggregate"],"picked":"Skim+1","floor":36.0},{"not_picked":["Dark Shackles","HandOfGreed"],"picked":"Mayhem","floor":37.0},{"not_picked":["Go for the Eyes","Steam Power+1","Cold Snap+1"],"picked":"SKIP","floor":44},{"not_picked":["Ball Lightning","Compile Driver"],"picked":"Self Repair+1","floor":46},{"not_picked":["Stack+1","Streamline+1","Redo+1"],"picked":"SKIP","floor":47},{"not_picked":["Genetic Algorithm","Reinforced Body+1","Beam Cell"],"picked":"SKIP","floor":48},{"not_picked":["Conserve Battery","Coolheaded+1"],"picked":"Echo Form+1","floor":54}],"player_experience":742265,"relics_obtained":[{"floor":8.0,"key":"Strawberry"},{"floor":9.0,"key":"Peace Pipe"},{"floor":26.0,"key":"CeramicFish"},{"floor":38.0,"key":"Old Coin"},{"floor":43,"key":"Omamori"},{"floor":44,"key":"Mummified Hand"},{"floor":54,"key":"TungstenRod"}],"event_choices":[{"damage_healed":0.0,"max_hp_gain":0.0,"max_hp_loss":0.0,"gold_gain":0.0,"event_name":"Living Wall","player_choice":"Grow","floor":2.0,"gold_loss":0.0,"damage_taken":0.0,"cards_upgraded":["Dualcast"]},{"cards_removed":["Strike_B"],"damage_healed":0.0,"max_hp_gain":0.0,"max_hp_loss":0.0,"gold_gain":0.0,"event_name":"The Cleric","player_choice":"Card Removal","floor":7.0,"gold_loss":50.0,"damage_taken":0.0},{"damage_healed":0.0,"max_hp_gain":0.0,"max_hp_loss":0.0,"gold_gain":0.0,"event_name":"Duplicator","player_choice":"Copied","floor":20.0,"gold_loss":0.0,"damage_taken":0.0,"cards_obtained":["Echo Form"]},{"damage_healed":0.0,"max_hp_gain":0.0,"max_hp_loss":0.0,"gold_gain":0.0,"event_name":"Vampires","player_choice":"Ignored","floor":30.0,"gold_loss":0.0,"damage_taken":0.0},{"damage_healed":0.0,"max_hp_gain":0.0,"max_hp_loss":0.0,"gold_gain":0.0,"event_name":"SensoryStone","player_choice":"Memory 2","floor":37.0,"gold_loss":0.0,"damage_taken":5.0},{"damage_healed":0.0,"max_hp_gain":0.0,"max_hp_loss":0.0,"gold_gain":0.0,"event_name":"MindBloom","player_choice":"Fight","floor":38.0,"gold_loss":0.0,"damage_taken":0.0},{"damage_healed":0,"gold_gain":0,"player_choice":"Ignored","damage_taken":0,"max_hp_gain":0,"max_hp_loss":0,"event_name":"Tomb of Lord Red Mask","floor":41,"gold_loss":0}],"is_beta":false,"boss_relics":[{"not_picked":["Velvet Choker","Philosopher\u0027s Stone"],"picked":"Nuclear Battery"},{"not_picked":["Runic Pyramid","Coffee Dripper"],"picked":"Inserter"}],"items_purged_floors":[0,27,39,45],"is_endless":false,"potions_floor_spawned":[1,11,16,19,21,31,33,36,38,47,48,54],"ascension_level":0}}