{"host":"86cuvgv6d0efted3","time":1610140024,"event":{"mods":["AchievementEnabler","Act Like it!","BaseMod","Better Synergies","BetterRewards","Colored Map","Colored Powertips","Downfall","Gremlin Mod","Hermit","Hubris","Minty Spire (QoL Compilation)","Quick Restart","Replay The Spire","Shop Mod","StSLib","The Druid"],"gold_per_floor":[99,119,130,146,246,246,246,281,281,1,0,13,0,0,0,0],"floor_reached":14,"playtime":2036,"items_purged":[],"score":88,"play_id":"feedd50a-148a-4aab-8cb3-051b256663df","local_time":"20210108180704","is_ascension_mode":false,"campfire_choices":[{"data":"champ:Execute","floor":1,"key":"SMITH"},{"floor":6,"key":"REST"}],"circlet_count":0,"master_deck":["champ:Strike","champ:Strike","champ:Defend","champ:Defend","champ:Defend","champ:Execute+1","champ:Taunt","champ:BerserkersShout","champ:Encircle+1","champ:GutPunch","champ:PerfectedStrike","champ:BerserkersShout","champ:SwordThrow","champ:Backstep","champ:GladiatorsShout","champ:GladiatorsShout","champ:GladiatorStyle","champ:SkillfulDodge","champ:FanOfKnives","champ:DefensiveStyle"],"relics":["champ:ChampionCrown","Letter Opener","Replay:Mystery Machine","Vajra"],"acts_visited":["Exordium"],"potions_floor_usage":[5,13,13],"damage_taken":[{"damage":5,"enemies":"Cultist","floor":2,"turns":3},{"damage":6,"enemies":"2 Louse","floor":3,"turns":2},{"damage":20,"enemies":"Jaw Worm","floor":4,"turns":4},{"damage":78,"enemies":"downfall:Heads","floor":5,"turns":6},{"damage":29,"enemies":"Gremlin Nob","floor":8,"turns":3},{"damage":29,"enemies":"downfall:FleeingMerchant","floor":10,"turns":4},{"damage":27,"enemies":"downfall:FleeingMerchant","floor":11,"turns":4},{"damage":3,"enemies":"Blue Slaver","floor":12,"turns":2},{"damage":20,"enemies":"downfall:FleeingMerchant","floor":13,"turns":4},{"damage":12,"enemies":"Replay:BlueRogue","floor":14,"turns":3}],"seed_played":"760964604688781541","potions_obtained":[{"floor":3,"key":"LiquidBronze"},{"floor":4,"key":"Swift Potion"},{"floor":8,"key":"Weak Potion"}],"is_trial":false,"path_per_floor":["R","M","M","M","?","R","T","E","?","$","$","M","$","E"],"character_chosen":"THE_CHAMP","items_purchased":["Vajra","champ:GladiatorsShout","champ:GladiatorStyle"],"campfire_rested":1,"item_purchase_floors":[10,10,10],"current_hp_per_floor":[99,99,96,85,31,60,60,46,46,36,21,21,10,0,0,0],"gold":0,"neow_bonus":"TEN_PERCENT_HP_BONUS","is_daily":false,"chose_seed":false,"campfire_upgraded":1,"win_rate":0.0,"timestamp":1610140024,"path_taken":["R","M","M","M","?","R","T","E","?","?","$","M","$","E"],"items_purchased_type":["Relic","Card","Card"],"build_version":"2020-12-22","purchased_purges":0,"victory":false,"max_hp_per_floor":[99,99,99,99,99,99,99,99,99,99,99,99,99,99,99,99],"card_choices":[{"not_picked":["champ:BladeFlurry","champ:FightOn"],"picked":"champ:BerserkersShout","floor":2},{"not_picked":["champ:CalledShot","champ:GladiatorStyle"],"picked":"champ:Encircle","floor":3},{"not_picked":["champ:HeartStrike","champ:BerserkersShout"],"picked":"champ:GutPunch","floor":4},{"not_picked":["champ:BladeFlurry","champ:PreciseThrust"],"picked":"champ:BerserkersShout","floor":5},{"not_picked":["champ:StanceDance","champ:Riposte"],"picked":"champ:SwordThrow","floor":8},{"not_picked":["champ:GladiatorsShout","champ:RecklessLeap"],"picked":"champ:Backstep","floor":10},{"not_picked":["champ:GladiatorsShout","champ:BladeFlurry"],"picked":"champ:SkillfulDodge","floor":11},{"not_picked":["champ:StanceDance","champ:Backstep"],"picked":"champ:FanOfKnives","floor":12},{"not_picked":["champ:FocusedGladiator","champ:FanOfKnives"],"picked":"champ:DefensiveStyle","floor":13}],"player_experience":450847,"relics_obtained":[{"floor":7,"key":"Letter Opener"},{"floor":8,"key":"Replay:Mystery Machine"}],"event_choices":[],"is_beta":false,"boss_relics":[],"items_purged_floors":[],"is_endless":false,"potions_floor_spawned":[3,4,8],"killed_by":"Replay:BlueRogue","ascension_level":0}}