{"host":"tw7a6rmo9h75ssrt","time":1610087851,"event":{"mods":["AchievementEnabler","Act Like it!","BaseMod","Colored Map","Highlight Path","Minty Spire (QoL Compilation)","Permanent Neow","Quick Restart","Relic Stats","SuperFastMode"],"gold_per_floor":[111,111,122,122,47,47,63,29,29,41,41,41,80,94,94,187,187,203,216,76,99,99,99,119,218,218,218,218,218,292,319,319,319,319],"floor_reached":33,"playtime":1139,"items_purged":["Strike_R","Strike_R"],"score":434,"play_id":"1d8ea775-b474-46a3-b86f-8c7d3d28571a","local_time":"20210108143731","is_ascension_mode":true,"campfire_choices":[{"floor":6.0,"key":"REST"},{"data":"Rage","floor":12.0,"key":"SMITH"},{"data":"Bash","floor":15.0,"key":"SMITH"},{"data":"Double Tap","floor":23.0,"key":"SMITH"},{"data":"Brutality","floor":27.0,"key":"SMITH"},{"data":"Battle Trance","floor":29.0,"key":"SMITH"},{"data":"Inflame","floor":32.0,"key":"SMITH"}],"circlet_count":0,"master_deck":["AscendersBane","Strike_R","Strike_R","Defend_R","Defend_R","Defend_R","Defend_R","Bash+1","Twin Strike","Rage+1","Corruption","Second Wind","Inflame+1","Injury","Battle Trance+1","Double Tap+1","Dark Embrace","Sword Boomerang+1","Brutality+1"],"relics":["Burning Blood","NeowsBlessing","Ancient Tea Set","Kunai","Bloody Idol","Blood Vial","Snecko Eye","Eternal Feather","White Beast Statue","Blue Candle"],"acts_visited":["Exordium","TheCity"],"potions_floor_usage":[33],"damage_taken":[{"damage":0.0,"enemies":"Cultist","floor":1.0,"turns":1.0},{"damage":0.0,"enemies":"Jaw Worm","floor":3.0,"turns":1.0},{"damage":0.0,"enemies":"Small Slimes","floor":7.0,"turns":1.0},{"damage":7.0,"enemies":"Looter","floor":10.0,"turns":3.0},{"damage":36.0,"enemies":"Gremlin Nob","floor":13.0,"turns":5.0},{"damage":6.0,"enemies":"Blue Slaver","floor":14.0,"turns":5.0},{"damage":45.0,"enemies":"Hexaghost","floor":16.0,"turns":11.0},{"damage":9.0,"enemies":"2 Thieves","floor":18.0,"turns":3.0},{"damage":1.0,"enemies":"Chosen","floor":19.0,"turns":3.0},{"damage":22.0,"enemies":"3 Cultists","floor":21.0,"turns":5.0},{"damage":13.0,"enemies":"Centurion and Healer","floor":24.0,"turns":5.0},{"damage":13.0,"enemies":"Book of Stabbing","floor":31.0,"turns":4.0},{"damage":81,"enemies":"Collector","floor":33,"turns":7}],"seed_played":"-6441448269250260847","potions_obtained":[{"floor":13.0,"key":"HeartOfIron"},{"floor":14.0,"key":"ElixirPotion"},{"floor":16.0,"key":"Energy Potion"},{"floor":21.0,"key":"SkillPotion"},{"floor":31.0,"key":"DistilledChaos"}],"is_trial":false,"path_per_floor":["M","?","M","?","$","R","M","$","T","M","?","R","E","M","R","B",null,"M","M","$","M","$","R","M","?","T","R","?","R","T","E","R","B"],"character_chosen":"IRONCLAD","items_purchased":["Second Wind","Dark Embrace"],"campfire_rested":1,"item_purchase_floors":[8,20],"current_hp_per_floor":[78,53,59,52,52,76,80,80,80,79,79,79,49,51,51,14,64,63,70,70,56,56,56,51,51,51,60,60,69,74,74,80,0,0],"gold":319,"neow_bonus":"THREE_ENEMY_KILL","is_daily":false,"chose_seed":false,"campfire_upgraded":6,"win_rate":0.0,"timestamp":1610087851,"path_taken":["M","?","M","?","?","R","?","$","T","M","?","R","E","M","R","BOSS","M","M","$","M","$","R","M","?","T","R","?","R","?","E","R","BOSS"],"items_purchased_type":["Card","Card"],"build_version":"2020-12-22","purchased_purges":2,"victory":false,"max_hp_per_floor":[80,80,80,80,80,80,80,80,80,80,80,80,80,80,80,80,80,80,80,80,80,80,80,80,80,80,80,80,80,80,80,80,80,80],"relic_stats":{"Blood Vial":14,"counters":[13,54],"Bloody Idol":10,"Blue Candle":[1],"Snecko Eye":[53,49,55,52],"Eternal Feather":24,"Kunai":[16],"obtain_stats":[{"Blood Vial":13,"NeowsBlessing":0,"Golden Idol":11,"Bloody Idol":28,"Blue Candle":31,"Snecko Eye":17,"Eternal Feather":26,"Kunai":9,"Ancient Tea Set":2,"Burning Blood":0,"White Beast Statue":30},{"Blood Vial":5,"NeowsBlessing":0,"Golden Idol":4,"Bloody Idol":11,"Blue Candle":12,"Snecko Eye":7,"Eternal Feather":11,"Kunai":3,"Ancient Tea Set":1,"Burning Blood":0,"White Beast Statue":11},{"Blood Vial":11,"NeowsBlessing":0,"Golden Idol":6,"Bloody Idol":43,"Blue Candle":47,"Snecko Eye":27,"Eternal Feather":43,"Kunai":3,"Ancient Tea Set":1,"Burning Blood":0,"White Beast Statue":43}],"Burning Blood":70},"card_choices":[{"not_picked":["Armaments","Anger"],"picked":"Twin Strike","floor":1.0},{"not_picked":["Iron Wave","Clash"],"picked":"Rage","floor":3.0},{"not_picked":["Shockwave","Sentinel"],"picked":"Corruption","floor":7.0},{"not_picked":["Anger","Armaments"],"picked":"Inflame","floor":10.0},{"not_picked":["Warcry","Cleave","Hemokinesis"],"picked":"SKIP","floor":13.0},{"not_picked":["Cleave","Blood for Blood"],"picked":"Battle Trance","floor":14.0},{"not_picked":["Reaper","Limit Break"],"picked":"Double Tap","floor":16.0},{"not_picked":["Anger","Iron Wave","Flex"],"picked":"SKIP","floor":18.0},{"not_picked":["Evolve","Iron Wave","Combust"],"picked":"SKIP","floor":19.0},{"not_picked":["Wild Strike","Anger"],"picked":"Sword Boomerang+1","floor":21.0},{"not_picked":["Disarm","Whirlwind"],"picked":"Brutality","floor":24.0},{"not_picked":["Sever Soul","Metallicize","True Grit"],"picked":"SKIP","floor":31.0}],"player_experience":100611,"relics_obtained":[{"floor":9.0,"key":"Kunai"},{"floor":13.0,"key":"Blood Vial"},{"floor":26.0,"key":"Eternal Feather"},{"floor":30.0,"key":"White Beast Statue"},{"floor":31.0,"key":"Blue Candle"}],"event_choices":[{"damage_healed":0.0,"max_hp_gain":0.0,"max_hp_loss":0.0,"gold_gain":0.0,"event_name":"Scrap Ooze","player_choice":"Success","floor":2.0,"gold_loss":0.0,"damage_taken":25.0,"relics_obtained":["Ancient Tea Set"]},{"cards_removed":["Strike_R"],"damage_healed":0.0,"max_hp_gain":0.0,"max_hp_loss":0.0,"gold_gain":0.0,"event_name":"Golden Wing","player_choice":"Card Removal","floor":4.0,"gold_loss":0.0,"damage_taken":7.0},{"damage_healed":0.0,"max_hp_gain":0.0,"max_hp_loss":0.0,"gold_gain":0.0,"event_name":"Golden Idol","player_choice":"Take Wound","floor":11.0,"gold_loss":0.0,"damage_taken":0.0,"relics_obtained":["Golden Idol"],"cards_obtained":["Injury"]},{"damage_healed":0.0,"max_hp_gain":0.0,"max_hp_loss":0.0,"gold_gain":99.0,"event_name":"Nest","player_choice":"Stole From Cult","floor":25.0,"gold_loss":0.0,"damage_taken":0.0},{"damage_healed":0.0,"max_hp_gain":0.0,"max_hp_loss":0.0,"gold_gain":0.0,"event_name":"Forgotten Altar","player_choice":"Gave Idol","floor":28.0,"relics_lost":["Golden Idol"],"gold_loss":0.0,"damage_taken":0.0,"relics_obtained":["Bloody Idol"]}],"is_beta":false,"boss_relics":[{"not_picked":["SacredBark","Velvet Choker"],"picked":"Snecko Eye"}],"items_purged_floors":[5,20],"is_endless":false,"potions_floor_spawned":[13,14,16,21,31],"killed_by":"Collector","ascension_level":13}}