{"host":"w5vfr18i2ft1pzo2","time":1610121747,"event":{"mods":["AchievementEnabler","Act Like it!","Aspiration","BaseMod","Better Third Choice","BetterRewards","Colored Map","Colored Powertips","Conspire","Curses Come First","DNKmod","Defuse TimeMaze Blight","Dota2Spire","Elementarium","Energized Spire","Evolution","Force Act Four","Friendly Minions","Gensokyo","GifTheSpireLib","Gold Saver","GungeonMod","Halation","Hallownest","Hubris","Hyrulean Relics","Infinite Spire","Jedi Mod","Marisa????????","Minty Spire (QoL Compilation)","MostiFishMod","Poor People Problems","Prisma Mod","Remilia??????","Replay The Spire","SacredBarkPlus","Small Relic Pack","Spicy Shops","Spikes Relics","StSLib","Stuff the Spire","SuperFastMode","Synergy Search","The Blue Laboratory","The Servant 0.9.4","Trackpad","Treasure Hunter","Uncapped","Wandering Minibosses","Yakumo Yukari mod","noobMod","vexMod","??????REMEMod"],"gold_per_floor":[1084,1096,428,428,442,442,473,473,473,500,517,572,113,144,144,217,-1183,-1171,-1151,-1151,-1132,816,851,870,905,960,875,893,924,1062,1092,1092,1293,1293,1308,1308,1308,1325,1200,1230,1230,1240,1240,1251,1278,1328,1374,1388,1388,1403,1403,1403,1403,1403,1436,1436],"floor_reached":57,"playtime":5106,"items_purged":["Defend_P","Defend_P","Strike_P"],"score":3153,"play_id":"306c357a-d5d2-40d8-89f6-957e02b5643d","local_time":"20210109000227","is_ascension_mode":true,"campfire_choices":[{"floor":6.0,"key":"DIG"},{"floor":8.0,"key":"RECALL"},{"floor":15.0,"key":"DIG"},{"floor":32.0,"key":"DIG"},{"floor":41,"key":"DIG"},{"floor":49,"key":"DIG"},{"floor":53,"key":"DIG"}],"circlet_count":0,"master_deck":["AscendersBane","Strike_P","Strike_P","Strike_P","Defend_P+1","Defend_P","Eruption","Vigilance","DevaForm","MostiFishMod:Nomercy","CutThroughFate+1","Prostrate","Fasting2","TalkToTheHand","TH:DeckOfManyThings","Consecrate","TH:CursedSword","TH:DeckOfManyThings+1","ForeignInfluence","WheelKick","MostiFishMod:LegendTransform","LessonLearned","REME_ProfessionalPlagiarism","TH:ArmorSpikes","WheelKick","MostiFishMod:Pointsdynamics","TH:BikiniMail+1","CrushJoints","MostiFishMod:CyberBuddha+1","REME_Repentance+1","TH:BikiniMail","MostiFishMod:Speedup","TH:TreasureMap","Sanctity","TH:DeckOfManyThings+1","EmptyMind","infinitespire:Collect","TH:DeckOfManyThings","MostiFishMod:PathToVictory","Ragnarok+1","TH:CursedSword","TH:CursedSword","Blasphemy","CutThroughFate+1","jedi:forcepull","Flash of Steel","Discovery","StuffTheSpire:Rapture","TH:DeckOfManyThings","Weave","MostiFishMod:StarHerder+1","TH:TreasureMap+1","MostiFishMod:Speedup+1","TH:CursedSword","MasterReality+1","MostiFishMod:Nomercy+1","Replay:Cycle","TH:CursedSword","MostiFishMod:LegendTransform+1"],"relics":["PureWater","EVO:Axolotl","DaveBox","ice","REME_ComplimentaryCards","Coffee Dripper","vexMod:MegatonBomb","SynthV:TestCard","Shovel","hubris:Icosahedron","DianDianMeat","InkBottle","infinitespire:Golems Mask","DemoMod:MeltedRock","Toy Ornithopter","SynthV:MejaisSoulstealer","wanderingMiniBosses:MasterThiefsPresence","infinitespire:Lychee Nut","SuspiciousGoo","Blood Vial","ReplayTheSpireMod:TigerMarble","Gremlin Horn","SnailShell","Akabeko","VioletLotus","Frozen Egg 2","Question Card","trackpad:HandOfMidas","ThornShield","Boot","halation:TwoAmDonut","Dota2Spire:MonkeyKingBar"],"acts_visited":["Exordium","TheCity","TheBeyond","TheEnding"],"potions_floor_usage":[42,45,55,55],"damage_taken":[{"damage":0.0,"enemies":"Jaw Worm","floor":1.0,"turns":1.0},{"damage":0.0,"enemies":"Small Slimes","floor":2.0,"turns":1.0},{"damage":0.0,"enemies":"2 Louse","floor":5.0,"turns":3.0},{"damage":0.0,"enemies":"3 Sentries","floor":7.0,"turns":2.0},{"damage":7.0,"enemies":"Lagavulin","floor":10.0,"turns":5.0},{"damage":5.0,"enemies":"Looter","floor":11.0,"turns":2.0},{"damage":5.0,"enemies":"Lagavulin Event","floor":12.0,"turns":3.0},{"damage":1.0,"enemies":"Gremlin Nob","floor":14.0,"turns":3.0},{"damage":44.0,"enemies":"Hexaghost","floor":16.0,"turns":7.0},{"damage":6.0,"enemies":"3 Byrds","floor":18.0,"turns":1.0},{"damage":13.0,"enemies":"Shell Parasite","floor":19.0,"turns":2.0},{"damage":0.0,"enemies":"Cultist and Chosen","floor":21.0,"turns":2.0},{"damage":16.0,"enemies":"conspire:HollyBat","floor":22.0,"turns":9.0},{"damage":0.0,"enemies":"Gremlin Leader","floor":23.0,"turns":2.0},{"damage":14.0,"enemies":"Centurion and Healer","floor":24.0,"turns":3.0},{"damage":25.0,"enemies":"conspire:SneckoGhost","floor":25.0,"turns":4.0},{"damage":0.0,"enemies":"Snecko","floor":28.0,"turns":2.0},{"damage":4.0,"enemies":"Nightmare","floor":29.0,"turns":5.0},{"damage":0.0,"enemies":"conspire:HollyBat","floor":30.0,"turns":6.0},{"damage":36.0,"enemies":"Book of Stabbing","floor":31.0,"turns":5.0},{"damage":7.0,"enemies":"Automaton","floor":33.0,"turns":5.0},{"damage":0.0,"enemies":"Orb Walker","floor":35.0,"turns":2.0},{"damage":0,"enemies":"3 Darklings","floor":38,"turns":2},{"damage":3,"enemies":"R_Hoarder","floor":40,"turns":3},{"damage":0,"enemies":"Maw","floor":42,"turns":3},{"damage":0,"enemies":"Spire Growth","floor":44,"turns":2},{"damage":35,"enemies":"Reptomancer","floor":45,"turns":5},{"damage":3,"enemies":"Jaw Worm Horde","floor":47,"turns":2},{"damage":0,"enemies":"3 Darklings","floor":48,"turns":3},{"damage":517,"enemies":"Awakened One","floor":50,"turns":13},{"damage":7,"enemies":"hubris:GrandSnecko","floor":51,"turns":7},{"damage":3,"enemies":"Shield and Spear","floor":55,"turns":2},{"damage":227,"enemies":"The Heart","floor":56,"turns":8}],"seed_played":"2150577131021709503","potions_obtained":[{"floor":5.0,"key":"Strength Potion"},{"floor":11.0,"key":"blueLaboratory:AlphaPotion"},{"floor":12.0,"key":"LiquidMemories"},{"floor":18.0,"key":"blueLaboratory:Moonshine"},{"floor":21.0,"key":"Dota2Spire:Clarity"},{"floor":24.0,"key":"blueLaboratory:MidnightOil"},{"floor":28.0,"key":"jedi:StrikingPotion"},{"floor":31.0,"key":"AttackPotion"},{"floor":48,"key":"Explosive Potion"},{"floor":55,"key":"FairyPotion"}],"is_trial":false,"path_per_floor":["M","M","$","?","M","R","E","R","T","E","M","?","$","E","R","B",null,"M","M","$","M","M","E","M","E","T","?","M","NM","M","E","R_BF","B",null,"M","?","?","M","$","E","R","M","T","M","E","?","M","M","R","B","B",null,"R","$","E","B",null],"character_chosen":"WATCHER","items_purchased":["Prostrate","Shovel","Fasting2","LessonLearned","REME_ProfessionalPlagiarism"],"campfire_rested":0,"item_purchase_floors":[3,3,3,13,13],"current_hp_per_floor":[61,61,61,61,61,61,64,64,67,69,70,72,89,109,109,90,142,150,137,137,152,152,187,176,196,217,217,246,327,361,360,360,418,444,479,565,599,604,604,679,679,720,758,797,848,848,892,942,942,433,452,835,835,835,936,729],"gold":1436,"neow_bonus":"DOUBLE_BOSS_RELIC","is_daily":false,"chose_seed":false,"campfire_upgraded":0,"win_rate":0.0,"timestamp":1610121747,"path_taken":["M","M","$","?","M","R","E","R","T","E","M","?","?","E","R","BOSS","M","?","$","?","M","E","M","E","T","?","M","NM","M","E","R_BF","BOSS","M","?","?","M","$","E","R","?","T","M","E","?","M","M","R","BOSS","BOSS","R","$","E","BOSS"],"items_purchased_type":["Card","Relic","Card","Card","Card"],"build_version":"2020-12-22","purchased_purges":3,"victory":true,"max_hp_per_floor":[68,68,68,68,68,68,71,71,74,83,89,96,113,134,134,159,159,173,173,173,188,204,188,188,227,248,248,270,342,368,395,395,452,452,482,578,612,612,612,683,683,720,758,797,878,878,920,963,963,963,963,963,963,963,1052,1052],"card_choices":[{"not_picked":["EmptyFist","MostiFishMod:Dust"],"picked":"MostiFishMod:Nomercy","floor":1.0},{"not_picked":["ThirdEye","REME_MusicOfDeath","EmptyBody","MostiFishMod:Adaptation"],"picked":"CutThroughFate","floor":2.0},{"not_picked":["Nirvana","Evaluate","Crescendo","MostiFishMod:Clarity"],"picked":"TalkToTheHand","floor":5.0},{"not_picked":["TH:EnergyPotion","TH:TreasureMap","TH:BikiniMail"],"picked":"TH:DeckOfManyThings","floor":7.0},{"not_picked":["BattleHymn","Evaluate","Study","Halt"],"picked":"Consecrate","floor":7.0},{"not_picked":["TH:CopperCoins","TH:PixieDust","TH:BikiniMail"],"picked":"TH:CursedSword","floor":9.0},{"not_picked":["TH:ArmorSpikes","TH:PixieDust","TH:TreasureMap"],"picked":"TH:DeckOfManyThings","floor":10.0},{"not_picked":["BattleHymn","EmptyFist","EmptyBody","Replay:BluntJabs"],"picked":"ForeignInfluence","floor":10.0},{"not_picked":["JustLucky","Replay:AtTheReady","FlyingSleeves","SandsOfTime"],"picked":"WheelKick","floor":11.0},{"not_picked":["MostiFishMod:FlowState","Prostrate","BowlingBash","CrushJoints"],"picked":"MostiFishMod:LegendTransform","floor":12.0},{"not_picked":["TH:Mimic","TH:EnergyPotion","TH:PixieDust"],"picked":"TH:ArmorSpikes","floor":14.0},{"not_picked":["ClearTheMind","Collect","Replay:Hum","REME_Repentance"],"picked":"WheelKick","floor":14.0},{"not_picked":["REME_EmptyShield","ConjureBlade","jedi:nirvanicrebirth","SpiritShield"],"picked":"MostiFishMod:Pointsdynamics","floor":16.0},{"not_picked":["TH:CopperCoins","TH:EnergyPotion","TH:TreasureMap"],"picked":"TH:BikiniMail","floor":16.0},{"not_picked":["JustLucky","WindmillStrike","Evaluate","ClearTheMind"],"picked":"CrushJoints","floor":18.0},{"not_picked":["REME_MusicOfDeath","EmptyFist","Evaluate","WaveOfTheHand","CrushJoints"],"picked":"SKIP","floor":19.0},{"not_picked":["Swivel","Replay:AtTheReady+1","JustLucky","Evaluate+1"],"picked":"MostiFishMod:CyberBuddha","floor":21.0},{"not_picked":["CrushJoints","Evaluate","Consecrate","REME_MusicOfDeath"],"picked":"REME_Repentance","floor":22.0},{"not_picked":["TH:CopperCoins","TH:ElvenBoots","TH:Mimic"],"picked":"TH:BikiniMail","floor":23.0},{"not_picked":["Consecrate","MostiFishMod:Clarity+1","Protect","EmptyFist+1"],"picked":"MostiFishMod:Speedup","floor":23.0},{"not_picked":["Consecrate","SpiritShield","Evaluate","PathToVictory","Replay:BluntJabs"],"picked":"SKIP","floor":24.0},{"not_picked":["TH:ElvenBoots","TH:CopperCoins","TH:Mimic"],"picked":"TH:TreasureMap","floor":25.0},{"not_picked":["FlurryOfBlows+1","Protect","Replay:BluntJabs","Fasting2","MostiFishMod:Disappear"],"picked":"Sanctity","floor":25.0},{"not_picked":["TH:EnergyPotion","TH:ElvenBoots","TH:CopperCoins"],"picked":"TH:DeckOfManyThings","floor":26.0},{"not_picked":["Replay:ManipulateFuture","Prostrate","FlurryOfBlows","Replay:Cycle"],"picked":"EmptyMind","floor":28.0},{"not_picked":["ReplayTheSpireMod:Echoes of Time","infinitespire:TheBestDefense"],"picked":"infinitespire:Collect","floor":29.0},{"not_picked":["TH:BikiniMail","TH:ArmorSpikes","TH:PixieDust"],"picked":"TH:DeckOfManyThings","floor":29.0},{"not_picked":["CutThroughFate","BowlingBash","EmptyFist","FollowUp"],"picked":"MostiFishMod:PathToVictory","floor":29.0},{"not_picked":["EmptyMind","Consecrate","Protect","ThirdEye+1"],"picked":"Ragnarok","floor":30.0},{"not_picked":["TH:ElvenBoots","TH:Mimic","TH:ArmorSpikes"],"picked":"TH:CursedSword","floor":31.0},{"not_picked":["Replay:Battleflow","CrushJoints","FlyingSleeves","ClearTheMind+1","FollowUp"],"picked":"SKIP","floor":31.0},{"not_picked":["TH:CopperCoins","TH:TreasureMap","TH:ElvenBoots"],"picked":"TH:CursedSword","floor":33.0},{"not_picked":["Replay:LoomingThreat","MostiFishMod:Unraveling","MostiFishMod:StarOceanP","MostiFishMod:OutWit"],"picked":"Blasphemy","floor":33.0},{"not_picked":["Replay:BluntJabs+1","MostiFishMod:LegendTransform","DeceiveReality","Halt"],"picked":"CutThroughFate","floor":35},{"not_picked":["jedi:forcepush","TH:CursedSword","TH:TreasureMap","Panacea"],"picked":"jedi:forcepull","floor":36},{"not_picked":["Specialist","hubris:Ssssneak","conspire:Banana","ReplayTheSpireMod:Necrogeddon"],"picked":"Flash of Steel","floor":36},{"not_picked":["Transmutation","Mind Blast","Impatience","DemoMod:Deposit"],"picked":"Discovery","floor":36},{"not_picked":["StuffTheSpire:CelestialWarden","StuffTheSpire:Vigor"],"picked":"StuffTheSpire:Rapture","floor":37},{"not_picked":["Evaluate+1","BowlingBash","Prostrate","Replay:AtTheReady","Consecrate"],"picked":"SKIP","floor":38},{"not_picked":["TH:Mimic","TH:ArmorSpikes","TH:ElvenBoots"],"picked":"TH:DeckOfManyThings","floor":40},{"not_picked":["Fasting2+1","SashWhip","Consecrate","MostiFishMod:PathToVictory"],"picked":"Weave","floor":40},{"not_picked":["Prostrate","Replay:AtTheReady","MostiFishMod:Clarity+1","REME_MusicOfDeath+1","Replay:Hum"],"picked":"MostiFishMod:StarHerder+1","floor":42},{"not_picked":["TH:BikiniMail","TH:EnergyPotion","TH:ArmorSpikes","TH:PixieDust"],"picked":"TH:TreasureMap","floor":43},{"not_picked":["DeceiveReality","Perseverance","JustLucky","Replay:Hum","FlyingSleeves"],"picked":"MostiFishMod:Speedup+1","floor":44},{"not_picked":["TH:ArmorSpikes","TH:EnergyPotion","TH:BikiniMail","TH:Mimic"],"picked":"TH:CursedSword","floor":45},{"not_picked":["MostiFishMod:LegendTransform+1","SashWhip","REME_MusicOfDeath+1","SignatureMove","FlyingSleeves"],"picked":"MasterReality+1","floor":45},{"not_picked":["REME_WorshipGod","ThirdEye","Halt+1","Replay:AtTheReady+1","Weave+1"],"picked":"MostiFishMod:Nomercy+1","floor":47},{"not_picked":["REME_Repentance","BowlingBash","MostiFishMod:Unraveling","FlyingSleeves+1","TalkToTheHand"],"picked":"Replay:Cycle","floor":48},{"not_picked":["TH:DeckOfManyThings","TH:Mimic","TH:EnergyPotion","TH:ArmorSpikes"],"picked":"TH:CursedSword","floor":55},{"not_picked":["BattleHymn+1","MostiFishMod:FlowState+1","REME_Repentance","Replay:BluntJabs","JustLucky"],"picked":"MostiFishMod:LegendTransform+1","floor":55}],"player_experience":254227,"relics_obtained":[{"floor":1.0,"key":"SynthV:TestCard"},{"floor":6.0,"key":"DianDianMeat"},{"floor":10.0,"key":"InkBottle"},{"floor":12.0,"key":"infinitespire:Golems Mask"},{"floor":14.0,"key":"DemoMod:MeltedRock"},{"floor":15.0,"key":"Toy Ornithopter"},{"floor":22.0,"key":"wanderingMiniBosses:MasterThiefsPresence"},{"floor":23.0,"key":"infinitespire:Lychee Nut"},{"floor":25.0,"key":"SuspiciousGoo"},{"floor":26.0,"key":"Blood Vial"},{"floor":29.0,"key":"Gremlin Horn"},{"floor":31.0,"key":"SnailShell"},{"floor":32.0,"key":"Akabeko"},{"floor":40,"key":"Frozen Egg 2"},{"floor":41,"key":"Question Card"},{"floor":43,"key":"trackpad:HandOfMidas"},{"floor":45,"key":"ThornShield"},{"floor":49,"key":"Boot"},{"floor":53,"key":"halation:TwoAmDonut"},{"floor":55,"key":"Dota2Spire:MonkeyKingBar"}],"event_choices":[{"damage_healed":0.0,"max_hp_gain":0.0,"max_hp_loss":0.0,"gold_gain":0.0,"event_name":"Dead Adventurer","player_choice":"Searched \u00271\u0027 times","floor":12.0,"gold_loss":0.0,"damage_taken":0.0},{"damage_healed":0.0,"max_hp_gain":0.0,"max_hp_loss":0.0,"gold_gain":0.0,"event_name":"Addict","player_choice":"Obtained Relic","floor":27.0,"gold_loss":85.0,"damage_taken":0.0,"relics_obtained":["ReplayTheSpireMod:TigerMarble"]},{"damage_healed":0,"gold_gain":0,"player_choice":"Memory 3","damage_taken":10,"max_hp_gain":0,"max_hp_loss":0,"event_name":"SensoryStone","floor":36,"gold_loss":0},{"damage_healed":0,"gold_gain":50,"player_choice":"Pray","damage_taken":0,"max_hp_gain":0,"max_hp_loss":0,"event_name":"Golden Shrine","floor":46,"gold_loss":0}],"is_beta":false,"boss_relics":[{"not_picked":["Sozu","trackpad:Coffee"],"picked":"SynthV:MejaisSoulstealer"},{"not_picked":["energizedSpire:DeadBattery","aspiration:RitualDagger"],"picked":"VioletLotus"}],"items_purged_floors":[3,13,39],"is_endless":false,"potions_floor_spawned":[1,5,11,12,18,21,24,28,31,35,38,48,55],"ascension_level":20}}