{"host":"Charlie","time":1610070525,"event":{"mods":["100% Spire Juice","Aspiration","BaseMod","Better Match","Better Skull","Better Third Choice","BetterRewards","ChefMod","Colored Map","Colored Powertips","Conspire","Curses Come First","Downfall","Ekko","Evolution","Friendly Minions","Halation","Hermit","Hubris","Infinite Spire","Luminous","Melee Mod","Minty Spire (QoL Compilation)","Quick Restart","Rare Cards Sparkle","Relic Stats","Robot Space Explorer","Shade Mod","Spicy Shops","StSLib","SuperFastMode","Synergy Search","The Animator","The Blue Laboratory","The Caster","The Cursed","The Dragon Tamer","The Factory","The Gatherer","The Jungle","The Marked","The Necromancer","Unceasing Turn Reminder","vexMod"],"gold_per_floor":[116,116,116,126,145,145,156,191,236,116,116,137,40,53,53,183,63,84,84,84,84,100,100,100],"floor_reached":23,"playtime":1224,"items_purged":[],"score":218,"play_id":"27c04845-3256-4181-ad9e-277f0b4c156a","local_time":"20210107174845","is_ascension_mode":false,"campfire_choices":[{"data":"Moonworks:AnotherUltimateWeapon","floor":6,"key":"SMITH"},{"data":"Moonworks:Ambush","floor":10,"key":"SMITH"},{"floor":15,"key":"REST"}],"circlet_count":0,"master_deck":["Moonworks:Strike","Moonworks:Strike","Moonworks:Strike","Moonworks:Defend","Moonworks:Defend","Moonworks:Defend","Moonworks:Defend","Moonworks:Ambush+1","Moonworks:LongDistanceShot","Moonworks:ImOnFire","Moonworks:AnotherUltimateWeapon+1","Moonworks:PlushieMaster","Moonworks:StiffCrystal","Moonworks:RocketCannon","RitualDagger"],"relics":["Moonworks:BrokenBomb","Moonworks:Homemark","EVO:Axolotl","conspire:GlowingRock","Happy Flower","Golden Idol","conspire:SpecialSausage"],"acts_visited":["Exordium","TheCity"],"potions_floor_usage":[8,8,16,23],"damage_taken":[{"damage":1,"enemies":"Jaw Worm","floor":1,"turns":4},{"damage":0,"enemies":"Cultist","floor":4,"turns":4},{"damage":0,"enemies":"Small Slimes","floor":5,"turns":2},{"damage":10,"enemies":"Looter","floor":7,"turns":3},{"damage":0,"enemies":"Lagavulin","floor":8,"turns":4},{"damage":18,"enemies":"Large Slime","floor":12,"turns":4},{"damage":12,"enemies":"Exordium Wildlife","floor":13,"turns":5},{"damage":0,"enemies":"Looter","floor":14,"turns":2},{"damage":6,"enemies":"Hexaghost","floor":16,"turns":10},{"damage":29,"enemies":"Shell Parasite","floor":18,"turns":5},{"damage":6,"enemies":"2 Thieves","floor":22,"turns":3},{"damage":26,"enemies":"Slavers","floor":23,"turns":3}],"seed_played":"-7629454291299847754","potions_obtained":[{"floor":2,"key":"SteroidPotion"},{"floor":2,"key":"blueLaboratory:RememoryPotion"},{"floor":2,"key":"blueLaboratory:RecallPotion"},{"floor":4,"key":"Fire Potion"},{"floor":12,"key":"blueLaboratory:EnragingPotion"},{"floor":16,"key":"blueLaboratory:PolymorphPotion"},{"floor":22,"key":"champ:CounterPotion"}],"is_trial":false,"path_per_floor":["M","?","$","M","M","R","M","E","T","R","?","M","M","M","R","B",null,"M","?","?","?","M","E"],"character_chosen":"THE_STARBREAKER","items_purchased":[],"campfire_rested":1,"item_purchase_floors":[],"current_hp_per_floor":[65,65,65,65,65,65,55,55,55,55,55,37,25,25,43,37,61,32,26,26,26,20,0,0],"gold":100,"neow_bonus":"TEN_PERCENT_HP_BONUS","is_daily":false,"chose_seed":false,"campfire_upgraded":2,"win_rate":0.0,"timestamp":1610070525,"path_taken":["M","?","?","M","M","R","M","E","T","R","?","M","M","M","R","BOSS","M","?","?","?","M","E"],"items_purchased_type":[],"build_version":"2020-12-18","purchased_purges":0,"victory":false,"max_hp_per_floor":[66,66,66,66,66,66,66,66,66,66,61,61,61,61,61,61,61,61,61,61,61,61,61,61],"relic_stats":{"Happy Flower":[10],"counters":[12,49],"Golden Idol":45,"obtain_stats":[{"conspire:GlowingRock":8,"Happy Flower":9,"Golden Idol":11,"Moonworks:Homemark":0,"conspire:SpecialSausage":17,"EVO:Axolotl":0,"Moonworks:BrokenBomb":0},{"conspire:GlowingRock":5,"Happy Flower":5,"Golden Idol":5,"Moonworks:Homemark":0,"conspire:SpecialSausage":9,"EVO:Axolotl":0,"Moonworks:BrokenBomb":0},{"conspire:GlowingRock":17,"Happy Flower":17,"Golden Idol":17,"Moonworks:Homemark":0,"conspire:SpecialSausage":38,"EVO:Axolotl":0,"Moonworks:BrokenBomb":0}]},"card_choices":[{"not_picked":["Moonworks:IndiscriminateFireSupport","Moonworks:NicePresent"],"picked":"Moonworks:ImOnFire","floor":1},{"not_picked":["Moonworks:DeployBits","Moonworks:AwakeningOfTalent"],"picked":"Moonworks:AnotherUltimateWeapon","floor":4},{"not_picked":["Moonworks:EvilSpyWorkPreparation","Moonworks:DeployBits","Moonworks:WindyEnchantment"],"picked":"SKIP","floor":5},{"not_picked":["Moonworks:UnluckyCharm","Moonworks:x16BigRocket","Moonworks:EvilSpyWorkPreparation"],"picked":"SKIP","floor":7},{"not_picked":["Moonworks:WindyEnchantment","Moonworks:ImOnFire","Moonworks:Assault"],"picked":"SKIP","floor":8},{"not_picked":["Moonworks:x16BigRocket","Moonworks:Heat300Percent"],"picked":"Moonworks:PlushieMaster","floor":12},{"not_picked":["Moonworks:CloudOfSeagulls","Moonworks:JonathanRush"],"picked":"Moonworks:StiffCrystal","floor":13},{"not_picked":["Moonworks:TreasureThief","Moonworks:x16BigRocket","Moonworks:DeployBits"],"picked":"SKIP","floor":14},{"not_picked":["Moonworks:EvilMastermind","Moonworks:FinalBattle"],"picked":"Moonworks:RocketCannon","floor":16},{"not_picked":["Moonworks:CloudOfSeagulls+1","Moonworks:IndiscriminateFireSupport","Moonworks:JonathanRush"],"picked":"SKIP","floor":18},{"not_picked":["Moonworks:FinalSurgery","Moonworks:Bloodlust+1","Moonworks:x16BigRocket"],"picked":"SKIP","floor":22}],"player_experience":470722,"relics_obtained":[{"floor":8,"key":"conspire:GlowingRock"},{"floor":9,"key":"Happy Flower"}],"event_choices":[{"damage_healed":0,"gold_gain":0,"player_choice":"Got Potions","damage_taken":0,"max_hp_gain":0,"max_hp_loss":0,"event_name":"Lab","floor":2,"gold_loss":0},{"damage_healed":0,"gold_gain":0,"player_choice":"Lose Max HP","damage_taken":0,"relics_obtained":["Golden Idol"],"max_hp_gain":0,"max_hp_loss":5,"event_name":"Golden Idol","floor":11,"gold_loss":0},{"damage_healed":0,"gold_gain":0,"player_choice":"Dagger","damage_taken":6,"max_hp_gain":0,"max_hp_loss":0,"event_name":"betterThird:BetterNest","floor":19,"gold_loss":0,"cards_obtained":["RitualDagger"]},{"damage_healed":0,"gold_gain":0,"player_choice":"Ignored","damage_taken":0,"max_hp_gain":0,"max_hp_loss":0,"event_name":"Ghosts","floor":20,"gold_loss":0},{"cards_removed":["Moonworks:Strike"],"damage_healed":0,"gold_gain":0,"player_choice":"Offered Basic","damage_taken":0,"max_hp_gain":0,"max_hp_loss":0,"event_name":"Bonfire Elementals","floor":21,"gold_loss":0}],"is_beta":true,"boss_relics":[{"not_picked":["Philosopher\u0027s Stone","hubris:HollowSoul"],"picked":"conspire:SpecialSausage"}],"items_purged_floors":[],"is_endless":false,"potions_floor_spawned":[4,5,12,16,22],"killed_by":"Slavers","ascension_level":0}}