{"host":"3twtdwjpiqhvvn5s","time":1610064244,"event":{"mods":["AchievementEnabler","Act Like it!","BaseMod","BetterRewards","Colored Map","Colored Powertips","Downfall","Duelist Mod","Friendly Minions","GifTheSpireLib","Hallownest","Hermit","Hubris","Infinite Spire","Jorbs\u0027s Wanderer Trilogy","Koishi","KomeijiMod","Marisa????????","Minty Spire (QoL Compilation)","Random Character Mod","Rare Cards Sparkle","Replay The Spire","Shop Mod","StSLib","Td1madao Mod","The Administrix","The Animator","The Bug Knight","The Caster","The Cursed","The Disciple","The Hierophant","The Necromancer","The Poker Player","The Runesmith","The Servant 0.9.4","TheFirefly"],"gold_per_floor":[112,127,146,158,3,15,15,15,15,15,15,33,46,109,109,109,109],"floor_reached":16,"playtime":2464,"items_purged":[],"score":104,"play_id":"ae06e10f-bdf3-4793-81da-bdc1562e3f07","local_time":"20210107180404","daily_mods":["Lethality"],"is_ascension_mode":false,"campfire_choices":[{"floor":7,"key":"REST"},{"data":"hermit:DeadOrAlive","floor":15,"key":"SMITH"}],"circlet_count":0,"master_deck":["hermit:Strike_Hermit","hermit:Strike_Hermit","hermit:Strike_Hermit","hermit:Strike_Hermit","hermit:Defend_Hermit","hermit:Defend_Hermit","hermit:Defend_Hermit","hermit:Defend_Hermit","hermit:Snapshot","hermit:Covet","hermit:CalledShot","hermit:CalledShot","hermit:CursedWeapon","Slimebound:RollThrough","hermit:SprayPray","hermit:WideOpen","hermit:DeadOrAlive+1"],"relics":["hermit:Momento","HollowMod:JonisBlessing","hubris:BottledRain","NlothsMask","hubris:TenFootPole"],"acts_visited":["Exordium"],"potions_floor_usage":[3,4,14,14],"damage_taken":[{"damage":0,"enemies":"2 Louse","floor":1,"turns":2},{"damage":0,"enemies":"Cultist","floor":2,"turns":3},{"damage":8,"enemies":"Small Slimes","floor":3,"turns":3},{"damage":16,"enemies":"Gremlin Gang","floor":4,"turns":4},{"damage":13,"enemies":"Exordium Thugs","floor":6,"turns":5},{"damage":1,"enemies":"Exordium Wildlife","floor":12,"turns":3},{"damage":0,"enemies":"2 Fungi Beasts","floor":13,"turns":1},{"damage":3,"enemies":"3 Sentries","floor":14,"turns":4},{"damage":65,"enemies":"Hexaghost","floor":16,"turns":7}],"seed_played":"4376921522460638109","potions_obtained":[{"floor":1,"key":"Energy Potion"},{"floor":2,"key":"LifebloodPotion"},{"floor":4,"key":"Elixir"},{"floor":12,"key":"Adrenaline Potion"}],"is_trial":true,"path_per_floor":["M","M","M","M","$","M","R","WH","T","?","$","M","M","E","R","B"],"character_chosen":"HERMIT","items_purchased":["HollowMod:JonisBlessing"],"campfire_rested":1,"item_purchase_floors":[5],"current_hp_per_floor":[75,75,67,51,51,38,60,67,67,67,67,66,66,63,63,0,0],"gold":109,"neow_bonus":"TEN_PERCENT_HP_BONUS","is_daily":false,"chose_seed":false,"campfire_upgraded":1,"win_rate":0.0,"timestamp":1610064244,"path_taken":["M","M","M","M","$","M","R","WH","T","?","$","M","M","E","R","BOSS"],"items_purchased_type":["Relic"],"build_version":"2020-12-22","purchased_purges":0,"victory":false,"max_hp_per_floor":[75,75,75,75,75,75,75,82,82,82,82,82,82,82,82,82,82],"card_choices":[{"not_picked":["Slimebound:RejuvenatingLick","Slimebound:ForwardTackle"],"picked":"hermit:CalledShot","floor":1},{"not_picked":["Slimebound:Equalize","hermit:ShadowCloak"],"picked":"hermit:CalledShot","floor":2},{"not_picked":["Slimebound:SlimeSpikes","Slimebound:RollThrough"],"picked":"hermit:CursedWeapon","floor":3},{"not_picked":["Slimebound:SplitSpecialist","hermit:WideOpen"],"picked":"Slimebound:RollThrough","floor":4},{"not_picked":["hermit:ItchyTrigger","hermit:Headshot"],"picked":"hermit:SprayPray","floor":6},{"not_picked":["Slimebound:PressTheAttack","Slimebound:LeechingTouch"],"picked":"hermit:WideOpen","floor":12},{"not_picked":["Slimebound:LeadByExample","hermit:Desperado"],"picked":"hermit:DeadOrAlive","floor":13},{"not_picked":["Slimebound:ForwardTackle","Slimebound:SplitAcid","Slimebound:FinishingTackle"],"picked":"SKIP","floor":14}],"player_experience":1375977,"relics_obtained":[{"floor":9,"key":"hubris:BottledRain"},{"floor":14,"key":"hubris:TenFootPole"}],"event_choices":[{"damage_healed":0,"gold_gain":0,"player_choice":"Trade","damage_taken":0,"relics_obtained":["NlothsMask"],"max_hp_gain":0,"max_hp_loss":0,"event_name":"FaceTrader","floor":10,"gold_loss":0}],"is_beta":false,"boss_relics":[],"items_purged_floors":[],"is_endless":false,"potions_floor_spawned":[1,2,4,12],"killed_by":"Hexaghost","ascension_level":0}}