{"host":"cv77zuuuekizn3ic","time":1610091378,"event":{"mods":["AchievementEnabler","BaseMod","Marisa£®ÏF”Í°°ƒß¿Ì…≥£©","Minty Spire (QoL Compilation)","StSLib","Waifu the Spire","everything is the same but u backflip on backflip","slay the spire mod where everything is the same but ironclad has a cowboy hat"],"gold_per_floor":[114,114,124,49,61,61,91,91,91,121,135,165,178,208,208,285,285,303,303,370,31,46,79,89,89,139,152,182,182,182,210,210,284,284,303,315,335,348,398,426,426,451,500,540,569,614,51,67,67,67,67,67,67,17,52,52],"floor_reached":57,"playtime":3768,"items_purged":["Strike_R","Strike_R","Decay","Strike_R"],"score":2929,"play_id":"048c296e-78c8-4cf8-8480-3d23faaa17fb","local_time":"20210108153618","is_ascension_mode":true,"campfire_choices":[{"data":"Whirlwind","floor":6.0,"key":"SMITH"},{"data":"Armaments","floor":8.0,"key":"SMITH"},{"data":"Feed","floor":15.0,"key":"SMITH"},{"data":"Flame Barrier","floor":25.0,"key":"SMITH"},{"data":"Dark Embrace","floor":32.0,"key":"SMITH"},{"data":"Demon Form","floor":41.0,"key":"SMITH"},{"floor":49.0,"key":"RECALL"},{"floor":53.0,"key":"REST"}],"circlet_count":0,"master_deck":["AscendersBane","Defend_R","Defend_R","Defend_R","Defend_R","Bash","Fire Breathing","Whirlwind+1","Armaments+1","Bloodletting","Dark Embrace+1","Feed+1","Berserk","Impervious","Flame Barrier+1","Shrug It Off","Ghostly Armor+1","Warcry","Blood for Blood","Evolve","Demon Form+1","Flame Barrier","Disarm","Reaper","Burning Pact","Dual Wield","Offering"],"relics":["Burning Blood","NeowsBlessing","CultistMask","Meat on the Bone","InkBottle","Pocketwatch","Odd Mushroom","Gremlin Horn","Black Star","Orichalcum","OrangePellets","Akabeko","Eternal Feather","Bronze Scales","MealTicket","Smiling Mask","Boot","Snecko Eye","PreservedInsect","Bottled Lightning","Incense Burner","Dream Catcher","MawBank","Bottled Tornado","Question Card","Vajra","Singing Bowl","TheAbacus","Sundial","TungstenRod","Nunchaku"],"acts_visited":["Exordium","TheCity","TheBeyond","TheEnding"],"potions_floor_usage":[],"damage_taken":[{"damage":0.0,"enemies":"Cultist","floor":1.0,"turns":1.0},{"damage":0.0,"enemies":"Small Slimes","floor":3.0,"turns":1.0},{"damage":0.0,"enemies":"2 Louse","floor":5.0,"turns":1.0},{"damage":56.0,"enemies":"Gremlin Nob","floor":7.0,"turns":5.0},{"damage":10.0,"enemies":"3 Sentries","floor":10.0,"turns":4.0},{"damage":2.0,"enemies":"Looter","floor":11.0,"turns":5.0},{"damage":7.0,"enemies":"The Mushroom Lair","floor":12.0,"turns":2.0},{"damage":6.0,"enemies":"Blue Slaver","floor":13.0,"turns":7.0},{"damage":15.0,"enemies":"Lagavulin","floor":14.0,"turns":7.0},{"damage":41.0,"enemies":"Slime Boss","floor":16.0,"turns":5.0},{"damage":29.0,"enemies":"Spheric Guardian","floor":18.0,"turns":6.0},{"damage":27.0,"enemies":"3 Byrds","floor":20.0,"turns":6.0},{"damage":4.0,"enemies":"Snecko","floor":22.0,"turns":7.0},{"damage":57.0,"enemies":"Gremlin Leader","floor":23.0,"turns":6.0},{"damage":3.0,"enemies":"Snake Plant","floor":24.0,"turns":4.0},{"damage":17.0,"enemies":"Sentry and Sphere","floor":27.0,"turns":5.0},{"damage":49.0,"enemies":"Slavers","floor":28.0,"turns":4.0},{"damage":28.0,"enemies":"Gremlin Leader","floor":31.0,"turns":4.0},{"damage":30.0,"enemies":"Automaton","floor":33.0,"turns":12.0},{"damage":21.0,"enemies":"3 Darklings","floor":35.0,"turns":4.0},{"damage":8.0,"enemies":"3 Shapes","floor":36.0,"turns":4.0},{"damage":0.0,"enemies":"3 Darklings","floor":37.0,"turns":1.0},{"damage":12.0,"enemies":"Transient","floor":38.0,"turns":6.0},{"damage":10.0,"enemies":"Giant Head","floor":40.0,"turns":7.0},{"damage":38.0,"enemies":"Reptomancer","floor":42.0,"turns":5.0},{"damage":14.0,"enemies":"Giant Head","floor":44.0,"turns":6.0},{"damage":5.0,"enemies":"Sphere and 2 Shapes","floor":45.0,"turns":5.0},{"damage":31.0,"enemies":"Reptomancer","floor":46.0,"turns":4.0},{"damage":30.0,"enemies":"Jaw Worm Horde","floor":48.0,"turns":5.0},{"damage":52.0,"enemies":"Donu and Deca","floor":50.0,"turns":7.0},{"damage":44.0,"enemies":"Time Eater","floor":51.0,"turns":11.0},{"damage":75.0,"enemies":"Shield and Spear","floor":55.0,"turns":5.0},{"damage":75,"enemies":"The Heart","floor":56,"turns":8}],"seed_played":"641381707976053799","potions_obtained":[{"floor":3.0,"key":"Energy Potion"},{"floor":5.0,"key":"DistilledChaos"},{"floor":11.0,"key":"SkillPotion"},{"floor":16.0,"key":"ColorlessPotion"},{"floor":24.0,"key":"BloodPotion"},{"floor":28.0,"key":"PowerPotion"},{"floor":31.0,"key":"Swift Potion"},{"floor":35.0,"key":"Energy Potion"},{"floor":40.0,"key":"DuplicationPotion"}],"is_trial":false,"path_per_floor":["M","?","M","$","M","R","E","R","T","E","M","?","M","E","R","B",null,"M","?","M","$","M","E","M","R","T","M","E","?","?","E","R","B",null,"M","M","M","M","?","E","R","E","T","E","M","E","$","M","R","B","B",null,"R","$","E","B",null],"character_chosen":"IRONCLAD","items_purchased":["OrangePellets","Flame Barrier","TheAbacus","Sundial","Burning Pact"],"campfire_rested":1,"item_purchase_floors":[21,21,47,47,47],"current_hp_per_floor":[74,74,75,75,75,75,25,25,25,33,49,48,48,51,51,32,67,48,48,43,43,61,22,41,50,50,55,47,47,47,41,53,41,91,80,82,88,82,82,78,93,77,77,73,78,65,80,82,97,73,84,121,133,133,76,50],"gold":52,"neow_bonus":"THREE_ENEMY_KILL","is_daily":false,"chose_seed":false,"campfire_upgraded":6,"win_rate":0.0,"timestamp":1610091378,"path_taken":["M","?","M","$","?","R","E","R","T","E","M","?","M","E","R","BOSS","M","?","?","$","M","E","M","R","T","M","E","?","?","E","R","BOSS","M","M","M","M","?","E","R","E","T","E","M","E","$","?","R","BOSS","BOSS","R","$","E","BOSS"],"items_purchased_type":["Relic","Card","Relic","Relic","Card"],"build_version":"2020-12-22","purchased_purges":4,"victory":true,"max_hp_per_floor":[75,75,75,75,75,75,75,75,75,75,75,75,75,75,75,79,79,83,83,87,87,91,91,95,95,95,99,103,103,103,107,107,107,107,111,115,115,115,115,115,115,119,119,123,127,127,127,133,133,133,133,133,133,133,133,133],"card_choices":[{"not_picked":["Wild Strike","Disarm"],"picked":"Fire Breathing","floor":1.0},{"not_picked":["Battle Trance","Sever Soul"],"picked":"Whirlwind","floor":3.0},{"not_picked":["Clash","Rampage"],"picked":"Armaments","floor":5.0},{"not_picked":["Perfected Strike","Combust","Warcry"],"picked":"SKIP","floor":7.0},{"not_picked":["Hemokinesis","Sword Boomerang"],"picked":"Bloodletting","floor":10.0},{"not_picked":["Fire Breathing","Dual Wield"],"picked":"Dark Embrace","floor":11.0},{"not_picked":["Clothesline","Intimidate","Havoc"],"picked":"SKIP","floor":13.0},{"not_picked":["Clothesline","Fiend Fire"],"picked":"Feed","floor":14.0},{"not_picked":["Limit Break","Immolate"],"picked":"Berserk","floor":16.0},{"not_picked":["Thunderclap","Perfected Strike","Body Slam"],"picked":"SKIP","floor":18.0},{"not_picked":["Iron Wave","Thunderclap"],"picked":"Impervious","floor":20.0},{"not_picked":["Uppercut","Twin Strike","Havoc"],"picked":"SKIP","floor":22.0},{"not_picked":["Heavy Blade","Wild Strike","Blood for Blood"],"picked":"SKIP","floor":23.0},{"not_picked":["Clothesline","Combust"],"picked":"Shrug It Off","floor":24.0},{"not_picked":["Bloodletting","Perfected Strike","Clothesline+1"],"picked":"SKIP","floor":27.0},{"not_picked":["Infernal Blade","Carnage"],"picked":"Ghostly Armor+1","floor":28.0},{"not_picked":["Anger+1","Feel No Pain"],"picked":"Evolve","floor":31.0},{"not_picked":["Double Tap","Juggernaut"],"picked":"Demon Form","floor":33.0},{"not_picked":["Pummel+1","Perfected Strike","Dropkick"],"picked":"SKIP","floor":35.0},{"not_picked":["Headbutt+1","Wild Strike","Sword Boomerang"],"picked":"SKIP","floor":36.0},{"not_picked":["Flex+1","Shrug It Off"],"picked":"Flame Barrier","floor":37.0},{"not_picked":["Cleave","Clothesline","Anger"],"picked":"SKIP","floor":38.0},{"not_picked":["Corruption","Cleave+1"],"picked":"Disarm","floor":40.0},{"not_picked":["Headbutt","Rage+1","Disarm"],"picked":"SKIP","floor":42.0},{"not_picked":["Body Slam","Anger","Headbutt"],"picked":"SKIP","floor":44.0},{"not_picked":["Heavy Blade+1","Headbutt","Clothesline","Twin Strike"],"picked":"SKIP","floor":45.0},{"not_picked":["Body Slam","True Grit","Thunderclap+1"],"picked":"Reaper","floor":46.0},{"not_picked":["Disarm","Seeing Red","Anger","Flex"],"picked":"Singing Bowl","floor":48.0},{"not_picked":["Thunderclap","Wild Strike","Warcry"],"picked":"Dual Wield","floor":53.0},{"not_picked":["Headbutt","Warcry","Uppercut"],"picked":"Offering","floor":55.0}],"player_experience":777626,"relics_obtained":[{"floor":7.0,"key":"Meat on the Bone"},{"floor":9.0,"key":"InkBottle"},{"floor":10.0,"key":"Pocketwatch"},{"floor":12.0,"key":"Odd Mushroom"},{"floor":14.0,"key":"Gremlin Horn"},{"floor":23.0,"key":"Akabeko"},{"floor":23.0,"key":"Eternal Feather"},{"floor":28.0,"key":"Bronze Scales"},{"floor":28.0,"key":"MealTicket"},{"floor":31.0,"key":"Smiling Mask"},{"floor":31.0,"key":"Boot"},{"floor":40.0,"key":"PreservedInsect"},{"floor":40.0,"key":"Bottled Lightning"},{"floor":42.0,"key":"Incense Burner"},{"floor":42.0,"key":"Dream Catcher"},{"floor":43.0,"key":"MawBank"},{"floor":44.0,"key":"Bottled Tornado"},{"floor":44.0,"key":"Question Card"},{"floor":46.0,"key":"Vajra"},{"floor":46.0,"key":"Singing Bowl"},{"floor":55.0,"key":"TungstenRod"},{"floor":55.0,"key":"Nunchaku"}],"event_choices":[{"damage_healed":0.0,"max_hp_gain":0.0,"max_hp_loss":0.0,"gold_gain":0.0,"event_name":"FaceTrader","player_choice":"Trade","floor":2.0,"gold_loss":0.0,"damage_taken":0.0,"relics_obtained":["CultistMask"]},{"damage_healed":0.0,"max_hp_gain":0.0,"max_hp_loss":0.0,"gold_gain":0.0,"event_name":"Mushrooms","player_choice":"Fought Mushrooms","floor":12.0,"gold_loss":0.0,"damage_taken":0.0},{"damage_healed":0.0,"max_hp_gain":0.0,"max_hp_loss":0.0,"gold_gain":0.0,"event_name":"WeMeetAgain","player_choice":"Gave Potion","floor":19.0,"gold_loss":0.0,"damage_taken":0.0,"relics_obtained":["Orichalcum"]},{"damage_healed":0.0,"max_hp_gain":0.0,"max_hp_loss":0.0,"gold_gain":0.0,"event_name":"Forgotten Altar","player_choice":"Smashed Altar","floor":29.0,"gold_loss":0.0,"damage_taken":0.0,"cards_obtained":["Decay"]},{"damage_healed":0.0,"max_hp_gain":0.0,"max_hp_loss":0.0,"gold_gain":0.0,"cards_transformed":["Strike_R","Strike_R"],"event_name":"Drug Dealer","player_choice":"Became Test Subject","floor":30.0,"gold_loss":0.0,"damage_taken":0.0,"cards_obtained":["Warcry","Blood for Blood"]},{"damage_healed":0.0,"max_hp_gain":0.0,"max_hp_loss":0.0,"gold_gain":50.0,"event_name":"Golden Shrine","player_choice":"Pray","floor":39.0,"gold_loss":0.0,"damage_taken":0.0}],"is_beta":false,"boss_relics":[{"not_picked":["SacredBark","Sozu"],"picked":"Black Star"},{"not_picked":["Mark of Pain","Fusion Hammer"],"picked":"Snecko Eye"}],"items_purged_floors":[4,21,47,54],"is_endless":false,"potions_floor_spawned":[3,5,7,11,16,18,24,28,31,35,40,42,44,48],"ascension_level":20}}