{"host":"gzsdmyo07u314vug","time":1610119804,"event":{"mods":["2.2 Compatiblity","BaseMod","Downfall","GifTheSpireLib","Minty Spire (QoL Compilation)","Quick Restart","Rare Cards Sparkle","Relic Stats","Replay The Spire","Robot Space Explorer","Shop Mod","StSLib","The Bug Knight","The Construct","The Elementalist","The IronCluck","The Marked","The Servant 0.9.4","Unceasing Turn Reminder","everything is the same but u backflip on backflip","slay the spire mod where everything is the same but ironclad has a cowboy hat","vexMod"],"gold_per_floor":[114,164,164,179,179,179,200,200,225,243,266,289,304,317,317,317,317],"floor_reached":16,"playtime":575,"items_purged":[],"score":113,"play_id":"f64b3845-d0d1-489c-b156-ba3335e67f54","local_time":"20210108123004","is_ascension_mode":true,"campfire_choices":[{"data":"Eruption","floor":6,"key":"SMITH"},{"data":"Halt","floor":8,"key":"SMITH"},{"data":"Tantrum","floor":15,"key":"SMITH"}],"circlet_count":0,"master_deck":["Strike_P","Strike_P","Strike_P","Defend_P","Defend_P","Defend_P","Defend_P","Eruption+1","Vigilance","Prostrate","Halt+1","Tantrum+1","CrushJoints","Halt"],"relics":["PureWater","Golden Idol","Anchor","Pet Ghost"],"acts_visited":["Exordium"],"potions_floor_usage":[16,16],"damage_taken":[{"damage":5,"enemies":"Jaw Worm","floor":1,"turns":4},{"damage":11,"enemies":"2 Louse","floor":4,"turns":2},{"damage":0,"enemies":"Cultist","floor":7,"turns":3},{"damage":7,"enemies":"Blue Slaver","floor":10,"turns":3},{"damage":0,"enemies":"Exordium Wildlife","floor":11,"turns":2},{"damage":0,"enemies":"2 Fungi Beasts","floor":13,"turns":2},{"damage":0,"enemies":"Exordium Thugs","floor":14,"turns":2},{"damage":44,"enemies":"Hexaghost","floor":16,"turns":4}],"seed_played":"-6172363528861988737","potions_obtained":[{"floor":1,"key":"PowerPotion"},{"floor":4,"key":"Energy Potion"},{"floor":11,"key":"Toxic Potion"}],"is_trial":false,"path_per_floor":["M","?","?","M","?","R","M","R","T","M","M","T","M","M","R","B"],"character_chosen":"WATCHER","items_purchased":[],"campfire_rested":0,"item_purchase_floors":[],"current_hp_per_floor":[67,67,49,38,45,45,45,45,45,38,38,38,38,38,38,0,0],"gold":317,"neow_bonus":"REMOVE_CARD","is_daily":false,"chose_seed":false,"campfire_upgraded":3,"win_rate":0.0,"timestamp":1610119804,"path_taken":["M","?","?","?","?","R","M","R","T","M","M","?","M","M","R","BOSS"],"items_purchased_type":[],"build_version":"2020-12-22","purchased_purges":0,"victory":false,"max_hp_per_floor":[72,72,72,72,72,72,72,72,72,72,72,72,72,72,72,72,72],"relic_stats":{"counters":[8,22],"Golden Idol":22,"obtain_stats":[{"Anchor":9,"Golden Idol":3,"PureWater":0,"Pet Ghost":12},{"Anchor":3,"Golden Idol":1,"PureWater":0,"Pet Ghost":5},{"Anchor":9,"Golden Idol":4,"PureWater":0,"Pet Ghost":14}]},"card_choices":[{"not_picked":["Replay:Battleflow","Replay:Vibes","Collect"],"picked":"SKIP","floor":1},{"not_picked":["FlyingSleeves","JustLucky"],"picked":"Prostrate","floor":4},{"not_picked":["MentalFortress","EmptyFist"],"picked":"Halt","floor":7},{"not_picked":["SashWhip","Replay:AtTheReady"],"picked":"Tantrum","floor":10},{"not_picked":["EmptyBody","Replay:BluntJabs","TalkToTheHand"],"picked":"SKIP","floor":11},{"not_picked":["PathToVictory","ThirdEye"],"picked":"CrushJoints","floor":13},{"not_picked":["FlurryOfBlows","SpiritShield"],"picked":"Halt","floor":14}],"player_experience":668379,"relics_obtained":[{"floor":9,"key":"Anchor"},{"floor":12,"key":"Pet Ghost"}],"event_choices":[{"damage_healed":0,"gold_gain":0,"player_choice":"Take Damage","damage_taken":18,"relics_obtained":["Golden Idol"],"max_hp_gain":0,"max_hp_loss":0,"event_name":"Golden Idol","floor":3,"gold_loss":0}],"is_beta":false,"boss_relics":[],"items_purged_floors":[],"is_endless":false,"potions_floor_spawned":[1,4,11,14],"killed_by":"Hexaghost","ascension_level":4}}