{"host":"w9yruvs4bqht6bhw","time":1610071843,"event":{"mods":["BaseMod","Colored Powertips","Minty Spire (QoL Compilation)"],"gold_per_floor":[116,130,130,140,90,123,48,48,75,75,87,107,126,141,141,239,289,302,302,302,316,334,366,185,215,215,215,215],"floor_reached":27,"playtime":924,"items_purged":["Strike_R","Bash+1"],"score":357,"play_id":"40cb66a1-e8b0-43af-b98f-4b4a2c5bda96","local_time":"20210107211043","is_ascension_mode":true,"campfire_choices":[{"floor":15,"key":"REST"}],"circlet_count":0,"master_deck":["Strike_R+1","Strike_R+1","Strike_R+1","Defend_R+1","Defend_R+1","Defend_R+1","Defend_R+1","Anger+1","Limit Break","Inflame","Clash","Uppercut","Shrug It Off","Clothesline","Disarm+1","Inflame","Limit Break"],"relics":["Burning Blood","NeowsBlessing","Toy Ornithopter","Art of War","Ancient Tea Set","Tiny House","Shovel","Bottled Lightning","Regal Pillow"],"acts_visited":["Exordium","TheCity"],"potions_floor_usage":[16,16,21,22,25,25,27],"damage_taken":[{"damage":0,"enemies":"Cultist","floor":1,"turns":1},{"damage":0,"enemies":"Jaw Worm","floor":2,"turns":1},{"damage":0,"enemies":"2 Louse","floor":4,"turns":1},{"damage":30,"enemies":"Lagavulin","floor":6,"turns":6},{"damage":17,"enemies":"Large Slime","floor":11,"turns":6},{"damage":27,"enemies":"2 Fungi Beasts","floor":12,"turns":4},{"damage":19,"enemies":"Blue Slaver","floor":13,"turns":4},{"damage":9,"enemies":"Exordium Thugs","floor":14,"turns":5},{"damage":8,"enemies":"Slime Boss","floor":16,"turns":5},{"damage":22,"enemies":"Spheric Guardian","floor":18,"turns":4},{"damage":32,"enemies":"3 Byrds","floor":21,"turns":7},{"damage":6,"enemies":"Centurion and Healer","floor":22,"turns":6},{"damage":32,"enemies":"Gremlin Leader","floor":23,"turns":6},{"damage":28,"enemies":"Book of Stabbing","floor":25,"turns":7},{"damage":23,"enemies":"Snecko","floor":27,"turns":4}],"seed_played":"-2563293125022554964","potions_obtained":[{"floor":1,"key":"GamblersBrew"},{"floor":4,"key":"BloodPotion"},{"floor":11,"key":"SpeedPotion"},{"floor":12,"key":"PowerPotion"},{"floor":16,"key":"FearPotion"},{"floor":17,"key":"Block Potion"},{"floor":21,"key":"ColorlessPotion"},{"floor":25,"key":"ColorlessPotion"}],"is_trial":false,"path_per_floor":["M","M","?","M","?","E","$","?","T","?","M","M","M","M","R","B",null,"M","?","?","M","M","E","$","E","T","M"],"character_chosen":"IRONCLAD","items_purchased":["Inflame"],"campfire_rested":1,"item_purchase_floors":[24],"current_hp_per_floor":[78,80,80,80,80,56,56,80,80,68,57,36,23,20,44,68,82,66,66,66,45,50,24,24,12,12,0,0],"gold":215,"neow_bonus":"THREE_ENEMY_KILL","is_daily":false,"chose_seed":false,"campfire_upgraded":0,"win_rate":0.0,"timestamp":1610071843,"path_taken":["M","?","?","?","?","E","$","?","T","?","M","M","M","M","R","BOSS","M","?","?","M","M","E","$","E","T","M"],"items_purchased_type":["Card"],"build_version":"2020-12-22","purchased_purges":2,"victory":false,"max_hp_per_floor":[80,80,80,80,80,80,80,80,80,80,80,80,80,80,80,80,85,85,85,85,85,85,85,85,85,85,85,85],"card_choices":[{"not_picked":["Dark Embrace","Hemokinesis","Cleave"],"picked":"SKIP","floor":1},{"not_picked":["Thunderclap","Armaments"],"picked":"Anger","floor":2},{"not_picked":["Armaments","True Grit","Dual Wield"],"picked":"SKIP","floor":4},{"not_picked":["Pummel","Seeing Red","Havoc"],"picked":"SKIP","floor":6},{"not_picked":["Sword Boomerang","Cleave"],"picked":"Limit Break","floor":11},{"not_picked":["Searing Blow","Headbutt","Perfected Strike"],"picked":"SKIP","floor":12},{"not_picked":["Searing Blow","Headbutt","Perfected Strike"],"picked":"SKIP","floor":12},{"not_picked":["Pummel","Headbutt"],"picked":"Inflame","floor":13},{"not_picked":["Rupture","Spot Weakness"],"picked":"Clash","floor":14},{"not_picked":["Rage","Body Slam"],"picked":"Uppercut","floor":18},{"not_picked":["Corruption","Cleave"],"picked":"Shrug It Off","floor":21},{"not_picked":["Armaments+1","Warcry"],"picked":"Clothesline","floor":22},{"not_picked":["Seeing Red","Body Slam"],"picked":"Disarm+1","floor":23},{"not_picked":["Infernal Blade","Shrug It Off"],"picked":"Limit Break","floor":25}],"player_experience":351647,"relics_obtained":[{"floor":6,"key":"Toy Ornithopter"},{"floor":9,"key":"Art of War"},{"floor":23,"key":"Bottled Lightning"},{"floor":25,"key":"Regal Pillow"}],"event_choices":[{"damage_healed":0,"gold_gain":0,"player_choice":"Forge","damage_taken":0,"max_hp_gain":0,"max_hp_loss":0,"event_name":"Accursed Blacksmith","floor":3,"gold_loss":0,"cards_upgraded":["Anger"]},{"cards_removed":["Strike_R"],"damage_healed":0,"gold_gain":0,"player_choice":"Card Removal","damage_taken":0,"max_hp_gain":0,"max_hp_loss":0,"event_name":"The Cleric","floor":5,"gold_loss":50},{"damage_healed":26,"gold_gain":0,"player_choice":"Banana","damage_taken":0,"max_hp_gain":0,"max_hp_loss":0,"event_name":"Big Fish","floor":8,"gold_loss":0},{"damage_healed":0,"gold_gain":0,"player_choice":"Success","damage_taken":12,"relics_obtained":["Ancient Tea Set"],"max_hp_gain":0,"max_hp_loss":0,"event_name":"Scrap Ooze","floor":10,"gold_loss":0},{"damage_healed":0,"gold_gain":0,"player_choice":"Simplicity","damage_taken":0,"max_hp_gain":0,"max_hp_loss":0,"event_name":"Back to Basics","floor":19,"gold_loss":0,"cards_upgraded":["Strike_R","Strike_R","Strike_R","Defend_R","Defend_R","Defend_R","Defend_R"]},{"damage_healed":0,"gold_gain":0,"player_choice":"Opened","damage_taken":0,"relics_obtained":["Shovel"],"max_hp_gain":0,"max_hp_loss":0,"event_name":"The Mausoleum","floor":20,"gold_loss":0}],"is_beta":false,"boss_relics":[{"not_picked":["Ectoplasm","Runic Pyramid"],"picked":"Tiny House"}],"items_purged_floors":[7,24],"is_endless":false,"potions_floor_spawned":[1,4,11,12,16,18,21,25],"killed_by":"Snecko","ascension_level":8}}