{"host":"2se5dq1do2gp0x9k","time":1610074998,"event":{"mods":["AchievementEnabler","BaseMod","Block Reminder","Colored Map","Colored Powertips","Minty Spire (QoL Compilation)","Relic Stats","StSLib","SuperFastMode"],"gold_per_floor":[369,263,280,294,444,444,444,444,519,538,152,152,167,67,67,144,144,159,159,170,45,45,45,78,78,131,131,162,162,176,2,2,2,2],"floor_reached":33,"playtime":1161,"items_purged":["Doubt","Defend_P","Defend_P","Bite"],"score":499,"play_id":"4c1023b4-be4c-4178-b50c-6ace30498526","local_time":"20210107190318","is_ascension_mode":true,"campfire_choices":[{"data":"MentalFortress","floor":6.0,"key":"SMITH"},{"data":"Eruption","floor":8.0,"key":"SMITH"},{"data":"Tantrum","floor":12.0,"key":"SMITH"},{"data":"EmptyFist","floor":15.0,"key":"SMITH"},{"data":"MentalFortress","floor":23,"key":"SMITH"},{"data":"Study","floor":25,"key":"SMITH"},{"floor":27,"key":"REST"},{"data":"TalkToTheHand","floor":32,"key":"SMITH"}],"circlet_count":0,"master_deck":["AscendersBane","Defend_P","Defend_P","Eruption+1","Vigilance+1","FearNoEvil+1","MentalFortress+1","FlurryOfBlows","Halt","InnerPeace","Crescendo","Tantrum+1","FlurryOfBlows","EmptyFist+1","LessonLearned","EmptyFist","MentalFortress+1","RitualDagger","Bite","Bite","Bite","Bite","Study+1","TalkToTheHand+1","Tantrum","Halt"],"relics":["HolyWater","Pear","Orrery","Dead Branch","Oddly Smooth Stone","Question Card"],"acts_visited":["Exordium","TheCity"],"potions_floor_usage":[24,30,33],"damage_taken":[{"damage":5.0,"enemies":"Small Slimes","floor":1.0,"turns":3.0},{"damage":0.0,"enemies":"2 Louse","floor":3.0,"turns":3.0},{"damage":0.0,"enemies":"Cultist","floor":4.0,"turns":2.0},{"damage":16.0,"enemies":"3 Louse","floor":10.0,"turns":4.0},{"damage":9.0,"enemies":"Exordium Wildlife","floor":13.0,"turns":4.0},{"damage":14.0,"enemies":"Hexaghost","floor":16.0,"turns":7.0},{"damage":1.0,"enemies":"3 Byrds","floor":18.0,"turns":4.0},{"damage":5,"enemies":"Spheric Guardian","floor":20,"turns":3},{"damage":32,"enemies":"Gremlin Leader","floor":24,"turns":7},{"damage":18,"enemies":"Book of Stabbing","floor":28,"turns":4},{"damage":15,"enemies":"3 Cultists","floor":30,"turns":5},{"damage":39,"enemies":"Automaton","floor":33,"turns":6}],"seed_played":"-3442407153091291931","potions_obtained":[{"floor":13.0,"key":"LiquidMemories"},{"floor":20,"key":"Block Potion"},{"floor":24,"key":"Ancient Potion"},{"floor":30,"key":"Weak Potion"}],"is_trial":false,"path_per_floor":["M","$","M","M","?","R","?","R","T","M","$","R","M","$","R","B",null,"M","?","M","$","?","R","E","R","T","R","E","?","M","$","R","B"],"character_chosen":"WATCHER","items_purchased":["MentalFortress","FlurryOfBlows","Orrery","LessonLearned","Halt"],"campfire_rested":1,"item_purchase_floors":[2,2,11,11,31],"current_hp_per_floor":[56,56,56,56,56,56,61,61,71,55,55,55,46,46,46,32,66,65,59,54,54,53,53,31,31,31,46,34,34,29,29,29,0,0],"gold":2,"neow_bonus":"TWO_FIFTY_GOLD","is_daily":false,"chose_seed":false,"campfire_upgraded":7,"win_rate":0.0,"timestamp":1610074998,"path_taken":["M","$","M","M","?","R","?","R","T","M","$","R","M","$","R","BOSS","M","?","M","$","?","R","E","R","T","R","E","?","M","?","R","BOSS"],"items_purchased_type":["Card","Card","Relic","Card","Card"],"build_version":"2020-12-22","purchased_purges":4,"victory":false,"max_hp_per_floor":[62,62,62,62,62,62,67,67,77,77,77,77,77,77,77,77,77,77,77,77,77,53,53,53,53,53,53,53,53,53,53,53,53,53],"relic_stats":{"counters":[12,52],"Dead Branch":[26],"Question Card":1,"obtain_stats":[{"Pear":9,"Dead Branch":24,"Orrery":11,"HolyWater":17,"Oddly Smooth Stone":26,"PureWater":0,"Question Card":28},{"Pear":3,"Dead Branch":9,"Orrery":4,"HolyWater":6,"Oddly Smooth Stone":9,"PureWater":0,"Question Card":10},{"Pear":8,"Dead Branch":37,"Orrery":12,"HolyWater":23,"Oddly Smooth Stone":37,"PureWater":0,"Question Card":41}]},"card_choices":[{"not_picked":["Crescendo","Pray"],"picked":"FearNoEvil","floor":1.0},{"not_picked":["Worship","Pray"],"picked":"Halt","floor":3.0},{"not_picked":["PathToVictory","Vault"],"picked":"InnerPeace","floor":4.0},{"not_picked":["FollowUp","Evaluate"],"picked":"Crescendo","floor":10.0},{"not_picked":["SignatureMove","LikeWater"],"picked":"Tantrum","floor":11.0},{"not_picked":["Nirvana","EmptyMind"],"picked":"FlurryOfBlows","floor":11.0},{"not_picked":["BowlingBash","Consecrate"],"picked":"EmptyFist","floor":11.0},{"not_picked":["WindmillStrike","Fasting2"],"picked":"EmptyFist","floor":13.0},{"not_picked":["Indignation+1","Evaluate"],"picked":"MentalFortress","floor":18.0},{"not_picked":["FollowUp","FlyingSleeves","Consecrate"],"picked":"SKIP","floor":20},{"not_picked":["WindmillStrike","CutThroughFate"],"picked":"Study","floor":24},{"not_picked":["EmptyBody+1","SpiritShield"],"picked":"TalkToTheHand","floor":28},{"not_picked":["Worship","Crescendo","Halt+1","CarveReality"],"picked":"SKIP","floor":30}],"player_experience":3797792,"relics_obtained":[{"floor":9.0,"key":"Pear"},{"floor":24,"key":"Dead Branch"},{"floor":26,"key":"Oddly Smooth Stone"},{"floor":28,"key":"Question Card"}],"event_choices":[{"damage_healed":0.0,"max_hp_gain":0.0,"max_hp_loss":0.0,"gold_gain":150.0,"event_name":"Liars Game","player_choice":"AGREE","floor":5.0,"gold_loss":0.0,"damage_taken":0.0,"cards_obtained":["Doubt"]},{"damage_healed":0.0,"max_hp_gain":5.0,"max_hp_loss":0.0,"gold_gain":0.0,"event_name":"Big Fish","player_choice":"Donut","floor":7.0,"gold_loss":0.0,"damage_taken":0.0},{"damage_healed":0,"gold_gain":0,"player_choice":"Joined the Cult","damage_taken":6,"max_hp_gain":0,"max_hp_loss":0,"event_name":"Nest","floor":19,"gold_loss":0,"cards_obtained":["RitualDagger"]},{"damage_healed":0,"gold_gain":0,"player_choice":"Became a vampire","damage_taken":0,"max_hp_gain":0,"max_hp_loss":24,"event_name":"Vampires","floor":22,"gold_loss":0,"cards_obtained":["Bite","Bite","Bite","Bite","Bite"]},{"damage_healed":0,"gold_gain":0,"player_choice":"Read","damage_taken":0,"max_hp_gain":0,"max_hp_loss":0,"event_name":"The Library","floor":29,"gold_loss":0,"cards_obtained":["Tantrum"]}],"is_beta":false,"boss_relics":[{"not_picked":["Coffee Dripper","SlaversCollar"],"picked":"HolyWater"}],"items_purged_floors":[11,14,21,31],"is_endless":false,"potions_floor_spawned":[13,20,24,30],"killed_by":"Automaton","ascension_level":15}}