{"host":"0jugj35n0ams2iav","time":1610135766,"event":{"mods":["BaseMod","Downfall","Hubris","Minty Spire (QoL Compilation)","Replay The Spire","StSLib","The Cursed","The Marked"],"gold_per_floor":[118,118,118,136,153,184,184,204,204,224,2,2,46,67,67,190,190,180,199,199,2,25,25,1,22,77,77,115,115,40,63,63,191,191,205,205,218,241,81,81,0,0,0,21,39,104,29,29,29],"floor_reached":51,"playtime":4641,"items_purged":["Strike_B","Writhe","hubris:Envy","Hallucinations"],"score":603,"play_id":"658f7dc6-e105-41ee-aa3d-b98d77f280ee","local_time":"20210108195606","is_ascension_mode":true,"campfire_choices":[{"data":"ReplayTheSpireMod:Fabricate Wheel","floor":12.0,"key":"SMITH"},{"floor":15.0,"key":"REST"},{"data":"Buffer","floor":23.0,"key":"SMITH"},{"data":"Ghostly","floor":32,"key":"SMITH"},{"data":"Reinforced Body","floor":40,"key":"SMITH"},{"data":"Beam Cell","floor":42,"key":"SMITH"},{"floor":49,"key":"REST"}],"circlet_count":0,"master_deck":["Strike_B","Defend_B","Defend_B","Defend_B","Defend_B","Zap","Gash","Gash","ReplayGash","Auto Shields","Buffer+1","ReplayGash","All For One+1","Reinforced Body+1","Gash+1","Steam+1","Gash","Beam Cell+1","Gash","Ghostly+1","Ghostly","Ghostly","Ghostly","Ghostly","Languid","hubris:Despair","Gash","Creative AI","Skim","CommonCold"],"relics":["Nuclear Battery","Darkstone Periapt","Golden Idol","Anchor","Prayer Wheel","Letter Opener","Replay:Grab Bag","Cursed Key","Replay:Bronze Core","Empty Cage","hubris:Teleporter","Membership Card","Bag of Marbles","hubris:DisguiseKit","Replay:Ancient Bell","Vajra","hubris:PeanutButter","Replay:Towering Pillar of Hats","Guide Book","Red Mask","Solar Panel","Prayer Wheel","Gremlin Horn"],"acts_visited":["Exordium","TheCity","TheBeyond"],"potions_floor_usage":[33,50,50,50],"damage_taken":[{"damage":2.0,"enemies":"2 Louse","floor":1.0,"turns":4.0},{"damage":2.0,"enemies":"Small Slimes","floor":4.0,"turns":4.0},{"damage":1.0,"enemies":"Jaw Worm","floor":5.0,"turns":3.0},{"damage":11.0,"enemies":"Lagavulin","floor":6.0,"turns":7.0},{"damage":7.0,"enemies":"2 Fungi Beasts","floor":8.0,"turns":4.0},{"damage":0.0,"enemies":"Large Slime","floor":10.0,"turns":6.0},{"damage":36.0,"enemies":"Gremlin Nob","floor":13.0,"turns":5.0},{"damage":10.0,"enemies":"3 Louse","floor":14.0,"turns":3.0},{"damage":17.0,"enemies":"Slime Boss","floor":16.0,"turns":9.0},{"damage":10.0,"enemies":"2 Thieves","floor":18.0,"turns":5.0},{"damage":3.0,"enemies":"Chosen","floor":19.0,"turns":6.0},{"damage":9.0,"enemies":"Shelled Parasite and Fungi","floor":22.0,"turns":6.0},{"damage":0,"enemies":"Centurion and Healer","floor":25,"turns":4},{"damage":12,"enemies":"Gremlin Leader","floor":28,"turns":4},{"damage":1,"enemies":"Cultist and Chosen","floor":31,"turns":7},{"damage":8,"enemies":"hubris:MusketHawk","floor":33,"turns":9},{"damage":0,"enemies":"3 Shapes","floor":35,"turns":5},{"damage":0,"enemies":"3 Darklings","floor":37,"turns":7},{"damage":12,"enemies":"4 Shapes","floor":38,"turns":7},{"damage":26,"enemies":"Writhing Mass","floor":44,"turns":9},{"damage":0,"enemies":"Maw","floor":45,"turns":6},{"damage":33,"enemies":"Replay:Hell Engine","floor":50,"turns":13}],"seed_played":"-4779791880946090225","potions_obtained":[{"floor":4.0,"key":"Adrenaline Potion"},{"floor":5.0,"key":"Energy Potion"},{"floor":6.0,"key":"ColorlessPotion"},{"floor":13.0,"key":"Languid Potion"},{"floor":22.0,"key":"FearPotion"},{"floor":37,"key":"SkillPotion"},{"floor":38,"key":"LifebloodPotion"},{"floor":46,"key":"Venom Potion"}],"is_trial":false,"path_per_floor":["M","?","?","M","M","E","?","M","T","M","$","R","E","M","R","B",null,"M","M","?","$","M","R","$","M","T","?","E","?","?","M","R","B",null,"M","?","M","M","$","R","?","R","T","M","M","?","$","R","B",null],"character_chosen":"DEFECT","items_purchased":["ReplayTheSpireMod:Fabricate Wheel","Membership Card","Gash","Gash","Guide Book"],"campfire_rested":2,"item_purchase_floors":[11,21,24,39,39],"current_hp_per_floor":[73,66,66,64,63,52,58,51,51,51,51,51,15,5,29,12,81,71,68,74,74,65,65,65,65,71,77,65,49,49,48,48,40,67,67,64,64,52,52,52,52,52,58,36,38,44,44,66,43],"gold":29,"neow_bonus":"BOSS_RELIC","is_daily":false,"chose_seed":false,"campfire_upgraded":5,"win_rate":0.0,"timestamp":1610135766,"path_taken":["M","?","?","M","M","E","?","M","T","M","$","R","E","M","R","BOSS","M","M","?","$","M","R","$","M","T","?","E","?","?","M","R","BOSS","M","?","M","M","$","R","?","R","T","M","M","?","$","R","BOSS"],"items_purchased_type":["Card","Relic","Card","Card","Relic"],"build_version":"2020-12-22","purchased_purges":4,"victory":true,"max_hp_per_floor":[75,75,75,75,75,75,81,81,81,81,81,81,81,81,81,81,81,81,81,87,87,87,87,87,87,93,99,99,49,49,49,49,49,67,67,64,64,64,64,64,64,64,70,70,70,76,76,76,76],"card_choices":[{"not_picked":["Conserve Battery","Go for the Eyes","Compile Driver"],"picked":"SKIP","floor":1.0},{"not_picked":["BasicCrystalCard","Steam Power"],"picked":"Gash","floor":4.0},{"not_picked":["Tempest","Go for the Eyes"],"picked":"ReplayGash","floor":5.0},{"not_picked":["Coolheaded","Steam Power","Reprogram"],"picked":"SKIP","floor":6.0},{"not_picked":["Gash","Sweeping Beam"],"picked":"Auto Shields","floor":8.0},{"not_picked":["Recycle","Turbo","Steam Power"],"picked":"SKIP","floor":10.0},{"not_picked":["White Noise","Coolheaded","Streamline"],"picked":"SKIP","floor":13.0},{"not_picked":["Steam","Sweeping Beam"],"picked":"ReplayGash","floor":14.0},{"not_picked":["Blizzard","Go for the Eyes","Compile Driver"],"picked":"SKIP","floor":14.0},{"not_picked":["Core Surge","Amplify"],"picked":"All For One","floor":16.0},{"not_picked":["Beam Cell+1","Streamline","ReplayTheSpireMod:Repulse"],"picked":"SKIP","floor":18.0},{"not_picked":["Self Repair","FIFO Queue","Go for the Eyes"],"picked":"SKIP","floor":18.0},{"not_picked":["Compile Driver","Sweeping Beam+1"],"picked":"Reinforced Body","floor":19.0},{"not_picked":["Ball Lightning","ReplayTheSpireMod:Reroute Power","Melter"],"picked":"SKIP","floor":19.0},{"not_picked":["Darkness","Stack"],"picked":"Gash+1","floor":22.0},{"not_picked":["Turbo","Hologram"],"picked":"Steam+1","floor":22.0},{"not_picked":["Rip and Tear+1","Stack"],"picked":"Beam Cell","floor":25},{"not_picked":["Steam","Ball Lightning+1","Creative AI"],"picked":"SKIP","floor":25},{"not_picked":["ReplayTheSpireMod:System Scan","hubris:SpecializedCircuitry","Chaos"],"picked":"SKIP","floor":28},{"not_picked":["ReplaySolidLightProjector","Redo","ReplayTheSpireMod:Calculation Training","champ:TornadoPunch"],"picked":"SKIP","floor":31},{"not_picked":["hubris:Ukulele","Storm","Undo+1","champ:TornadoPunch"],"picked":"SKIP","floor":31},{"not_picked":["Amplify","Biased Cognition","champ:SteelEdge"],"picked":"ReplayTheSpireMod:Fabricate Wheel","floor":33},{"not_picked":["ReplayTheSpireMod:Splinters","Replay:UnknownCurse","Shame"],"picked":"hubris:Envy","floor":34},{"not_picked":["Replay:UnknownCurse","Guardian:Aged","Amnesia"],"picked":"Languid","floor":34},{"not_picked":["ReplayTheSpireMod:Restless Dread","Slimebound:Icky","Doubt"],"picked":"hubris:Despair","floor":34},{"not_picked":["Redo","Thunder Strike","Recycle+1","champ:BerserkersShout"],"picked":"SKIP","floor":35},{"not_picked":["Self Repair","Beam Cell","Redo+1","champ:FlashCut"],"picked":"SKIP","floor":35},{"not_picked":["Barrage+1","Blizzard+1","Steam+1","champ:FanOfKnives"],"picked":"SKIP","floor":37},{"not_picked":["Undo","Redo","Rebound+1","champ:CrookedStrike"],"picked":"SKIP","floor":37},{"not_picked":["Compile Driver+1","Echo Form","Chill+1","champ:RapidStrikes"],"picked":"SKIP","floor":38},{"not_picked":["Fusion+1","Rebound+1","Hologram","champ:RecklessLeap"],"picked":"SKIP","floor":38},{"not_picked":["Aggregate+1","hubris:Ukulele+1","champ:Duel"],"picked":"Skim","floor":44},{"not_picked":["Panic Button","Compile Driver+1","ReplayTheSpireMod:Reroute Power+1","champ:GladiatorsShout"],"picked":"SKIP","floor":44},{"not_picked":["Sweeping Beam","Rebound+1","Tempest","champ:BerserkerStyle"],"picked":"SKIP","floor":44},{"not_picked":["Coolheaded","Force Field+1","Capacitor","champ:FocusedGladiator"],"picked":"SKIP","floor":45},{"not_picked":["Conserve Battery+1","Darkness","Compile Driver","champ:BerserkersShout"],"picked":"SKIP","floor":45},{"not_picked":["Cold Snap+1","Reinforced Body","Recycle+1","champ:Backstep"],"picked":"SKIP","floor":45}],"player_experience":160080,"relics_obtained":[{"floor":6.0,"key":"Darkstone Periapt"},{"floor":9.0,"key":"Anchor"},{"floor":13.0,"key":"Letter Opener"},{"floor":26,"key":"Bag of Marbles"},{"floor":28,"key":"hubris:DisguiseKit"},{"floor":43,"key":"Solar Panel"},{"floor":46,"key":"Gremlin Horn"}],"event_choices":[{"cards_removed":["Strike_B"],"damage_healed":0.0,"max_hp_gain":0.0,"max_hp_loss":0.0,"gold_gain":0.0,"event_name":"Golden Wing","player_choice":"Card Removal","floor":2.0,"gold_loss":0.0,"damage_taken":7.0},{"damage_healed":0.0,"max_hp_gain":0.0,"max_hp_loss":0.0,"gold_gain":0.0,"event_name":"Golden Idol","player_choice":"Take Wound","floor":7.0,"gold_loss":0.0,"damage_taken":0.0,"relics_obtained":["Golden Idol"],"cards_obtained":["Injury"]},{"damage_healed":0.0,"max_hp_gain":0.0,"max_hp_loss":0.0,"gold_gain":0.0,"event_name":"The Mausoleum","player_choice":"Opened","floor":20.0,"gold_loss":0.0,"damage_taken":0.0,"relics_obtained":["hubris:Teleporter"],"cards_obtained":["Writhe"]},{"damage_healed":0,"gold_gain":0,"cards_transformed":["Regret","Strike_B"],"player_choice":"Became Test Subject","damage_taken":0,"max_hp_gain":0,"max_hp_loss":0,"event_name":"Drug Dealer","floor":27,"gold_loss":0,"cards_obtained":["Injury","Gash"]},{"damage_healed":0,"gold_gain":0,"player_choice":"Became a Ghost","damage_taken":0,"max_hp_gain":0,"max_hp_loss":50,"event_name":"Ghosts","floor":29,"gold_loss":0,"cards_obtained":["Ghostly","Ghostly","Ghostly","Ghostly","Ghostly"]},{"cards_removed":["Injury"],"damage_healed":0,"gold_gain":0,"player_choice":"Gave Gold","damage_taken":0,"max_hp_gain":0,"max_hp_loss":0,"event_name":"Beggar","floor":30,"gold_loss":75},{"damage_healed":0,"gold_gain":0,"player_choice":"Max HP","damage_taken":0,"max_hp_gain":0,"max_hp_loss":3,"event_name":"Winding Halls","floor":36,"gold_loss":0},{"damage_healed":0,"gold_gain":0,"player_choice":"Paid","damage_taken":0,"relics_obtained":["Red Mask"],"max_hp_gain":0,"max_hp_loss":0,"event_name":"Tomb of Lord Red Mask","floor":41,"gold_loss":81}],"is_beta":false,"boss_relics":[{"not_picked":["Replay:Wanted Poster","Fusion Hammer"],"picked":"Replay:Grab Bag"},{"not_picked":["Sozu","hubris:VirtuousBlindfold"],"picked":"Cursed Key"},{"not_picked":["Busted Crown","hubris:GrandSneckoEye"],"picked":"Replay:Bronze Core"},{"not_picked":["hubris:ScarierMask","Calling Bell"],"picked":"Empty Cage"},{"not_picked":["Ring of Chaos","Black Star"],"picked":"Replay:Ancient Bell"},{"not_picked":["Ancient Tea Set","MawBank"],"picked":"Vajra"},{"not_picked":["Golden Egg","Sundial"],"picked":"hubris:PeanutButter"},{"not_picked":["Ginger","hubris:64BitClover"],"picked":"Replay:Towering Pillar of Hats"}],"items_purged_floors":[11,21,39,47],"is_endless":false,"potions_floor_spawned":[4,5,6,13,22,28,37,38,44],"ascension_level":1}}