{"host":"6qo42zgaknezulyg","time":1610082623,"event":{"mods":["2.2 Compatiblity","BaseMod","Colored Map","Downfall","Keyboard Shortcuts","Minty Spire (QoL Compilation)","Permanent Neow","Quick Restart","StSLib","SuperFastMode"],"gold_per_floor":[99,117,135,135,151,169,192,219,219,219,235,264,264,292,308,384,384,384,401,411,411,429,191,214,226,239,239,266,266,293,310,326,326,326],"floor_reached":33,"playtime":1708,"items_purged":["bronze:Strike"],"score":582,"play_id":"41338ceb-eaa5-40eb-9d25-31fe4222c13f","local_time":"20210108141023","is_ascension_mode":true,"campfire_choices":[{"data":"bronze:Replicate","floor":1.0,"key":"SMITH"},{"floor":10.0,"key":"REST"},{"floor":13.0,"key":"REST"},{"data":"bronze:Format","floor":18.0,"key":"SMITH"},{"floor":27.0,"key":"REST"},{"floor":29.0,"key":"REST"}],"circlet_count":0,"master_deck":["AscendersBane","bronze:Defend","bronze:Defend","bronze:Defend","bronze:Defend","bronze:Replicate+1","bronze:Goto+1","bronze:InfiniteLoop+1","bronze:Frontload+1","bronze:Format","bronze:Boost","bronze:Repair","bronze:Format+1","bronze:DelayedSlice","bronze:Flail+1","bronze:InfiniteBeams+1","bronze:FollowUp","bronze:Frontload"],"relics":["bronze:BronzeCore","Tiny Chest","bronze:BronzeIdol","Smiling Mask","Oddly Smooth Stone","Empty Cage","Orrery","Pen Nib","Bag of Marbles","bronze:SilverBullet"],"acts_visited":["Exordium","TheCity"],"potions_floor_usage":[33],"damage_taken":[{"damage":10.0,"enemies":"Small Slimes","floor":2.0,"turns":3.0},{"damage":1.0,"enemies":"Cultist","floor":3.0,"turns":3.0},{"damage":2.0,"enemies":"Jaw Worm","floor":5.0,"turns":5.0},{"damage":0.0,"enemies":"Blue Slaver","floor":6.0,"turns":3.0},{"damage":20.0,"enemies":"Lagavulin","floor":8.0,"turns":7.0},{"damage":1.0,"enemies":"Exordium Thugs","floor":11.0,"turns":4.0},{"damage":16.0,"enemies":"3 Sentries","floor":12.0,"turns":7.0},{"damage":4.0,"enemies":"Lagavulin","floor":14.0,"turns":5.0},{"damage":22.0,"enemies":"Lots of Slimes","floor":15.0,"turns":6.0},{"damage":18.0,"enemies":"downfall:Watcher","floor":16.0,"turns":8.0},{"damage":2.0,"enemies":"Spheric Guardian","floor":19.0,"turns":6.0},{"damage":7.0,"enemies":"Shell Parasite","floor":20.0,"turns":6.0},{"damage":12.0,"enemies":"3 Cultists","floor":22.0,"turns":7.0},{"damage":0.0,"enemies":"downfall:FleeingMerchant","floor":23.0,"turns":4.0},{"damage":12.0,"enemies":"Centurion and Healer","floor":25.0,"turns":5.0},{"damage":20.0,"enemies":"Snake Plant","floor":26.0,"turns":5.0},{"damage":62.0,"enemies":"Slavers","floor":28.0,"turns":7.0},{"damage":1.0,"enemies":"Chosen and Byrds","floor":31.0,"turns":5.0},{"damage":0.0,"enemies":"Cultist and Chosen","floor":32.0,"turns":5.0},{"damage":27,"enemies":"downfall:Silent","floor":33,"turns":8}],"seed_played":"-4092248552342988209","potions_obtained":[{"floor":6.0,"key":"bronze:FreeFunctionsPotion"},{"floor":8.0,"key":"PowerPotion"},{"floor":19.0,"key":"PowerPotion"},{"floor":31.0,"key":"champ:CounterPotion"}],"is_trial":false,"path_per_floor":["R","M","M","?","M","M","T","E","?","R","M","E","R","E","M","B",null,"R","M","M","?","M","$","T","M","M","R","E","R","T","M","M","B"],"character_chosen":"THE_AUTOMATON","items_purchased":["Orrery"],"campfire_rested":4,"item_purchase_floors":[23],"current_hp_per_floor":[57,47,46,46,44,44,44,24,24,42,41,25,43,39,24,13,51,51,56,56,56,51,58,58,53,40,58,3,21,21,27,34,14,14],"gold":326,"neow_bonus":"ONE_RANDOM_RARE_CARD","is_daily":false,"chose_seed":false,"campfire_upgraded":2,"win_rate":0.0,"timestamp":1610082623,"path_taken":["R","M","M","?","M","?","T","E","?","R","M","E","R","E","M","BOSS","R","M","M","?","M","?","T","M","M","R","E","R","?","?","M","BOSS"],"items_purchased_type":["Relic"],"build_version":"2020-12-22","purchased_purges":1,"victory":false,"max_hp_per_floor":[63,63,63,63,63,63,63,63,63,63,63,63,63,63,63,63,63,63,63,63,63,63,63,63,63,63,63,63,63,63,63,63,63,63],"card_choices":[{"not_picked":["bronze:Shield","bronze:Iterate","bronze:Safeguard"],"picked":"SKIP","floor":2.0},{"not_picked":["bronze:NullPointer","bronze:FineTuning"],"picked":"bronze:Frontload","floor":3.0},{"not_picked":["bronze:Overheat","bronze:DarkDash"],"picked":"bronze:Format","floor":5.0},{"not_picked":["bronze:Branch","bronze:Shield"],"picked":"bronze:Boost","floor":6.0},{"not_picked":["bronze:TinkerersToolbox","bronze:Deprecate","bronze:AlphaBuild"],"picked":"SKIP","floor":8.0},{"not_picked":["bronze:DelayedGuard","bronze:Frontload","bronze:Backtrace"],"picked":"SKIP","floor":11.0},{"not_picked":["bronze:Constructor","bronze:WildBeam","bronze:Philosophize"],"picked":"SKIP","floor":12.0},{"not_picked":["bronze:Terminator","bronze:DigitalCarnage"],"picked":"bronze:Repair","floor":14.0},{"not_picked":["bronze:Shield","bronze:DelayedGuard","bronze:Optimize"],"picked":"SKIP","floor":15.0},{"not_picked":["bronze:AlphaBuild","bronze:Hardcode"],"picked":"bronze:Format","floor":16.0},{"not_picked":["bronze:SearingBeam","bronze:ClassDefault"],"picked":"bronze:DelayedSlice","floor":19.0},{"not_picked":["bronze:BronzeArmor","bronze:BitShift"],"picked":"bronze:Flail+1","floor":20.0},{"not_picked":["bronze:DelayedGuard","bronze:Shield","bronze:Deprecate"],"picked":"SKIP","floor":22.0},{"not_picked":["bronze:Terminator","bronze:Overload","bronze:Safeguard"],"picked":"SKIP","floor":23.0},{"not_picked":["bronze:Branch","bronze:Overload"],"picked":"bronze:InfiniteBeams+1","floor":23.0},{"not_picked":["bronze:DarkDash","bronze:Deprecate+1"],"picked":"bronze:FollowUp","floor":23.0},{"not_picked":["bronze:Invalidate","bronze:Iterate","bronze:CutThrough"],"picked":"SKIP","floor":25.0},{"not_picked":["bronze:Terminator","bronze:Separator","bronze:Iterate"],"picked":"SKIP","floor":26.0},{"not_picked":["bronze:Hardcode","bronze:ItsAFeature","bronze:ForceShield"],"picked":"SKIP","floor":28.0},{"not_picked":["bronze:ClassDefault","bronze:Turbo","bronze:Constructor"],"picked":"SKIP","floor":31.0},{"not_picked":["bronze:NullPointer","bronze:ItsAFeature"],"picked":"bronze:Frontload","floor":32.0}],"player_experience":1149865,"relics_obtained":[{"floor":7.0,"key":"Tiny Chest"},{"floor":8.0,"key":"bronze:BronzeIdol"},{"floor":12.0,"key":"Smiling Mask"},{"floor":14.0,"key":"Oddly Smooth Stone"},{"floor":24.0,"key":"Pen Nib"},{"floor":28.0,"key":"Bag of Marbles"},{"floor":30.0,"key":"bronze:SilverBullet"}],"event_choices":[],"is_beta":false,"boss_relics":[{"not_picked":["Velvet Choker","Runic Pyramid"],"picked":"Empty Cage"}],"items_purged_floors":[23],"is_endless":false,"potions_floor_spawned":[6,8,14,19,25,31],"killed_by":"downfall:Silent","ascension_level":20}}