{"host":"1a3cjta80tad0aqj","time":1610106231,"event":{"mods":["2.2 Compatiblity","AchievementEnabler","BaseMod","Colored Map","DeckTracker","KOR Keyword Fix","Keyboard Shortcuts","Minty Spire (QoL Compilation)","Permanent Neow","Quick Restart","Random Character Button","StSLib","SuperFastMode","everything is the same but u backflip on backflip"],"gold_per_floor":[115,290,215,235,20,20,20,20,20,35,69,80,80,95,95,95,95],"floor_reached":16,"playtime":572,"items_purged":["Doubt","Defend_P"],"score":100,"play_id":"aba0150d-da64-4eb5-b39f-f9d1a4e698ab","local_time":"20210108204351","is_ascension_mode":false,"campfire_choices":[{"data":"Eruption","floor":6,"key":"SMITH"},{"data":"FearNoEvil","floor":8,"key":"SMITH"},{"data":"MentalFortress","floor":13,"key":"SMITH"},{"data":"Vigilance","floor":15,"key":"SMITH"}],"circlet_count":0,"master_deck":["Strike_P","Strike_P","Strike_P","Strike_P","Defend_P","Defend_P","Defend_P","Eruption+1","Vigilance+1","MentalFortress+1","FearNoEvil+1"],"relics":["Cursed Key"],"acts_visited":["Exordium"],"potions_floor_usage":[],"damage_taken":[{"damage":0,"enemies":"Jaw Worm","floor":1,"turns":4},{"damage":0,"enemies":"Small Slimes","floor":4,"turns":3},{"damage":0,"enemies":"Cultist","floor":10,"turns":2},{"damage":26,"enemies":"3 Sentries","floor":11,"turns":9},{"damage":0,"enemies":"3 Louse","floor":12,"turns":3},{"damage":3,"enemies":"2 Fungi Beasts","floor":14,"turns":4},{"damage":30,"enemies":"Slime Boss","floor":16,"turns":7}],"seed_played":"5307346780381883643","potions_obtained":[{"floor":4,"key":"Dexterity Potion"},{"floor":7,"key":"SkillPotion"},{"floor":7,"key":"Strength Potion"},{"floor":7,"key":"Weak Potion"},{"floor":10,"key":"Ambrosia"},{"floor":14,"key":"LiquidMemories"}],"is_trial":false,"path_per_floor":["M","?","$","M","$","R","?","R","T","M","E","M","R","M","R","B"],"character_chosen":"WATCHER","items_purchased":["MentalFortress","FearNoEvil"],"campfire_rested":0,"item_purchase_floors":[5,5],"current_hp_per_floor":[72,72,72,72,72,72,72,72,72,72,46,46,46,43,43,13,13],"gold":95,"neow_bonus":"BOSS_RELIC","is_daily":false,"chose_seed":true,"campfire_upgraded":4,"win_rate":0.0,"timestamp":1610106231,"path_taken":["M","?","$","M","$","R","?","R","T","?","E","M","R","M","R","BOSS"],"items_purchased_type":["Card","Card"],"build_version":"2020-12-22","purchased_purges":2,"victory":false,"max_hp_per_floor":[72,72,72,72,72,72,72,72,72,72,72,72,72,72,72,72,72],"card_choices":[{"not_picked":["FollowUp","ForeignInfluence","FlurryOfBlows"],"picked":"SKIP","floor":1},{"not_picked":["SashWhip","Prostrate","FlyingSleeves"],"picked":"SKIP","floor":4},{"not_picked":["EmptyMind","Worship","Vengeance"],"picked":"SKIP","floor":10},{"not_picked":["FlurryOfBlows","Protect","FearNoEvil"],"picked":"SKIP","floor":11},{"not_picked":["CutThroughFate","Sanctity","Perseverance"],"picked":"SKIP","floor":12},{"not_picked":["FlyingSleeves","DeceiveReality","Fasting2"],"picked":"SKIP","floor":14}],"player_experience":209921,"relics_obtained":[],"event_choices":[{"damage_healed":0,"gold_gain":175,"player_choice":"AGREE","damage_taken":0,"max_hp_gain":0,"max_hp_loss":0,"event_name":"Liars Game","floor":2,"gold_loss":0,"cards_obtained":["Doubt"]},{"damage_healed":0,"gold_gain":0,"player_choice":"Got Potions","damage_taken":0,"max_hp_gain":0,"max_hp_loss":0,"event_name":"Lab","floor":7,"gold_loss":0}],"is_beta":false,"boss_relics":[],"items_purged_floors":[3,5],"is_endless":false,"potions_floor_spawned":[4,10,14],"killed_by":"Slime Boss","ascension_level":0}}