{"host":"foq4mrde4mssg7vt","time":1610129216,"event":{"mods":["AchievementEnabler","BaseMod","Colored Map","Colored Powertips","Highlight Path","Minty Spire (QoL Compilation)","Relic Stats","everything is the same but u backflip on backflip"],"gold_per_floor":[110,32,49,68,79,79,4,4,28,28,62,81,95,111,111,185,185,196,161,161,8,19,19,48,48,48],"floor_reached":25,"playtime":1001,"items_purged":["Perfected Strike"],"score":481,"play_id":"0c5becee-1104-4124-9fb2-cb836ec4b40c","local_time":"20210109020656","is_ascension_mode":true,"campfire_choices":[{"floor":6.0,"key":"REST"},{"data":"Bash","floor":8.0,"key":"SMITH"},{"data":"Fiend Fire","floor":15.0,"key":"SMITH"},{"data":"True Grit","floor":23.0,"key":"SMITH"}],"circlet_count":0,"master_deck":["AscendersBane","Strike_R","Strike_R","Defend_R","Defend_R","Defend_R","Bash+1","Feel No Pain+1","Brutality+1","Power Through+1","Cleave","Evolve","Anger","Impervious","Shockwave","Dropkick","Fiend Fire+1","True Grit+1","Barricade+1","Burning Pact","Disarm","Impervious","Whirlwind"],"relics":["Astrolabe","Strawberry","Gremlin Horn","Oddly Smooth Stone","Runic Pyramid","Happy Flower"],"acts_visited":["Exordium","TheCity"],"potions_floor_usage":[24],"damage_taken":[{"damage":10.0,"enemies":"Cultist","floor":1.0,"turns":6.0},{"damage":11.0,"enemies":"Jaw Worm","floor":3.0,"turns":4.0},{"damage":2.0,"enemies":"Small Slimes","floor":4.0,"turns":3.0},{"damage":18.0,"enemies":"Exordium Thugs","floor":5.0,"turns":4.0},{"damage":17.0,"enemies":"Lagavulin","floor":11.0,"turns":7.0},{"damage":5.0,"enemies":"Exordium Wildlife","floor":12.0,"turns":3.0},{"damage":3.0,"enemies":"Red Slaver","floor":13.0,"turns":4.0},{"damage":10.0,"enemies":"Looter","floor":14.0,"turns":4.0},{"damage":8.0,"enemies":"Slime Boss","floor":16.0,"turns":9.0},{"damage":5.0,"enemies":"Chosen","floor":18.0,"turns":6.0},{"damage":30.0,"enemies":"2 Thieves","floor":19.0,"turns":5.0},{"damage":13.0,"enemies":"Chosen and Byrds","floor":22.0,"turns":8.0},{"damage":32,"enemies":"Gremlin Leader","floor":24,"turns":9},{"damage":6,"enemies":"Cultist and Chosen","floor":25,"turns":1}],"seed_played":"-3916314517550347421","potions_obtained":[{"floor":1.0,"key":"EssenceOfSteel"},{"floor":4.0,"key":"Dexterity Potion"},{"floor":11.0,"key":"SteroidPotion"},{"floor":16.0,"key":"BloodPotion"},{"floor":22.0,"key":"SkillPotion"}],"is_trial":false,"path_per_floor":["M","$","M","M","M","R","?","R","T","T","E","M","M","M","R","B",null,"M","M","?","$","M","R","E","M"],"character_chosen":"IRONCLAD","items_purchased":["Evolve","Impervious"],"campfire_rested":1,"item_purchase_floors":[2,21],"current_hp_per_floor":[58,58,47,45,27,49,49,49,56,56,39,34,31,21,21,13,65,60,30,30,30,33,33,1,0,0],"gold":48,"neow_bonus":"BOSS_RELIC","is_daily":false,"chose_seed":false,"campfire_upgraded":3,"win_rate":0.0,"timestamp":1610129216,"path_taken":["M","$","?","M","M","R","?","R","T","?","E","M","?","M","R","BOSS","M","M","?","?","M","R","E","?"],"items_purchased_type":["Card","Card"],"build_version":"2020-12-22","purchased_purges":1,"victory":false,"max_hp_per_floor":[75,75,75,75,75,75,75,75,82,82,82,82,82,82,82,82,82,82,82,82,82,82,82,82,82,82],"relic_stats":{"Gremlin Horn":[9,9],"Happy Flower":[0],"counters":[14,73],"Astrolabe":["Feel No Pain","Brutality","Power Through"],"obtain_stats":[{"Gremlin Horn":10,"Happy Flower":24,"Astrolabe":0,"Strawberry":9,"Oddly Smooth Stone":11,"Burning Blood":0,"Runic Pyramid":17},{"Gremlin Horn":4,"Happy Flower":13,"Astrolabe":0,"Strawberry":4,"Oddly Smooth Stone":5,"Burning Blood":0,"Runic Pyramid":9},{"Gremlin Horn":17,"Happy Flower":72,"Astrolabe":0,"Strawberry":17,"Oddly Smooth Stone":24,"Burning Blood":0,"Runic Pyramid":44}]},"card_choices":[{"not_picked":["Uppercut","Evolve"],"picked":"Cleave","floor":1.0},{"not_picked":["Clash","Flame Barrier"],"picked":"Perfected Strike","floor":3.0},{"not_picked":["Shrug It Off","Combust"],"picked":"Anger","floor":4.0},{"not_picked":["Clash","Armaments"],"picked":"Impervious","floor":5.0},{"not_picked":["Havoc","Sentinel"],"picked":"Shockwave","floor":11.0},{"not_picked":["Cleave","Clothesline"],"picked":"Dropkick","floor":12.0},{"not_picked":["Body Slam","Twin Strike"],"picked":"Fiend Fire","floor":13.0},{"not_picked":["Body Slam","Inflame"],"picked":"True Grit","floor":14.0},{"not_picked":["Double Tap","Brutality"],"picked":"Barricade","floor":16.0},{"not_picked":["Ghostly Armor","Flex"],"picked":"Burning Pact","floor":18.0},{"not_picked":["Dropkick","Havoc"],"picked":"Disarm","floor":19.0},{"not_picked":["Hemokinesis","Pommel Strike","Exhume"],"picked":"SKIP","floor":22.0},{"not_picked":["Twin Strike","Flex"],"picked":"Whirlwind","floor":24}],"player_experience":414598,"relics_obtained":[{"floor":9.0,"key":"Strawberry"},{"floor":10.0,"key":"Gremlin Horn"},{"floor":11.0,"key":"Oddly Smooth Stone"},{"floor":24,"key":"Happy Flower"}],"event_choices":[{"cards_removed":["Defend_R"],"damage_healed":0.0,"max_hp_gain":0.0,"max_hp_loss":0.0,"gold_gain":0.0,"event_name":"The Cleric","player_choice":"Card Removal","floor":7.0,"gold_loss":75.0,"damage_taken":0.0},{"damage_healed":0.0,"max_hp_gain":0.0,"max_hp_loss":0.0,"gold_gain":0.0,"event_name":"Upgrade Shrine","player_choice":"Upgraded","floor":20.0,"gold_loss":0.0,"damage_taken":0.0,"cards_upgraded":["Barricade"]}],"is_beta":false,"boss_relics":[{"not_picked":["Empty Cage","Velvet Choker"],"picked":"Runic Pyramid"}],"items_purged_floors":[21],"is_endless":false,"potions_floor_spawned":[1,4,11,13,16,22],"killed_by":"Cultist and Chosen","ascension_level":15}}