{"host":"7eghw93eeze7thed","time":1610081200,"event":{"mods":["Act Like it!","Aspiration","BaseMod","CapriCore","Challenge The Spire","Colored Map","Colored Powertips","Gensokyo","Koishi","Marked Mod","Minty Spire (QoL Compilation)","Quick Restart","StSLib","The Immortal","The Jungle"],"gold_per_floor":[365,377,377,226,239,239,250,250,250,250,175,208,26,39,39,339,339],"floor_reached":16,"playtime":1433,"items_purged":["Koishi:BasicDefend"],"score":100,"play_id":"8d6e5226-0be1-4a42-9fae-c88b354dc615","local_time":"20210108124640","is_ascension_mode":false,"campfire_choices":[{"data":"Koishi:JumpScare","floor":6,"key":"SMITH"},{"data":"Koishi:RacingHeart","floor":8,"key":"SMITH"},{"data":"Koishi:FleetingPhantom","floor":15,"key":"SMITH"}],"circlet_count":0,"master_deck":["Koishi:BasicStrike","Koishi:BasicStrike","Koishi:BasicDefend","Koishi:BasicDefend","Koishi:Provoke","Koishi:HauntingSlash","Gensokyo:ImpossibleRequest","Koishi:ParalyzingFear","Koishi:DreadfulBlow","Koishi:JumpScare+1","Koishi:SpiritedAway","Koishi:ReflexRadar","Koishi:RacingHeart+1","Koishi:Whimsy+1","Koishi:YoukaiPolygraph","Koishi:FleetingPhantom+1","Gensokyo:BlemishedSteel","Gensokyo:LockedMedkit","Koishi:MindNumbingTerror"],"relics":["Koishi:ImaginaryFriend","Frozen Egg 2","White Beast Statue"],"acts_visited":["Gensokyo:Gensokyo"],"potions_floor_usage":[14,14,14,14,16],"damage_taken":[{"damage":9,"enemies":"Gensokyo:3_Fairies","floor":1,"turns":4},{"damage":0,"enemies":"Gensokyo:Python","floor":2,"turns":3},{"damage":5,"enemies":"Gensokyo:Gryphon","floor":5,"turns":3},{"damage":9,"enemies":"Gensokyo:2_Rabbits","floor":7,"turns":5},{"damage":3,"enemies":"Gensokyo:Mamizou","floor":12,"turns":8},{"damage":14,"enemies":"Gensokyo:LivingMonolith","floor":14,"turns":4},{"damage":43,"enemies":"Gensokyo:Reimu","floor":16,"turns":6}],"seed_played":"6589890237914551751","potions_obtained":[{"floor":7,"key":"Dexterity Potion"},{"floor":12,"key":"EntropicBrew"},{"floor":14,"key":"Fire Potion"}],"is_trial":false,"path_per_floor":["M","M","?","$","M","R","M","R","T","?","$","E","COS","M","R","B"],"character_chosen":"KOISHI","items_purchased":["Koishi:JumpScare","Koishi:SpiritedAway","Koishi:YoukaiPolygraph"],"campfire_rested":0,"item_purchase_floors":[4,4,11],"current_hp_per_floor":[51,53,29,29,28,28,27,27,27,27,27,43,43,37,37,0,0],"gold":339,"neow_bonus":"TWO_FIFTY_GOLD","is_daily":false,"chose_seed":false,"campfire_upgraded":3,"win_rate":0.0,"timestamp":1610081200,"path_taken":["M","M","?","$","?","R","M","R","T","?","?","E","COS","M","R","BOSS"],"items_purchased_type":["Card","Card","Card"],"build_version":"2020-12-22","purchased_purges":1,"victory":false,"max_hp_per_floor":[60,60,60,60,60,60,60,60,60,60,60,60,60,60,60,60,60],"card_choices":[{"not_picked":["Koishi:EmbryosDream","Koishi:BloodcurdlingScream"],"picked":"Koishi:ParalyzingFear","floor":1},{"not_picked":["Koishi:DanmakuParanoia","Koishi:MassHysteria"],"picked":"Koishi:DreadfulBlow","floor":2},{"not_picked":["Koishi:UnseenTerror","Koishi:SubterraneanRose"],"picked":"Koishi:ReflexRadar","floor":5},{"not_picked":["Koishi:MindStellarRelief","Koishi:BloodcurdlingScream"],"picked":"Koishi:RacingHeart","floor":7},{"not_picked":["Koishi:HeartfeltFancy","Koishi:PredatoryInstincts"],"picked":"Koishi:FleetingPhantom","floor":12},{"not_picked":["Koishi:MassHysteria","Koishi:SubconsciousSweep"],"picked":"Koishi:MindNumbingTerror","floor":14}],"player_experience":76953,"relics_obtained":[{"floor":9,"key":"Frozen Egg 2"},{"floor":12,"key":"White Beast Statue"}],"event_choices":[],"is_beta":false,"boss_relics":[],"items_purged_floors":[4],"is_endless":false,"potions_floor_spawned":[7,12,14],"killed_by":"Gensokyo:Reimu","ascension_level":0}}