{"host":"873t0y8ybyo38pfq","time":1610105517,"event":{"mods":["BaseMod","Bestiary","Colored Map","Colored Powertips","Highlight Path","Minty Spire (QoL Compilation)","Quick Restart","RNG Fix","Rare Cards Sparkle","Relic Stats","StSLib"],"gold_per_floor":[367,517,537,547,566,566,600,600,623,23,23,23,41,60,60,137,137,147,165,182,25,25,25,25,25],"floor_reached":24,"playtime":535,"items_purged":[],"score":396,"play_id":"3878458a-4c35-4a47-9db9-974abaddb302","local_time":"20210108063157","is_ascension_mode":true,"campfire_choices":[{"data":"Zap","floor":6,"key":"SMITH"},{"floor":8,"key":"REST"},{"floor":12,"key":"REST"},{"data":"Dualcast","floor":15,"key":"SMITH"},{"data":"Buffer","floor":23,"key":"SMITH"}],"circlet_count":0,"master_deck":["AscendersBane","Strike_B","Defend_B","Defend_B","Defend_B+1","Defend_B","Zap+1","Dualcast+1","Sweeping Beam","Scrape+1","Beam Cell","Consume","Go for the Eyes","Doom and Gloom","White Noise","Buffer+1","Doom and Gloom+1","Self Repair","FTL","Auto Shields","Glacier"],"relics":["Cracked Core","Meat on the Bone","Potion Belt","Strange Spoon","Pen Nib","Bottled Flame","Empty Cage","OrangePellets"],"acts_visited":["Exordium","TheCity"],"potions_floor_usage":[5,7,19,20,24],"damage_taken":[{"damage":0,"enemies":"Small Slimes","floor":1,"turns":2},{"damage":6,"enemies":"Cultist","floor":3,"turns":3},{"damage":1,"enemies":"2 Louse","floor":4,"turns":3},{"damage":28,"enemies":"Gremlin Gang","floor":5,"turns":6},{"damage":25,"enemies":"Lagavulin","floor":7,"turns":6},{"damage":11,"enemies":"Red Slaver","floor":13,"turns":3},{"damage":8,"enemies":"Blue Slaver","floor":14,"turns":2},{"damage":8,"enemies":"Slime Boss","floor":16,"turns":6},{"damage":19,"enemies":"Spheric Guardian","floor":18,"turns":5},{"damage":33,"enemies":"2 Thieves","floor":19,"turns":3},{"damage":7,"enemies":"Snake Plant","floor":20,"turns":5},{"damage":35,"enemies":"Gremlin Leader","floor":24,"turns":5}],"seed_played":"3050439936007519348","potions_obtained":[{"floor":1,"key":"SneckoOil"},{"floor":4,"key":"CultistPotion"},{"floor":5,"key":"SpeedPotion"},{"floor":7,"key":"Explosive Potion"},{"floor":20,"key":"GamblersBrew"}],"is_trial":false,"path_per_floor":["M","?","M","M","M","R","E","R","T","$","?","R","M","M","R","B",null,"M","M","M","$","?","R","E"],"character_chosen":"DEFECT","items_purchased":["Strange Spoon","Pen Nib","Bottled Flame","OrangePellets"],"campfire_rested":2,"item_purchase_floors":[10,10,10,21],"current_hp_per_floor":[64,64,58,57,29,29,4,23,23,23,4,23,24,28,28,32,56,37,16,28,28,28,28,0,0],"gold":25,"neow_bonus":"TWO_FIFTY_GOLD","is_daily":false,"chose_seed":false,"campfire_upgraded":3,"win_rate":0.0,"timestamp":1610105517,"path_taken":["M","?","M","M","M","R","E","R","T","$","?","R","?","?","R","BOSS","M","M","M","$","?","R","E"],"items_purchased_type":["Relic","Relic","Relic","Relic"],"build_version":"2020-12-22","purchased_purges":0,"victory":false,"max_hp_per_floor":[64,64,64,64,64,64,64,64,64,64,64,64,64,64,64,64,64,64,64,64,64,64,64,64,64],"relic_stats":{"Strange Spoon":[0],"OrangePellets":[0],"counters":[12,49],"Pen Nib":[4],"obtain_stats":[{"Potion Belt":9,"Strange Spoon":10,"OrangePellets":21,"Bottled Flame":10,"Pen Nib":10,"Cracked Core":0,"Empty Cage":17,"Meat on the Bone":7},{"Potion Belt":5,"Strange Spoon":5,"OrangePellets":11,"Bottled Flame":5,"Pen Nib":5,"Cracked Core":0,"Empty Cage":8,"Meat on the Bone":5},{"Potion Belt":20,"Strange Spoon":20,"OrangePellets":44,"Bottled Flame":20,"Pen Nib":20,"Cracked Core":0,"Empty Cage":31,"Meat on the Bone":20}],"Meat on the Bone":60},"card_choices":[{"not_picked":["Redo","Undo"],"picked":"Sweeping Beam","floor":1},{"not_picked":["Steam","Force Field"],"picked":"Scrape","floor":3},{"not_picked":["Conserve Battery","Sunder"],"picked":"Beam Cell","floor":4},{"not_picked":["Hello World","Rebound"],"picked":"Consume","floor":5},{"not_picked":["Buffer","Static Discharge"],"picked":"Go for the Eyes","floor":7},{"not_picked":["Compile Driver","Reinforced Body"],"picked":"Doom and Gloom","floor":13},{"not_picked":["Consume","Stack"],"picked":"White Noise","floor":14},{"not_picked":["Reboot","Thunder Strike"],"picked":"Buffer","floor":16},{"not_picked":["Stack","Tempest"],"picked":"Doom and Gloom+1","floor":18},{"not_picked":["Barrage","Loop"],"picked":"Self Repair","floor":19},{"not_picked":["Go for the Eyes","Cold Snap"],"picked":"FTL","floor":20}],"player_experience":1544881,"relics_obtained":[{"floor":7,"key":"Meat on the Bone"},{"floor":9,"key":"Potion Belt"}],"event_choices":[{"damage_healed":0,"gold_gain":150,"player_choice":"AGREE","damage_taken":0,"max_hp_gain":0,"max_hp_loss":0,"event_name":"Liars Game","floor":2,"gold_loss":0,"cards_obtained":["Doubt"]},{"damage_healed":0,"gold_gain":0,"player_choice":"Entered Light","damage_taken":19,"max_hp_gain":0,"max_hp_loss":0,"event_name":"Shining Light","floor":11,"gold_loss":0,"cards_upgraded":["Defend_B","Scrape"]},{"damage_healed":0,"gold_gain":0,"cards_transformed":["Strike_B","Strike_B"],"player_choice":"Became Test Subject","damage_taken":0,"max_hp_gain":0,"max_hp_loss":0,"event_name":"Drug Dealer","floor":22,"gold_loss":0,"cards_obtained":["Auto Shields","Glacier"]}],"is_beta":false,"boss_relics":[{"not_picked":["Calling Bell","Black Star"],"picked":"Empty Cage"}],"items_purged_floors":[],"is_endless":false,"potions_floor_spawned":[1,4,5,7,20],"killed_by":"Gremlin Leader","ascension_level":20}}