{"host":"66qk2d5itigvi6zt","time":1610084138,"event":{"mods":["Aspiration","BaseMod","Better Third Choice","Conspire","Minty Spire (QoL Compilation)","Replay The Spire","StSLib","Td1madao Mod","The Administrix","The Alterego","UnlockEverythingMod","Waifu the Spire","everything is the same but u backflip on backflip"],"gold_per_floor":[115,135,135,150,41,54,54,70,70,89,89,89,101,134,134,230,230,245,245,265,75,87,115,128,128,128,128,145,145,145,162,162,264,264,274,274,291,311,32,65,79,92,92,111,71,71,71,94,94,194,194,208,208,223,223,3,28,28,28,51,51,107,107,107,120,120,225,225,240,240,255,284,284,284,299,574,603,603,138,166,166,190,190,298,298,323,348,8,77,158,158,217,217,305,305,376,376,443,492,492,633,633,633],"floor_reached":102,"playtime":11710,"items_purged":["alterego_mod:Strike","alterego_mod:Strike","alterego_mod:BrynhildrsRune","Regret"],"score":2281,"play_id":"3d547512-d702-49f5-84d1-52e4f9b35f06","local_time":"20210107213538","daily_mods":["Heirloom"],"is_ascension_mode":false,"campfire_choices":[{"data":"alterego_mod:Impale","floor":7,"key":"SMITH"},{"data":"alterego_mod:BigMeatyClaws","floor":11,"key":"SMITH"},{"data":"alterego_mod:Nekomimi","floor":15,"key":"SMITH"},{"data":"alterego_mod:Venus","floor":25,"key":"SMITH"},{"data":"alterego_mod:RingBreak","floor":29,"key":"SMITH"},{"data":"alterego_mod:Nekomimi","floor":32,"key":"SMITH"},{"data":"alterego_mod:Palingenesis","floor":46,"key":"SMITH"},{"data":"Regret","floor":49,"key":"PURGE"},{"data":"Replay:BasicMightCard","floor":58,"key":"SMITH"},{"data":"alterego_mod:Punishment","floor":66,"key":"SMITH"},{"data":"alterego_mod:Punishment","floor":74,"key":"SMITH"},{"data":"alterego_mod:Punishment","floor":78,"key":"SMITH"},{"data":"alterego_mod:TrickOrTreatment","floor":81,"key":"SMITH"},{"data":"alterego_mod:Punishment","floor":83,"key":"SMITH"},{"data":"alterego_mod:Bounce","floor":91,"key":"SMITH"},{"data":"alterego_mod:BrynhildrRomantia","floor":93,"key":"SMITH"},{"data":"alterego_mod:Bounce","floor":95,"key":"SMITH"},{"data":"alterego_mod:Bounce","floor":97,"key":"SMITH"},{"data":"alterego_mod:Bounce","floor":100,"key":"SMITH"}],"circlet_count":0,"master_deck":["alterego_mod:Defend+1","alterego_mod:Defend","alterego_mod:Defend+1","alterego_mod:Impale+1","alterego_mod:BigMeatyClaws+1","alterego_mod:Bounce+1","alterego_mod:Birthday+1","alterego_mod:SakuraFive","alterego_mod:RidiculouslyBig+1","alterego_mod:Bounce","alterego_mod:Nekomimi+1","alterego_mod:Nekomimi+1","alterego_mod:Venus+1","alterego_mod:Bounce+1","alterego_mod:BreastValley+1","alterego_mod:Birthday+1","alterego_mod:Table+1","alterego_mod:DiscoLights+1","alterego_mod:RingBreak+1","alterego_mod:Punishment+1","alterego_mod:IdEs+1","alterego_mod:BigMeatyClaws+1","alterego_mod:Bounce+1","alterego_mod:Cooking+1","alterego_mod:BigMeatyClaws+1","alterego_mod:Punishment+1","alterego_mod:Punishment+1","alterego_mod:Palingenesis+1","alterego_mod:Bounce+1","Replay:BasicMightCard+1","Dramatic Entrance","alterego_mod:TrickOrTreatment+1","alterego_mod:Bounce+1","alterego_mod:ChallengeComplete","alterego_mod:Bounce+1","alterego_mod:DiscoLights","alterego_mod:Punishment+1","alterego_mod:Cooking+1","alterego_mod:IdEs+1","alterego_mod:Birthday+1","alterego_mod:Cooking+1","alterego_mod:DiscoLights+1","alterego_mod:MagicResistance+1","alterego_mod:DiscoLights","alterego_mod:Rip","alterego_mod:BrynhildrRomantia+1","alterego_mod:Nekomimi+1","alterego_mod:Bounce+1","alterego_mod:Bounce","alterego_mod:Punishment+1","alterego_mod:Rip+1","alterego_mod:Nekomimi+1","alterego_mod:DiscoLights+1","alterego_mod:AlterEgo"],"relics":["alterego_mod:MasochisticConstitution","aspiration:HatOfInfinitePower","Toxic Egg 2","conspire:DeflatedDodgeball","Replay:Wax Seal","SlaversCollar","Enchiridion","Bag of Preparation","Ancient Tea Set","Replay:Accelerometer","aspiration:SecretTechniqueScroll","DollysMirror","War Paint","aspiration:FetidBarrel","aspiration:VileToxins","Empty Cage","ReplayTheSpireMod:Ninjato","aspiration:ArtOfWarUpgrade","Mango","aspiration:RunicSpoon","Ginger","Chemical X","CeramicFish","Frozen Eye","Replay:Bandana","ChewingGum"],"acts_visited":["Exordium","TheCity","TheBeyond","Exordium","TheCity","TheBeyond","Exordium"],"potions_floor_usage":[16,31,33,57,62,84,89,99],"damage_taken":[{"damage":0,"enemies":"Cultist","floor":1,"turns":5},{"damage":1,"enemies":"2 Louse","floor":2,"turns":4},{"damage":8,"enemies":"Jaw Worm","floor":4,"turns":5},{"damage":7,"enemies":"Blue Slaver","floor":6,"turns":4},{"damage":11,"enemies":"2 Fungi Beasts","floor":8,"turns":3},{"damage":0,"enemies":"Large Slime","floor":10,"turns":5},{"damage":4,"enemies":"Exordium Thugs","floor":13,"turns":3},{"damage":0,"enemies":"Gremlin Nob","floor":14,"turns":2},{"damage":16,"enemies":"Hexaghost","floor":16,"turns":7},{"damage":0,"enemies":"Spheric Guardian","floor":18,"turns":3},{"damage":0,"enemies":"3 Byrds","floor":20,"turns":5},{"damage":15,"enemies":"Snake Plant","floor":22,"turns":5},{"damage":7,"enemies":"Book of Stabbing","floor":23,"turns":4},{"damage":0,"enemies":"conspire:HollyBat","floor":24,"turns":5},{"damage":36,"enemies":"3 Cultists","floor":28,"turns":7},{"damage":6,"enemies":"Snake Plant","floor":31,"turns":3},{"damage":3,"enemies":"Automaton","floor":33,"turns":10},{"damage":29,"enemies":"3 Shapes","floor":35,"turns":4},{"damage":21,"enemies":"Orb Walker","floor":37,"turns":3},{"damage":27,"enemies":"4 Shapes","floor":38,"turns":6},{"damage":0,"enemies":"Giant Head","floor":40,"turns":4},{"damage":10,"enemies":"Spire Growth","floor":41,"turns":5},{"damage":7,"enemies":"Maw","floor":42,"turns":6},{"damage":9,"enemies":"Writhing Mass","floor":44,"turns":7},{"damage":21,"enemies":"Awakened One","floor":50,"turns":5},{"damage":3,"enemies":"Small Slimes","floor":52,"turns":2},{"damage":0,"enemies":"2 Louse","floor":54,"turns":1},{"damage":0,"enemies":"Lagavulin","floor":57,"turns":2},{"damage":2,"enemies":"3 Sentries","floor":62,"turns":2},{"damage":0,"enemies":"Cultist","floor":65,"turns":1},{"damage":88,"enemies":"The Guardian","floor":67,"turns":3},{"damage":18,"enemies":"Shell Parasite","floor":69,"turns":2},{"damage":8,"enemies":"Spheric Guardian","floor":71,"turns":3},{"damage":33,"enemies":"conspire:MimicChest","floor":72,"turns":4},{"damage":28,"enemies":"3 Cultists","floor":75,"turns":4},{"damage":48,"enemies":"Book of Stabbing","floor":77,"turns":5},{"damage":57,"enemies":"Snecko","floor":80,"turns":4},{"damage":0,"enemies":"Sentry and Sphere","floor":82,"turns":2},{"damage":46,"enemies":"conspire:MysteriousRune","floor":84,"turns":5},{"damage":28,"enemies":"3 Darklings","floor":86,"turns":5},{"damage":13,"enemies":"3 Shapes","floor":87,"turns":2},{"damage":30,"enemies":"Transient","floor":89,"turns":5},{"damage":10,"enemies":"Sphere and 2 Shapes","floor":90,"turns":3},{"damage":42,"enemies":"Giant Head","floor":92,"turns":5},{"damage":10,"enemies":"Nemesis","floor":94,"turns":7},{"damage":87,"enemies":"R_Hoarder","floor":96,"turns":6},{"damage":67,"enemies":"Jaw Worm Horde","floor":98,"turns":5},{"damage":0,"enemies":"Maw","floor":99,"turns":5},{"damage":38,"enemies":"Donu and Deca","floor":101,"turns":5}],"seed_played":"-3038530176980729771","potions_obtained":[{"floor":2,"key":"Weak Potion"},{"floor":6,"key":"Languid Potion"},{"floor":16,"key":"Weak Potion"},{"floor":18,"key":"AttackPotion"},{"floor":22,"key":"Flashbang"},{"floor":23,"key":"Energy Potion"},{"floor":28,"key":"Adrenaline Potion"},{"floor":35,"key":"Reflective Coating"},{"floor":38,"key":"ColorlessPotion"},{"floor":52,"key":"CultistPotion"},{"floor":67,"key":"Swift Potion"},{"floor":69,"key":"LiquidMemories"},{"floor":84,"key":"Reflective Coating"},{"floor":87,"key":"EntropicBrew"},{"floor":90,"key":"ColorlessPotion"},{"floor":101,"key":"Flashbang"}],"is_trial":true,"path_per_floor":["M","M","?","M","$","M","R","M","T","M","R","?","M","E","R","B",null,"M","?","M","$","M","E","M","R","T","?","M","R","?","M","R","B",null,"M","?","M","M","$","E","M","M","T","M","$","R","?","T","R","B",null,"M","?","M","?","$","E","R","?","T","R","?","R","?","M","R","B",null,"M","?","M","?","?","R","M","?","E","R","$","M","R","M","R","B",null,"M","M","$","M","M","R","E","R","E","R","E","R","M","M","R","B",null],"character_chosen":"The_Alterego","items_purchased":["alterego_mod:Birthday+1","alterego_mod:Birthday+1","Bag of Preparation","alterego_mod:Cooking+1","DollysMirror","alterego_mod:Bounce+1","alterego_mod:Bounce","alterego_mod:DiscoLights","Chemical X","CeramicFish","alterego_mod:MagicResistance+1","alterego_mod:Bounce","Frozen Eye","Replay:Bandana"],"campfire_rested":0,"item_purchase_floors":[5,21,21,39,39,45,56,56,79,79,79,88,88,88],"current_hp_per_floor":[70,71,71,64,64,61,61,54,54,64,64,64,64,67,67,55,76,76,60,76,76,68,78,78,78,78,78,46,46,31,32,32,43,86,70,70,56,63,63,83,83,91,91,92,92,92,82,82,82,72,93,94,94,94,94,94,94,94,94,94,94,109,109,109,109,109,42,110,97,108,108,111,111,111,114,114,78,78,78,30,30,55,55,70,117,107,106,106,116,121,121,114,114,131,131,105,105,74,105,105,126,138,138],"gold":633,"neow_bonus":"","is_daily":false,"chose_seed":false,"campfire_upgraded":18,"win_rate":0.0,"timestamp":1610084138,"path_taken":["M","?","?","M","?","M","R","?","T","M","R","?","M","E","R","BOSS","M","?","M","$","M","E","M","R","T","?","?","R","?","M","R","BOSS","M","?","M","M","$","E","M","M","T","?","?","R","?","?","R","BOSS","M","?","?","?","$","E","R","?","T","R","?","R","?","?","R","BOSS","M","?","M","?","?","R","M","?","E","R","$","M","R","M","R","BOSS","M","M","$","M","M","R","E","R","E","R","E","R","M","M","R","BOSS"],"items_purchased_type":["Card","Card","Relic","Card","Relic","Card","Card","Card","Relic","Relic","Card","Card","Relic","Relic"],"build_version":"2020-12-22","purchased_purges":4,"victory":false,"max_hp_per_floor":[70,71,71,72,72,73,73,74,74,74,74,74,75,75,75,76,76,76,76,76,76,77,78,78,78,78,78,79,79,84,85,85,86,86,87,87,88,89,89,89,90,91,91,92,92,92,92,92,92,93,93,94,94,94,94,94,94,94,94,94,94,109,109,109,109,109,110,110,111,111,112,113,113,113,114,114,115,115,115,116,116,116,116,117,117,118,119,119,120,121,121,126,126,131,131,136,136,137,137,137,138,138,138],"card_choices":[{"not_picked":["alterego_mod:Maid","alterego_mod:SakuraLabyrinth","alterego_mod:Mirror"],"picked":"SKIP","floor":1},{"not_picked":["alterego_mod:Swimsuit","alterego_mod:Lingerie","alterego_mod:Bunnysuit"],"picked":"SKIP","floor":2},{"not_picked":["alterego_mod:DiscoLights","alterego_mod:BiFurious"],"picked":"alterego_mod:Bounce","floor":4},{"not_picked":["alterego_mod:Jiggle+1","alterego_mod:Undulate+1"],"picked":"alterego_mod:SakuraFive","floor":6},{"not_picked":["alterego_mod:BoobPocket+1","alterego_mod:Punishment"],"picked":"alterego_mod:RidiculouslyBig+1","floor":8},{"not_picked":["alterego_mod:Rip","alterego_mod:MagicResistance+1"],"picked":"alterego_mod:Bounce","floor":10},{"not_picked":["alterego_mod:Complex","alterego_mod:Vow+1"],"picked":"alterego_mod:Nekomimi","floor":13},{"not_picked":["alterego_mod:Belle","alterego_mod:Mirror+1"],"picked":"alterego_mod:Nekomimi","floor":14},{"not_picked":["alterego_mod:TrickOrTreatment","alterego_mod:Valkyrie"],"picked":"alterego_mod:Venus","floor":16},{"not_picked":["alterego_mod:Punishment","alterego_mod:Cycle+1"],"picked":"alterego_mod:Bounce+1","floor":18},{"not_picked":["alterego_mod:MaintainEyeContact+1","alterego_mod:Lingerie"],"picked":"alterego_mod:BreastValley+1","floor":20},{"not_picked":["alterego_mod:Rip","alterego_mod:Undulate+1"],"picked":"alterego_mod:Table+1","floor":22},{"not_picked":["alterego_mod:BustOut","alterego_mod:Undulate+1"],"picked":"alterego_mod:DiscoLights+1","floor":23},{"not_picked":["alterego_mod:Belle","alterego_mod:DeftHands","alterego_mod:SakuraLabyrinth+1"],"picked":"SKIP","floor":24},{"not_picked":["alterego_mod:GoddessCore+1","alterego_mod:BeGentle+1"],"picked":"alterego_mod:RingBreak","floor":28},{"not_picked":["alterego_mod:Schoolgirl+1","alterego_mod:Rip"],"picked":"alterego_mod:Punishment","floor":31},{"not_picked":["alterego_mod:Rake","alterego_mod:PainIsPleasure"],"picked":"alterego_mod:IdEs+1","floor":33},{"not_picked":["alterego_mod:1TonWallop","alterego_mod:Mirror+1","alterego_mod:DestructionOfProperty+1"],"picked":"SKIP","floor":35},{"not_picked":["alterego_mod:Exercise","alterego_mod:Belts+1","alterego_mod:Cycle+1"],"picked":"SKIP","floor":37},{"not_picked":["alterego_mod:Cycle+1","alterego_mod:MagicResistance+1"],"picked":"alterego_mod:Bounce+1","floor":38},{"not_picked":["alterego_mod:Table+1","alterego_mod:STier+1"],"picked":"alterego_mod:Punishment","floor":40},{"not_picked":["alterego_mod:Undulate+1","alterego_mod:DestructionOfProperty+1"],"picked":"alterego_mod:Punishment","floor":41},{"not_picked":["alterego_mod:1TonWallop+1","alterego_mod:Mirror+1","alterego_mod:Crossover+1"],"picked":"SKIP","floor":42},{"not_picked":["alterego_mod:PerceptionDisorder","alterego_mod:Jiggle+1"],"picked":"alterego_mod:Palingenesis","floor":44},{"not_picked":["Survey Options+1","ReplayUltimateDefense"],"picked":"Replay:BasicMightCard","floor":47},{"not_picked":["Panacea+1","Magnetism"],"picked":"Dramatic Entrance","floor":47},{"not_picked":["alterego_mod:Rake","alterego_mod:Lift"],"picked":"alterego_mod:TrickOrTreatment","floor":50},{"not_picked":["alterego_mod:Punishment","alterego_mod:DeftHands"],"picked":"alterego_mod:Bounce","floor":52},{"not_picked":["alterego_mod:TrashNCrash+1","alterego_mod:Cycle+1"],"picked":"alterego_mod:ChallengeComplete","floor":54},{"not_picked":["alterego_mod:Jiggle+1","alterego_mod:HighServant+1","alterego_mod:Maid"],"picked":"SKIP","floor":57},{"not_picked":["alterego_mod:Jiggle+1","alterego_mod:HighServant+1","alterego_mod:Maid"],"picked":"SKIP","floor":57},{"not_picked":["alterego_mod:Skirt","alterego_mod:TrashNCrash+1"],"picked":"alterego_mod:Punishment","floor":62},{"not_picked":["alterego_mod:Antipathy+1","alterego_mod:Mirror+1"],"picked":"alterego_mod:Cooking+1","floor":65},{"not_picked":["alterego_mod:PainIsPleasure","alterego_mod:Weigh"],"picked":"alterego_mod:IdEs+1","floor":67},{"not_picked":["alterego_mod:1TonWallop","alterego_mod:Cushion+1"],"picked":"alterego_mod:Birthday+1","floor":69},{"not_picked":["alterego_mod:SakuraFive+1","alterego_mod:GoddessCore"],"picked":"alterego_mod:Cooking+1","floor":71},{"not_picked":["alterego_mod:Swimsuit","alterego_mod:MagicResistance+1","alterego_mod:PurpleHair+1"],"picked":"SKIP","floor":75},{"not_picked":["alterego_mod:Clap+1","alterego_mod:Collar"],"picked":"alterego_mod:DiscoLights+1","floor":77},{"not_picked":["alterego_mod:Mirror+1","alterego_mod:Maid"],"picked":"alterego_mod:DiscoLights","floor":80},{"not_picked":["alterego_mod:ChallengeComplete","alterego_mod:TrashNCrash+1"],"picked":"alterego_mod:Rip","floor":82},{"not_picked":["alterego_mod:RingBreak","alterego_mod:ClassAdvantage"],"picked":"alterego_mod:BrynhildrRomantia","floor":84},{"not_picked":["alterego_mod:BoobPocket+1","alterego_mod:Complex"],"picked":"alterego_mod:Nekomimi+1","floor":86},{"not_picked":["alterego_mod:BoobPocket+1","alterego_mod:GoddessCore"],"picked":"alterego_mod:Bounce","floor":87},{"not_picked":["alterego_mod:Bloomers+1","alterego_mod:Cycle+1"],"picked":"alterego_mod:Punishment+1","floor":89},{"not_picked":["alterego_mod:Lingerie","alterego_mod:Undulate+1"],"picked":"alterego_mod:Rip+1","floor":90},{"not_picked":["alterego_mod:Punishment","alterego_mod:Birthday+1"],"picked":"alterego_mod:Nekomimi+1","floor":92},{"not_picked":["alterego_mod:Skirt+1","alterego_mod:PurpleHair+1"],"picked":"alterego_mod:DiscoLights+1","floor":94},{"not_picked":["alterego_mod:Bunnysuit+1","alterego_mod:Crossover+1","alterego_mod:DiscoLights+1"],"picked":"SKIP","floor":96},{"not_picked":["alterego_mod:PerceptionDisorder","alterego_mod:Cooking+1","alterego_mod:Clap+1"],"picked":"SKIP","floor":98},{"not_picked":["alterego_mod:DeftHands","alterego_mod:Santa+1","alterego_mod:1TonWallop"],"picked":"SKIP","floor":99},{"not_picked":["alterego_mod:PainIsPleasure","alterego_mod:SideboobHour"],"picked":"alterego_mod:AlterEgo","floor":101}],"player_experience":56287,"relics_obtained":[{"floor":9,"key":"conspire:DeflatedDodgeball"},{"floor":14,"key":"Replay:Wax Seal"},{"floor":19,"key":"Enchiridion"},{"floor":23,"key":"Ancient Tea Set"},{"floor":26,"key":"Replay:Accelerometer"},{"floor":40,"key":"War Paint"},{"floor":43,"key":"aspiration:FetidBarrel"},{"floor":48,"key":"aspiration:VileToxins"},{"floor":60,"key":"Art of War"},{"floor":72,"key":"Ginger"}],"event_choices":[{"damage_healed":0,"gold_gain":0,"player_choice":"Box","damage_taken":0,"relics_obtained":["Toxic Egg 2"],"max_hp_gain":0,"max_hp_loss":0,"event_name":"Big Fish","floor":3,"gold_loss":0,"cards_obtained":["Regret"]},{"cards_removed":["alterego_mod:Defend"],"damage_healed":0,"gold_gain":0,"player_choice":"Forget","damage_taken":0,"max_hp_gain":0,"max_hp_loss":0,"event_name":"Living Wall","floor":12,"gold_loss":0},{"damage_healed":0,"gold_gain":0,"player_choice":"Obtained Book","damage_taken":16,"max_hp_gain":0,"max_hp_loss":0,"event_name":"Cursed Tome","floor":19,"gold_loss":0},{"damage_healed":0,"gold_gain":0,"player_choice":"Shed Blood","damage_taken":20,"max_hp_gain":5,"max_hp_loss":0,"event_name":"Forgotten Altar","floor":30,"gold_loss":0},{"damage_healed":0,"gold_gain":0,"player_choice":"Copied","damage_taken":0,"max_hp_gain":0,"max_hp_loss":0,"event_name":"Duplicator","floor":36,"gold_loss":0,"cards_obtained":["alterego_mod:BigMeatyClaws"]},{"damage_healed":0,"gold_gain":0,"player_choice":"Memory 3","damage_taken":10,"max_hp_gain":0,"max_hp_loss":0,"event_name":"SensoryStone","floor":47,"gold_loss":0},{"damage_healed":0,"gold_gain":0,"player_choice":"Bought 0 Potions","damage_taken":0,"max_hp_gain":0,"max_hp_loss":0,"event_name":"The Woman in Blue","floor":53,"gold_loss":0},{"damage_healed":0,"gold_gain":0,"player_choice":"Disagree","damage_taken":0,"max_hp_gain":0,"max_hp_loss":0,"event_name":"conspire:LoneGhost","floor":55,"gold_loss":0},{"damage_healed":0,"gold_gain":0,"player_choice":"Box","damage_taken":0,"relics_obtained":["ReplayTheSpireMod:Ninjato"],"max_hp_gain":0,"max_hp_loss":0,"event_name":"Big Fish","floor":59,"gold_loss":0,"cards_obtained":["Regret"]},{"damage_healed":0,"gold_gain":0,"player_choice":"Searched \u00273\u0027 times","damage_taken":0,"relics_obtained":["Mango"],"max_hp_gain":0,"max_hp_loss":0,"event_name":"Dead Adventurer","floor":62,"gold_loss":0},{"cards_removed":["Regret"],"damage_healed":0,"gold_gain":0,"player_choice":"Purged","damage_taken":0,"max_hp_gain":0,"max_hp_loss":0,"event_name":"Purifier","floor":64,"gold_loss":0},{"damage_healed":0,"gold_gain":0,"player_choice":"Ignored","damage_taken":0,"max_hp_gain":0,"max_hp_loss":0,"event_name":"Ghosts","floor":73,"gold_loss":0},{"damage_healed":0,"gold_gain":275,"player_choice":"Desecrate","damage_taken":0,"max_hp_gain":0,"max_hp_loss":0,"event_name":"Golden Shrine","floor":76,"gold_loss":0,"cards_obtained":["Regret"]}],"is_beta":false,"boss_relics":[{"not_picked":["Kintsugi","Sozu"],"picked":"SlaversCollar"},{"not_picked":["SacredBark","conspire:SeveredTorchhead"],"picked":"aspiration:SecretTechniqueScroll"},{"not_picked":["Snecko Eye","conspire:RoyalGoblet"],"picked":"Empty Cage"},{"not_picked":["Astrolabe","Snecko Heart"],"picked":"aspiration:RunicSpoon"},{"not_picked":["ReplayTheSpireMod:DimensionalGlitch","Replay:Drink Me","Runic Pyramid"]},{"not_picked":["conspire:RoyalGoblet","Cursed Key"],"picked":"ChewingGum"}],"items_purged_floors":[5,39,56,79],"is_endless":true,"potions_floor_spawned":[2,6,16,18,22,23,28,35,38,40,52,67,69,77,82,84,87,90,94,101],"ascension_level":0}}