{"host":"ljaiy5ygc2blx6r2","time":1610114821,"event":{"mods":["BaseMod","HornydragonMod","Marisa（F雨　魔理沙）","Minty Spire (QoL Compilation)","Reimu（博丽灵梦）","Remilia（蕾米莉亚）","Replay The Spire","RumiaBox-露米娅的神秘盒子","SOS（斯巴达之子）","StSLib","TestMod","The Animator","The Bug Knight","The Cursed","The Disciple","The Gatherer","The Hierophant","UnlockEverythingMod","[IsaacMod]以撒尖塔","【功能Mod】聪明的最终Boss","【角色mod】十八桐人","篝火指南"],"gold_per_floor":[117,117,292,327,345,370,370,388,388,388,388,413,429,464,464,589,589,605,340,356,356,371,371,445,461,461,491,536,552,552,400,400,520,520,531,531,531,209,227,227,227,227,227],"floor_reached":42,"playtime":1909,"items_purged":["HollowMod:BaldurShell"],"score":600,"play_id":"997ea362-cc01-4bbe-9cda-93c130da251e","local_time":"20210108220701","is_ascension_mode":true,"campfire_choices":[{"data":"EpicFetus","floor":7,"key":"SMITH"},{"data":"HollowMod:theNailsmith","floor":23,"key":"SMITH"},{"data":"HollowMod:SlysStrikes","floor":30,"key":"SMITH"},{"data":"HollowMod:PureVessel","floor":40,"key":"SMITH"}],"circlet_count":0,"master_deck":["HollowMod:NailStrikeStart","HollowMod:NailStrikeStart","HollowMod:NailStrikeStart","HollowMod:QuickDashStart","HollowMod:QuickDashStart","HollowMod:QuickDashStart+1","HollowMod:FocusHealStart","HollowMod:PogoStrike","EpicFetus+1","HollowMod:SiblingsSouls","HollowMod:MantisMark+1","HollowMod:SharpenedNail","HollowMod:theNailsmith+1","HollowMod:CycloneSlash","HollowMod:FastStrike","HollowMod:AwokenDreamNail","HollowMod:DashSlash","HollowMod:HowlingWraiths+1","HollowMod:SlysStrikes+1","HollowMod:CloakDash","HollowMod:MawleksShell","HollowMod:SoulSplash","HollowMod:MantisMark","HollowMod:FallenFury","HollowMod:PureVessel+1","CurseOfTheBell","HollowMod:PerfectDash+1","HollowMod:ShapeofUnn","HollowMod:GoodIntentions+1"],"relics":["HollowMod:VesselMask","testmod-TestBox","HushsDoor","testmod-D_4","GuppysTail","NeowsBlessing","Lantern","testmod-Fortitude","Bloody Idol","War Paint","SoulBox","SatanicBible","Chameleon Ring","Baka2","Boot","Blue Candle","Calling Bell","ReplayTheSpireMod:TigerMarble","AnarchistCookbook","Replay:Kaleidoscope","RottenBaby","testmod-Hope"],"acts_visited":["Exordium","TheCity","TheBeyond"],"potions_floor_usage":[18,20,22,24,29],"damage_taken":[{"damage":0,"enemies":"Cultist","floor":1,"turns":1},{"damage":0,"enemies":"2 Louse","floor":4,"turns":2},{"damage":0,"enemies":"Jaw Worm","floor":5,"turns":1},{"damage":0,"enemies":"3 Sentries","floor":6,"turns":3},{"damage":0,"enemies":"HollowMod:HuskWarrior","floor":8,"turns":3},{"damage":0,"enemies":"3 Louse","floor":12,"turns":1},{"damage":16,"enemies":"Large Slime","floor":13,"turns":2},{"damage":0,"enemies":"HollowMod:MossKnight","floor":14,"turns":2},{"damage":0,"enemies":"Slime Boss","floor":16,"turns":3},{"damage":0,"enemies":"3 Byrds","floor":18,"turns":2},{"damage":0,"enemies":"2 Thieves","floor":20,"turns":2},{"damage":7,"enemies":"Snake Plant","floor":22,"turns":4},{"damage":12,"enemies":"Gremlin Leader","floor":24,"turns":4},{"damage":5,"enemies":"Chosen and Byrds","floor":25,"turns":3},{"damage":43,"enemies":"Slavers","floor":27,"turns":5},{"damage":0,"enemies":"Centurion and Healer","floor":28,"turns":3},{"damage":0,"enemies":"Snecko","floor":29,"turns":3},{"damage":5,"enemies":"HollowMod:NKGrimm","floor":33,"turns":3},{"damage":5,"enemies":"Orb Walker","floor":35,"turns":3},{"damage":18,"enemies":"3 Shapes","floor":39,"turns":4},{"damage":57,"enemies":"Maw","floor":42,"turns":4}],"seed_played":"-6960095730636308579","potions_obtained":[{"floor":6,"key":"DistilledChaos"},{"floor":8,"key":"SneckoOil"},{"floor":14,"key":"BlessingOfTheForge"},{"floor":16,"key":"testmod-SpacePotion"},{"floor":18,"key":"BlessingOfTheForge"},{"floor":20,"key":"Explosive Potion"},{"floor":28,"key":"LiquidBronze"},{"floor":29,"key":"Weak Potion"},{"floor":35,"key":"BlessingOfTheForge"}],"is_trial":false,"path_per_floor":["M","?","?","M","M","E","R","M","T","?","?","M","M","E","R","B",null,"M","$","M","?","M","R","E","M","T","E","M","M","R","$","R","B",null,"M","?","?","$","M","R","?","M"],"character_chosen":"THE_BUGKNIGHT","items_purchased":["SatanicBible","Chameleon Ring","HollowMod:DashSlash","HollowMod:MantisMark","RottenBaby","testmod-Hope","HollowMod:ShapeofUnn"],"campfire_rested":0,"item_purchase_floors":[17,19,19,31,34,38,38],"current_hp_per_floor":[75,75,75,75,75,75,75,75,75,57,50,50,34,34,52,58,65,65,65,65,65,63,63,62,62,62,65,65,65,65,65,65,65,49,49,49,49,49,36,36,36,0,0],"gold":227,"neow_bonus":"THREE_ENEMY_KILL","is_daily":false,"chose_seed":false,"campfire_upgraded":4,"win_rate":0.0,"timestamp":1610114821,"path_taken":["M","?","?","M","?","E","R","M","T","?","?","M","?","E","R","BOSS","M","$","M","?","M","R","E","?","T","E","M","M","R","?","R","BOSS","M","?","?","?","M","R","?","?"],"items_purchased_type":["Relic","Relic","Card","Card","Relic","Relic","Card"],"build_version":"2020-12-22","purchased_purges":1,"victory":false,"max_hp_per_floor":[75,75,75,75,75,75,75,75,75,75,75,75,75,75,75,75,65,65,65,65,65,65,65,65,65,65,65,65,65,65,65,65,65,49,49,49,49,49,49,49,49,49,49],"card_choices":[{"not_picked":[],"picked":"EpicFetus","floor":0},{"not_picked":["HollowMod:LifebloodCocoon","HollowMod:NewGlowingWomb"],"picked":"HollowMod:SiblingsSouls","floor":1},{"not_picked":["HollowMod:HowlingWraiths","HollowMod:GoodIntentions"],"picked":"HollowMod:DesolateDive","floor":4},{"not_picked":["HollowMod:RecoilStrike","HollowMod:SoulShaman"],"picked":"HollowMod:MantisMark","floor":5},{"not_picked":["HollowMod:ShadowDash","HollowMod:MothsMistake"],"picked":"HollowMod:SharpenedNail","floor":6},{"not_picked":["HollowMod:NewLittleFool","HollowMod:MantisMark"],"picked":"HollowMod:BaldurShell","floor":8},{"not_picked":["HollowMod:CycloneSlash","HollowMod:WraithStrike"],"picked":"HollowMod:theNailsmith","floor":12},{"not_picked":["HollowMod:NewJinnsSoul","HollowMod:HeavyBlow"],"picked":"HollowMod:CycloneSlash","floor":13},{"not_picked":["HollowMod:ZotesMagnificence","HollowMod:InfectedAttack"],"picked":"HollowMod:FastStrike","floor":14},{"not_picked":["HollowMod:HornetsHelp","HollowMod:LordofShades"],"picked":"HollowMod:AwokenDreamNail","floor":16},{"not_picked":["HollowMod:MothsMistake+1","HollowMod:InfectedAttack","HollowMod:InfectedCysts"],"picked":"SKIP","floor":18},{"not_picked":["HollowMod:DescendingDark","HollowMod:DesolateDive"],"picked":"HollowMod:HowlingWraiths+1","floor":20},{"not_picked":["HollowMod:TaintedHusks+1","HollowMod:SharpenedNail","HollowMod:Hiveblood"],"picked":"SKIP","floor":22},{"not_picked":["HollowMod:PureNailStrike","HollowMod:MonomonsArchive"],"picked":"HollowMod:SlysStrikes","floor":24},{"not_picked":["HollowMod:PureNailStrike","HollowMod:HowlingWraiths+1"],"picked":"HollowMod:CloakDash","floor":25},{"not_picked":["HollowMod:WraithStrike","HollowMod:NewLittleFool","HollowMod:BrokenVessel"],"picked":"SKIP","floor":27},{"not_picked":["HollowMod:SharpenedShadows","HollowMod:InfectedAttack"],"picked":"HollowMod:MawleksShell","floor":28},{"not_picked":["HollowMod:WraithStrike","HollowMod:ShadowDash"],"picked":"HollowMod:SoulSplash","floor":29},{"not_picked":["HollowMod:ElderbugsWisdom","HollowMod:LifebloodCore"],"picked":"HollowMod:PureVessel","floor":33},{"not_picked":["HollowMod:TaintedHusks+1","HollowMod:LifebloodCocoon"],"picked":"HollowMod:PerfectDash+1","floor":35},{"not_picked":["HollowMod:CycloneSlash","HollowMod:GreatSlash"],"picked":"HollowMod:GoodIntentions+1","floor":39}],"player_experience":175962,"relics_obtained":[{"floor":1,"key":"Baka"},{"floor":6,"key":"Lantern"},{"floor":9,"key":"testmod-Fortitude"},{"floor":14,"key":"War Paint"},{"floor":22,"key":"Baka2"},{"floor":24,"key":"Boot"},{"floor":26,"key":"Blue Candle"},{"floor":34,"key":"ReplayTheSpireMod:TigerMarble"},{"floor":34,"key":"AnarchistCookbook"},{"floor":34,"key":"Replay:Kaleidoscope"}],"event_choices":[{"cards_removed":["HollowMod:NailStrikeStart"],"damage_healed":0,"gold_gain":0,"player_choice":"Offered Basic","damage_taken":0,"max_hp_gain":0,"max_hp_loss":0,"event_name":"Bonfire Elementals","floor":2,"gold_loss":0},{"damage_healed":0,"gold_gain":175,"player_choice":"AGREE","damage_taken":0,"max_hp_gain":0,"max_hp_loss":0,"event_name":"Liars Game","floor":3,"gold_loss":0,"cards_obtained":["Doubt"]},{"damage_healed":0,"gold_gain":0,"player_choice":"Take Damage","damage_taken":18,"relics_obtained":["Golden Idol"],"max_hp_gain":0,"max_hp_loss":0,"event_name":"Golden Idol","floor":10,"gold_loss":0},{"cards_removed":["Doubt"],"damage_healed":0,"gold_gain":0,"player_choice":"Card Removal","damage_taken":7,"max_hp_gain":0,"max_hp_loss":0,"event_name":"Golden Wing","floor":11,"gold_loss":0},{"damage_healed":0,"gold_gain":0,"player_choice":"Gave Idol","damage_taken":0,"relics_obtained":["Bloody Idol"],"max_hp_gain":0,"max_hp_loss":0,"event_name":"Forgotten Altar","floor":21,"relics_lost":["Golden Idol"],"gold_loss":0},{"damage_healed":0,"gold_gain":0,"player_choice":"Ignored","damage_taken":0,"max_hp_gain":0,"max_hp_loss":0,"event_name":"Tomb of Lord Red Mask","floor":36,"gold_loss":0}],"is_beta":false,"boss_relics":[{"not_picked":["testmod-PortableAltar","testmod-EnergyCheck"],"picked":"SoulBox"},{"not_picked":[]},{"not_picked":["HollowMod:VoidIdolRelic","Velvet Choker"],"picked":"Calling Bell"},{"not_picked":[]}],"items_purged_floors":[31],"is_endless":false,"potions_floor_spawned":[6,8,14,16,18,20,28,29,35],"killed_by":"Maw","ascension_level":1}}