{"host":"qkbnayyek6fga752","time":1610080953,"event":{"mods":["2.2 Compatiblity","Arknights The Spire","Aspiration","Astrologer","BaseMod","Beaked The Cultist","Better Altar","Better Match","Better Note","Better Sensory Stone","Better Skull","Better Third Choice","CCEM","CapriCore","ChefMod","Clockwork Mod","Conspire","Ekko","Energized Spire","Evolution","Glutton Mod","Hermit","Hubris","Humility","Jedi Mod","Koishi","Mad Scientist","Marisa????????","Minty Spire (QoL Compilation)","Quarter Circle Forward PUNCH!","Random Character Mod","Replay The Spire","Robot Space Explorer","SIMod","Spicy Shops","StSLib","The Administrix","The Alterego","The Animator","The Blackbeard","The Blue Laboratory","The Bug Knight","The Construct","The Cursed","The Death Knight","The Disciple","The Druid","The Exalted","The Forsaken","The Gatherer","The Hayseed","The Hierophant","The Immortal","The Juggle","The Marked","The Necromancer","The Problem Sleuth","The Runesmith","The Sage","The Senshi","The Vixen","TheArtist","TheLocksmith","TheSwordswoman","TheVacant","TheVelvet","TheWitcher","Trackpad","Yuri Mod","thorton","vexMod"],"gold_per_floor":[119,119,133,133,133,166,199,224,224,256,256,22,22,50,50,145,145,159,159,194,46,58,84,114,146,146,173,173,173,207,242,242,343,343,354,8,8,42,62,90,125,152,224,242,275,311,317,350,357,364],"floor_reached":51,"playtime":4009,"items_purged":[],"score":1369,"play_id":"9a40a3bd-e563-49d8-90c9-9a38103e2aa3","local_time":"20210107234233","daily_mods":["SealedDeck","Heirloom","Flight","DeadlyEvents","Elite Swarm"],"is_ascension_mode":false,"campfire_choices":[{"floor":11,"key":"REST"},{"data":"Clockwork:ElasticNanites","floor":13,"key":"SMITH"},{"data":"Clockwork:PerfectForm","floor":15,"key":"SMITH"},{"data":"Clockwork:CraftMomentumEngine","floor":47,"key":"SMITH"},{"floor":49,"key":"DIG"}],"circlet_count":0,"master_deck":["Clockwork:CogShield","Clockwork:Pluck+1","Clockwork:Pluck+1","Clockwork:SystemHardening","Clockwork:SystemHardening+1","Clockwork:EnthusiasticStrike","Clockwork:EnthusiasticStrike","Clockwork:RevUp","Clockwork:RevUp","Clockwork:AdaptiveShield","Clockwork:LiteraryArmor","Clockwork:KaliMa","Clockwork:UnlimitedCogworks","Clockwork:PerfectForm+1","Clockwork:DefectiveParts","Clockwork:ReactiveNanites","Clockwork:ElasticNanites+1","Clockwork:AeonShield","Clockwork:SpurOn+1","animator:Hans","Clockwork:ReactiveNanites","Clockwork:DefectiveParts","Clockwork:UnlimitedCogworks","Clockwork:ReactiveNanites","Clockwork:ReactiveNanites","Clockwork:SiegeStrike","Body Slam+1","Metallicize","Mayhem+1","Clockwork:SiegeStrike","Clockwork:SiegeStrike","Clockwork:EnthusiasticStrike+1","Demon Form","Clockwork:CraftMomentumEngine+1"],"relics":["Clockwork:MomentumEngine","EVO:Axolotl","Bromod:ArcanePistoleer","Clockwork:Varja","FaceOfCleric","Bottled Tornado","qcfpunch:Primary_Brush","trackpad:Mousetrap","Ancient Tea Set","conspire:GiftBox","Clockwork:BeatingHeart","trackpad:FieryHotPepper","Replay:Wax Seal","Bromod:ArcaneEnergize","qcfpunch:Army_Boots","Whetstone","Clockwork:QuicksilverHourglass","hubris:Zylophone","trackpad:CultistFigurine","Clockwork:CopperScales","construct:FoamFinger","CCEMRelics:WhiteRose","ReplayTheSpireMod:Lightbulb","Oddly Smooth Stone","sagemod:Creepy_Carousel","aspiration:IroncladSkillbook","hubris:CuriousFeather","vexMod:BarristanHead","theForsaken:HumbleEgg","hubris:ToyBattleship","DeathKnight:SindragosasSkull","thethorton:BankDeed","CCEMRelics:TinyMinotavrHorn","CCEMRelics:FryingPan","qcfpunch:Red_Headband"],"acts_visited":["Exordium","TheCity","TheBeyond"],"potions_floor_usage":[7,24,24,27,42,42,44,48,50],"damage_taken":[{"damage":25,"enemies":"conspire:RoseBush","floor":1,"turns":6},{"damage":0,"enemies":"Cultist","floor":3,"turns":3},{"damage":8,"enemies":"HollowMod:MossKnight","floor":6,"turns":8},{"damage":49,"enemies":"Gremlin Nob","floor":7,"turns":6},{"damage":15,"enemies":"Replay:BlueRogue","floor":8,"turns":3},{"damage":0,"enemies":"Lagavulin","floor":10,"turns":4},{"damage":14,"enemies":"Gremlin Nob","floor":14,"turns":4},{"damage":4,"enemies":"The Guardian","floor":16,"turns":4},{"damage":0,"enemies":"Chosen","floor":18,"turns":4},{"damage":0,"enemies":"HollowMod:Nosk","floor":20,"turns":5},{"damage":0,"enemies":"Shell Parasite","floor":22,"turns":3},{"damage":0,"enemies":"Replay:Snechameleon","floor":23,"turns":6},{"damage":12,"enemies":"Book of Stabbing","floor":24,"turns":5},{"damage":10,"enemies":"Slavers","floor":25,"turns":3},{"damage":15,"enemies":"Replay:Snechameleon","floor":27,"turns":4},{"damage":0,"enemies":"conspire:SneckoGhost","floor":30,"turns":3},{"damage":13,"enemies":"Slavers","floor":31,"turns":2},{"damage":0,"enemies":"Champ","floor":33,"turns":7},{"damage":27,"enemies":"3 Shapes","floor":35,"turns":3},{"damage":0,"enemies":"R_Hoarder","floor":38,"turns":7},{"damage":2,"enemies":"3 Darklings","floor":39,"turns":3},{"damage":47,"enemies":"beaked:SuperParasite","floor":40,"turns":6},{"damage":2,"enemies":"Reptomancer","floor":41,"turns":4},{"damage":13,"enemies":"Nemesis","floor":42,"turns":5},{"damage":20,"enemies":"4 Shapes","floor":44,"turns":2},{"damage":3,"enemies":"Reptomancer","floor":45,"turns":3},{"damage":0,"enemies":"R_Hoarder","floor":46,"turns":5},{"damage":0,"enemies":"Reptomancer","floor":48,"turns":3},{"damage":17,"enemies":"Donu and Deca","floor":50,"turns":4}],"seed_played":"5882314612531053886","potions_obtained":[{"floor":3,"key":"Regen Potion"},{"floor":6,"key":"blueLaboratory:BottledHope"},{"floor":14,"key":"Swift Potion"},{"floor":18,"key":"LiquidMemories"},{"floor":20,"key":"Reflective Coating"},{"floor":27,"key":"Swift Potion"},{"floor":30,"key":"blueLaboratory:PhilterOfMotion"},{"floor":38,"key":"SpeedPotion"},{"floor":41,"key":"Adrenaline Potion"},{"floor":42,"key":"blueLaboratory:BubblePotion"},{"floor":46,"key":"blueLaboratory:FruitPunch"}],"is_trial":true,"path_per_floor":["M","?","M","?","T","E","E","E","T","E","R","$","R","E","R","B",null,"M","?","E","$","M","E","E","E","T","E","R","R","E","E","R","B",null,"M","$","?","E","M","E","E","E","T","M","E","E","R","E","R","B",null],"character_chosen":"CLOCKWORK","items_purchased":["Clockwork:ElasticNanites","Whetstone","Metallicize","Mayhem"],"campfire_rested":1,"item_purchase_floors":[12,21,36,36],"current_hp_per_floor":[62,62,63,63,63,56,22,8,8,9,36,36,36,23,23,20,94,95,95,96,96,97,98,87,78,78,64,64,64,65,53,53,54,104,82,82,82,91,94,52,55,47,47,32,34,39,39,46,46,34],"gold":371,"neow_bonus":"","is_daily":false,"chose_seed":false,"campfire_upgraded":3,"win_rate":0.0,"timestamp":1610080953,"path_taken":["M","?","?","?","?","E","E","E","T","?","R","$","R","E","R","BOSS","M","?","?","$","M","E","E","E","T","E","R","R","E","E","R","BOSS","M","$","?","?","?","E","E","E","T","M","E","E","R","?","R","BOSS"],"items_purchased_type":["Card","Relic","Card","Card"],"build_version":"2020-12-22","purchased_purges":0,"victory":true,"max_hp_per_floor":[87,87,88,88,88,89,90,91,91,92,92,92,92,93,93,94,94,95,95,96,96,97,98,99,100,100,101,101,101,102,103,103,104,104,105,105,105,106,107,108,109,110,110,111,112,113,113,116,116,117],"card_choices":[{"not_picked":["Clockwork:ChargingShield","Clockwork:CogToss"],"picked":"Clockwork:AdaptiveShield","floor":1},{"not_picked":["Clockwork:SnapKeep","Clockwork:Enhance"],"picked":"Clockwork:LiteraryArmor","floor":3},{"not_picked":["Clockwork:WindupStrike","Clockwork:Randomization"],"picked":"Clockwork:KaliMa","floor":6},{"not_picked":["Clockwork:WindupStrike","Clockwork:CraftQuicksilverHourglass"],"picked":"Clockwork:UnlimitedCogworks","floor":7},{"not_picked":["Clockwork:Halt","Clockwork:TimeWalk"],"picked":"Clockwork:PerfectForm","floor":8},{"not_picked":["Clockwork:UnlimitedCogworks","Clockwork:Inspiration"],"picked":"Clockwork:DefectiveParts","floor":9},{"not_picked":["Clockwork:KaliMa","Clockwork:WindupStrike"],"picked":"Clockwork:ReactiveNanites","floor":10},{"not_picked":["Clockwork:KaliMa","Clockwork:Randomization"],"picked":"Clockwork:AeonShield","floor":14},{"not_picked":["Clockwork:ReactiveNanites","Clockwork:Randomization"],"picked":"Clockwork:CraftQuicksilverHourglass","floor":16},{"not_picked":["Clockwork:ChargingBlade+1","Clockwork:QuantumStrike"],"picked":"Clockwork:SpurOn+1","floor":18},{"not_picked":["Clockwork:ZeroPointEnergy","Clockwork:Inspiration"],"picked":"Clockwork:ReactiveNanites","floor":20},{"not_picked":["Clockwork:CogShield","Clockwork:Minimalism+1"],"picked":"Clockwork:CraftCopperScales","floor":22},{"not_picked":["Clockwork:Randomization","Clockwork:Strangle"],"picked":"Clockwork:DefectiveParts","floor":23},{"not_picked":["Clockwork:PerfectForm","Clockwork:KaliMa"],"picked":"Clockwork:UnlimitedCogworks","floor":24},{"not_picked":["Clockwork:Inspiration","Clockwork:Randomization"],"picked":"Clockwork:CraftMomentumEngine","floor":25},{"not_picked":["Clockwork:ZeroPointEnergy","Clockwork:Inspiration"],"picked":"Clockwork:ReactiveNanites","floor":27},{"not_picked":["Clockwork:Strangle","Clockwork:UnlimitedCogworks"],"picked":"Clockwork:ReactiveNanites","floor":30},{"not_picked":["Clockwork:KaliMa","Clockwork:TimeWalk"],"picked":"Clockwork:SiegeStrike","floor":31},{"not_picked":["Clockwork:ZeroPointEnergy","Clockwork:Halt"],"picked":"Clockwork:CraftQuicksilverHourglass","floor":33},{"not_picked":["Sentinel+1","Perfected Strike+1","Clockwork:ReserveSystems+1"],"picked":"Body Slam+1","floor":35},{"not_picked":["Exhume","Limit Break","Clockwork:AeonShield"],"picked":"Clockwork:SiegeStrike","floor":38},{"not_picked":["Uppercut+1","Clockwork:SnapKeep","Warcry+1","Cleave"],"picked":"SKIP","floor":39},{"not_picked":["Hemogenesis","Clockwork:Inspiration","Clockwork:AeonShield"],"picked":"Clockwork:SiegeStrike","floor":40},{"not_picked":["jedi:bloodyhammer","Clockwork:AeonShield","hubris:StunningStrike","Limit Break"],"picked":"SKIP","floor":41},{"not_picked":["Corruption","Clockwork:KaliMa","Limit Break","Fiend Fire"],"picked":"SKIP","floor":42},{"not_picked":["Clockwork:ReserveSystems+1","Clockwork:SystemScan+1","Iron Wave+1"],"picked":"Clockwork:EnthusiasticStrike+1","floor":44},{"not_picked":["jedi:bloodyhammer","Exhume","Eclipse"],"picked":"Demon Form","floor":45},{"not_picked":["Clockwork:WindupStrike","Clockwork:CraftQuicksilverHourglass","jedi:unlimitedpower"],"picked":"Clockwork:CraftMomentumEngine","floor":46},{"not_picked":["Hemogenesis","conspire:HitWhereItHurts","conspire:Purge","Limit Break"],"picked":"SKIP","floor":48}],"player_experience":326080,"relics_obtained":[{"floor":5,"key":"Bottled Tornado"},{"floor":6,"key":"qcfpunch:Primary_Brush"},{"floor":7,"key":"trackpad:Mousetrap"},{"floor":8,"key":"Ancient Tea Set"},{"floor":9,"key":"conspire:GiftBox"},{"floor":10,"key":"trackpad:FieryHotPepper"},{"floor":14,"key":"Replay:Wax Seal"},{"floor":20,"key":"qcfpunch:Army_Boots"},{"floor":23,"key":"hubris:Zylophone"},{"floor":24,"key":"trackpad:CultistFigurine"},{"floor":25,"key":"construct:FoamFinger"},{"floor":26,"key":"CCEMRelics:WhiteRose"},{"floor":27,"key":"ReplayTheSpireMod:Lightbulb"},{"floor":30,"key":"Oddly Smooth Stone"},{"floor":31,"key":"sagemod:Creepy_Carousel"},{"floor":38,"key":"hubris:CuriousFeather"},{"floor":40,"key":"vexMod:BarristanHead"},{"floor":41,"key":"theForsaken:HumbleEgg"},{"floor":42,"key":"hubris:ToyBattleship"},{"floor":43,"key":"DeathKnight:SindragosasSkull"},{"floor":45,"key":"thethorton:BankDeed"},{"floor":46,"key":"CCEMRelics:TinyMinotavrHorn"},{"floor":48,"key":"CCEMRelics:FryingPan"},{"floor":49,"key":"qcfpunch:Red_Headband"}],"event_choices":[{"damage_healed":0,"gold_gain":0,"player_choice":"Trade","damage_taken":0,"relics_obtained":["FaceOfCleric"],"max_hp_gain":0,"max_hp_loss":0,"event_name":"FaceTrader","floor":2,"gold_loss":0},{"cards_removed":["Clockwork:ElasticNanites"],"damage_healed":0,"gold_gain":0,"player_choice":"Take \u0026 Give","damage_taken":0,"max_hp_gain":0,"max_hp_loss":0,"event_name":"betterNote:BetterNote","floor":19,"gold_loss":0,"cards_obtained":["animator:Hans"]},{"damage_healed":0,"gold_gain":0,"player_choice":"Forge","damage_taken":0,"max_hp_gain":0,"max_hp_loss":0,"event_name":"Accursed Blacksmith","floor":37,"gold_loss":0,"cards_upgraded":["Mayhem"]}],"is_beta":false,"boss_relics":[{"not_picked":["thethorton:CrushedCigarette","aspiration:PoetsPen_weak"],"picked":"Bromod:ArcaneEnergize"},{"not_picked":["Ring of Chaos","energizedSpire:EnergizedDie"],"picked":"aspiration:IroncladSkillbook"}],"items_purged_floors":[],"is_endless":false,"potions_floor_spawned":[3,6,14,18,20,27,30,38,40,41,42,46],"ascension_level":0}}