{"host":"17xjy7b7ubl548g2","time":1610075389,"event":{"mods":["2.2 Compatiblity","Act Like it!","Aspiration","Astrologer","Bard","BaseMod","Bestiary","Challenge The Spire","ChefMod","Colored Map","Conspire","Elementarium","Energized Spire","Gensokyo","GifTheSpireLib","Halation","Hallownest","Hubris","Infinite Spire","Jedi Mod","Jorbs\u0027s Wanderer Trilogy","Marisa（霧雨　魔理沙）","Marked Mod","Menagerie","Minty Spire (QoL Compilation)","Pale of the Ancients","Permanent Neow","Puzzle Mod","Replay The Spire","Robot Space Explorer","Spicy Shops","StSLib","Stuff the Spire","The Blue Laboratory","The Bug Knight","The Construct","The Disciple","The Factory","The Hayseed","The Hierophant","The Marked","The Runesmith","The Sage","TheFirefly"],"gold_per_floor":[114,114,129,139,364,364,374,391,442,477,512,512,206,234,234,338,438,451,468,468,502,513,513,546,298,347,366,366,395,395,407,407,509,509,528,528,528,528,528,528,547,547,580,580,580,680,691,726,726,744,744,744,744,744,407,435,435,435],"floor_reached":57,"playtime":4821,"items_purged":["Shame","stsjorbsmod:Strike_Wanderer","stsjorbsmod:Strike_Wanderer","SwitchThreat"],"score":1535,"play_id":"3edd32d8-c993-4583-babc-95eef481baa8","local_time":"20210107220949","is_ascension_mode":true,"campfire_choices":[{"data":"stsjorbsmod:ChainLightning","floor":6,"key":"SMITH"},{"data":"stsjorbsmod:Feast","floor":12,"key":"SMITH"},{"data":"stsjorbsmod:ArcaneWeapon","floor":15,"key":"SMITH"},{"data":"stsjorbsmod:Fireball","floor":23,"key":"SMITH"},{"data":"stsjorbsmod:FlameWard","floor":30,"key":"SMITH"},{"data":"stsjorbsmod:DisguiseSelf","floor":32,"key":"SMITH"},{"data":"conspire:Banana","floor":42,"key":"SMITH"},{"data":"1","floor":44,"key":"LIFT"},{"data":"2","floor":49,"key":"LIFT"},{"floor":51,"key":"RECALL"},{"data":"3","floor":54,"key":"LIFT"}],"circlet_count":0,"master_deck":["stsjorbsmod:ForbiddenGrimoire+1","stsjorbsmod:Strike_Wanderer+1","stsjorbsmod:Defend_Wanderer","stsjorbsmod:Defend_Wanderer","stsjorbsmod:Defend_Wanderer","stsjorbsmod:FreshAdventure+1","stsjorbsmod:EyeOfTheStorm","stsjorbsmod:WeightOfMemory+1","stsjorbsmod:ChainLightning+1","stsjorbsmod:Materialize","stsjorbsmod:Firebolt","stsjorbsmod:DisguiseSelf+1","stsjorbsmod:Feast+1","stsjorbsmod:TrueStrike+1","Swift Strike+1","stsjorbsmod:ArcaneWeapon+1","stsjorbsmod:Fireball+1","stsjorbsmod:MageArmor","stsjorbsmod:FaerieFire","infinitespire:Collect","stsjorbsmod:FlameWard+1","stsjorbsmod:Materialize","stsjorbsmod:LoseGrip+1","stsjorbsmod:MageArmor","infinitespire:Punishment+1","stsjorbsmod:ChatteringStrike+1","stsjorbsmod:Withdraw","stsjorbsmod:TrueStrike+1","Replay:Bootleg Shield Generator","conspire:Banana+1","stsjorbsmod:Counterspell+1","stsjorbsmod:DisguiseSelf+1","stsjorbsmod:Patron+1","stsjorbsmod:RayOfFrost+1","Parasite","stsjorbsmod:BurningFlask+1","stsjorbsmod:ScorchingRay+1","stsjorbsmod:ScorchingRay+1","stsjorbsmod:ArcaneWeapon+1"],"relics":["stsjorbsmod:GrimoireRelic","Bag of Preparation","HollowMod:StagPassRelic","FossilizedHelix","Dead Branch","Replay:Wanted Poster","conspire:SpecialSausage","conspire:Boomerang","hubris:TinFlute","HollowMod:JonisBlessing","PreservedInsect","Vajra","Whetstone","Elementarium:ElementariumTrophy","Sozu","hubris:Icosahedron","Girya","Runesmith:Nanobots","ReplayTheSpireMod:CursedCoin","Bag of Marbles","jedi:crownofsimplicity","conspire:Flyswatter"],"acts_visited":["Exordium","Menagerie:Menagerie","TheBeyond","TheEnding"],"potions_floor_usage":[10,14,24,57,57],"damage_taken":[{"damage":0,"enemies":"Menagerie:2_RABBITS","floor":1,"turns":3},{"damage":0,"enemies":"Menagerie:MonstrousExperiment","floor":3,"turns":4},{"damage":5,"enemies":"Menagerie:WhisperingWraith","floor":4,"turns":4},{"damage":11,"enemies":"Menagerie:3_RABBITS","floor":7,"turns":3},{"damage":0,"enemies":"Menagerie:DREAD_MOTH_AND_GRAFTED_WORMS","floor":8,"turns":2},{"damage":0,"enemies":"Menagerie:MaskedSummoner","floor":10,"turns":6},{"damage":7,"enemies":"Menagerie:MOSSY_WILDLIFE","floor":11,"turns":4},{"damage":10,"enemies":"Menagerie:Hydra","floor":14,"turns":4},{"damage":29,"enemies":"Menagerie:AVATARS","floor":16,"turns":6},{"damage":0,"enemies":"Elementarium:2_ELEMENTALS","floor":18,"turns":2},{"damage":0,"enemies":"Elementarium:MUD_AND_TAR_GOLEMS","floor":19,"turns":2},{"damage":0,"enemies":"Menagerie:Suneater","floor":21,"turns":5},{"damage":0,"enemies":"Elementarium:3_ELEMENTALS","floor":22,"turns":1},{"damage":0,"enemies":"Elementarium:ElementalPortal","floor":24,"turns":3},{"damage":0,"enemies":"Elementarium:Hydrostalker","floor":27,"turns":3},{"damage":0,"enemies":"Nightmare","floor":29,"turns":4},{"damage":0,"enemies":"Elementarium:VOID_CORRUPTION_AND_TAR_GOLEM","floor":31,"turns":4},{"damage":0,"enemies":"Elementarium:PHOENIXES","floor":33,"turns":7},{"damage":0,"enemies":"3 Darklings","floor":35,"turns":2},{"damage":0,"enemies":"Orb Walker","floor":41,"turns":1},{"damage":0,"enemies":"R_Hoarder","floor":43,"turns":3},{"damage":0,"enemies":"Sphere and 2 Shapes","floor":47,"turns":3},{"damage":0,"enemies":"Giant Head","floor":48,"turns":2},{"damage":0,"enemies":"Writhing Mass","floor":50,"turns":3},{"damage":0,"enemies":"infinitespire:MassOfShapes","floor":52,"turns":6},{"damage":0,"enemies":"Shield and Spear","floor":56,"turns":4},{"damage":87,"enemies":"The Heart","floor":57,"turns":5}],"seed_played":"4095910611274195437","potions_obtained":[{"floor":7,"key":"Strength Potion"},{"floor":8,"key":"blueLaboratory:BottledHope"},{"floor":11,"key":"construct:ShiftPotion"},{"floor":21,"key":"DuplicationPotion"},{"floor":27,"key":"blueLaboratory:AbyssPotion"},{"floor":29,"key":"stsjorbsmod:LiquidClarity"},{"floor":33,"key":"FearPotion"}],"is_trial":false,"path_per_floor":["M","?","M","M","?","R","M","M","T","E","?","R","$","E","R","B",null,"M","M","AVR","?","M","R","E","$","T","M","?","NM","R","M","R","B",null,"M","?","?","?","PTL","PTL","M","R","E","R","T","?","M","E","R","M","R","B",null,"R","$","E","B"],"character_chosen":"WANDERER","items_purchased":["FossilizedHelix","stsjorbsmod:TrueStrike","Swift Strike","HollowMod:JonisBlessing","ReplayTheSpireMod:CursedCoin","Bag of Marbles","stsjorbsmod:ScorchingRay","jedi:crownofsimplicity"],"campfire_rested":0,"item_purchase_floors":[13,13,13,25,55,55,55,55],"current_hp_per_floor":[62,62,62,58,58,58,48,49,49,52,46,46,46,39,39,17,57,57,58,58,62,62,62,65,65,65,65,50,50,50,50,50,50,71,71,71,66,66,66,66,66,66,66,66,66,66,66,66,66,66,66,66,86,86,86,86,0,0],"gold":435,"neow_bonus":"REMOVE_TWO","is_daily":false,"chose_seed":false,"campfire_upgraded":7,"win_rate":0.0,"timestamp":1610075389,"path_taken":["M","?","M","M","?","R","M","?","T","E","?","R","$","E","R","BOSS","M","M","AVR","?","M","R","E","?","T","?","?","NM","R","?","R","BOSS","M","?","?","?","PTL","PTL","M","R","E","R","T","?","?","E","R","M","R","BOSS","R","$","E","BOSS"],"items_purchased_type":["Relic","Card","Card","Relic","Relic","Relic","Card","Relic"],"build_version":"2020-12-22","purchased_purges":4,"victory":false,"max_hp_per_floor":[62,62,62,62,62,62,62,62,62,62,62,62,62,64,64,70,70,70,70,70,72,72,72,74,74,74,74,74,76,76,76,76,78,78,78,78,78,78,78,78,80,80,82,82,82,82,84,88,88,88,88,92,92,92,92,96,98,98],"card_choices":[{"not_picked":["stsjorbsmod:MagicMissiles","stsjorbsmod:OldPocket"],"picked":"stsjorbsmod:WeightOfMemory","floor":1},{"not_picked":["stsjorbsmod:Hurt","stsjorbsmod:MistyStep"],"picked":"stsjorbsmod:ChainLightning","floor":3},{"not_picked":["stsjorbsmod:BookOfTongues","stsjorbsmod:Mania"],"picked":"stsjorbsmod:Materialize","floor":4},{"not_picked":["stsjorbsmod:WeightOfMemory","stsjorbsmod:ChainLightning"],"picked":"stsjorbsmod:Firebolt","floor":7},{"not_picked":["stsjorbsmod:Index","stsjorbsmod:Message"],"picked":"stsjorbsmod:DisguiseSelf","floor":8},{"not_picked":["stsjorbsmod:MistyStep","stsjorbsmod:Index"],"picked":"stsjorbsmod:Feast","floor":10},{"not_picked":["stsjorbsmod:Patron","stsjorbsmod:ChatteringStrike"],"picked":"stsjorbsmod:ArcaneWeapon","floor":14},{"not_picked":["stsjorbsmod:Withdraw","stsjorbsmod:Determination"],"picked":"stsjorbsmod:Fireball","floor":16},{"not_picked":["stsjorbsmod:FaerieFire","stsjorbsmod:MagicMirror"],"picked":"stsjorbsmod:MageArmor","floor":18},{"not_picked":["stsjorbsmod:Rest","stsjorbsmod:WanderingMind"],"picked":"stsjorbsmod:FaerieFire","floor":19},{"not_picked":["stsjorbsmod:WeightOfMemory","stsjorbsmod:Materialize"],"picked":"stsjorbsmod:FlameWard","floor":21},{"not_picked":["stsjorbsmod:Hibernate","stsjorbsmod:ParryingBlow"],"picked":"stsjorbsmod:Materialize","floor":22},{"not_picked":["stsjorbsmod:Hurt","stsjorbsmod:UnseenServant"],"picked":"stsjorbsmod:LoseGrip+1","floor":24},{"not_picked":["stsjorbsmod:Hibernate","stsjorbsmod:Index+1"],"picked":"stsjorbsmod:MageArmor","floor":27},{"not_picked":["infinitespire:Execution","ReplayTheSpireMod:Chaos Vortex"],"picked":"infinitespire:Punishment","floor":29},{"not_picked":["stsjorbsmod:TrueStrike","stsjorbsmod:Feast","stsjorbsmod:Fear"],"picked":"SKIP","floor":29},{"not_picked":["stsjorbsmod:TrueStrike","stsjorbsmod:Feast","stsjorbsmod:Fear"],"picked":"SKIP","floor":29},{"not_picked":["stsjorbsmod:FracturedMind","stsjorbsmod:SchoolsOfMagic"],"picked":"stsjorbsmod:ChatteringStrike+1","floor":31},{"not_picked":["stsjorbsmod:CorrodingBarrier","stsjorbsmod:ArcaneForm"],"picked":"stsjorbsmod:Withdraw","floor":33},{"not_picked":["stsjorbsmod:Introspection","stsjorbsmod:Hurt+1"],"picked":"stsjorbsmod:TrueStrike+1","floor":35},{"not_picked":["HandOfGreed","conspire:Banana"],"picked":"Replay:Bootleg Shield Generator","floor":37},{"not_picked":["Metamorphosis","Enlightenment"],"picked":"conspire:Banana","floor":37},{"not_picked":["stsjorbsmod:ChainLightning+1","stsjorbsmod:ParryingBlow+1"],"picked":"stsjorbsmod:Counterspell+1","floor":41},{"not_picked":["stsjorbsmod:ChatteringStrike+1","stsjorbsmod:Message+1"],"picked":"stsjorbsmod:DisguiseSelf+1","floor":43},{"not_picked":["stsjorbsmod:Materialize+1","stsjorbsmod:WeightOfMemory"],"picked":"stsjorbsmod:Patron+1","floor":47},{"not_picked":["stsjorbsmod:Determination","stsjorbsmod:Firebolt+1"],"picked":"stsjorbsmod:RayOfFrost+1","floor":48},{"not_picked":["stsjorbsmod:UnseenServant","stsjorbsmod:ChainLightning"],"picked":"stsjorbsmod:BurningFlask+1","floor":50},{"not_picked":["stsjorbsmod:ChatteringStrike","stsjorbsmod:OldPocket"],"picked":"stsjorbsmod:ArcaneWeapon+1","floor":56}],"player_experience":1719256,"relics_obtained":[{"floor":9,"key":"Bag of Preparation"},{"floor":10,"key":"HollowMod:StagPassRelic"},{"floor":14,"key":"Dead Branch"},{"floor":21,"key":"conspire:Boomerang"},{"floor":24,"key":"hubris:TinFlute"},{"floor":26,"key":"PreservedInsect"},{"floor":29,"key":"Whetstone"},{"floor":43,"key":"Girya"},{"floor":48,"key":"Runesmith:Nanobots"},{"floor":56,"key":"conspire:Flyswatter"}],"event_choices":[{"damage_healed":0,"gold_gain":0,"player_choice":"Leave","damage_taken":0,"max_hp_gain":0,"max_hp_loss":0,"event_name":"conspire:Investor","floor":2,"gold_loss":0},{"damage_healed":0,"gold_gain":225,"player_choice":"Raid","damage_taken":0,"max_hp_gain":0,"max_hp_loss":0,"event_name":"Menagerie:SpiderNest","floor":5,"gold_loss":0,"cards_obtained":["Shame"]},{"damage_healed":0,"gold_gain":0,"player_choice":"Detour","damage_taken":0,"max_hp_gain":0,"max_hp_loss":0,"event_name":"Menagerie:MossyPath","floor":11,"gold_loss":0},{"damage_healed":0,"gold_gain":0,"player_choice":"Follow","damage_taken":0,"max_hp_gain":0,"max_hp_loss":0,"event_name":"Elementarium:BeastsOfTheMenagerie","floor":21,"gold_loss":0},{"damage_healed":0,"gold_gain":0,"player_choice":"Memory 2","damage_taken":5,"max_hp_gain":0,"max_hp_loss":0,"event_name":"SensoryStone","floor":37,"gold_loss":0},{"damage_healed":0,"gold_gain":100,"player_choice":"Pray","damage_taken":0,"max_hp_gain":0,"max_hp_loss":0,"event_name":"Golden Shrine","floor":46,"gold_loss":0}],"is_beta":false,"boss_relics":[{"not_picked":["sagemod:Falmels_Amulet","energizedSpire:MagnifyingGlass"],"picked":"Replay:Wanted Poster"},{"not_picked":["StuffTheSpire:Kangaroo","Snecko Heart"],"picked":"Sozu"}],"items_purged_floors":[13,20,25,55],"is_endless":false,"potions_floor_spawned":[7,8,11,21,27,29,33,35,43,47,56],"killed_by":"The Heart","ascension_level":9}}