{"host":"cv77zuuuekizn3ic","time":1610109204,"event":{"mods":["AchievementEnabler","BaseMod","Marisa£®ÏF”Í°°ƒß¿Ì…≥£©","Minty Spire (QoL Compilation)","StSLib","Waifu the Spire","everything is the same but u backflip on backflip","slay the spire mod where everything is the same but ironclad has a cowboy hat"],"gold_per_floor":[115,130,205,205,50,77,77,87,113,148,164,184,214,228,228,303,303,321,64,114,131,145,175,192,226,249,269,269,285,317,328,328,328,328],"floor_reached":33,"playtime":1648,"items_purged":["Strike_R","Strike_R"],"score":787,"play_id":"caaea916-b9b0-4c58-8c09-bed04e9daffc","local_time":"20210108203324","is_ascension_mode":true,"campfire_choices":[{"data":"Shockwave","floor":15.0,"key":"SMITH"},{"data":"Battle Trance","floor":32,"key":"SMITH"}],"circlet_count":0,"master_deck":["AscendersBane","Strike_R+1","Strike_R","Defend_R","Defend_R","Defend_R","Defend_R","Bash","Pommel Strike+1","Flame Barrier","Immolate","Perfected Strike","Seeing Red","Shockwave+1","Shrug It Off","Offering","Body Slam","Brutality","Battle Trance+1","Demon Form+1","Evolve+1","Feed","Armaments+1","Dropkick"],"relics":["Burning Blood","NeowsBlessing","Anchor","Bag of Marbles","Pen Nib","Shuriken","Black Star","Oddly Smooth Stone","Pear","Potion Belt","Meat on the Bone","Frozen Egg 2","Whetstone","White Beast Statue","Paper Frog"],"acts_visited":["Exordium","TheCity"],"potions_floor_usage":[30],"damage_taken":[{"damage":0.0,"enemies":"Small Slimes","floor":1.0,"turns":1.0},{"damage":0.0,"enemies":"Jaw Worm","floor":2.0,"turns":1.0},{"damage":0.0,"enemies":"3 Sentries","floor":6.0,"turns":1.0},{"damage":0.0,"enemies":"Cultist","floor":8.0,"turns":3.0},{"damage":8.0,"enemies":"Gremlin Nob","floor":10.0,"turns":3.0},{"damage":0.0,"enemies":"Blue Slaver","floor":11.0,"turns":2.0},{"damage":2.0,"enemies":"Lots of Slimes","floor":12.0,"turns":3.0},{"damage":17.0,"enemies":"Lagavulin","floor":13.0,"turns":7.0},{"damage":2.0,"enemies":"3 Louse","floor":14.0,"turns":4.0},{"damage":49.0,"enemies":"The Guardian","floor":16.0,"turns":11.0},{"damage":0.0,"enemies":"3 Byrds","floor":18.0,"turns":4.0},{"damage":8.0,"enemies":"2 Thieves","floor":21.0,"turns":3.0},{"damage":24.0,"enemies":"Shelled Parasite and Fungi","floor":22.0,"turns":5.0},{"damage":48.0,"enemies":"Book of Stabbing","floor":23.0,"turns":7.0},{"damage":6.0,"enemies":"Snake Plant","floor":24.0,"turns":1.0},{"damage":0.0,"enemies":"Slavers","floor":25.0,"turns":3.0},{"damage":14.0,"enemies":"Cultist and Chosen","floor":27.0,"turns":5.0},{"damage":7,"enemies":"Centurion and Healer","floor":29,"turns":3},{"damage":52,"enemies":"Book of Stabbing","floor":30,"turns":6},{"damage":6,"enemies":"Snecko","floor":31,"turns":4},{"damage":51,"enemies":"Collector","floor":33,"turns":5}],"seed_played":"-6125139991313001275","potions_obtained":[{"floor":1.0,"key":"Fruit Juice"},{"floor":2.0,"key":"Strength Potion"},{"floor":11.0,"key":"LiquidMemories"},{"floor":13.0,"key":"Block Potion"},{"floor":16.0,"key":"Fire Potion"},{"floor":23.0,"key":"SkillPotion"},{"floor":24.0,"key":"Explosive Potion"},{"floor":29,"key":"BloodPotion"},{"floor":31,"key":"SpeedPotion"}],"is_trial":false,"path_per_floor":["M","M","?","?","$","E","?","M","T","E","M","M","E","M","R","B",null,"M","$","?","M","M","E","M","E","T","M","?","M","E","M","R","B"],"character_chosen":"IRONCLAD","items_purchased":["Immolate","Oddly Smooth Stone"],"campfire_rested":0,"item_purchase_floors":[5,19],"current_hp_per_floor":[74,75,64,69,69,75,75,80,80,83,85,85,74,78,78,35,73,79,79,79,77,59,27,27,33,33,37,37,48,33,48,48,0,0],"gold":328,"neow_bonus":"THREE_ENEMY_KILL","is_daily":false,"chose_seed":false,"campfire_upgraded":2,"win_rate":0.0,"timestamp":1610109204,"path_taken":["M","M","?","?","$","E","?","M","T","E","M","M","E","?","R","BOSS","M","$","?","M","M","E","?","E","T","M","?","M","E","M","R","BOSS"],"items_purchased_type":["Card","Relic"],"build_version":"2020-12-22","purchased_purges":2,"victory":false,"max_hp_per_floor":[75,75,75,80,80,80,80,80,80,85,85,85,85,85,85,85,85,85,85,85,85,85,95,95,95,95,95,95,95,95,98,98,98,98],"card_choices":[{"not_picked":["Bloodletting","Havoc"],"picked":"Pommel Strike","floor":1.0},{"not_picked":["Thunderclap","Havoc"],"picked":"Flame Barrier","floor":2.0},{"not_picked":["Perfected Strike","Combust","Pommel Strike"],"picked":"SKIP","floor":6.0},{"not_picked":["Sword Boomerang","Havoc","Wild Strike"],"picked":"SKIP","floor":8.0},{"not_picked":["Reckless Charge","Immolate"],"picked":"Seeing Red","floor":10.0},{"not_picked":["Anger","Clash","Cleave"],"picked":"SKIP","floor":11.0},{"not_picked":["Havoc","Shrug It Off"],"picked":"Shockwave","floor":12.0},{"not_picked":["Blood for Blood","Flex"],"picked":"Shrug It Off","floor":13.0},{"not_picked":["Havoc","Clash","True Grit"],"picked":"SKIP","floor":14.0},{"not_picked":["Impervious","Immolate"],"picked":"Offering","floor":16.0},{"not_picked":["Warcry","Twin Strike"],"picked":"Body Slam","floor":18.0},{"not_picked":["Clash","Shockwave","Ghostly Armor"],"picked":"SKIP","floor":21.0},{"not_picked":["Iron Wave","Body Slam","Perfected Strike"],"picked":"SKIP","floor":22.0},{"not_picked":["Clash","Brutality","Entrench"],"picked":"SKIP","floor":23.0},{"not_picked":["Clash","Entrench"],"picked":"Brutality","floor":23.0},{"not_picked":["Rage","Clothesline"],"picked":"Battle Trance","floor":24.0},{"not_picked":["Sword Boomerang","Intimidate+1"],"picked":"Demon Form+1","floor":25.0},{"not_picked":["Power Through","Clash+1"],"picked":"Evolve+1","floor":27.0},{"not_picked":["Warcry","Disarm"],"picked":"Armaments+1","floor":29},{"not_picked":["Carnage","Wild Strike","True Grit"],"picked":"SKIP","floor":30},{"not_picked":["Hemokinesis","Clothesline"],"picked":"Dropkick","floor":31}],"player_experience":790964,"relics_obtained":[{"floor":6.0,"key":"Anchor"},{"floor":9.0,"key":"Bag of Marbles"},{"floor":10.0,"key":"Pen Nib"},{"floor":13.0,"key":"Shuriken"},{"floor":23.0,"key":"Pear"},{"floor":23.0,"key":"Potion Belt"},{"floor":25.0,"key":"Meat on the Bone"},{"floor":25.0,"key":"Frozen Egg 2"},{"floor":26.0,"key":"Whetstone"},{"floor":30,"key":"White Beast Statue"},{"floor":30,"key":"Paper Frog"}],"event_choices":[{"damage_healed":0.0,"max_hp_gain":0.0,"max_hp_loss":0.0,"gold_gain":75.0,"event_name":"World of Goop","player_choice":"Gather Gold","floor":3.0,"gold_loss":0.0,"damage_taken":11.0},{"damage_healed":0.0,"max_hp_gain":5.0,"max_hp_loss":0.0,"gold_gain":0.0,"event_name":"Big Fish","player_choice":"Donut","floor":4.0,"gold_loss":0.0,"damage_taken":0.0},{"damage_healed":0.0,"max_hp_gain":0.0,"max_hp_loss":0.0,"gold_gain":0.0,"cards_transformed":["Strike_R"],"event_name":"Transmorgrifier","player_choice":"Transformed","floor":7.0,"gold_loss":0.0,"damage_taken":0.0,"cards_obtained":["Perfected Strike"]},{"damage_healed":0.0,"max_hp_gain":0.0,"max_hp_loss":0.0,"gold_gain":50.0,"event_name":"Golden Shrine","player_choice":"Pray","floor":20.0,"gold_loss":0.0,"damage_taken":0.0},{"damage_healed":0,"gold_gain":0,"player_choice":"1 cards matched","damage_taken":0,"max_hp_gain":0,"max_hp_loss":0,"event_name":"Match and Keep!","floor":28,"gold_loss":0,"cards_obtained":["Feed"]}],"is_beta":false,"boss_relics":[{"not_picked":["Fusion Hammer","SacredBark"],"picked":"Black Star"}],"items_purged_floors":[5,19],"is_endless":false,"potions_floor_spawned":[1,2,11,13,16,23,24,29,31],"killed_by":"Collector","ascension_level":20}}