{"host":"ig7tc0uedzltt2sr","time":1610068029,"event":{"mods":["BaseMod","Better Twitch Integration","Block Reminder","Colored Map","Colored Powertips","Communication Mod","Current Relic Mod","GifTheSpireLib","HexUI Lib","Minty Spire (QoL Compilation)","Quick Restart","Random Character Button","Rare Cards Sparkle","Relic Sorter","Relic Stats","Slay the Relics Exporter","StSLib","SuperFastMode","Synergy Search","Twitch Decklist","Twitch Utils","everything is the same but u backflip on backflip","slay the spire mod where everything is the same but ironclad has a cowboy hat"],"gold_per_floor":[109,125,7,21,21,21,21],"floor_reached":6,"playtime":26,"items_purged":[],"score":36,"play_id":"b9b7dfdd-2751-462e-b4dc-0795e2aaba8d","local_time":"20210107170709","is_ascension_mode":false,"campfire_choices":[],"circlet_count":0,"master_deck":["Strike_R","Strike_R","Strike_R","Strike_R","Strike_R","Defend_R","Defend_R","Defend_R","Defend_R","Bash","Power Through","Warcry","Dark Shackles","Havoc","Rage"],"relics":["Burning Blood","NeowsBlessing","Golden Idol"],"acts_visited":["Exordium"],"potions_floor_usage":[],"damage_taken":[{"damage":0,"enemies":"Small Slimes","floor":1,"turns":1},{"damage":0,"enemies":"2 Louse","floor":2,"turns":2},{"damage":0,"enemies":"Cultist","floor":4,"turns":1},{"damage":93,"enemies":"Gremlin Nob","floor":6,"turns":6}],"seed_played":"-8972715381967251350","potions_obtained":[],"is_trial":false,"path_per_floor":["M","M","$","M","?","E"],"character_chosen":"IRONCLAD","items_purchased":["Dark Shackles","Havoc"],"campfire_rested":0,"item_purchase_floors":[3,3],"current_hp_per_floor":[80,80,80,80,74,0,0],"gold":21,"neow_bonus":"THREE_ENEMY_KILL","is_daily":false,"chose_seed":false,"campfire_upgraded":0,"win_rate":0.0,"timestamp":1610068029,"path_taken":["M","M","$","M","?","E"],"items_purchased_type":["Card","Card"],"build_version":"2020-12-22","purchased_purges":0,"victory":false,"max_hp_per_floor":[80,80,80,80,74,74,74],"relic_stats":{"counters":[4,10],"Golden Idol":0,"obtain_stats":[{"NeowsBlessing":0,"Golden Idol":5,"Burning Blood":0},{"NeowsBlessing":0,"Golden Idol":3,"Burning Blood":0},{"NeowsBlessing":0,"Golden Idol":4,"Burning Blood":0}],"Burning Blood":0},"card_choices":[{"not_picked":["Wild Strike","Twin Strike"],"picked":"Power Through","floor":1},{"not_picked":["Headbutt","Armaments"],"picked":"Warcry","floor":2},{"not_picked":["Wild Strike","Twin Strike"],"picked":"Rage","floor":4}],"player_experience":1465722,"relics_obtained":[],"event_choices":[{"damage_healed":0,"gold_gain":0,"player_choice":"Lose Max HP","damage_taken":0,"relics_obtained":["Golden Idol"],"max_hp_gain":0,"max_hp_loss":6,"event_name":"Golden Idol","floor":5,"gold_loss":0}],"is_beta":false,"boss_relics":[],"items_purged_floors":[],"is_endless":false,"potions_floor_spawned":[],"killed_by":"Gremlin Nob","ascension_level":0}}