{"host":"df48i9djcn92c5sx","time":1610117907,"event":{"mods":["BaseMod","Downfall","Marisa£®ÏF”Í°°ƒß¿Ì…≥£©","Minty Spire (QoL Compilation)","READ ME - Guardian Mod","READ ME - Snecko Mod","Reimu£®≤©¿ˆ¡È√Œ£©","Remilia£®¿Ÿ√◊¿Ú—«£©","Replay The Spire","Shop Mod","StSLib","The Jungle","The Servant 0.9.4"],"gold_per_floor":[99,99,99,99,99,99,99,99,126,111,111,121,46,46,62,159,159,84,103,120,135,154,154,154,154,154],"floor_reached":25,"playtime":891,"items_purged":[],"score":256,"play_id":"42d25b46-bf99-4731-9a72-e9f0e2c361db","local_time":"20210108225827","is_ascension_mode":true,"campfire_choices":[{"data":"KidneyShot","floor":1.0,"key":"SMITH"},{"data":"SurpressingFire","floor":6.0,"key":"SMITH"},{"data":"DancingSilver","floor":8.0,"key":"SMITH"},{"data":"MurderousAura","floor":11.0,"key":"SMITH"},{"floor":13,"key":"REST"},{"data":"LightFlow","floor":18,"key":"SMITH"},{"data":"InstantArmor","floor":23,"key":"SMITH"}],"circlet_count":0,"master_deck":["Strike_S","Strike_S","Defend_S","Defend_S","Defend_S","Defend_S","KidneyShot+1","Exchange","SurpressingFire+1","DancingSilver+1","Luminosity","Starlight+1","MurderousAura+1","Collapse","LightFlow+1","InstantArmor+1"],"relics":["Uniform","downfall:HeartsMalice","ScarletDevilRocket","downfall:HeartBlessingBlue","Busted Crown","downfall:HeartBlessingGreen","Dream Catcher"],"acts_visited":["Exordium","Exordium"],"potions_floor_usage":[16,16,20,25],"damage_taken":[{"damage":0.0,"enemies":"Cultist","floor":2.0,"turns":1.0},{"damage":0.0,"enemies":"Jaw Worm","floor":3.0,"turns":1.0},{"damage":0.0,"enemies":"Small Slimes","floor":4.0,"turns":1.0},{"damage":35.0,"enemies":"3 Sentries","floor":9.0,"turns":16.0},{"damage":0.0,"enemies":"downfall:FleeingMerchant","floor":10.0,"turns":4.0},{"damage":17.0,"enemies":"3 Louse","floor":12.0,"turns":5.0},{"damage":4,"enemies":"Blue Slaver","floor":15,"turns":4},{"damage":19,"enemies":"downfall:Silent","floor":16,"turns":7},{"damage":0,"enemies":"theJungle:MUSHROOMGANG","floor":19,"turns":5},{"damage":19,"enemies":"theJungle:5_Spyders","floor":20,"turns":7},{"damage":10,"enemies":"theJungle:Lyon","floor":21,"turns":4},{"damage":5,"enemies":"theJungle:Snecko_Cultist_And_Trap","floor":22,"turns":7},{"damage":30,"enemies":"theJungle:Cassacara","floor":25,"turns":3}],"seed_played":"-3396925979246607243","potions_obtained":[{"floor":9.0,"key":"Weak Potion"},{"floor":12.0,"key":"Swift Potion"},{"floor":15,"key":"PowerPotion"},{"floor":19,"key":"Adrenaline Potion"},{"floor":20,"key":"Death Potion"}],"is_trial":false,"path_per_floor":["R","M","M","M","?","R","T","R","E","$","R","M","R","?","M","B",null,"R","M","M","M","M","R","T","E"],"character_chosen":"THE_SERVANT","items_purchased":[],"campfire_rested":1,"item_purchase_floors":[],"current_hp_per_floor":[59,59,59,59,59,59,59,59,24,24,24,7,39,39,35,16,60,60,60,41,31,26,26,26,0,0],"gold":154,"neow_bonus":"THREE_ENEMY_KILL","is_daily":false,"chose_seed":false,"campfire_upgraded":6,"win_rate":0.0,"timestamp":1610117907,"path_taken":["R","M","?","M","?","R","T","R","E","$","R","M","R","?","M","BOSS","R","M","M","M","M","R","T","E"],"items_purchased_type":[],"build_version":"2020-12-22","purchased_purges":0,"victory":false,"max_hp_per_floor":[65,65,65,65,65,65,65,65,65,65,65,65,75,75,75,75,75,75,75,75,75,75,75,75,75,75],"card_choices":[{"not_picked":["WasteNot","Unruled"],"picked":"SurpressingFire","floor":2.0},{"not_picked":["Defy","ShiftingGears"],"picked":"DancingSilver","floor":3.0},{"not_picked":["ShatteredReality","Defy"],"picked":"Luminosity","floor":4.0},{"not_picked":["Potential","SilverMatrix"],"picked":"MurderousAura","floor":9.0},{"not_picked":["Rewind","Shuttle"],"picked":"Collapse","floor":10.0},{"not_picked":["Rewind","Unruled","TimeWarp"],"picked":"SKIP","floor":12.0},{"not_picked":["Defy","Revamp","DoubleEdge"],"picked":"SKIP","floor":15},{"not_picked":["Solidify","MurderousAura"],"picked":"LightFlow","floor":16},{"not_picked":[],"picked":"InstantArmor","floor":19},{"not_picked":["Advance+1"],"picked":"SKIP","floor":20},{"not_picked":["Collapse"],"picked":"SKIP","floor":21},{"not_picked":["Replace"],"picked":"SKIP","floor":22}],"player_experience":1411544,"relics_obtained":[{"floor":9.0,"key":"ScarletDevilRocket"},{"floor":24,"key":"Dream Catcher"}],"event_choices":[],"is_beta":false,"boss_relics":[{"not_picked":["ReplayTheSpireMod:DimensionalGlitch","Runic Pyramid"],"picked":"Busted Crown"}],"items_purged_floors":[],"is_endless":false,"potions_floor_spawned":[9,12,15,19,20],"killed_by":"theJungle:Cassacara","ascension_level":6}}