{"host":"z89hp9g41jphfk9d","time":1610109707,"event":{"mods":["Act Like it!","BaseMod","Gensokyo","GifTheSpireLib","Gremlin Mod","HololiveMod","KinomotoSakuraMod(ƒæ÷Æ±æ”£)","LagranYue(¿≠∏Ò¿ °§‘¬)","Luminous","Marisa£®ÏF”Í°°ƒß¿Ì…≥£©","Minty Spire (QoL Compilation)","Reimu£®≤©¿ˆ¡È√Œ£©","Replay The Spire","Spicy Shops","StSLib","The Bug Knight","The Construct","The Cursed","The Servant 0.9.4","Yakumo Yukari mod"],"gold_per_floor":[114,128,141,191,191,218,218,243,311,261,296,331,410,420,420,520,520,540,540,225,262,59,90,102,131,131,131,150,150,150,162,162,162,162],"floor_reached":33,"playtime":2381,"items_purged":["Pain","Parasite","Regret"],"score":517,"play_id":"f690734b-fc6b-4495-8fdc-6b82092143f4","local_time":"20210108204147","is_ascension_mode":true,"campfire_choices":[{"floor":7.0,"key":"REST"},{"floor":15.0,"key":"REST"},{"floor":27,"key":"DIG"},{"floor":32,"key":"DIG"}],"circlet_count":0,"master_deck":["Strike_G","Strike_G","Strike_G","Strike_G","Strike_G","Defend_G","Defend_G","Defend_G","Defend_G","Defend_G","Survivor","Neutralize","Terror","Dash","Footwork","Leg Sweep","Backstab","Gensokyo:AllTheWorldsEvil","Writhe","Deadly Poison","Toxin Wave","TheCursedMod:Dregs","Spreading Infection","Sickly","After Image","Leg Sweep+1","ReplayTheSpireMod:Splinters","Dagger Spray+1","Endless Agony","Outmaneuver","Replay:Sluggish","Deadly Poison+1","Replay:Poison Smokescreen","Noxious Fumes","Ghostly","Ghostly","Ghostly","Ghostly","Ghostly","Deadly Poison"],"relics":["Ring of the Snake","LagranYue:RandomDrawCardRelic","NeowsBlessing","ReplayTheSpireMod:Ring of Challenge","Ring of Greed","Tiny Chest","Smiling Mask","Spirit Poop","LagranYue:GuideDeadRelic","Garlic","Regal Pillow","Sozu","Shovel","Hololive_LightStick","Replay:Towering Pillar of Hats","Bag of Marbles","Blue Doll","Lizard Tail","ReplayTheSpireMod:Ninjato","Mercury Hourglass","Replay:Wax Seal","HollowMod:StagPassRelic","Torii"],"acts_visited":["Exordium","TheCity"],"potions_floor_usage":[25,25],"damage_taken":[{"damage":0.0,"enemies":"2 Louse","floor":1.0,"turns":1.0},{"damage":0.0,"enemies":"Jaw Worm","floor":2.0,"turns":1.0},{"damage":0.0,"enemies":"Cultist","floor":3.0,"turns":1.0},{"damage":51.0,"enemies":"3 Sentries","floor":6.0,"turns":15.0},{"damage":8.0,"enemies":"Large Slime","floor":8.0,"turns":12.0},{"damage":0.0,"enemies":"Blue Slaver","floor":11.0,"turns":4.0},{"damage":9.0,"enemies":"Lagavulin","floor":12.0,"turns":12.0},{"damage":0.0,"enemies":"2 Fungi Beasts","floor":14.0,"turns":2.0},{"damage":20,"enemies":"Fading Forest","floor":16,"turns":11},{"damage":0,"enemies":"3 Byrds","floor":18,"turns":7},{"damage":0,"enemies":"Replay:Snechameleon","floor":23,"turns":8},{"damage":6,"enemies":"2 Thieves","floor":24,"turns":4},{"damage":65,"enemies":"Slavers","floor":25,"turns":8},{"damage":9,"enemies":"Snake Plant","floor":28,"turns":3},{"damage":0,"enemies":"Centurion and Healer","floor":31,"turns":7},{"damage":25,"enemies":"Champ","floor":33,"turns":12}],"seed_played":"-1525682164777757462","potions_obtained":[{"floor":1.0,"key":"Elixir"},{"floor":3.0,"key":"MagicPotion:ReiMu"},{"floor":6.0,"key":"EssenceOfSteel"},{"floor":12.0,"key":"Elixir"},{"floor":14.0,"key":"Block Potion"}],"is_trial":false,"path_per_floor":["M","M","M","?","?","E","R","M","T","$","M","E","?","M","R","B",null,"M","T","$","?","$","E","M","E","T","R","M","?","T","M","R","B"],"character_chosen":"THE_SILENT","items_purchased":["Hololive_LightStick","Replay:Towering Pillar of Hats","Blue Doll"],"campfire_rested":2,"item_purchase_floors":[20,20,22],"current_hp_per_floor":[70,70,70,70,70,19,40,32,32,32,32,23,23,23,59,47,70,70,70,67,67,67,67,61,33,33,33,24,24,24,24,24,0,0],"gold":162,"neow_bonus":"THREE_ENEMY_KILL","is_daily":false,"chose_seed":false,"campfire_upgraded":0,"win_rate":0.0,"timestamp":1610109707,"path_taken":["M","M","M","?","?","E","R","?","T","$","M","E","?","M","R","BOSS","M","?","$","?","$","E","M","E","T","R","?","?","?","M","R","BOSS"],"items_purchased_type":["Relic","Relic","Relic"],"build_version":"2020-12-22","purchased_purges":3,"victory":false,"max_hp_per_floor":[70,70,70,70,70,70,70,70,70,70,70,70,70,70,70,70,70,70,70,67,67,67,67,67,67,67,67,67,33,33,33,33,33,33],"card_choices":[{"not_picked":["Accuracy","Outmaneuver"],"picked":"Terror","floor":1.0},{"not_picked":["Backflip","Flying Knee"],"picked":"Dash","floor":2.0},{"not_picked":["Backflip","Fluid Movement"],"picked":"Footwork","floor":3.0},{"not_picked":["Underhanded Strike","Venomology"],"picked":"Leg Sweep","floor":6.0},{"not_picked":["Hidden Blade","Expertise"],"picked":"Backstab","floor":8.0},{"not_picked":["Blur","Skewer"],"picked":"Deadly Poison","floor":11.0},{"not_picked":["Replay:Bag of Tricks","Concentrate"],"picked":"Toxin Wave","floor":12.0},{"not_picked":["Setup","Heel Hook","Dagger Throw"],"picked":"SKIP","floor":14.0},{"not_picked":["Unload","Malaise"],"picked":"After Image","floor":16},{"not_picked":["Dagger Spray","Dash"],"picked":"Leg Sweep+1","floor":18},{"not_picked":["Infinite Blades","Setup"],"picked":"Dagger Spray+1","floor":21},{"not_picked":["Backflip","All Out Attack"],"picked":"Endless Agony","floor":21},{"not_picked":["Choke","Bane"],"picked":"Outmaneuver","floor":23},{"not_picked":["Slice+1","Bane+1"],"picked":"Deadly Poison+1","floor":24},{"not_picked":["Deadly Poison","Infinite Blades"],"picked":"Replay:Poison Smokescreen","floor":25},{"not_picked":["Dagger Throw+1","Hidden Blade"],"picked":"Noxious Fumes","floor":28},{"not_picked":["Cloak And Dagger","Poisoned Stab+1"],"picked":"Deadly Poison","floor":31}],"player_experience":102893,"relics_obtained":[{"floor":4.0,"key":"ReplayTheSpireMod:Ring of Challenge"},{"floor":4.0,"key":"Ring of Greed"},{"floor":4.0,"key":"Tiny Chest"},{"floor":4.0,"key":"Smiling Mask"},{"floor":6.0,"key":"LagranYue:GuideDeadRelic"},{"floor":9.0,"key":"Garlic"},{"floor":12.0,"key":"Regal Pillow"},{"floor":19,"key":"Shovel"},{"floor":21,"key":"Bag of Marbles"},{"floor":23,"key":"Lizard Tail"},{"floor":25,"key":"ReplayTheSpireMod:Ninjato"},{"floor":26,"key":"Mercury Hourglass"},{"floor":27,"key":"Replay:Wax Seal"},{"floor":30,"key":"HollowMod:StagPassRelic"},{"floor":32,"key":"Torii"}],"event_choices":[{"cards_removed":["Voices"],"damage_healed":0.0,"max_hp_gain":0.0,"max_hp_loss":0.0,"gold_gain":0.0,"event_name":"Bonfire Elementals","player_choice":"Offered Curse","floor":5.0,"gold_loss":0.0,"damage_taken":0.0,"relics_obtained":["Spirit Poop"]},{"damage_healed":0.0,"max_hp_gain":0.0,"max_hp_loss":0.0,"gold_gain":79.0,"event_name":"Golden Wing","player_choice":"Gained Gold","floor":13.0,"gold_loss":0.0,"damage_taken":0.0},{"damage_healed":0,"gold_gain":0,"player_choice":"Became a Ghost","damage_taken":0,"max_hp_gain":0,"max_hp_loss":34,"event_name":"Ghosts","floor":29,"gold_loss":0,"cards_obtained":["Ghostly","Ghostly","Ghostly","Ghostly","Ghostly"]}],"is_beta":false,"boss_relics":[{"not_picked":["RedLine:ReiMu","Hololive_TopUpMoneyS"],"picked":"Sozu"}],"items_purged_floors":[10,20,22],"is_endless":false,"potions_floor_spawned":[1,3,6,12,14,18,25,28],"killed_by":"Champ","ascension_level":3}}