{"host":"xe18zxp7krnsfrwn","time":1610090197,"event":{"mods":["BaseMod","BetterRewards","Colored Map","Downfall","Hubris","Infinite Spire","Minty Spire (QoL Compilation)","Replay The Spire","StSLib","The Animator","The Elementalist","The Runesmith","The Saiyan"],"gold_per_floor":[118,135,135,135,89,89,108,120,167,192,192,192,207,234,234,337,337,337,337],"floor_reached":18,"playtime":1718,"items_purged":[],"score":162,"play_id":"549839e5-b0db-4221-b67d-98425ce3ae92","local_time":"20210107231637","is_ascension_mode":false,"campfire_choices":[{"data":"animator:ElricEdward","floor":6,"key":"SMITH"},{"data":"animator:DolaSchwi","floor":11,"key":"SMITH"},{"floor":15,"key":"REST"}],"circlet_count":0,"master_deck":["animator:Strike_NoGameNoLife","animator:Defend_NoGameNoLife","animator:Strike","animator:Strike","animator:Strike","animator:Defend","animator:Defend","animator:Defend","animator:DolaSchwi+1","animator:DolaCouronne","animator:Megumin+4","animator:ElricEdward+1","animator:Cocytus","animator:NarberalGamma","Decay","animator:Envy","animator:Vesta","animator:Hans"],"relics":["champ:ChampionCrown","animator:CursedBlade","infinitespire:Cubic Diamond","Bottled Flame","hubris:SlimyHat","animator:HeavyHalberd","Ring of Chaos"],"acts_visited":["Exordium","TheCity"],"potions_floor_usage":[10,13,14],"damage_taken":[{"damage":0,"enemies":"Cultist","floor":1,"turns":3},{"damage":0,"enemies":"2 Louse","floor":2,"turns":2},{"damage":1,"enemies":"Small Slimes","floor":7,"turns":3},{"damage":14,"enemies":"Exordium Wildlife","floor":8,"turns":6},{"damage":8,"enemies":"Lagavulin","floor":10,"turns":5},{"damage":22,"enemies":"Exordium Thugs","floor":13,"turns":3},{"damage":1,"enemies":"Large Slime","floor":14,"turns":5},{"damage":32,"enemies":"The Guardian","floor":16,"turns":10},{"damage":73,"enemies":"3 Byrds","floor":18,"turns":5}],"seed_played":"-2115409630469451259","potions_obtained":[{"floor":1,"key":"Dexterity Potion"},{"floor":7,"key":"SkillPotion"},{"floor":13,"key":"Languid Potion"}],"is_trial":false,"path_per_floor":["M","M","?","?","$","R","M","M","T","E","R","?","M","M","R","B",null,"M"],"character_chosen":"THE_ANIMATOR","items_purchased":["animator:Cocytus"],"campfire_rested":1,"item_purchase_floors":[5],"current_hp_per_floor":[66,66,66,66,66,66,65,51,51,43,43,43,21,20,39,7,66,0,0],"gold":337,"neow_bonus":"BOSS_RELIC","is_daily":false,"chose_seed":false,"campfire_upgraded":2,"win_rate":0.0,"timestamp":1610090197,"path_taken":["M","?","?","?","?","R","M","M","T","E","R","?","M","?","R","BOSS","M"],"items_purchased_type":["Card"],"build_version":"2020-12-22","purchased_purges":0,"victory":false,"max_hp_per_floor":[66,66,66,66,66,66,66,66,66,66,66,66,66,66,66,66,66,66,66],"card_choices":[{"not_picked":["animator:Millim","animator:Sloth"],"picked":"animator:Megumin","floor":1},{"not_picked":["animator:SakuraMatou","animator:ItamiYouji"],"picked":"animator:ElricEdward","floor":2},{"not_picked":["animator:Verdia","animator:DolaRiku","animator:Megumin"],"picked":"SKIP","floor":7},{"not_picked":["animator:Entoma","animator:Berserker"],"picked":"animator:NarberalGamma","floor":8},{"not_picked":["animator:Kuribayashi","animator:DolaSchwi","animator:ShinjiMatou"],"picked":"SKIP","floor":10},{"not_picked":["animator:Caster","animator:Aqua"],"picked":"animator:Envy","floor":13},{"not_picked":["animator:Sloth","animator:Mitsurugi"],"picked":"animator:Vesta","floor":14},{"not_picked":["animator:Wiz","animator:Envy"],"picked":"animator:Hans","floor":16}],"player_experience":463659,"relics_obtained":[{"floor":4,"key":"Bottled Flame"},{"floor":9,"key":"hubris:SlimyHat"},{"floor":10,"key":"animator:HeavyHalberd"}],"event_choices":[{"damage_healed":0,"gold_gain":0,"player_choice":"Cursed","damage_taken":0,"max_hp_gain":0,"max_hp_loss":0,"event_name":"Wheel of Change","floor":12,"gold_loss":0,"cards_obtained":["Decay"]}],"is_beta":false,"boss_relics":[{"not_picked":["hubris:TerracottaHorce","Painkiller Herb"],"picked":"Ring of Chaos"}],"items_purged_floors":[],"is_endless":false,"potions_floor_spawned":[1,7,13],"killed_by":"3 Byrds","ascension_level":0}}