{"host":"m6ny6r6qcn8ty8o2","time":1610110335,"event":{"mods":["BaseMod","Minty Spire (QoL Compilation)"],"gold_per_floor":[20,295,312,55,18,45,65,65,65,95,95,44,63,93,93,198,198,214,214,39,53,73,105,105,105,185,212,212,225,254,266,266,369,369,387,400,55,55,100,100,100,133,214,231,453,465,485,535,535,535],"floor_reached":51,"playtime":4502,"items_purged":["Regret","Strike_R"],"score":767,"play_id":"8219d817-1077-4f88-8b7a-90686d5145b1","local_time":"20210108225215","is_ascension_mode":true,"campfire_choices":[{"data":"Seeing Red","floor":8,"key":"SMITH"},{"data":"Shrug It Off","floor":15,"key":"SMITH"},{"floor":25,"key":"REST"},{"data":"Metallicize","floor":28,"key":"SMITH"},{"data":"True Grit","floor":32,"key":"SMITH"},{"data":"Body Slam","floor":40,"key":"SMITH"},{"data":"Armaments","floor":49,"key":"SMITH"}],"circlet_count":0,"master_deck":["Strike_R","Strike_R","Strike_R","Defend_R","Defend_R","Defend_R","Defend_R","Bash","Seeing Red+1","Shrug It Off+1","Uppercut","Inflame","Impervious","Shrug It Off","Flame Barrier","Pommel Strike","Body Slam+1","Berserk","Pommel Strike","Metallicize+1","Rage+1","Cleave","True Grit+1","Armaments+1","Combust","Metallicize","Master of Strategy","Panacea","Metallicize","Parasite","Iron Wave+1"],"relics":["Burning Blood","Calipers","Anchor","Matryoshka","Orichalcum","Meat on the Bone","Bag of Marbles","Strawberry","Busted Crown","TungstenRod","Dream Catcher","Pantograph","Torii","Red Mask","Coffee Dripper","WingedGreaves","Centennial Puzzle","Bottled Flame","Mummified Hand","Bird Faced Urn"],"acts_visited":["Exordium","TheCity","TheBeyond"],"potions_floor_usage":[6,10,23,33,50,50,50],"damage_taken":[{"damage":2,"enemies":"Small Slimes","floor":1,"turns":4},{"damage":3,"enemies":"Cultist","floor":3,"turns":4},{"damage":25,"enemies":"Gremlin Nob","floor":6,"turns":5},{"damage":0,"enemies":"Jaw Worm","floor":7,"turns":3},{"damage":13,"enemies":"3 Sentries","floor":10,"turns":7},{"damage":11,"enemies":"Exordium Wildlife","floor":13,"turns":7},{"damage":12,"enemies":"Lagavulin","floor":14,"turns":6},{"damage":27,"enemies":"The Guardian","floor":16,"turns":12},{"damage":0,"enemies":"Chosen","floor":18,"turns":3},{"damage":6,"enemies":"Shell Parasite","floor":21,"turns":4},{"damage":16,"enemies":"Cultist and Chosen","floor":22,"turns":8},{"damage":23,"enemies":"Book of Stabbing","floor":23,"turns":7},{"damage":31,"enemies":"Gremlin Leader","floor":27,"turns":4},{"damage":0,"enemies":"Centurion and Healer","floor":29,"turns":4},{"damage":0,"enemies":"Masked Bandits","floor":30,"turns":5},{"damage":0,"enemies":"Snake Plant","floor":31,"turns":2},{"damage":57,"enemies":"Automaton","floor":33,"turns":16},{"damage":8,"enemies":"Orb Walker","floor":35,"turns":4},{"damage":0,"enemies":"3 Shapes","floor":36,"turns":7},{"damage":23,"enemies":"Nemesis","floor":42,"turns":8},{"damage":0,"enemies":"Jaw Worm Horde","floor":44,"turns":4},{"damage":0,"enemies":"3 Darklings","floor":46,"turns":8},{"damage":0,"enemies":"Writhing Mass","floor":47,"turns":7},{"damage":0,"enemies":"Mind Bloom Boss Battle","floor":48,"turns":5},{"damage":122,"enemies":"Time Eater","floor":50,"turns":15}],"seed_played":"-1674339060483430163","potions_obtained":[{"floor":1,"key":"SkillPotion"},{"floor":7,"key":"Explosive Potion"},{"floor":21,"key":"SmokeBomb"},{"floor":22,"key":"Swift Potion"},{"floor":27,"key":"Dexterity Potion"},{"floor":29,"key":"SmokeBomb"},{"floor":31,"key":"Strength Potion"},{"floor":36,"key":"SpeedPotion"},{"floor":48,"key":"BloodPotion"}],"is_trial":false,"path_per_floor":["M","?","M","$","$","E","M","R","T","E","?","$","M","E","R","B",null,"M","?","$","M","M","E","?","R","T","E","R","M","?","M","R","B",null,"M","M","$","?","T","R","?","E","T","M","?","M","M","?","R","B",null],"character_chosen":"IRONCLAD","items_purchased":["Anchor","Uppercut","Inflame","Pommel Strike","Metallicize","WingedGreaves","Metallicize"],"campfire_rested":1,"item_purchase_floors":[4,4,5,12,20,37,37],"current_hp_per_floor":[80,80,80,80,80,61,67,67,67,60,60,60,55,56,56,47,87,87,87,87,87,77,60,44,71,71,58,58,64,70,76,76,53,92,90,92,92,83,83,83,102,85,85,91,91,97,102,102,102,28],"gold":535,"neow_bonus":"ONE_RARE_RELIC","is_daily":false,"chose_seed":false,"campfire_upgraded":6,"win_rate":0.0,"timestamp":1610110335,"path_taken":["M","?","M","?","$","E","?","R","T","E","?","?","M","E","R","BOSS","M","?","$","M","M","E","?","R","T","E","R","M","?","M","R","BOSS","M","M","$","?","?","R","?","E","T","?","?","M","M","?","R","BOSS"],"items_purchased_type":["Relic","Card","Card","Card","Card","Relic","Card"],"build_version":"2020-12-22","purchased_purges":2,"victory":true,"max_hp_per_floor":[80,80,80,80,80,80,80,80,80,80,80,80,80,87,87,87,87,87,87,87,87,87,87,92,92,92,92,92,92,92,92,92,92,92,92,92,92,92,92,92,102,102,102,102,102,102,102,102,102,102],"card_choices":[{"not_picked":["Havoc","Anger"],"picked":"Seeing Red","floor":1},{"not_picked":["Clothesline","Perfected Strike"],"picked":"Shrug It Off","floor":3},{"not_picked":["Sever Soul","Reckless Charge"],"picked":"Impervious","floor":6},{"not_picked":["Burning Pact","Warcry"],"picked":"Shrug It Off","floor":7},{"not_picked":["Dark Embrace","True Grit"],"picked":"Flame Barrier","floor":10},{"not_picked":["Warcry","Battle Trance","Heavy Blade"],"picked":"SKIP","floor":13},{"not_picked":["Dark Embrace","Flex"],"picked":"Body Slam","floor":14},{"not_picked":["Fiend Fire","Exhume"],"picked":"Berserk","floor":16},{"not_picked":[],"picked":"Pommel Strike","floor":18},{"not_picked":["Spot Weakness"],"picked":"SKIP","floor":21},{"not_picked":[],"picked":"Rage+1","floor":22},{"not_picked":["Anger"],"picked":"SKIP","floor":23},{"not_picked":[],"picked":"Cleave","floor":27},{"not_picked":["Clothesline"],"picked":"SKIP","floor":29},{"not_picked":[],"picked":"True Grit","floor":31},{"not_picked":[],"picked":"Corruption","floor":33},{"not_picked":[],"picked":"Armaments","floor":35},{"not_picked":[],"picked":"Combust","floor":36},{"not_picked":[],"picked":"Master of Strategy","floor":38},{"not_picked":[],"picked":"Panacea","floor":38},{"not_picked":[],"picked":"Metallicize","floor":42},{"not_picked":["Reckless Charge+1"],"picked":"SKIP","floor":44},{"not_picked":["Fire Breathing"],"picked":"SKIP","floor":46},{"not_picked":["Blood for Blood+1"],"picked":"SKIP","floor":47},{"not_picked":[],"picked":"Iron Wave+1","floor":48}],"player_experience":33487,"relics_obtained":[{"floor":6,"key":"Matryoshka"},{"floor":9,"key":"Orichalcum"},{"floor":9,"key":"Meat on the Bone"},{"floor":10,"key":"Bag of Marbles"},{"floor":14,"key":"Strawberry"},{"floor":23,"key":"TungstenRod"},{"floor":26,"key":"Dream Catcher"},{"floor":26,"key":"Pantograph"},{"floor":27,"key":"Torii"},{"floor":30,"key":"Red Mask"},{"floor":39,"key":"Centennial Puzzle"},{"floor":42,"key":"Bottled Flame"},{"floor":43,"key":"Mummified Hand"},{"floor":48,"key":"Bird Faced Urn"}],"event_choices":[{"damage_healed":0,"gold_gain":275,"player_choice":"Desecrate","damage_taken":0,"max_hp_gain":0,"max_hp_loss":0,"event_name":"Golden Shrine","floor":2,"gold_loss":0,"cards_obtained":["Regret"]},{"cards_removed":["Strike_R"],"damage_healed":0,"gold_gain":0,"player_choice":"Forget","damage_taken":0,"max_hp_gain":0,"max_hp_loss":0,"event_name":"Living Wall","floor":11,"gold_loss":0},{"damage_healed":0,"gold_gain":0,"player_choice":"Ignored","damage_taken":0,"max_hp_gain":0,"max_hp_loss":0,"event_name":"Ghosts","floor":19,"gold_loss":0},{"damage_healed":0,"gold_gain":0,"player_choice":"Shed Blood","damage_taken":22,"max_hp_gain":5,"max_hp_loss":0,"event_name":"Forgotten Altar","floor":24,"gold_loss":0},{"damage_healed":0,"gold_gain":0,"player_choice":"Fought Bandits","damage_taken":0,"max_hp_gain":0,"max_hp_loss":0,"event_name":"Masked Bandits","floor":30,"gold_loss":0},{"damage_healed":0,"gold_gain":0,"player_choice":"Memory 3","damage_taken":10,"max_hp_gain":0,"max_hp_loss":0,"event_name":"SensoryStone","floor":38,"gold_loss":0},{"cards_removed":["Corruption"],"damage_healed":9,"gold_gain":0,"player_choice":"Offered Rare","damage_taken":0,"max_hp_gain":10,"max_hp_loss":0,"event_name":"Bonfire Elementals","floor":41,"gold_loss":0},{"damage_healed":0,"gold_gain":222,"player_choice":"Wore Mask","damage_taken":0,"max_hp_gain":0,"max_hp_loss":0,"event_name":"Tomb of Lord Red Mask","floor":45,"gold_loss":0},{"damage_healed":0,"gold_gain":0,"player_choice":"Fight","damage_taken":0,"max_hp_gain":0,"max_hp_loss":0,"event_name":"MindBloom","floor":48,"gold_loss":0}],"is_beta":false,"boss_relics":[{"not_picked":["Black Star","Astrolabe"],"picked":"Busted Crown"},{"not_picked":["Snecko Eye","Calling Bell"],"picked":"Coffee Dripper"}],"items_purged_floors":[4,20],"is_endless":false,"potions_floor_spawned":[1,7,21,22,27,29,31,36,48],"ascension_level":1}}