{"host":"Qube","time":1610075685,"event":{"mods":["AchievementEnabler","BaseMod","Colored Map","Colored Powertips","Minty Spire (QoL Compilation)","Quick Restart","Random Character Button","StSLib"],"gold_per_floor":[110,35,185,260,276,305,305,321,321,321,349,363,363,382,382,455,505,524,439,439,364,381,381,381,381],"floor_reached":24,"playtime":705,"items_purged":["Strike_P"],"score":447,"play_id":"9304a58a-a8f8-4afb-94b5-595509a512f2","local_time":"20210107191445","is_ascension_mode":true,"campfire_choices":[{"data":"EmptyFist","floor":7.0,"key":"SMITH"},{"data":"SignatureMove","floor":10.0,"key":"SMITH"},{"data":"Eruption","floor":13.0,"key":"SMITH"},{"data":"Vigilance","floor":15.0,"key":"SMITH"},{"data":"Crescendo","floor":23,"key":"SMITH"}],"circlet_count":0,"master_deck":["AscendersBane","Strike_P","Strike_P","Defend_P","Defend_P","Defend_P","Eruption+1","Vigilance+1","EmptyFist+1","Doubt","Meditate","CarveReality+1","Swivel","SignatureMove+1","Scrawl","Halt","Protect","LikeWater","DeusExMachina","Evaluate","PathToVictory","Crescendo+1","Sanctity"],"relics":["PureWater","NeowsBlessing","Prayer Wheel","Gambling Chip","Blue Candle","Tiny House","Tiny Chest"],"acts_visited":["Exordium","TheCity"],"potions_floor_usage":[24,24,24],"damage_taken":[{"damage":0.0,"enemies":"2 Louse","floor":1.0,"turns":1.0},{"damage":0.0,"enemies":"Small Slimes","floor":5.0,"turns":1.0},{"damage":0.0,"enemies":"Gremlin Nob","floor":6.0,"turns":1.0},{"damage":7.0,"enemies":"Jaw Worm","floor":8.0,"turns":2.0},{"damage":12.0,"enemies":"Lagavulin","floor":11.0,"turns":4.0},{"damage":0.0,"enemies":"Large Slime","floor":12.0,"turns":1.0},{"damage":1.0,"enemies":"Red Slaver","floor":14.0,"turns":2.0},{"damage":16.0,"enemies":"Hexaghost","floor":16.0,"turns":7.0},{"damage":0.0,"enemies":"Spheric Guardian","floor":18.0,"turns":3.0},{"damage":0,"enemies":"Chosen","floor":22,"turns":3},{"damage":20,"enemies":"Slavers","floor":24,"turns":4}],"seed_played":"5492058746141118816","potions_obtained":[{"floor":11.0,"key":"EntropicBrew"},{"floor":12.0,"key":"AttackPotion"},{"floor":14.0,"key":"Ambrosia"},{"floor":18,"key":"BlessingOfTheForge"}],"is_trial":false,"path_per_floor":["M","?","?","?","M","E","R","M","T","R","E","M","R","M","R","B",null,"M","?","?","$","M","R","E"],"character_chosen":"WATCHER","items_purchased":[],"campfire_rested":0,"item_purchase_floors":[],"current_hp_per_floor":[61,61,61,50,50,50,50,43,43,43,31,31,31,30,30,14,60,60,60,60,60,60,60,40,40],"gold":381,"neow_bonus":"THREE_ENEMY_KILL","is_daily":false,"chose_seed":false,"campfire_upgraded":5,"win_rate":0.0,"timestamp":1610075685,"path_taken":["M","?","?","?","?","E","R","M","T","R","E","M","R","M","R","BOSS","M","?","?","$","M","R","E"],"items_purchased_type":[],"build_version":"2020-12-18","purchased_purges":1,"victory":false,"max_hp_per_floor":[68,68,68,68,68,68,68,68,68,68,68,68,68,68,68,68,73,73,73,73,73,73,73,73,73],"card_choices":[{"not_picked":["Halt","ThirdEye"],"picked":"EmptyFist","floor":1.0},{"not_picked":["Pray","Wireheading"],"picked":"Meditate","floor":5.0},{"not_picked":["WaveOfTheHand","Indignation"],"picked":"CarveReality","floor":6.0},{"not_picked":["ClearTheMind","FollowUp"],"picked":"Swivel","floor":8.0},{"not_picked":["LikeWater","JustLucky"],"picked":"SignatureMove","floor":8.0},{"not_picked":["FlurryOfBlows","Wallop"],"picked":"Scrawl","floor":11.0},{"not_picked":["EmptyBody","Sanctity"],"picked":"Halt","floor":12.0},{"not_picked":["SashWhip","JustLucky"],"picked":"Protect","floor":12.0},{"not_picked":["CutThroughFate","InnerPeace"],"picked":"LikeWater","floor":14.0},{"not_picked":["PathToVictory","CrushJoints","SashWhip"],"picked":"SKIP","floor":14.0},{"not_picked":["Brilliance","Ragnarok"],"picked":"DeusExMachina","floor":16.0},{"not_picked":["Crescendo","ClearTheMind"],"picked":"Evaluate","floor":17.0},{"not_picked":["EmptyBody","SandsOfTime"],"picked":"PathToVictory","floor":18},{"not_picked":["Study","SashWhip+1","TalkToTheHand"],"picked":"SKIP","floor":18},{"not_picked":["FlurryOfBlows","EmptyFist"],"picked":"Crescendo","floor":22},{"not_picked":["LikeWater","Prostrate"],"picked":"Sanctity","floor":22}],"player_experience":847537,"relics_obtained":[{"floor":6.0,"key":"Prayer Wheel"},{"floor":9.0,"key":"Gambling Chip"},{"floor":11.0,"key":"Blue Candle"}],"event_choices":[{"cards_removed":["Defend_P"],"damage_healed":0.0,"max_hp_gain":0.0,"max_hp_loss":0.0,"gold_gain":0.0,"event_name":"The Cleric","player_choice":"Card Removal","floor":2.0,"gold_loss":75.0,"damage_taken":0.0},{"damage_healed":0.0,"max_hp_gain":0.0,"max_hp_loss":0.0,"gold_gain":150.0,"event_name":"Liars Game","player_choice":"AGREE","floor":3.0,"gold_loss":0.0,"damage_taken":0.0,"cards_obtained":["Doubt"]},{"damage_healed":0.0,"max_hp_gain":0.0,"max_hp_loss":0.0,"gold_gain":75.0,"event_name":"World of Goop","player_choice":"Gather Gold","floor":4.0,"gold_loss":0.0,"damage_taken":11.0},{"damage_healed":0,"gold_gain":0,"player_choice":"Obtained Relic","damage_taken":0,"relics_obtained":["Tiny Chest"],"max_hp_gain":0,"max_hp_loss":0,"event_name":"Addict","floor":19,"gold_loss":85},{"cards_removed":["Strike_P"],"damage_healed":0,"gold_gain":0,"player_choice":"Purged","damage_taken":0,"max_hp_gain":0,"max_hp_loss":0,"event_name":"Purifier","floor":20,"gold_loss":0}],"is_beta":true,"boss_relics":[{"not_picked":["Ectoplasm","Runic Pyramid"],"picked":"Tiny House"}],"items_purged_floors":[21],"is_endless":false,"potions_floor_spawned":[11,12,14,16,18,22],"killed_by":"Slavers","ascension_level":19}}