{"host":"ci7cmvrwpmzqnw7e","time":1610064451,"event":{"mods":["BaseMod","BetterRewards","Colored Map","Downfall","Hubris","Minty Spire (QoL Compilation)","Rare Cards Sparkle","Replay The Spire","Shop Mod","StSLib","The Necromancer","The Servant 0.9.4"],"gold_per_floor":[119,135,135,115,40,53,53,79,79,79,79,79,92,127,127,223,223,241,103,123,143,143,143],"floor_reached":22,"playtime":595,"items_purged":["Defend_B","Strike_B"],"score":194,"play_id":"f91610ee-d5b3-4956-9ad2-f6abca2a0c6a","local_time":"20210107170731","is_ascension_mode":false,"campfire_choices":[{"data":"Gash","floor":7,"key":"SMITH"},{"floor":12,"key":"REST"},{"floor":15,"key":"REST"}],"circlet_count":0,"master_deck":["Strike_B+1","Strike_B","Strike_B+1","Defend_B","Defend_B","Defend_B+1","Zap","Dualcast","Gash+1","Gash+1","Panic Button","Reprogram","Seek","Scrape","Gash+1"],"relics":["Cracked Core","Regal Pillow","Darkstone Periapt","hubris:BallOfYels","Pear","Runic Dome"],"acts_visited":["Exordium","TheCity"],"potions_floor_usage":[],"damage_taken":[{"damage":1,"enemies":"Cultist","floor":1,"turns":3},{"damage":0,"enemies":"Jaw Worm","floor":2,"turns":3},{"damage":0,"enemies":"2 Louse","floor":6,"turns":2},{"damage":24,"enemies":"Gremlin Nob","floor":8,"turns":4},{"damage":10,"enemies":"Looter","floor":13,"turns":2},{"damage":23,"enemies":"3 Sentries","floor":14,"turns":7},{"damage":55,"enemies":"The Guardian","floor":16,"turns":9},{"damage":1,"enemies":"Spheric Guardian","floor":18,"turns":3},{"damage":21,"enemies":"Shell Parasite","floor":20,"turns":4},{"damage":26,"enemies":"Cultist and Chosen","floor":21,"turns":5},{"damage":42,"enemies":"Centurion and Healer","floor":22,"turns":4}],"seed_played":"-3157766846867922348","potions_obtained":[{"floor":13,"key":"Toxic Potion"},{"floor":14,"key":"Doom Potion"},{"floor":16,"key":"Energy Potion"},{"floor":18,"key":"Energy Potion"}],"is_trial":false,"path_per_floor":["M","M","?","?","$","M","R","E","T","?","T","R","M","E","R","B",null,"M","$","M","M","M"],"character_chosen":"DEFECT","items_purchased":["Scrape"],"campfire_rested":2,"item_purchase_floors":[19],"current_hp_per_floor":[74,74,74,74,74,74,74,50,50,35,35,72,62,49,85,30,85,84,84,63,37,0,0],"gold":143,"neow_bonus":"RANDOM_EVENT","is_daily":false,"chose_seed":false,"campfire_upgraded":1,"win_rate":0.0,"timestamp":1610064451,"path_taken":["M","?","?","?","$","M","R","E","T","?","?","R","M","E","R","BOSS","M","$","M","M","?"],"items_purchased_type":["Card"],"build_version":"2020-12-22","purchased_purges":2,"victory":false,"max_hp_per_floor":[75,75,75,75,75,75,75,75,75,75,75,75,75,85,85,85,85,85,85,85,85,85,85],"card_choices":[{"not_picked":["Compile Driver","Steam"],"picked":"Gash","floor":1},{"not_picked":["ReplayTheSpireMod:System Scan","Hologram","Leap"],"picked":"SKIP","floor":2},{"not_picked":["Barrage","Rebound"],"picked":"Gash","floor":6},{"not_picked":["Steam","Coolheaded"],"picked":"Panic Button","floor":8},{"not_picked":["ReplayTheSpireMod:Repulse","Redo","Conserve Battery"],"picked":"SKIP","floor":13},{"not_picked":["Chill","Steam"],"picked":"Reprogram","floor":14},{"not_picked":["Reboot","Biased Cognition"],"picked":"Seek","floor":16},{"not_picked":["Stack","Panic Button","Loop"],"picked":"SKIP","floor":18},{"not_picked":["Genetic Algorithm+1","Blizzard","Conserve Battery"],"picked":"SKIP","floor":20},{"not_picked":["Beam Cell+1","Stack+1"],"picked":"Gash+1","floor":21}],"player_experience":12529,"relics_obtained":[{"floor":8,"key":"Regal Pillow"},{"floor":9,"key":"Darkstone Periapt"},{"floor":11,"key":"hubris:BallOfYels"},{"floor":14,"key":"Pear"}],"event_choices":[{"damage_healed":0,"gold_gain":0,"player_choice":"Grow","damage_taken":0,"max_hp_gain":0,"max_hp_loss":0,"event_name":"Living Wall","floor":3,"gold_loss":0,"cards_upgraded":["Gash"]},{"damage_healed":0,"gold_gain":0,"player_choice":"Left Gold","damage_taken":0,"max_hp_gain":0,"max_hp_loss":0,"event_name":"World of Goop","floor":4,"gold_loss":20},{"damage_healed":0,"gold_gain":0,"player_choice":"Entered Light","damage_taken":15,"max_hp_gain":0,"max_hp_loss":0,"event_name":"Shining Light","floor":10,"gold_loss":0,"cards_upgraded":["Strike_B","Strike_B"]}],"is_beta":false,"boss_relics":[{"not_picked":["Calling Bell","FrozenCore"],"picked":"Runic Dome"}],"items_purged_floors":[5,19],"is_endless":false,"potions_floor_spawned":[13,14,16,18],"killed_by":"Centurion and Healer","ascension_level":0}}