{"host":"appz8zkad29u9482","time":1610132218,"event":{"mods":["2.2 Compatiblity","Act Like it!","Aspiration","BaseMod","Beaked The Cultist","Better Altar","Better Match","Better Note","Better Skull","Better Third Choice","BetterRewards","CapriCore","Conspire","Disable Question Mark Monsters","Energized Spire","Gensokyo","GifTheSpireLib","Gold Saver","Halation","Hermit","Hubris","Infinite Spire","Jedi Mod","Marisa????????","Minty Spire (QoL Compilation)","Permanent Neow","Reimu??????","Replay The Spire","Somnambulant","Spicy Shops","StSLib","Strawberry Spire","Stuff the Spire","The Animator","The Cursed","The Hierophant","The Immortal","Yuyuko","yUi"],"gold_per_floor":[419,153,113,113,113,113,142,167,240,259,270,270,296,308,308,407,432,455,480,496,521,549,549,559,619,642,602,660,672,728,778,778,875,900,911,911,921,938,953,1007,1007,1061,1111,1169,1169,1194,895,922,922,872,872,872,751,801,801,801],"floor_reached":55,"playtime":4367,"items_purged":["hubris:Sloth"],"score":1101,"play_id":"3e27fc42-bcd2-4992-9aa0-d36ef1008fab","local_time":"20210108085658","is_ascension_mode":true,"campfire_choices":[{"data":"animator:Archer","floor":6.0,"key":"SMITH"},{"floor":15.0,"key":"REST"},{"data":"ReplayTheSpireMod:Black Plague","floor":23.0,"key":"SMITH"},{"floor":32.0,"key":"REST"},{"floor":41,"key":"RECALL"},{"data":"Doubt","floor":49,"key":"SMITH"},{"data":"animator:Millim","floor":52,"key":"SMITH"}],"circlet_count":0,"master_deck":["animator:Defend_Fate","animator:Strike+1","animator:Defend","animator:Defend","animator:Alexander","animator:Rider","animator:Witch","animator:Archer","animator:Kuroyukihime+1","animator:ShinjiMatou","animator:Caster","animator:Gilgamesh+1","animator:EmiyaShirou","animator:Tyuule","Malaise","Noxious Fumes","animator:Shuna","animator:Alexander","animator:Shizu","animator:RinTohsaka","animator:ShinjiMatou","animator:GoblinSlayer","Malaise","Noxious Fumes+1","animator:Shuna","Pot Of Greed","Pot Of Greed","Pot Of Greed","animator:LizardPriest","animator:NononJakuzure","animator:Millim","animator:Rider"],"relics":["animator:TheEgnaroPiece","animator:AncientMedallion"],"acts_visited":["Exordium","TheCity","TheBeyond","TheEnding","EYB:TheUnnamedReign"],"potions_floor_usage":[39,44],"damage_taken":[{"damage":3.0,"enemies":"Small Slimes","floor":1.0,"turns":4.0},{"damage":0.0,"enemies":"2 Louse","floor":7.0,"turns":2.0},{"damage":8.0,"enemies":"Gremlin Nob","floor":8.0,"turns":5.0},{"damage":5.0,"enemies":"Jaw Worm","floor":10.0,"turns":3.0},{"damage":3.0,"enemies":"Blue Slaver","floor":11.0,"turns":3.0},{"damage":5.0,"enemies":"Lagavulin","floor":13.0,"turns":6.0},{"damage":1.0,"enemies":"Exordium Thugs","floor":14.0,"turns":4.0},{"damage":21.0,"enemies":"Hexaghost","floor":16.0,"turns":7.0},{"damage":9.0,"enemies":"2 Thieves","floor":18.0,"turns":3.0},{"damage":0.0,"enemies":"3 Byrds","floor":20.0,"turns":3.0},{"damage":13.0,"enemies":"3 Cultists","floor":22.0,"turns":5.0},{"damage":0.0,"enemies":"Snecko","floor":24.0,"turns":4.0},{"damage":0.0,"enemies":"Replay:Snechameleon","floor":25.0,"turns":4.0},{"damage":0.0,"enemies":"Book of Stabbing","floor":28.0,"turns":4.0},{"damage":1.0,"enemies":"Snake Plant","floor":29.0,"turns":3.0},{"damage":0.0,"enemies":"conspire:Head Lice","floor":30.0,"turns":3.0},{"damage":5.0,"enemies":"Collector","floor":33.0,"turns":6.0},{"damage":0,"enemies":"Orb Walker","floor":35,"turns":3},{"damage":0,"enemies":"3 Shapes","floor":37,"turns":2},{"damage":0,"enemies":"Transient","floor":38,"turns":5},{"damage":0,"enemies":"4 Shapes","floor":39,"turns":3},{"damage":0,"enemies":"beaked:SuperParasite","floor":40,"turns":4},{"damage":0,"enemies":"Reptomancer","floor":42,"turns":3},{"damage":0,"enemies":"Nemesis","floor":44,"turns":5},{"damage":9,"enemies":"Jaw Worm Horde","floor":48,"turns":3},{"damage":0,"enemies":"hubris:GrandSnecko","floor":50,"turns":6},{"damage":33,"enemies":"animator:UNNAMED_CULTIST_1","floor":54,"turns":10},{"damage":74,"enemies":"animator:TRIPLE_SHAPES_WEAK","floor":55,"turns":4}],"seed_played":"-5250470120283745343","potions_obtained":[{"floor":1.0,"key":"Block Potion"},{"floor":8.0,"key":"Explosive Potion"},{"floor":14.0,"key":"SkillPotion"},{"floor":16.0,"key":"Adrenaline Potion"},{"floor":18.0,"key":"Elixir"},{"floor":22.0,"key":"jedi:hoardpotion"},{"floor":25.0,"key":"Energy Potion"},{"floor":33.0,"key":"ZuzhouPotion:ReiMu"},{"floor":37,"key":"jedi:wingpotion"},{"floor":38,"key":"Flashbang"},{"floor":54,"key":"animator:FalseLifePotion"}],"is_trial":false,"path_per_floor":["M","$","?","?","$","R","M","E","T","M","M","?","E","M","R","B",null,"M","?","M","AVR","M","R","M","E","T","?","E","M","E","$","R","B",null,"M","?","M","M","M","E","R","E","T","E","?","?","$","M","R","B",null,"R","??","M","M"],"character_chosen":"THE_ANIMATOR","items_purchased":["animator:Archer","halation:PrussianBluePaint","animator:Kuroyukihime","Matryoshka","StuffTheSpire:Expresso","strawberrySpire:GlyphStone","Toolbox"],"campfire_rested":2,"item_purchase_floors":[2,2,2,31,31,47,47],"current_hp_per_floor":[63,63,63,50,50,50,50,42,42,38,35,28,23,22,42,21,67,58,58,58,58,45,45,48,51,51,51,55,55,58,22,46,41,81,84,84,87,90,93,96,96,99,99,102,102,102,102,93,93,96,105,105,98,65,0,0],"gold":801,"neow_bonus":"UPGRADE_CARD","is_daily":false,"chose_seed":false,"campfire_upgraded":4,"win_rate":0.0,"timestamp":1610132218,"path_taken":["M","$","?","?","$","R","M","E","T","M","?","?","E","M","R","BOSS","M","?","M","AVR","M","R","M","E","T","?","E","?","E","?","R","BOSS","M","?","?","M","M","E","R","E","T","E","?","?","$","M","R","BOSS","R","??","M","M"],"items_purchased_type":["Card","Relic","Card","Relic","Relic","Relic","Relic"],"build_version":"2020-12-22","purchased_purges":1,"victory":false,"max_hp_per_floor":[66,66,66,66,66,66,66,66,66,67,67,67,67,67,67,67,67,67,67,67,67,67,67,70,73,73,73,77,78,81,81,81,81,81,84,84,87,90,93,96,96,99,99,102,102,102,102,102,102,105,105,105,98,98,98,98],"card_choices":[{"not_picked":["animator:Vesta","animator:SilverFang"],"picked":"animator:Witch","floor":1.0},{"not_picked":["animator:Benimaru","animator:Millim"],"picked":"animator:ShinjiMatou","floor":7.0},{"not_picked":["animator:AcuraTooru","animator:TukaLunaMarceau","animator:Tyuule"],"picked":"SKIP","floor":8.0},{"not_picked":["animator:RinTohsaka","animator:Berserker"],"picked":"animator:Caster","floor":10.0},{"not_picked":["animator:ChaikaBohdan","animator:MamiTomoe","animator:Hakurou"],"picked":"SKIP","floor":11.0},{"not_picked":["animator:SuzuneAmano","animator:MamiTomoe","animator:Geryuganshoop"],"picked":"SKIP","floor":13.0},{"not_picked":["animator:Rider","animator:MumenRider","animator:Hakurou"],"picked":"SKIP","floor":14.0},{"not_picked":["animator:Shizu","animator:SwordMaiden"],"picked":"animator:Gilgamesh","floor":16.0},{"not_picked":["animator:Illya","animator:ShinjiMatou"],"picked":"animator:EmiyaShirou","floor":18.0},{"not_picked":["animator:Genos","animator:Bozes"],"picked":"animator:Tyuule","floor":20.0},{"not_picked":["animator:HighElfArcher","animator:Shion"],"picked":"animator:Shuna","floor":22.0},{"not_picked":["animator:Kuribayashi","animator:GuildGirl","animator:DwarfShaman"],"picked":"SKIP","floor":24.0},{"not_picked":["animator:Kuribayashi","animator:GuildGirl","animator:DwarfShaman"],"picked":"SKIP","floor":24.0},{"not_picked":["animator:CowGirl","animator:ChaikaBohdan"],"picked":"animator:Alexander","floor":25.0},{"not_picked":["animator:ChaikaBohdan","animator:CowGirl+1"],"picked":"animator:Shizu","floor":28.0},{"not_picked":["animator:Benimaru+1","animator:Vesta"],"picked":"animator:RinTohsaka+1","floor":29.0},{"not_picked":["animator:Rimuru","animator:Illya"],"picked":"animator:ShinjiMatou","floor":30.0},{"not_picked":["animator:PinaCoLada","animator:ItamiYouji"],"picked":"animator:GoblinSlayer","floor":33.0},{"not_picked":["animator:MamiTomoe"],"picked":"SKIP","floor":35},{"not_picked":["animator:Arpeggio"],"picked":"SKIP","floor":37},{"not_picked":["animator:RoryMercury+1"],"picked":"SKIP","floor":38},{"not_picked":[],"picked":"animator:Shuna","floor":39},{"not_picked":["animator:Bozes"],"picked":"SKIP","floor":40},{"not_picked":["animator:GazelDwargon"],"picked":"SKIP","floor":42},{"not_picked":["animator:IrohaTamaki+1"],"picked":"SKIP","floor":44},{"not_picked":["animator:SayakaMiki+1"],"picked":"animator:Millim","floor":48},{"not_picked":["animator:YuiTsuruno+1","animator:OrikoMikuni"],"picked":"animator:Rider","floor":54}],"player_experience":506493,"relics_obtained":[{"floor":8.0,"key":"infinitespire:WardingShard"},{"floor":9.0,"key":"Replay:Bottled Eggs"},{"floor":13.0,"key":"strawberrySpire:CharschorBlot"},{"floor":25.0,"key":"animator:ShionDessert"},{"floor":28.0,"key":"infinitespire:FocusingShard"},{"floor":30.0,"key":"aspiration:VileToxins"},{"floor":40,"key":"animator:BattleDrones"},{"floor":42,"key":"Replay:Baseball"},{"floor":43,"key":"jedi:heavyjacket"},{"floor":43,"key":"Grinning Jar"},{"floor":44,"key":"Question Card"},{"floor":53,"key":"animator:TheEgnaroPiece"},{"floor":53,"key":"animator:AncientMedallion"}],"event_choices":[{"damage_healed":0.0,"max_hp_gain":0.0,"max_hp_loss":0.0,"gold_gain":0.0,"event_name":"yidonshenshe","player_choice":"Donate","floor":3.0,"gold_loss":40.0,"damage_taken":0.0,"relics_obtained":["PaintedHorse:ReiMu"]},{"damage_healed":63.0,"max_hp_gain":0.0,"max_hp_loss":66.0,"gold_gain":0.0,"event_name":"betterThird:BetterShining","player_choice":"Upgrade","floor":4.0,"gold_loss":0.0,"damage_taken":13.0,"cards_upgraded":["animator:Defend","animator:Witch"]},{"cards_removed":["animator:Strike"],"damage_healed":0.0,"max_hp_gain":0.0,"max_hp_loss":0.0,"gold_gain":0.0,"event_name":"Golden Wing","player_choice":"Card Removal","floor":12.0,"gold_loss":0.0,"damage_taken":7.0},{"damage_healed":0.0,"max_hp_gain":0.0,"max_hp_loss":0.0,"gold_gain":0.0,"event_name":"WeMeetAgain","player_choice":"Paid Gold","floor":27.0,"gold_loss":65.0,"damage_taken":0.0,"relics_obtained":["RuthlessExorcism:ReiMu"]},{"damage_healed":0,"gold_gain":0,"player_choice":"Copied","damage_taken":0,"max_hp_gain":0,"max_hp_loss":0,"event_name":"Duplicator","floor":36,"gold_loss":0,"cards_obtained":["ReplayTheSpireMod:Black Plague"]}],"is_beta":false,"boss_relics":[{"not_picked":["Sozu","Replay:Drink Me"],"picked":"Cursed Key"},{"not_picked":["SacredBark","aspiration:WatcherSkillbook"],"picked":"Busted Crown"}],"items_purged_floors":[47],"is_endless":false,"potions_floor_spawned":[1,8,14,16,18,22,25,33,35,37,38,54],"killed_by":"animator:TRIPLE_SHAPES_WEAK","ascension_level":1}}