{"host":"zkqorkqsr6o67e8b","time":1610103232,"event":{"mods":["Act Like it!","BaseMod","Better Vampires","Lobotomy","LobotomyExtend","Minty Spire (QoL Compilation)","Quick Restart","StSLib","The Alterego","Waifu the Spire","¡¾ÒÅÎï¿¨ÅÆ¡¿REMEMod"],"gold_per_floor":[111,124,137,154,172,172,184,218,241,269,269,269,269,283,283,387,387,397,411,336,336,363,363,363],"floor_reached":23,"playtime":1142,"items_purged":["InformationCode"],"score":405,"play_id":"85e0a700-a962-4d35-9630-aa6b05ad564a","local_time":"20210108185352","is_ascension_mode":true,"campfire_choices":[{"data":"Harvest","floor":6.0,"key":"SMITH"}],"circlet_count":0,"master_deck":["AscendersBane","SpecialBullet","SpecialBullet","SpecialBullet","SpecialBullet","SpecialBullet","SpecialBullet","SpecialBullet","SpecialBullet","DisciplinaryCode","CentralCode","Reboot","Harvest+1","SpiderBud","MHz","CrumblingArmor","GrinderMk4","WelfareCode","ExtractionCode","SecurityCode","LongBird","NothingThere","Writhe"],"relics":["CogitoBucket","REME_ComplimentaryCards","FossilizedHelix","LetterFromLob","AspirationHeart","REME_LimitBreaker","Cursed Key","SkinProphecy","MutagenicStrength","REME_HandOfSuture"],"acts_visited":["Exordium","TheCity"],"potions_floor_usage":[],"damage_taken":[{"damage":0.0,"enemies":"Small Slimes","floor":1.0,"turns":3.0},{"damage":0.0,"enemies":"2 Louse","floor":2.0,"turns":2.0},{"damage":0.0,"enemies":"Cultist","floor":3.0,"turns":3.0},{"damage":10.0,"enemies":"Gremlin Gang","floor":4.0,"turns":4.0},{"damage":0.0,"enemies":"Large Slime","floor":5.0,"turns":4.0},{"damage":0.0,"enemies":"Exordium Wildlife","floor":7.0,"turns":5.0},{"damage":0.0,"enemies":"Lagavulin","floor":8.0,"turns":6.0},{"damage":0.0,"enemies":"Gremlin Nob","floor":10.0,"turns":3.0},{"damage":0.0,"enemies":"Red Slaver","floor":14.0,"turns":3.0},{"damage":20,"enemies":"Slime Boss","floor":16,"turns":7},{"damage":33,"enemies":"3 Byrds","floor":18,"turns":5},{"damage":21,"enemies":"Shell Parasite","floor":19,"turns":4},{"damage":34,"enemies":"Book of Stabbing","floor":23,"turns":3}],"seed_played":"8036053971310479094","potions_obtained":[{"floor":1.0,"key":"Explosive Potion"},{"floor":3.0,"key":"Ancient Potion"},{"floor":13.0,"key":"Energy Potion"},{"floor":13.0,"key":"SteroidPotion"}],"is_trial":false,"path_per_floor":["M","M","M","M","M","R","M","E","T","E","?","R","?","M","R","B",null,"M","M","$","?","T","E"],"character_chosen":"Angela","items_purchased":[],"campfire_rested":0,"item_purchase_floors":[],"current_hp_per_floor":[63,63,63,53,53,53,63,63,63,63,68,68,68,68,68,48,71,46,29,29,29,29,0,0],"gold":363,"neow_bonus":"ONE_RARE_RELIC","is_daily":false,"chose_seed":false,"campfire_upgraded":1,"win_rate":0.0,"timestamp":1610103232,"path_taken":["M","M","M","M","M","R","M","E","T","E","?","R","?","M","R","BOSS","M","?","$","?","?","E"],"items_purchased_type":[],"build_version":"2020-12-22","purchased_purges":1,"victory":false,"max_hp_per_floor":[63,63,63,63,63,63,73,73,73,73,78,78,78,78,78,78,78,78,80,80,80,80,82,82],"card_choices":[{"not_picked":["Lantern","FrostShard"],"picked":"SKIP","floor":1.0},{"not_picked":["Regret_ego","DaCapo"],"picked":"SKIP","floor":2.0},{"not_picked":["Penitence"],"picked":"Harvest","floor":3.0},{"not_picked":["CherryBlossoms","OldLady"],"picked":"SpiderBud","floor":3.0},{"not_picked":["TodaysExpression","Soda"],"picked":"SKIP","floor":4.0},{"not_picked":["OSAHOGD","ShyLook"],"picked":"MHz","floor":5.0},{"not_picked":["Amita","Wingbeat"],"picked":"SKIP","floor":5.0},{"not_picked":["Discord","SomewhereSpear"],"picked":"SKIP","floor":7.0},{"not_picked":["ShyLook","OSAHOGD"],"picked":"CrumblingArmor","floor":8.0},{"not_picked":["Amita","CrimsonScar"],"picked":"SKIP","floor":8.0},{"not_picked":["ScreamingWedge"],"picked":"GrinderMk4","floor":10.0},{"not_picked":["Penitence","Beak"],"picked":"SKIP","floor":14.0},{"not_picked":["Rudolta","LittleHelper"],"picked":"LongBird","floor":18},{"not_picked":["Wingbeat","FourthMatchFlame"],"picked":"SKIP","floor":18},{"not_picked":["Murderer","FairyFestival"],"picked":"NothingThere","floor":19},{"not_picked":["CherryBlossom","GreenStem+1"],"picked":"SKIP","floor":19},{"not_picked":["Wingbeat","CherryBlossom"],"picked":"SKIP","floor":19}],"player_experience":480671,"relics_obtained":[{"floor":1.0,"key":"LetterFromLob"},{"floor":10.0,"key":"REME_LimitBreaker"},{"floor":22,"key":"REME_HandOfSuture"}],"event_choices":[{"damage_healed":0.0,"max_hp_gain":5.0,"max_hp_loss":0.0,"gold_gain":0.0,"event_name":"Big Fish","player_choice":"Donut","floor":11.0,"gold_loss":0.0,"damage_taken":0.0},{"damage_healed":0.0,"max_hp_gain":0.0,"max_hp_loss":0.0,"gold_gain":0.0,"event_name":"Lab","player_choice":"Got Potions","floor":13.0,"gold_loss":0.0,"damage_taken":0.0},{"damage_healed":0,"gold_gain":0,"player_choice":"Inject Mutagens","damage_taken":0,"relics_obtained":["MutagenicStrength"],"max_hp_gain":0,"max_hp_loss":0,"event_name":"Drug Dealer","floor":21,"gold_loss":0}],"is_beta":false,"boss_relics":[{"not_picked":["Snecko Eye","Runic Dome"],"picked":"Cursed Key"}],"items_purged_floors":[20],"is_endless":false,"potions_floor_spawned":[1,3,5,19],"killed_by":"Book of Stabbing","ascension_level":12}}