{"host":"jm9833yuloeli2yd","time":1610127566,"event":{"mods":["BaseMod","Better Altar","Better Match","Better Note","Better Sensory Stone","Better Skull","Better Third Choice","Better Vampires","BetterRewards","Colored Map","Colored Powertips","DeckTracker","Minty Spire (QoL Compilation)","Permanent Neow","Quick Restart","StSLib","SuperFastMode"],"gold_per_floor":[18,31,31,43,43,43,74,74,74,87,119,169,169,196,196,270,270,283,283,10,24,24,24,49,82,82,96,110,110,129,46,46,117,117,127,127,1126,829,829,855,855,855,855,228,278,295,323,340,340,340,340],"floor_reached":50,"playtime":1622,"items_purged":["Normality","Slice"],"score":1168,"play_id":"98b91baf-ec2e-4d54-a082-1fc575604170","local_time":"20210108123926","is_ascension_mode":true,"campfire_choices":[{"data":"Poisoned Stab","floor":6,"key":"SMITH"},{"data":"Neutralize","floor":8,"key":"SMITH"},{"data":"Survivor","floor":13,"key":"SMITH"},{"data":"Defend_G","floor":15,"key":"SMITH"},{"data":"Adrenaline","floor":23,"key":"SMITH"},{"data":"Wraith Form v2","floor":29,"key":"SMITH"},{"data":"Blade Dance","floor":32,"key":"SMITH"},{"data":"Wraith Form v2","floor":42,"key":"SMITH"},{"floor":49,"key":"RECALL"}],"circlet_count":0,"master_deck":["AscendersBane","Strike_G+1","Strike_G+1","Strike_G+1","Defend_G+1","Defend_G+1","Defend_G+1","Defend_G+1","Survivor+1","Neutralize+1","Poisoned Stab+1","All Out Attack","Flying Knee","Well Laid Plans","Poisoned Stab","Dagger Spray","Noxious Fumes","Adrenaline+1","Bane+1","Footwork","Dodge and Roll","Wraith Form v2+1","Escape Plan","Blade Dance+1","Deflect","Wraith Form v2+1","Normality","Dagger Throw","Deep Breath","Good Instincts","Blur","Madness","Madness","Apotheosis","Blade Dance"],"relics":["Ring of the Snake","Shuriken","Eternal Feather","Pantograph","Bag of Marbles","Lizard Tail","Sozu","Nunchaku","Kunai","Art of War","StrikeDummy","Paper Crane","Busted Crown","ClockworkSouvenir","Akabeko","Torii","Pear"],"acts_visited":["Exordium","TheCity","TheBeyond"],"potions_floor_usage":[7,16,25],"damage_taken":[{"damage":1,"enemies":"Small Slimes","floor":1,"turns":5},{"damage":0,"enemies":"Cultist","floor":2,"turns":4},{"damage":0,"enemies":"Jaw Worm","floor":4,"turns":3},{"damage":13,"enemies":"3 Sentries","floor":7,"turns":8},{"damage":9,"enemies":"Blue Slaver","floor":10,"turns":3},{"damage":17,"enemies":"Gremlin Nob","floor":11,"turns":4},{"damage":22,"enemies":"3 Sentries","floor":14,"turns":7},{"damage":36,"enemies":"The Guardian","floor":16,"turns":11},{"damage":7,"enemies":"3 Byrds","floor":18,"turns":5},{"damage":16,"enemies":"2 Thieves","floor":21,"turns":3},{"damage":11,"enemies":"Slavers","floor":25,"turns":4},{"damage":11,"enemies":"Chosen and Byrds","floor":27,"turns":5},{"damage":16,"enemies":"Sentry and Sphere","floor":28,"turns":4},{"damage":0,"enemies":"Centurion and Healer","floor":30,"turns":5},{"damage":43,"enemies":"Champ","floor":33,"turns":10},{"damage":0,"enemies":"Orb Walker","floor":35,"turns":4},{"damage":0,"enemies":"Reptomancer","floor":40,"turns":7},{"damage":0,"enemies":"3 Darklings","floor":46,"turns":3},{"damage":3,"enemies":"Nemesis","floor":47,"turns":9},{"damage":2,"enemies":"Spire Growth","floor":48,"turns":8},{"damage":81,"enemies":"Time Eater","floor":50,"turns":13}],"seed_played":"2770437799208751036","potions_obtained":[{"floor":4,"key":"SkillPotion"},{"floor":14,"key":"Regen Potion"},{"floor":16,"key":"Strength Potion"}],"is_trial":false,"path_per_floor":["M","M","?","M","?","R","E","R","T","M","E","T","R","E","R","B",null,"M","?","$","M","?","R","T","E","T","M","M","R","M","$","R","B",null,"M","?","?","$","?","E","?","R","T","$","?","M","E","M","R","B"],"character_chosen":"THE_SILENT","items_purchased":["Kunai","Blade Dance","Deflect","ClockworkSouvenir","Dagger Throw","Torii","Apotheosis"],"campfire_rested":0,"item_purchase_floors":[20,31,31,38,38,44,44],"current_hp_per_floor":[58,58,58,58,58,58,45,45,45,36,19,19,28,6,15,19,54,47,31,31,15,15,27,27,16,16,5,22,34,34,34,49,23,55,55,55,55,55,55,55,43,61,61,61,61,61,68,66,76,0,0],"gold":340,"neow_bonus":"REMOVE_TWO","is_daily":false,"chose_seed":false,"campfire_upgraded":8,"win_rate":0.0,"timestamp":1610127566,"path_taken":["M","M","?","?","?","R","E","R","T","M","E","?","R","E","R","BOSS","M","?","$","?","?","R","?","E","T","M","M","R","M","?","R","BOSS","M","?","?","$","?","E","?","R","T","$","?","M","E","M","R","BOSS"],"items_purchased_type":["Relic","Card","Card","Relic","Card","Relic","Card"],"build_version":"2020-12-22","purchased_purges":2,"victory":false,"max_hp_per_floor":[66,66,66,66,66,66,66,66,66,66,66,66,66,66,66,66,66,66,66,66,66,66,66,66,66,66,66,66,66,66,66,66,66,66,66,66,66,66,66,66,66,66,66,66,66,66,76,76,76,76,76],"card_choices":[{"not_picked":["Dodge and Roll","Deflect"],"picked":"Poisoned Stab","floor":1},{"not_picked":["Sucker Punch","Dagger Spray"],"picked":"All Out Attack","floor":2},{"not_picked":["Deflect","Outmaneuver"],"picked":"Flying Knee","floor":4},{"not_picked":["Flying Knee","Deadly Poison"],"picked":"Well Laid Plans","floor":7},{"not_picked":["Predator","Expertise"],"picked":"Poisoned Stab","floor":10},{"not_picked":["Acrobatics","Grand Finale"],"picked":"Dagger Spray","floor":11},{"not_picked":["Well Laid Plans","Dagger Throw"],"picked":"Noxious Fumes","floor":14},{"not_picked":["Bullet Time","Burst"],"picked":"Adrenaline","floor":16},{"not_picked":["Underhanded Strike+1","Well Laid Plans"],"picked":"Slice","floor":18},{"not_picked":["Outmaneuver","Concentrate"],"picked":"Bane+1","floor":21},{"not_picked":["Sucker Punch","Blur"],"picked":"Footwork","floor":25},{"not_picked":["Flying Knee","PiercingWail"],"picked":"Dodge and Roll","floor":27},{"not_picked":["Accuracy","Eviscerate"],"picked":"Wraith Form v2","floor":28},{"not_picked":["Prepared","Bane"],"picked":"Escape Plan","floor":30},{"not_picked":["Phantasmal Killer","Malaise"],"picked":"Wraith Form v2","floor":33},{"not_picked":["Poisoned Stab+1"],"picked":"SKIP","floor":35},{"not_picked":[],"picked":"Deep Breath","floor":39},{"not_picked":[],"picked":"Good Instincts","floor":39},{"not_picked":[],"picked":"Blur","floor":40},{"not_picked":["Bane"],"picked":"SKIP","floor":46},{"not_picked":["Sucker Punch+1"],"picked":"SKIP","floor":47},{"not_picked":[],"picked":"Blade Dance","floor":48}],"player_experience":1278716,"relics_obtained":[{"floor":7,"key":"Shuriken"},{"floor":9,"key":"Eternal Feather"},{"floor":11,"key":"Pantograph"},{"floor":12,"key":"Bag of Marbles"},{"floor":14,"key":"Lizard Tail"},{"floor":24,"key":"Art of War"},{"floor":25,"key":"StrikeDummy"},{"floor":26,"key":"Paper Crane"},{"floor":40,"key":"Akabeko"},{"floor":47,"key":"Pear"}],"event_choices":[{"cards_removed":["Strike_G"],"damage_healed":0,"gold_gain":0,"player_choice":"Purged","damage_taken":0,"max_hp_gain":0,"max_hp_loss":0,"event_name":"Purifier","floor":3,"gold_loss":0},{"damage_healed":0,"gold_gain":0,"player_choice":"Ignored","damage_taken":43,"max_hp_gain":0,"max_hp_loss":0,"event_name":"betterThird:BetterSerpent","floor":5,"gold_loss":0},{"damage_healed":0,"gold_gain":0,"player_choice":"RE ","damage_taken":18,"relics_obtained":["Nunchaku"],"max_hp_gain":0,"max_hp_loss":0,"event_name":"betterSkull:BetterSkull","floor":19,"gold_loss":0,"cards_upgraded":[]},{"damage_healed":0,"gold_gain":0,"player_choice":"Simplicity","damage_taken":0,"max_hp_gain":0,"max_hp_loss":6,"event_name":"betterThird:BetterWriting","floor":22,"gold_loss":0},{"damage_healed":0,"gold_gain":0,"player_choice":"Ignored","damage_taken":0,"max_hp_gain":0,"max_hp_loss":0,"event_name":"Tomb of Lord Red Mask","floor":36,"gold_loss":0},{"damage_healed":0,"gold_gain":999,"player_choice":"Gold","damage_taken":0,"max_hp_gain":0,"max_hp_loss":0,"event_name":"MindBloom","floor":37,"gold_loss":0,"cards_obtained":["Normality","Normality"]},{"damage_healed":0,"gold_gain":3,"player_choice":"1","damage_taken":0,"max_hp_gain":0,"max_hp_loss":0,"event_name":"betterStone:BetterStone","floor":39,"gold_loss":0},{"damage_healed":0,"gold_gain":0,"player_choice":"Embrace Madness","damage_taken":12,"max_hp_gain":0,"max_hp_loss":0,"event_name":"Winding Halls","floor":41,"gold_loss":0,"cards_obtained":["Madness","Madness"]},{"damage_healed":0,"gold_gain":50,"player_choice":"Pray","damage_taken":0,"max_hp_gain":0,"max_hp_loss":0,"event_name":"Golden Shrine","floor":45,"gold_loss":0}],"is_beta":false,"boss_relics":[{"not_picked":["Runic Pyramid","Calling Bell"],"picked":"Sozu"},{"not_picked":["SlaversCollar","Ring of the Serpent"],"picked":"Busted Crown"}],"items_purged_floors":[38,44],"is_endless":false,"potions_floor_spawned":[4,14,16,18,27,40,47,48],"killed_by":"Time Eater","ascension_level":20}}