{"host":"mydft8i2zzydgggw","time":1610132452,"event":{"mods":["AchievementEnabler","BaseMod","BetterRewards","Colored Map","Colored Powertips","DeckTracker","Keyboard Shortcuts","Minty Spire (QoL Compilation)","Quick Restart","Rare Cards Sparkle","StSLib","SuperFastMode","The Poker Player","everything is the same but u backflip on backflip"],"gold_per_floor":[111,127,127,140,140,140,474,486,486,486,496,529,704,704,704],"floor_reached":14,"playtime":194,"items_purged":[],"score":140,"play_id":"abac9cb7-dce9-419a-b643-17d4559d7075","local_time":"20210109040052","is_ascension_mode":true,"campfire_choices":[{"data":"Streamline","floor":6,"key":"SMITH"}],"circlet_count":0,"master_deck":["Strike_B","Strike_B","Strike_B","Strike_B","Defend_B","Defend_B","Defend_B","Defend_B","Zap","Dualcast","Streamline+1","Capacitor","Coolheaded","Redo","Doubt"],"relics":["Cracked Core","NeowsBlessing","Bottled Flame","Darkstone Periapt","Old Coin","Gambling Chip","Shuriken"],"acts_visited":["Exordium"],"potions_floor_usage":[12,14],"damage_taken":[{"damage":0,"enemies":"Cultist","floor":1,"turns":1},{"damage":0,"enemies":"Small Slimes","floor":2,"turns":1},{"damage":0,"enemies":"2 Louse","floor":4,"turns":1},{"damage":30,"enemies":"3 Sentries","floor":7,"turns":7},{"damage":16,"enemies":"Blue Slaver","floor":8,"turns":3},{"damage":4,"enemies":"3 Louse","floor":11,"turns":2},{"damage":16,"enemies":"Gremlin Nob","floor":12,"turns":4},{"damage":25,"enemies":"3 Sentries","floor":14,"turns":3}],"seed_played":"5788368652644056280","potions_obtained":[{"floor":7,"key":"EssenceOfDarkness"},{"floor":12,"key":"SneckoOil"}],"is_trial":false,"path_per_floor":["M","M","T","M","?","R","E","M","T","?","M","E","?","E"],"character_chosen":"DEFECT","items_purchased":[],"campfire_rested":0,"item_purchase_floors":[],"current_hp_per_floor":[68,68,68,68,56,56,26,10,10,35,31,15,21,0,0],"gold":704,"neow_bonus":"THREE_ENEMY_KILL","is_daily":false,"chose_seed":false,"campfire_upgraded":1,"win_rate":0.0,"timestamp":1610132452,"path_taken":["M","?","?","M","?","R","E","M","T","?","M","E","?","E"],"items_purchased_type":[],"build_version":"2020-12-22","purchased_purges":0,"victory":false,"max_hp_per_floor":[75,75,75,75,75,75,75,75,75,75,75,75,81,81,81],"card_choices":[{"not_picked":["Steam","Cold Snap","Conserve Battery"],"picked":"SKIP","floor":1},{"not_picked":["Leap","Compile Driver"],"picked":"Streamline","floor":2},{"not_picked":["Steam","Compile Driver"],"picked":"Capacitor","floor":4},{"not_picked":["Conserve Battery","Compile Driver","Cold Snap"],"picked":"SKIP","floor":7},{"not_picked":["Beam Cell","Cold Snap"],"picked":"Coolheaded","floor":8},{"not_picked":["Fission","Stack"],"picked":"Redo","floor":11},{"not_picked":["Gash","BootSequence","Thunder Strike"],"picked":"SKIP","floor":12}],"player_experience":144302,"relics_obtained":[{"floor":3,"key":"Bottled Flame"},{"floor":7,"key":"Old Coin"},{"floor":9,"key":"Gambling Chip"},{"floor":12,"key":"Shuriken"}],"event_choices":[{"damage_healed":0,"gold_gain":0,"player_choice":"Success","damage_taken":12,"relics_obtained":["Darkstone Periapt"],"max_hp_gain":0,"max_hp_loss":0,"event_name":"Scrap Ooze","floor":5,"gold_loss":0},{"damage_healed":25,"gold_gain":0,"player_choice":"Banana","damage_taken":0,"max_hp_gain":0,"max_hp_loss":0,"event_name":"Big Fish","floor":10,"gold_loss":0},{"damage_healed":0,"gold_gain":175,"player_choice":"AGREE","damage_taken":0,"max_hp_gain":0,"max_hp_loss":0,"event_name":"Liars Game","floor":13,"gold_loss":0,"cards_obtained":["Doubt"]}],"is_beta":false,"boss_relics":[],"items_purged_floors":[],"is_endless":false,"potions_floor_spawned":[7,12],"killed_by":"3 Sentries","ascension_level":8}}