{"host":"19oeygk4edom25m1","time":1610074691,"event":{"mods":["2.2 Compatiblity","BaseMod","Better Note","Better Third Choice","Colored Map","Colored Powertips","Curses Come First","Downfall","Hermit","Highlight Path","Hubris","Infinite Spire","Minty Spire (QoL Compilation)","Rare Cards Sparkle","Replay The Spire","Shop Mod","StSLib","The Jungle","The Marked","The Mystic"],"gold_per_floor":[115,128,128,128,7,7,34,8,8,8,26,39,39,59,59,164,164,179,198,198,198,208,208,208,208],"floor_reached":23,"playtime":1429,"items_purged":[],"score":191,"play_id":"2bb1a143-1e24-4b28-bf1b-067d56e37852","local_time":"20210108005811","is_ascension_mode":false,"campfire_choices":[{"floor":6,"key":"REST"},{"floor":10,"key":"REST"},{"floor":13,"key":"REST"},{"floor":15,"key":"DIG"}],"circlet_count":0,"master_deck":["Slimebound:Strike_Slimebound","Slimebound:Strike_Slimebound","Slimebound:Strike_Slimebound","Slimebound:Tackle","Slimebound:Defend_Slimebound","Slimebound:Defend_Slimebound","Slimebound:Defend_Slimebound","Slimebound:Defend_Slimebound","Slimebound:Split","Slimebound:CorrosiveSpit","Slimebound:GrowthPunch+1","Slimebound:GoopSpray","infinitespire:Fortify","Slimebound:Prepare","Slimebound:SamplingLick","Slimebound:SlimeSlap","Slimebound:GoopSpray","Slimebound:SlimeSpikes","Slimebound:Schlurp","Slimebound:HauntingLick","Slimebound:Teamwork","Slimebound:GoopSpray","Slimebound:RollThrough","Defend_B","Slimebound:SpikyOuterGoop"],"relics":["Slimebound:AbsorbEndCombat","ReplayTheSpireMod:TigerMarble","hubris:TinFlute","Durian","Black Star"],"acts_visited":["Exordium","TheCity"],"potions_floor_usage":[],"damage_taken":[{"damage":7,"enemies":"2 Louse","floor":1,"turns":3},{"damage":13,"enemies":"Jaw Worm","floor":2,"turns":4},{"damage":29,"enemies":"Lagavulin","floor":7,"turns":7},{"damage":13,"enemies":"Cultist","floor":11,"turns":4},{"damage":16,"enemies":"3 Louse","floor":12,"turns":3},{"damage":8,"enemies":"Red Slaver","floor":14,"turns":4},{"damage":75,"enemies":"Slime Boss","floor":16,"turns":16},{"damage":33,"enemies":"2 Thieves","floor":18,"turns":5},{"damage":4,"enemies":"Chosen","floor":19,"turns":5},{"damage":17,"enemies":"Snake Plant","floor":22,"turns":4},{"damage":87,"enemies":"Nightmare","floor":23,"turns":11}],"seed_played":"8853913705981000679","potions_obtained":[{"floor":11,"key":"Weak Potion"},{"floor":12,"key":"Elixir"},{"floor":18,"key":"Fire Potion"}],"is_trial":false,"path_per_floor":["M","M","?","?","$","R","E","$","T","R","M","M","R","M","R_BF","B",null,"M","M","?","?","M","NM"],"character_chosen":"SLIMEBOUND","items_purchased":["Slimebound:Prepare","Slimebound:SamplingLick","Slimebound:GoopSpray"],"campfire_rested":3,"item_purchase_floors":[5,5,8],"current_hp_per_floor":[66,62,45,45,45,64,49,49,49,66,61,53,66,62,67,20,71,58,66,66,66,58,0,0,0],"gold":208,"neow_bonus":"TEN_PERCENT_HP_BONUS","is_daily":false,"chose_seed":false,"campfire_upgraded":0,"win_rate":0.0,"timestamp":1610074691,"path_taken":["M","M","?","?","$","R","E","?","T","R","M","M","R","M","R_BF","BOSS","M","M","?","?","?","NM"],"items_purchased_type":["Card","Card","Card"],"build_version":"2020-12-22","purchased_purges":0,"victory":false,"max_hp_per_floor":[66,66,66,66,66,66,66,66,66,66,66,66,66,66,71,71,71,71,71,71,71,71,71,71,71],"card_choices":[{"not_picked":["Slimebound:BestDefense","Slimebound:LeechEnergy"],"picked":"Slimebound:GrowthPunch","floor":1},{"not_picked":["Slimebound:BestDefense","Slimebound:FormOfPuddle"],"picked":"Slimebound:GoopSpray","floor":2},{"not_picked":["infinitespire:Execution","ReplayTheSpireMod:Haul"],"picked":"infinitespire:Fortify","floor":3},{"not_picked":["Slimebound:Prepare","Slimebound:ComboTackle"],"picked":"Slimebound:SlimeSlap","floor":7},{"not_picked":["Slimebound:FormOfPuddle","Slimebound:Grow"],"picked":"Slimebound:SlimeSpikes","floor":11},{"not_picked":["Slimebound:SlimeSpikes","Slimebound:SplitMire"],"picked":"Slimebound:Schlurp","floor":12},{"not_picked":["Slimebound:GoopSpray","Slimebound:GrowthPunch"],"picked":"Slimebound:HauntingLick","floor":14},{"not_picked":["Slimebound:Overexert","Slimebound:MinionMaster"],"picked":"Slimebound:Teamwork","floor":16},{"not_picked":["Slimebound:SplitMire","Slimebound:HauntingLick"],"picked":"Slimebound:GoopSpray","floor":18},{"not_picked":["Slimebound:SplitAcid+1","Slimebound:SamplingLick"],"picked":"Slimebound:RollThrough","floor":19},{"not_picked":["Slimebound:RollThrough","Slimebound:SlimeSpikes+1"],"picked":"Slimebound:SpikyOuterGoop","floor":22}],"player_experience":273792,"relics_obtained":[{"floor":7,"key":"ReplayTheSpireMod:TigerMarble"},{"floor":9,"key":"hubris:TinFlute"},{"floor":15,"key":"Durian"}],"event_choices":[{"damage_healed":0,"gold_gain":0,"player_choice":"Take","damage_taken":0,"max_hp_gain":0,"max_hp_loss":0,"event_name":"betterNote:BetterNote","floor":20,"gold_loss":0,"cards_obtained":["Defend_B"]},{"damage_healed":0,"gold_gain":0,"player_choice":"Bought 0 Potions","damage_taken":0,"max_hp_gain":0,"max_hp_loss":0,"event_name":"The Woman in Blue","floor":21,"gold_loss":0}],"is_beta":false,"boss_relics":[{"not_picked":["Abe\u0027s Treasure","Replay:Fungal Core"],"picked":"Black Star"}],"items_purged_floors":[],"is_endless":false,"potions_floor_spawned":[11,12,18],"killed_by":"Nightmare","ascension_level":0}}