{"host":"00yob6u0fiu7ehgs","time":1610065013,"event":{"mods":["Act Like it!","Arknights The Spire","Art Attack!","BaseMod","Chen","Colored Powertips","Elementarium","Gensokyo","GifTheSpireLib","Infinite Spire","Jorbs\u0027s Wanderer Trilogy","Koishi","Marisa????????","Minty Spire (QoL Compilation)","Rare Cards Sparkle","Reimu??????","Remilia??????","Replay The Spire","StSLib","The Animator","The Cursed","The Forsaken","The Judge","The Marked","The Servant 0.9.4","The Wild Card","Wandering Minibosses","Yakumo Yukari mod"],"gold_per_floor":[118,135,129,129,129,154,167,197,197,197,197,222,222,5,5,5,5,104,104,858,858,870,88,400,428,0,0,0,19,19,19,30,43,43,141,141,154,167,178,29,29,29,47,47,47,47,64,64,75,90,90,90],"floor_reached":53,"playtime":3177,"items_purged":["Strike_MRS"],"score":889,"play_id":"9c28f5ad-905e-43dd-bce2-1798629c04fc","local_time":"20210107171653","is_ascension_mode":true,"campfire_choices":[{"floor":15,"key":"REST"},{"data":"MilkyWay","floor":17,"key":"SMITH"},{"floor":31,"key":"REST"},{"data":"RefractionSpark","floor":34,"key":"SMITH"},{"data":"Panacea","floor":42,"key":"SMITH"},{"data":"FinalSpark","floor":51,"key":"SMITH"}],"circlet_count":0,"master_deck":["Strike_MRS","Strike_MRS","Strike_MRS","Defend_MRS","Defend_MRS","Defend_MRS","Defend_MRS","MasterSpark","UpSweep","MilkyWay+1","AlicesGift+1","StarlightTyphoon","Pot Of Greed","Pot Of Greed","StarBarrage","MysteriousBeam","AsteroidBelt","ShootTheMoon","AlicesGift+1","StarDustReverie","EnergyFlow","GasGiant+1","Pot Of Greed","Hallucinations","SuperPerseids","EventHorizon","MagicChant","Panacea+1","MysteriousBeam","WitchLeyline","Secret Technique","StarlightTyphoon+1","FinalSpark+1","Gensokyo:LockedMedkit","Pot Of Greed","MilkyWay+1","RefractionSpark+1","LuminesStrike+1","MilkyWay+1","AbsoluteMagnitude","ManaConvection","TreasureHunter","AlicesGift+1"],"relics":["BewitchedHakkero","Gensokyo:LunaticRedEyes","infinitespire:FocusingShard","Grinning Jar","ReplayFunnel","Eternal Feather","Happy Flower","SimpleLauncher","wanderingMiniBosses:MasterThiefsPresence","PreservedInsect","ReplayTheSpireMod:CursedCoin","Replay:Bottled Flurry","Sling","DollysMirror","White Beast Statue","Busted Crown","ClockworkSouvenir"],"acts_visited":["Exordium","Gensokyo:Gensokyo","Gensokyo:Gensokyoer"],"potions_floor_usage":[6,7,25,25,29,35,35,37,39,39,39,43,52,52],"damage_taken":[{"damage":3,"enemies":"Gensokyo:2_Kodama","floor":1,"turns":2},{"damage":8,"enemies":"Gensokyo:3_Fairies","floor":2,"turns":3},{"damage":13,"enemies":"Gensokyo:Python","floor":3,"turns":6},{"damage":49,"enemies":"Gensokyo:Aya","floor":6,"turns":9},{"damage":1,"enemies":"Gensokyo:Kitsune","floor":7,"turns":2},{"damage":9,"enemies":"Gensokyo:Mamizou","floor":8,"turns":6},{"damage":18,"enemies":"Gensokyo:Cirno","floor":12,"turns":7},{"damage":49,"enemies":"Gensokyo:Yukari","floor":18,"turns":8},{"damage":62,"enemies":"Gensokyo:Chomper","floor":20,"turns":8},{"damage":8,"enemies":"Gensokyo:AngelMirror","floor":22,"turns":3},{"damage":0,"enemies":"Gensokyo:Swordslinger","floor":24,"turns":2},{"damage":0,"enemies":"Gensokyo:Reisen","floor":25,"turns":2},{"damage":0,"enemies":"Gensokyo:Slime_Group","floor":29,"turns":3},{"damage":16,"enemies":"Gensokyo:Mirror_and_Dog","floor":32,"turns":3},{"damage":0,"enemies":"Gensokyo:3_Gloops","floor":33,"turns":4},{"damage":45,"enemies":"Gensokyo:Eiki","floor":35,"turns":7},{"damage":0,"enemies":"Gensokyo:3_Boulders","floor":37,"turns":3},{"damage":0,"enemies":"Gensokyo:3_Bats","floor":38,"turns":2},{"damage":42,"enemies":"Gensokyo:Rafflesia","floor":39,"turns":8},{"damage":0,"enemies":"Gensokyo:3_Boulders","floor":43,"turns":3},{"damage":0,"enemies":"Gensokyo:SeedOfUnknown","floor":47,"turns":2},{"damage":0,"enemies":"Gensokyo:Sharpion","floor":49,"turns":2},{"damage":11,"enemies":"Gensokyo:4_Bats","floor":50,"turns":4},{"damage":47,"enemies":"Gensokyo:Scarlet_Devils","floor":52,"turns":8}],"seed_played":"-6877177619374811525","potions_obtained":[{"floor":2,"key":"Cursed Concoction"},{"floor":3,"key":"Dexterity Potion"},{"floor":6,"key":"FairyPotion"},{"floor":22,"key":"GamblersBrew"},{"floor":29,"key":"Elixir"},{"floor":32,"key":"SkillPotion"},{"floor":33,"key":"Fire Potion"},{"floor":35,"key":"Explosive Potion"},{"floor":37,"key":"Ancient Potion"},{"floor":38,"key":"BlessingOfTheForge"},{"floor":39,"key":"PowerPotion"},{"floor":43,"key":"SpeedPotion"},{"floor":47,"key":"Elixir"},{"floor":49,"key":"FearPotion"},{"floor":50,"key":"PowerPotion"}],"is_trial":false,"path_per_floor":["M","M","M","?","T","E","M","E","T","PTL","PTL","E","?","COS","R","?","R","B",null,"M","?","M","$","M","E","COS","$","T","M","$","R","M","M","R","B",null,"M","M","M","$","?","R","M","?","T","COS","M","?","M","M","R","B",null],"character_chosen":"MARISA","items_purchased":["PreservedInsect","ReplayTheSpireMod:CursedCoin","SuperPerseids","EventHorizon","MagicChant","Panacea","Ancient Potion","Energy Potion","MysteriousBeam","WitchLeyline","Secret Technique","ClockworkSouvenir"],"campfire_rested":2,"item_purchase_floors":[23,23,23,23,23,23,23,23,23,23,23,40],"current_hp_per_floor":[72,64,51,51,51,2,1,22,22,22,22,4,4,4,38,38,50,9,75,17,17,9,9,9,9,9,9,9,9,9,52,36,38,62,17,75,75,75,33,33,33,57,57,57,57,57,57,57,57,46,70,23],"gold":90,"neow_bonus":"RANDOM_EVENT","is_daily":false,"chose_seed":false,"campfire_upgraded":4,"win_rate":0.0,"timestamp":1610065013,"path_taken":["M","M","M","?","?","E","?","E","T","PTL","PTL","E","?","COS","R","?","R","BOSS","M","?","M","$","M","E","COS","?","T","?","?","R","?","M","R","BOSS","M","?","M","?","?","R","M","?","T","COS","?","?","M","M","R","BOSS"],"items_purchased_type":["Relic","Relic","Card","Card","Card","Card","Potion","Potion","Card","Card","Card","Relic"],"build_version":"2020-12-22","purchased_purges":1,"victory":true,"max_hp_per_floor":[75,75,75,75,75,75,75,75,75,75,75,75,75,75,75,75,75,75,75,75,75,75,75,75,75,75,75,75,75,75,75,75,75,75,75,75,75,75,75,75,75,75,75,75,75,75,75,75,75,75,75,75],"card_choices":[{"not_picked":["MagicAbsorber","Acceleration"],"picked":"MilkyWay","floor":1},{"not_picked":["ChargeUpSpray","6A"],"picked":"AlicesGift","floor":2},{"not_picked":["MagicChant","AsteroidBelt"],"picked":"StarlightTyphoon","floor":3},{"not_picked":["Robbery","MilkyWay"],"picked":"StarBarrage","floor":6},{"not_picked":["DragonMeteor","Orbital"],"picked":"MysteriousBeam","floor":7},{"not_picked":["MaximisePower","EarthLightRay"],"picked":"AsteroidBelt","floor":8},{"not_picked":["ChargeUpSpray","OneTimeOff"],"picked":"ShootTheMoon","floor":12},{"not_picked":["CollectingQuirk","AbsoluteMagnitude"],"picked":"StarDustReverie","floor":18},{"not_picked":["IllusionStar","MeteoricShower+1"],"picked":"EnergyFlow","floor":20},{"not_picked":["UnstableBomb","MagicChant"],"picked":"GasGiant+1","floor":22},{"not_picked":["OrrerysSun","MysteriousBeam"],"picked":"StarlightTyphoon+1","floor":24},{"not_picked":["GrandCross","DoubleSpark"],"picked":"FinalSpark","floor":25},{"not_picked":["DoubleSpark","GravityBeat"],"picked":"RefractionSpark","floor":29},{"not_picked":["DeepEcoloBomb","ShootingEcho"],"picked":"LuminesStrike+1","floor":32},{"not_picked":["GravityBeat","DoubleSpark+1"],"picked":"MilkyWay+1","floor":33},{"not_picked":["StarDustReverie","SuperNova"],"picked":"AbsoluteMagnitude","floor":35},{"not_picked":["NonDirectionalLaser+1"],"picked":"SKIP","floor":37},{"not_picked":[],"picked":"ManaConvection","floor":38},{"not_picked":[],"picked":"AlicesGift","floor":39},{"not_picked":["WitchLeyline"],"picked":"SKIP","floor":43},{"not_picked":["IllusionStar"],"picked":"SKIP","floor":47},{"not_picked":["OneTimeOff"],"picked":"SKIP","floor":49},{"not_picked":[],"picked":"AlicesGift+1","floor":50}],"player_experience":360604,"relics_obtained":[{"floor":5,"key":"infinitespire:FocusingShard"},{"floor":6,"key":"Grinning Jar"},{"floor":8,"key":"ReplayFunnel"},{"floor":9,"key":"Eternal Feather"},{"floor":12,"key":"Happy Flower"},{"floor":20,"key":"wanderingMiniBosses:MasterThiefsPresence"},{"floor":25,"key":"Replay:Bottled Flurry"},{"floor":28,"key":"White Beast Statue"}],"event_choices":[],"is_beta":false,"boss_relics":[{"not_picked":["ReplayTheSpireMod:SealedPack","RedLine:ReiMu"],"picked":"BewitchedHakkero"},{"not_picked":["Painkiller Herb","Replay:Grab Bag"],"picked":"Busted Crown"}],"items_purged_floors":[23],"is_endless":false,"potions_floor_spawned":[2,3,6,22,29,32,33,35,37,38,39,43,47,49,50],"ascension_level":2}}