{"host":"y4sghvfd0ewtcchd","time":1610123947,"event":{"mods":["Aspiration","BaseMod","Better Debug","Better Note","Better Third Choice","BetterRewards","Block Reminder","Colored Map","Colored Powertips","Downfall","Highlight Path","Hubris","Infinite Spire","Minty Spire (QoL Compilation)","Relic Sorter","Relic Stats","Replay The Spire","Shop Mod","StSLib","The Jungle","The Saiyan"],"gold_per_floor":[116,136,151,163,128,128,141,176,176,176,193,251,283,283,283,387,387,405,422,422,435,257,257,267,267,321,321,352,352,352,352,352,457,557,576,676,676,676,695,711,739,739,739,772,772,342,342,105,105,5,5,5,5,34,34],"floor_reached":56,"playtime":5223,"items_purged":["Sickly"],"score":1543,"play_id":"6f03f2c5-75c8-4ba8-860c-24f0f1fa122c","local_time":"20210108193907","is_ascension_mode":true,"campfire_choices":[{"data":"Replay:SS_hec_2","floor":6.0,"key":"SMITH"},{"data":"Bane","floor":10.0,"key":"SMITH"},{"data":"Sneak Up","floor":15.0,"key":"SMITH"},{"floor":23.0,"key":"RECALL"},{"data":"Cloak And Dagger","floor":25.0,"key":"SMITH"},{"floor":29.0,"key":"REST"},{"data":"Bane","floor":32.0,"key":"SMITH"},{"data":"Doppelganger","floor":42,"key":"SMITH"},{"floor":45,"key":"REST"},{"data":"Concentrate","floor":49,"key":"SMITH"},{"data":"infinitespire:TheBestDefense","floor":52,"key":"SMITH"}],"circlet_count":0,"master_deck":["Survivor","Neutralize","Bane+1","Phantasmal Killer+1","Calculated Gamble","Accuracy","Flying Knee","Blade Dance","Replay:SS_hec_2+1","Master of Strategy","Cloak And Dagger+1","Prepared","Bane+1","Footwork","Toxin Wave","Concentrate+1","Acrobatics","Sneak Up+1","Cloak And Dagger","Corpse Explosion","Flying Knee+1","infinitespire:TheBestDefense+1","Backflip","Escape Plan","Hidden Blade","Reflex","Choke","Doppelganger+1","Phantasmal Killer","Poisoned Stab","infinitespire:Neurotoxin","Calculated Gamble","Blade Dance","Bouncing Flask","PiercingWail+1","infinitespire:Collect","Bane","Adrenaline","infinitespire:FutureSight","Underhanded Strike","ReplayTheSpireMod:Scrap Shanks"],"relics":["Ring of the Snake","Replay:Wax Seal","TwistedFunnel","hubris:SphereOfDissonance","Calipers","Bottled Flame","Mirror","infinitespire:Bottled Soul","Replay:Rubber Ducky","Busted Crown","Oddly Smooth Stone","hubris:MobiusCoin","hubris:Towel","Pandora\u0027s Box","WingedGreaves","ReplayTheSpireMod:Ninjato","Replay:Bottled Flurry","Ice Cream","Vampiric Spirits","hubris:Icosahedron","ReplayTheSpireMod:CursedCoin","infinitespire:Golems Mask","Iron Hammer"],"acts_visited":["Exordium","TheCity","TheBeyond","TheEnding"],"potions_floor_usage":[50,55,55],"damage_taken":[{"damage":0.0,"enemies":"2 Louse","floor":1.0,"turns":2.0},{"damage":0.0,"enemies":"Small Slimes","floor":2.0,"turns":2.0},{"damage":0.0,"enemies":"Jaw Worm","floor":3.0,"turns":3.0},{"damage":0.0,"enemies":"Large Slime","floor":4.0,"turns":2.0},{"damage":3.0,"enemies":"3 Louse","floor":7.0,"turns":2.0},{"damage":0.0,"enemies":"3 Sentries","floor":8.0,"turns":8.0},{"damage":0.0,"enemies":"Blue Slaver","floor":11.0,"turns":2.0},{"damage":0.0,"enemies":"Lagavulin Event","floor":12.0,"turns":4.0},{"damage":0.0,"enemies":"Lagavulin","floor":13.0,"turns":5.0},{"damage":19.0,"enemies":"Fading Forest","floor":16.0,"turns":11.0},{"damage":0.0,"enemies":"Spheric Guardian","floor":18.0,"turns":5.0},{"damage":0.0,"enemies":"2 Thieves","floor":19.0,"turns":3.0},{"damage":3.0,"enemies":"3 Cultists","floor":21.0,"turns":4.0},{"damage":0.0,"enemies":"Cultist and Chosen","floor":24.0,"turns":7.0},{"damage":14.0,"enemies":"Slavers","floor":28.0,"turns":5.0},{"damage":0.0,"enemies":"Champ","floor":33.0,"turns":10.0},{"damage":1.0,"enemies":"3 Shapes","floor":35.0,"turns":3.0},{"damage":5.0,"enemies":"infinitespire:Three Voidlings","floor":36.0,"turns":2.0},{"damage":0.0,"enemies":"Nightmare_Alpha","floor":36.0,"turns":12.0},{"damage":0,"enemies":"3 Darklings","floor":39,"turns":5},{"damage":11,"enemies":"Spire Growth","floor":40,"turns":3},{"damage":12,"enemies":"Giant Head","floor":41,"turns":8},{"damage":18,"enemies":"Nightmare","floor":44,"turns":6},{"damage":36,"enemies":"infinitespire:MassOfShapes","floor":50,"turns":8},{"damage":0,"enemies":"Shield and Spear","floor":54,"turns":5},{"damage":56,"enemies":"The Heart","floor":55,"turns":7}],"seed_played":"7423401139447021056","potions_obtained":[{"floor":3.0,"key":"PowerPotion"},{"floor":4.0,"key":"BlessingOfTheForge"},{"floor":11.0,"key":"Weak Potion"},{"floor":12.0,"key":"Slimebound:ThreeZeroPotion"},{"floor":13.0,"key":"SkillPotion"},{"floor":19.0,"key":"Slimebound:ThreeZeroPotion"},{"floor":21.0,"key":"Adrenaline Potion"},{"floor":40,"key":"SteroidPotion"}],"is_trial":false,"path_per_floor":["M","M","M","M","?","R","M","E","T","R","M","?","E","?","R","B",null,"M","M","?","M","$","R","M","R","T","AVR","E","R","?","?","R","B",null,"M","?","AVR","?","M","M","E","R","T","NM","R","$","?","$","R","B",null,"R","$","E","B",null],"character_chosen":"THE_SILENT","items_purchased":["TwistedFunnel","hubris:SphereOfDissonance","Bane","Phantasmal Killer+1","Calculated Gamble","Accuracy","Flying Knee","Blade Dance","Replay:SS_hec_2","Master of Strategy","Replay:Wax Seal","Calipers","SkillPotion","Oddly Smooth Stone","Backflip","Vampiric Spirits","Underhanded Strike","ReplayTheSpireMod:Scrap Shanks","ReplayTheSpireMod:CursedCoin","infinitespire:Golems Mask"],"campfire_rested":2,"item_purchase_floors":[0,0,0,0,0,0,0,0,0,0,0,0,0,22,22,46,46,46,48,48],"current_hp_per_floor":[49,49,49,49,66,66,63,63,63,63,63,63,63,63,63,44,70,70,70,53,50,50,50,50,50,50,50,36,57,57,70,70,70,70,69,69,69,69,69,58,46,46,46,28,49,49,49,49,49,13,70,70,70,70,14],"gold":34,"neow_bonus":"","is_daily":false,"chose_seed":false,"campfire_upgraded":8,"win_rate":0.0,"timestamp":1610123947,"path_taken":["M","M","M","M","?","R","M","E","T","R","M","?","E","?","R","BOSS","M","M","?","M","$","R","M","R","T","AVR","E","R","?","?","R","BOSS","M","?","AVR","?","M","M","E","R","T","NM","R","$","?","?","R","BOSS","R","$","E","BOSS"],"items_purchased_type":["Relic","Relic","Card","Card","Card","Card","Card","Card","Card","Card","Relic","Relic","Potion","Relic","Card","Relic","Card","Card","Relic","Relic"],"build_version":"2020-12-22","purchased_purges":1,"victory":true,"max_hp_per_floor":[70,70,70,70,70,70,70,70,70,70,70,70,70,70,70,70,70,70,70,70,70,70,70,70,70,70,70,70,70,70,70,70,70,70,70,70,70,70,70,70,70,70,70,70,70,70,70,70,70,70,70,70,70,70,70],"relic_stats":{"Busted Crown":74,"counters":[147,725],"Pandora\u0027s Box":["Escape Plan","Hidden Blade","Reflex","Choke","Doppelganger","Phantasmal Killer","Poisoned Stab","infinitespire:Neurotoxin","Calculated Gamble","Blade Dance"],"obtain_stats":[{"TwistedFunnel":0,"infinitespire:BottledMercury":46,"Vampiric Spirits":46,"downfall:HeartBlessingGreen":10,"hubris:MysteriousPyramids":9,"Boot":52,"Ring of Searing":38,"Blood Vial":43,"infinitespire:ShieldingShard":13,"hubris:HerbalPaste":0,"hubris:AstralHammer":40,"Replay:Bronze Core":34,"MealTicket":48,"hubris:DeckOfHolding":28,"infinitespire:Golems Mask":48,"Replay:Bottled Flurry":46,"Kunai":47,"Replay:Wax Seal":18,"hubris:MobiusCoin":6,"MerchantsRug":53,"Counterbalance":38,"ReplayTheSpireMod:Ring of Addiction":46,"hubris:SphereOfDissonance":0,"Pen Nib":25,"infinitespire:Magic Flask":9,"aspiration:IroncladSkillbook":17,"aspiration:FrozenJewel":9,"infinitespire:EvilPickle":33,"SlaversCollar":17,"infinitespire:Broken Mirror":54,"Bird Faced Urn":39,"Pandora\u0027s Box":34,"infinitespire:PuzzleCube":24,"Regal Pillow":29,"aspiration:Lifesprig":0,"Torii":7,"Blue Doll":52,"Bag of Preparation":42,"hubris:EmptyBottle":29,"Ancient Tea Set":5,"Cursed Key":34,"Pet Ghost":41,"Replay:Rubber Ducky":36,"Shovel":3,"Ring of Fangs":46,"infinitespire:Bottled Soul":43,"Ring of Peace":38,"aspiration:AnachronicSnailShell":41,"hubris:CuriousFeather":38,"WingedGreaves":36,"Replay:Bottled Eggs":53,"Ring of Panic":10,"InkBottle":25,"aspiration:ChemicalBlood":24,"hubris:GlazedTorus":46,"Ring of the Snake":0,"Potion Belt":44,"downfall:HeartBlessingRed":10,"Damaru":6,"Omamori":45,"hubris:Towel":30,"Busted Crown":17,"Art of War":37,"Garlic":11,"Toy Ornithopter":46,"infinitespire:Midas Blood":0,"Ice Cream":44,"Calipers":23,"hubris:CrystalStatue":41,"Centennial Puzzle":48,"DollysMirror":20,"Strawberry":49,"Iron Hammer":54,"Happy Flower":43,"ReplayTheSpireMod:CursedCoin":53,"Oddly Smooth Stone":10,"Ring of Chaos":34,"infinitespire:Beetle Shell":53,"SaiyanHeart":0,"aspiration:SeaSaltIceCream":41,"War Paint":9,"aspiration:HiddenCompartment":29,"Question Card":25,"Replay:Baseball":29,"Bottled Flame":8,"ReplayTheSpireMod:Shallot":36,"Bronze Scales":54,"Molten Egg 2":23,"ReplayTheSpireMod:TigerMarble":43,"Black Star":17,"aspiration:HatOfInfinitePower":37,"Mirror":9,"Meat on the Bone":4,"Pocketwatch":36,"SacredBark":46,"Mango":20,"aspiration:TomeofQuesting":38,"hubris:SlimyHat":36,"ClockworkSouvenir":53,"hubris:Icosahedron":47,"downfall:HeartBlessingBlue":18,"Mummified Hand":19,"Gambling Chip":0,"Runic Pyramid":21,"hubris:KleinBottle":37,"Gremlin Food":21,"BargainBundle":0,"ReplayTheSpireMod:Ninjato":41,"Quantum Egg":43,"ReplayTheSpireMod:Ring of Sloth":10,"Replay:WaspNest":53,"Orichalcum":47,"Calling Bell":47,"Pondfish Scales":29,"Anchor":37,"infinitespire:Satchel":31,"SaiyanSoul":0,"Bag of Marbles":6,"Snack Pack":0,"Membership Card":20,"PureWater":0,"TungstenRod":29,"hubris:AncientText":36},{"TwistedFunnel":121,"infinitespire:BottledMercury":58,"Vampiric Spirits":144,"downfall:HeartBlessingGreen":6,"hubris:MysteriousPyramids":97,"Boot":32,"Ring of Searing":83,"Blood Vial":85,"infinitespire:ShieldingShard":70,"hubris:HerbalPaste":92,"hubris:AstralHammer":24,"Replay:Bronze Core":51,"MealTicket":59,"hubris:DeckOfHolding":77,"infinitespire:Golems Mask":144,"Replay:Bottled Flurry":116,"Kunai":88,"Replay:Wax Seal":11,"hubris:MobiusCoin":4,"MerchantsRug":32,"Counterbalance":24,"ReplayTheSpireMod:Ring of Addiction":27,"hubris:SphereOfDissonance":121,"Pen Nib":16,"infinitespire:Magic Flask":37,"aspiration:IroncladSkillbook":42,"aspiration:FrozenJewel":67,"infinitespire:EvilPickle":51,"SlaversCollar":11,"infinitespire:Broken Mirror":120,"Bird Faced Urn":113,"Pandora\u0027s Box":137,"infinitespire:PuzzleCube":45,"Regal Pillow":18,"aspiration:Lifesprig":62,"Torii":4,"Blue Doll":32,"Bag of Preparation":85,"hubris:EmptyBottle":18,"Ancient Tea Set":4,"Cursed Key":111,"Pet Ghost":24,"Replay:Rubber Ducky":23,"Shovel":2,"Ring of Fangs":27,"infinitespire:Bottled Soul":26,"Ring of Peace":83,"aspiration:AnachronicSnailShell":114,"hubris:CuriousFeather":54,"WingedGreaves":140,"Replay:Bottled Eggs":32,"Ring of Panic":97,"InkBottle":107,"aspiration:ChemicalBlood":15,"hubris:GlazedTorus":88,"Ring of the Snake":0,"Potion Belt":86,"downfall:HeartBlessingRed":6,"Damaru":67,"Omamori":27,"hubris:Towel":136,"Busted Crown":131,"Art of War":23,"Garlic":98,"Toy Ornithopter":27,"infinitespire:Midas Blood":92,"Ice Cream":144,"Calipers":105,"hubris:CrystalStatue":114,"Centennial Puzzle":29,"DollysMirror":13,"Strawberry":30,"Iron Hammer":146,"Happy Flower":114,"ReplayTheSpireMod:CursedCoin":60,"Oddly Smooth Stone":6,"Ring of Chaos":22,"infinitespire:Beetle Shell":32,"SaiyanHeart":0,"aspiration:SeaSaltIceCream":24,"War Paint":6,"aspiration:HiddenCompartment":78,"Question Card":107,"Replay:Baseball":18,"Bottled Flame":127,"ReplayTheSpireMod:Shallot":112,"Bronze Scales":120,"Molten Egg 2":105,"ReplayTheSpireMod:TigerMarble":26,"Black Star":100,"aspiration:HatOfInfinitePower":23,"Mirror":127,"Meat on the Bone":94,"Pocketwatch":112,"SacredBark":27,"Mango":13,"aspiration:TomeofQuesting":24,"hubris:SlimyHat":23,"ClockworkSouvenir":32,"hubris:Icosahedron":144,"downfall:HeartBlessingBlue":11,"Mummified Hand":43,"Gambling Chip":33,"Runic Pyramid":74,"hubris:KleinBottle":23,"Gremlin Food":74,"BargainBundle":62,"ReplayTheSpireMod:Ninjato":143,"Quantum Egg":56,"ReplayTheSpireMod:Ring of Sloth":97,"Replay:WaspNest":60,"Orichalcum":88,"Calling Bell":88,"Pondfish Scales":18,"Anchor":83,"infinitespire:Satchel":80,"SaiyanSoul":0,"Bag of Marbles":36,"Snack Pack":62,"Membership Card":13,"PureWater":0,"TungstenRod":109,"hubris:AncientText":112},{"TwistedFunnel":591,"infinitespire:BottledMercury":304,"Vampiric Spirits":705,"downfall:HeartBlessingGreen":31,"hubris:MysteriousPyramids":480,"Boot":214,"Ring of Searing":418,"Blood Vial":426,"infinitespire:ShieldingShard":356,"hubris:HerbalPaste":462,"hubris:AstralHammer":137,"Replay:Bronze Core":277,"MealTicket":307,"hubris:DeckOfHolding":389,"infinitespire:Golems Mask":705,"Replay:Bottled Flurry":563,"Kunai":441,"Replay:Wax Seal":49,"hubris:MobiusCoin":22,"MerchantsRug":214,"Counterbalance":137,"ReplayTheSpireMod:Ring of Addiction":167,"hubris:SphereOfDissonance":591,"Pen Nib":78,"infinitespire:Magic Flask":235,"aspiration:IroncladSkillbook":246,"aspiration:FrozenJewel":343,"infinitespire:EvilPickle":277,"SlaversCollar":49,"infinitespire:Broken Mirror":585,"Bird Faced Urn":547,"Pandora\u0027s Box":666,"infinitespire:PuzzleCube":255,"Regal Pillow":94,"aspiration:Lifesprig":323,"Torii":22,"Blue Doll":214,"Bag of Preparation":426,"hubris:EmptyBottle":94,"Ancient Tea Set":22,"Cursed Key":542,"Pet Ghost":137,"Replay:Rubber Ducky":126,"Shovel":12,"Ring of Fangs":167,"infinitespire:Bottled Soul":154,"Ring of Peace":418,"aspiration:AnachronicSnailShell":555,"hubris:CuriousFeather":289,"WingedGreaves":683,"Replay:Bottled Eggs":214,"Ring of Panic":480,"InkBottle":523,"aspiration:ChemicalBlood":72,"hubris:GlazedTorus":441,"Ring of the Snake":0,"Potion Belt":431,"downfall:HeartBlessingRed":31,"Damaru":343,"Omamori":167,"hubris:Towel":656,"Busted Crown":632,"Art of War":126,"Garlic":487,"Toy Ornithopter":167,"infinitespire:Midas Blood":462,"Ice Cream":705,"Calipers":517,"hubris:CrystalStatue":555,"Centennial Puzzle":181,"DollysMirror":56,"Strawberry":193,"Iron Hammer":718,"Happy Flower":555,"ReplayTheSpireMod:CursedCoin":314,"Oddly Smooth Stone":31,"Ring of Chaos":116,"infinitespire:Beetle Shell":214,"SaiyanHeart":0,"aspiration:SeaSaltIceCream":137,"War Paint":31,"aspiration:HiddenCompartment":394,"Question Card":523,"Replay:Baseball":94,"Bottled Flame":610,"ReplayTheSpireMod:Shallot":545,"Bronze Scales":585,"Molten Egg 2":517,"ReplayTheSpireMod:TigerMarble":154,"Black Star":500,"aspiration:HatOfInfinitePower":126,"Mirror":610,"Meat on the Bone":467,"Pocketwatch":545,"SacredBark":167,"Mango":56,"aspiration:TomeofQuesting":137,"hubris:SlimyHat":126,"ClockworkSouvenir":214,"hubris:Icosahedron":705,"downfall:HeartBlessingBlue":49,"Mummified Hand":249,"Gambling Chip":226,"Runic Pyramid":381,"hubris:KleinBottle":126,"Gremlin Food":381,"BargainBundle":323,"ReplayTheSpireMod:Ninjato":699,"Quantum Egg":297,"ReplayTheSpireMod:Ring of Sloth":480,"Replay:WaspNest":314,"Orichalcum":441,"Calling Bell":441,"Pondfish Scales":94,"Anchor":418,"infinitespire:Satchel":402,"SaiyanSoul":0,"Bag of Marbles":233,"Snack Pack":323,"Membership Card":56,"PureWater":0,"TungstenRod":530,"hubris:AncientText":545}],"Ring of the Snake":[52]},"card_choices":[{"not_picked":["Sucker Punch","Prepared"],"picked":"Cloak And Dagger","floor":1.0},{"not_picked":["Predator","Dagger Spray"],"picked":"Prepared","floor":2.0},{"not_picked":["ReplayTheSpireMod:Speed Training","ReplayTheSpireMod:Shiv Toss"],"picked":"Bane","floor":3.0},{"not_picked":["Acrobatics","Blade Dance"],"picked":"Footwork","floor":4.0},{"not_picked":["ReplayTheSpireMod:Shiv Toss","Tactician"],"picked":"Toxin Wave","floor":7.0},{"not_picked":["Night Terror","Finisher"],"picked":"Concentrate","floor":8.0},{"not_picked":["Prepared","Dagger Spray"],"picked":"Acrobatics","floor":11.0},{"not_picked":["Toxin Wave","Hidden Blade"],"picked":"Sneak Up","floor":12.0},{"not_picked":["Toxin Wave","PiercingWail"],"picked":"Cloak And Dagger","floor":13.0},{"not_picked":["Replay:Bag of Tricks","A Thousand Cuts"],"picked":"Corpse Explosion","floor":16.0},{"not_picked":["Dagger Spray"],"picked":"SKIP","floor":18.0},{"not_picked":[],"picked":"Flying Knee+1","floor":19.0},{"not_picked":["hubris:Rewind","infinitespire:SealOfDarkness+"],"picked":"infinitespire:TheBestDefense","floor":20.0},{"not_picked":["Deadly Poison"],"picked":"SKIP","floor":21.0},{"not_picked":["Quick Slash"],"picked":"SKIP","floor":24.0},{"not_picked":["Skewer"],"picked":"SKIP","floor":28.0},{"not_picked":[],"picked":"Bouncing Flask","floor":35.0},{"not_picked":[],"picked":"PiercingWail+1","floor":36},{"not_picked":["infinitespire:Execution","infinitespire:SevenWalls"],"picked":"infinitespire:Collect","floor":36},{"not_picked":["Sucker Punch+1"],"picked":"SKIP","floor":39},{"not_picked":["Dodge and Roll"],"picked":"SKIP","floor":40},{"not_picked":[],"picked":"Adrenaline","floor":41},{"not_picked":["infinitespire:Oblivion","infinitespire:Fortify"],"picked":"infinitespire:FutureSight","floor":44},{"not_picked":["Riddle With Holes+1"],"picked":"SKIP","floor":44},{"not_picked":["Hidden Blade"],"picked":"SKIP","floor":54}],"player_experience":500575,"relics_obtained":[{"floor":8.0,"key":"Bottled Flame"},{"floor":9.0,"key":"Mirror"},{"floor":13.0,"key":"Replay:Rubber Ducky"},{"floor":28.0,"key":"hubris:MobiusCoin"},{"floor":36,"key":"WingedGreaves"},{"floor":41,"key":"ReplayTheSpireMod:Ninjato"},{"floor":43,"key":"Replay:Bottled Flurry"},{"floor":44,"key":"Ice Cream"},{"floor":54,"key":"Iron Hammer"}],"event_choices":[{"damage_healed":17.0,"max_hp_gain":0.0,"max_hp_loss":0.0,"gold_gain":0.0,"event_name":"The Cleric","player_choice":"Healed","floor":5.0,"gold_loss":35.0,"damage_taken":0.0},{"damage_healed":0.0,"max_hp_gain":0.0,"max_hp_loss":0.0,"gold_gain":0.0,"event_name":"Dead Adventurer","player_choice":"Searched \u00273\u0027 times","floor":12.0,"gold_loss":0.0,"damage_taken":0.0,"relics_obtained":["infinitespire:Bottled Soul"]},{"damage_healed":23.0,"max_hp_gain":0.0,"max_hp_loss":0.0,"gold_gain":0.0,"event_name":"The Library","player_choice":"Heal","floor":31.0,"gold_loss":0.0,"damage_taken":0.0},{"damage_healed":0,"gold_gain":0,"player_choice":"Read","damage_taken":0,"max_hp_gain":0,"max_hp_loss":0,"event_name":"The Library","floor":36,"gold_loss":0,"cards_obtained":["Bane"]}],"is_beta":false,"boss_relics":[{"not_picked":["Fusion Hammer","Sozu"],"picked":"Busted Crown"},{"not_picked":["Replay:Ancient Bell","Snecko Scales"],"picked":"Pandora\u0027s Box"}],"items_purged_floors":[48],"is_endless":false,"potions_floor_spawned":[3,4,11,12,13,19,21,28,36,39,40],"ascension_level":3}}