{"host":"8i4doyxqctgl5qb0","time":1610131153,"event":{"mods":["AchievementEnabler","BaseMod","Block Reminder","Colored Powertips","Downfall","Minty Spire (QoL Compilation)","Permanent Neow","Potion Indicator Mod","Rare Cards Sparkle","StSLib","SuperFastMode"],"gold_per_floor":[99,110,110,127,127,127,127,127,153,164,182,32,17,17,33,131,131,131,151,168,168,214,214,264,189,189,207,219,219,237,237,247,345,345,345,345,360,360,360,372,399,399,415,434,444,462,462,481,501,501],"floor_reached":51,"playtime":2128,"items_purged":[],"score":753,"play_id":"a983f3dd-f7ae-4903-95ef-a428d4543983","local_time":"20210109023913","is_ascension_mode":false,"campfire_choices":[{"data":"Guardian:TwinSlam","floor":1.0,"key":"SMITH"},{"data":"Guardian:SentryBeam","floor":6.0,"key":"SMITH"},{"floor":8.0,"key":"RECALL"},{"floor":12.0,"key":"REST"},{"data":"Guardian:FuturePlans","floor":18.0,"key":"SMITH"},{"data":"Guardian:EvasiveProtocol","floor":23.0,"key":"SMITH"},{"data":"Guardian:PiercingHide","floor":25.0,"key":"SMITH"},{"data":"Guardian:PrismaticBarrier","floor":35,"key":"SMITH"},{"data":"expansioncontent:DefensiveStance","floor":42,"key":"SMITH"},{"data":"Guardian:StasisField","floor":47,"key":"SMITH"}],"circlet_count":0,"master_deck":["Guardian:Defend_Guardian","Guardian:Defend_Guardian","Guardian:Defend_Guardian+1","Guardian:CurlUp","Guardian:TwinSlam+1","Guardian:SentryBeam+1","Guardian:PiercingHide+1","Guardian:FuturePlans+1","Guardian:PrimingBeam+1","Guardian:FastForward","Guardian:PrismaticBarrier+1","Guardian:GatlingBeam+1","Guardian:BronzeOrb+1","Guardian:EvasiveProtocol+1","Guardian:CrystalBeam+1","Necronomicurse","Guardian:PiercingHide+1","Bite+1","Bite+1","Bite+1","Bite+1","Bite+1","Guardian:ShieldCharger+1","Guardian:StasisField+1","Guardian:SpikerProtocol+1","expansioncontent:DefensiveStance+1","expansioncontent:AwakenDeath","Guardian:CrystalBeam+1","Guardian:TemporalShield+1","Guardian:TemporalShield+1","Guardian:PrismaticBeam+1","Guardian:SphericShield","Parasite","Guardian:BronzeArmor+1"],"relics":["Guardian:ModeShifter","Calipers","Molten Egg 2","WarpedTongs","Guardian:SackOfGems","Lizard Tail","downfall:HeartBlessingRed","downfall:HeartBlessingGreen","downfall:ShatteredFragment","Philosopher\u0027s Stone","Regal Pillow","downfall:HeartBlessingBlue","Necronomicon","Empty Cage","Dream Catcher"],"acts_visited":["Exordium","TheCity","TheBeyond"],"potions_floor_usage":[50],"damage_taken":[{"damage":0.0,"enemies":"Cultist","floor":2.0,"turns":3.0},{"damage":10.0,"enemies":"Small Slimes","floor":4.0,"turns":3.0},{"damage":16.0,"enemies":"3 Sentries","floor":9.0,"turns":8.0},{"damage":7.0,"enemies":"Jaw Worm","floor":10.0,"turns":4.0},{"damage":4.0,"enemies":"2 Fungi Beasts","floor":11.0,"turns":4.0},{"damage":9.0,"enemies":"downfall:FleeingMerchant","floor":13.0,"turns":4.0},{"damage":11.0,"enemies":"Exordium Thugs","floor":15.0,"turns":3.0},{"damage":43.0,"enemies":"downfall:Defect","floor":16.0,"turns":8.0},{"damage":7.0,"enemies":"3 Byrds","floor":19.0,"turns":2.0},{"damage":8.0,"enemies":"Shell Parasite","floor":20.0,"turns":4.0},{"damage":8.0,"enemies":"Snake Plant","floor":27.0,"turns":3.0},{"damage":11.0,"enemies":"Chosen and Byrds","floor":28.0,"turns":5.0},{"damage":2.0,"enemies":"Centurion and Healer","floor":30.0,"turns":4.0},{"damage":3.0,"enemies":"Shelled Parasite and Fungi","floor":32.0,"turns":4.0},{"damage":17.0,"enemies":"downfall:Watcher","floor":33.0,"turns":8.0},{"damage":20,"enemies":"3 Shapes","floor":37,"turns":4},{"damage":4,"enemies":"3 Darklings","floor":40,"turns":6},{"damage":0,"enemies":"Maw","floor":43,"turns":7},{"damage":8,"enemies":"Writhing Mass","floor":44,"turns":4},{"damage":3,"enemies":"Sphere and 2 Shapes","floor":45,"turns":4},{"damage":23,"enemies":"4 Shapes","floor":46,"turns":4},{"damage":0,"enemies":"Transient","floor":48,"turns":5},{"damage":11,"enemies":"Writhing Mass","floor":49,"turns":6},{"damage":19,"enemies":"downfall:Silent","floor":50,"turns":10}],"seed_played":"-5843322498278303078","potions_obtained":[{"floor":2.0,"key":"Fire Potion"},{"floor":4.0,"key":"DuplicationPotion"},{"floor":20.0,"key":"Fire Potion"},{"floor":32.0,"key":"SmokeBomb"},{"floor":33.0,"key":"Fire Potion"},{"floor":39,"key":"FairyPotion"},{"floor":39,"key":"Slimebound:ThreeZeroPotion"},{"floor":39,"key":"Regen Potion"}],"is_trial":false,"path_per_floor":["R","M","T","M","?","R","T","R","E","M","M","R","$","?","M","B",null,"R","M","M","?","T","R","T","R","?","M","M","?","M","?","M","B",null,"R","?","M","?","?","M","T","R","M","M","M","M","R","M","M","B",null],"character_chosen":"GUARDIAN","items_purchased":[],"campfire_rested":1,"item_purchase_floors":[],"current_hp_per_floor":[80,80,80,70,70,70,70,70,54,47,43,67,58,34,23,22,80,80,73,65,65,65,65,65,75,75,67,56,40,38,38,44,54,62,62,54,46,41,41,43,43,43,58,59,59,42,42,51,43,60],"gold":501,"neow_bonus":"ONE_RARE_RELIC","is_daily":false,"chose_seed":false,"campfire_upgraded":8,"win_rate":0.0,"timestamp":1610131153,"path_taken":["R","M","?","M","?","R","T","R","E","M","?","R","$","?","M","BOSS","R","M","M","?","?","R","T","R","?","M","?","?","M","?","M","BOSS","R","?","?","?","?","M","T","R","?","M","M","M","R","M","M","BOSS"],"items_purchased_type":[],"build_version":"2020-12-22","purchased_purges":0,"victory":true,"max_hp_per_floor":[80,80,80,80,80,80,80,80,80,80,80,80,80,80,80,80,80,80,80,80,80,80,80,80,90,90,90,90,90,90,62,62,62,62,62,62,62,62,62,62,62,62,62,62,62,62,62,62,62,62],"card_choices":[{"not_picked":["Guardian:Preprogram","Guardian:Recover"],"picked":"Guardian:SentryBeam","floor":2.0},{"not_picked":["Guardian:RollAttack+1","Guardian:Gem_Green"],"picked":"Guardian:Gem_Red","floor":4.0},{"not_picked":["Guardian:Gem_Red","Guardian:ChargeUp"],"picked":"Guardian:PiercingHide","floor":9.0},{"not_picked":["Guardian:Planning","Guardian:Gem_Crimson"],"picked":"Guardian:FuturePlans","floor":10.0},{"not_picked":["Guardian:ChargeCore+1","Guardian:Planning"],"picked":"Guardian:PrimingBeam+1","floor":11.0},{"not_picked":["Guardian:Suspension","Guardian:RollAttack+1"],"picked":"Guardian:FastForward","floor":13.0},{"not_picked":["Guardian:Gem_Cyan","Guardian:Reroute+1"],"picked":"Guardian:PrismaticBarrier","floor":15.0},{"not_picked":["Guardian:ExploitGems","Guardian:Gem_Orange"],"picked":"Guardian:GatlingBeam+1","floor":16.0},{"not_picked":["Guardian:Gem_Lightblue","Guardian:Recover"],"picked":"Guardian:BronzeOrb+1","floor":19.0},{"not_picked":["Guardian:Reroute+1","Guardian:PrimingBeam+1"],"picked":"Guardian:EvasiveProtocol","floor":20.0},{"not_picked":["Guardian:ShieldCharger","Guardian:Gem_Cyan"],"picked":"Guardian:Gem_Fragmented","floor":27.0},{"not_picked":["Guardian:Gem_Lightblue","Guardian:Gem_Blue"],"picked":"Guardian:CrystalBeam+1","floor":28.0},{"not_picked":["Guardian:Gem_Green","Guardian:ConstructionForm"],"picked":"Guardian:PiercingHide+1","floor":30.0},{"not_picked":["Guardian:Suspension+1","Guardian:Planning"],"picked":"Guardian:ShieldCharger+1","floor":32.0},{"not_picked":["Guardian:Gem_Synthetic","Guardian:GemFire+1"],"picked":"Guardian:StasisField","floor":33.0},{"not_picked":["Guardian:PiercingHide+1","Guardian:WalkerClaw+1"],"picked":"Guardian:SpikerProtocol+1","floor":37},{"not_picked":["expansioncontent:Hexaburn+1","expansioncontent:DarkVoid+1"],"picked":"expansioncontent:DefensiveStance","floor":38},{"not_picked":["expansioncontent:Hexaburn+1","expansioncontent:Chronoboost"],"picked":"expansioncontent:AwakenDeath","floor":38},{"not_picked":["Guardian:Gem_Lightblue","Guardian:Incinerate+1"],"picked":"Guardian:Gem_Blue","floor":40},{"not_picked":["Guardian:Gem_Green","Guardian:Gem_Cyan"],"picked":"Guardian:CrystalBeam+1","floor":43},{"not_picked":["Guardian:Gem_Red","Guardian:VentSteam"],"picked":"Guardian:TemporalShield+1","floor":44},{"not_picked":["Guardian:WalkerClaw+1","Guardian:GuardianWhirl+1"],"picked":"Guardian:TemporalShield+1","floor":45},{"not_picked":["Guardian:FuturePlans","Guardian:TemporalShield"],"picked":"Guardian:PrismaticBeam+1","floor":46},{"not_picked":["Guardian:Gem_Green","Guardian:TemporalStrike+1"],"picked":"Guardian:SphericShield","floor":48},{"not_picked":["Guardian:RollAttack+1","Guardian:VentSteam"],"picked":"Guardian:BronzeArmor+1","floor":49}],"player_experience":127181,"relics_obtained":[{"floor":3.0,"key":"Molten Egg 2"},{"floor":7.0,"key":"Guardian:SackOfGems"},{"floor":9.0,"key":"Lizard Tail"},{"floor":22.0,"key":"Regal Pillow"},{"floor":29.0,"key":"Necronomicon"},{"floor":41,"key":"Dream Catcher"}],"event_choices":[{"damage_healed":0.0,"max_hp_gain":0.0,"max_hp_loss":0.0,"gold_gain":0.0,"event_name":"Ghosts","player_choice":"Ignored","floor":21.0,"gold_loss":0.0,"damage_taken":0.0},{"damage_healed":0.0,"max_hp_gain":0.0,"max_hp_loss":28.0,"gold_gain":0.0,"event_name":"Vampires","player_choice":"Became a vampire","floor":31.0,"gold_loss":0.0,"damage_taken":0.0,"cards_obtained":["Bite","Bite","Bite","Bite","Bite"]},{"damage_healed":0,"gold_gain":0,"player_choice":"Got Potions","damage_taken":0,"max_hp_gain":0,"max_hp_loss":0,"event_name":"Lab","floor":39,"gold_loss":0}],"is_beta":false,"boss_relics":[{"not_picked":["Runic Pyramid","Pandora\u0027s Box"],"picked":"Philosopher\u0027s Stone"},{"not_picked":["SlaversCollar","Astrolabe"],"picked":"Empty Cage"}],"items_purged_floors":[],"is_endless":false,"potions_floor_spawned":[2,4,20,32,33,44,45,49],"ascension_level":0}}