{"host":"dpbezu80jg8zk7un","time":1610064867,"event":{"mods":["BaseMod","Colored Map","Colored Powertips","Custom Start","DeckTracker","Minty Spire (QoL Compilation)","Quick Restart","StSLib","SuperFastMode"],"gold_per_floor":[115,190,208,220,56,56,56,56,79,105,105,105,105,133,133,133,133],"floor_reached":16,"playtime":272,"items_purged":["Defend_P"],"score":212,"play_id":"d09a6a8b-1e80-4047-9082-acc6f692870c","local_time":"20210108091427","is_ascension_mode":true,"campfire_choices":[{"data":"Eruption","floor":6.0,"key":"SMITH"},{"data":"Forethought","floor":8.0,"key":"SMITH"},{"floor":12,"key":"REST"},{"data":"Scrawl","floor":15,"key":"SMITH"}],"circlet_count":0,"master_deck":["AscendersBane","Strike_P","Strike_P","Strike_P","Defend_P","Defend_P","Defend_P","Eruption+1","Vigilance","EmptyFist+1","InnerPeace","MentalFortress+1","Forethought+1","Scrawl+1"],"relics":["PureWater","NeowsBlessing","Akabeko","Art of War","Pear"],"acts_visited":["Exordium"],"potions_floor_usage":[14],"damage_taken":[{"damage":0.0,"enemies":"Small Slimes","floor":1.0,"turns":2.0},{"damage":0.0,"enemies":"Jaw Worm","floor":3.0,"turns":1.0},{"damage":0.0,"enemies":"Cultist","floor":4.0,"turns":1.0},{"damage":11.0,"enemies":"Gremlin Nob","floor":10.0,"turns":3.0},{"damage":6,"enemies":"3 Sentries","floor":14,"turns":6},{"damage":54,"enemies":"Slime Boss","floor":16,"turns":8}],"seed_played":"-4659407323479818480","potions_obtained":[{"floor":4.0,"key":"ColorlessPotion"},{"floor":13,"key":"LiquidMemories"},{"floor":13,"key":"EssenceOfSteel"}],"is_trial":false,"path_per_floor":["M","?","M","M","$","R","?","R","T","E","?","R","?","E","R","B"],"character_chosen":"WATCHER","items_purchased":["Forethought"],"campfire_rested":1,"item_purchase_floors":[5],"current_hp_per_floor":[61,50,50,50,50,50,30,30,30,19,19,39,39,43,43,0,0],"gold":133,"neow_bonus":"THREE_ENEMY_KILL","is_daily":false,"chose_seed":false,"campfire_upgraded":3,"win_rate":0.0,"timestamp":1610064867,"path_taken":["M","?","M","M","$","R","?","R","T","E","?","R","?","E","R","BOSS"],"items_purchased_type":["Card"],"build_version":"2020-12-22","purchased_purges":1,"victory":false,"max_hp_per_floor":[68,68,68,68,68,68,68,68,68,68,68,68,68,78,78,78,78],"card_choices":[{"not_picked":["Crescendo","Wireheading"],"picked":"EmptyFist","floor":1.0},{"not_picked":["Swivel","EmptyFist"],"picked":"InnerPeace","floor":3.0},{"not_picked":["WindmillStrike","Prostrate"],"picked":"MentalFortress","floor":4.0},{"not_picked":["Prostrate","ClearTheMind"],"picked":"Scrawl","floor":10.0},{"not_picked":["Prostrate","Vengeance","Fasting2"],"picked":"SKIP","floor":14}],"player_experience":2847815,"relics_obtained":[{"floor":9.0,"key":"Akabeko"},{"floor":10.0,"key":"Art of War"},{"floor":14,"key":"Pear"}],"event_choices":[{"damage_healed":0.0,"max_hp_gain":0.0,"max_hp_loss":0.0,"gold_gain":75.0,"event_name":"World of Goop","player_choice":"Gather Gold","floor":2.0,"gold_loss":0.0,"damage_taken":11.0},{"damage_healed":0.0,"max_hp_gain":0.0,"max_hp_loss":0.0,"gold_gain":0.0,"event_name":"Shining Light","player_choice":"Entered Light","floor":7.0,"gold_loss":0.0,"damage_taken":20.0,"cards_upgraded":["MentalFortress","EmptyFist"]},{"cards_removed":["Strike_P"],"damage_healed":0,"gold_gain":0,"player_choice":"Forget","damage_taken":0,"max_hp_gain":0,"max_hp_loss":0,"event_name":"Living Wall","floor":11,"gold_loss":0},{"damage_healed":0,"gold_gain":0,"player_choice":"Got Potions","damage_taken":0,"max_hp_gain":0,"max_hp_loss":0,"event_name":"Lab","floor":13,"gold_loss":0}],"is_beta":false,"boss_relics":[],"items_purged_floors":[5],"is_endless":false,"potions_floor_spawned":[4],"killed_by":"Slime Boss","ascension_level":20}}