{"host":"qo9r73vk7r3tmek1","time":1610104702,"event":{"mods":["ATMod(°¢èªMod)","Act Like it!","Aspiration","Astrologer","BaseMod","CapriCore","Card Forge","Colored Powertips","Custom Start","Dota2Spire","Gensokyo","Minty Spire (QoL Compilation)","Permanent Neow","Relic Stats","Replay The Spire","Spicy Shops","StSLib","TestMod","vexMod","¡¾ÒÅÎï¿¨ÅÆ¡¿REMEMod"],"gold_per_floor":[112,122,122,142,417,417,458,159,182,225,225,250,250,271,271,391,391,416,416,416,29,52,91,104,104,104,124,159,159,197,232,232,388,388,427,427,549,549,549,695,695,67,67,206,232,232,252,148,148,279,279,279,31,86,168],"floor_reached":56,"playtime":6219,"items_purged":[],"score":1327,"play_id":"7b766417-aac2-4ff2-987a-28e04e46b053","local_time":"20210108191822","is_ascension_mode":false,"campfire_choices":[{"floor":6.0,"key":"REST"},{"floor":11.0,"key":"REST"},{"floor":13.0,"key":"REST"},{"floor":15.0,"key":"DIG"},{"floor":25.0,"key":"REST"},{"floor":29.0,"key":"RECALL"},{"floor":32.0,"key":"REST"},{"floor":41.0,"key":"REST"},{"data":"astrologer:TheHermit","floor":46,"key":"SMITH"},{"floor":49,"key":"REST"},{"floor":52,"key":"REST"}],"circlet_count":0,"master_deck":["AT_RobotInSpace+1","astrologer:TheSun+1","astrologer:TheLovers+1","astrologer:Moonlight+1","astrologer:Opposition+1","astrologer:SpaceDust+1","astrologer:TheStar+1","REME_SingleHolding+1","astrologer:Novile+1","astrologer:Premonition+1","Evaluate+1","Shrug It Off+1","Core Surge+1","FollowUp+1","AT_ShadowStep+1","Adrenaline+1","Escape Plan+1","Calculated Gamble+1","astrologer:CometStrike+1","astrologer:Starfield+1","astrologer:Retelling+1","astrologer:TheEmperor+1","astrologer:Trine+1","Secret Weapon+1","Enlightenment+1","REME_PuzzleBox+1","astrologer:TheMoon+1","astrologer:FrozenStar+1","Violence+1","astrologer:Strength+1","astrologer:TheHermit+1"],"relics":["astrologer:SkyMirror","Hammer of Thor","Seething Fire","Anvil of the Gods","testmod-TestBox","REME_ComplimentaryCards","AT_ATBox","testmod-Alchemist","Golden Idol","Pet Ghost","AT_BellDemon","Dota2Spire:LinkenSphere","Strawberry","Dota2Spire:RefresherOrb","aspiration:Stabinomicon","vexMod:Dragonfruit","AT_RedTearstoneRing","Dota2Spire:MaskOfMadness","Potion Belt","Regal Pillow","InkBottle","Replay:Rubber Ducky","astrologer:Telescope","Replay:Bandana","AT_Manta","Singing Bowl","Dota2Spire:BlackKingBar","Centennial Puzzle","SacredBark","War Paint","Ring of Peace","ReplayTheSpireMod:Ring of Challenge","AT_GuinsooRageblade","Dota2Spire:HandOfMidas","Replay:Bottled Eggs","Dota2Spire:EtherealBlade","HandDrill","Blue Candle","aspiration:HummingbirdHeart","Frozen Egg 2","Dota2Spire:BattleFury","AT_SilverBalance","AT_SunfireAegis","testmod-Justice"],"acts_visited":["Exordium","TheCity","TheBeyond","TheEnding"],"potions_floor_usage":[],"damage_taken":[{"damage":0.0,"enemies":"2 Louse","floor":1.0,"turns":2.0},{"damage":0.0,"enemies":"Small Slimes","floor":2.0,"turns":3.0},{"damage":4.0,"enemies":"Cultist","floor":4.0,"turns":4.0},{"damage":35.0,"enemies":"3 Sentries","floor":7.0,"turns":10.0},{"damage":9.0,"enemies":"Replay:BlueRogue","floor":10.0,"turns":2.0},{"damage":0.0,"enemies":"Blue Slaver","floor":12.0,"turns":2.0},{"damage":0.0,"enemies":"3 Louse","floor":14.0,"turns":2.0},{"damage":4.0,"enemies":"Hexaghost","floor":16.0,"turns":6.0},{"damage":21.0,"enemies":"3 Byrds","floor":18.0,"turns":4.0},{"damage":0.0,"enemies":"2 Thieves","floor":22.0,"turns":2.0},{"damage":3.0,"enemies":"Gremlin Leader","floor":23.0,"turns":4.0},{"damage":0.0,"enemies":"Snake Plant","floor":24.0,"turns":1.0},{"damage":0.0,"enemies":"Snecko","floor":27.0,"turns":4.0},{"damage":0.0,"enemies":"REME_1_Revenger","floor":28.0,"turns":3.0},{"damage":24.0,"enemies":"Centurion and Healer","floor":30.0,"turns":3.0},{"damage":1.0,"enemies":"3 Cultists","floor":31.0,"turns":2.0},{"damage":0.0,"enemies":"Champ","floor":33.0,"turns":2.0},{"damage":6.0,"enemies":"3 Shapes","floor":35.0,"turns":1.0},{"damage":22.0,"enemies":"3 Darklings","floor":37.0,"turns":2.0},{"damage":0.0,"enemies":"Giant Head","floor":40.0,"turns":4.0},{"damage":0.0,"enemies":"Writhing Mass","floor":44.0,"turns":3.0},{"damage":0,"enemies":"Maw","floor":45,"turns":2},{"damage":0,"enemies":"3 Darklings","floor":47,"turns":2},{"damage":61,"enemies":"Replay:Hell Engine","floor":50,"turns":5},{"damage":0,"enemies":"Shield and Spear","floor":54,"turns":2},{"damage":32,"enemies":"The Heart","floor":55,"turns":4}],"seed_played":"6304413432190449702","potions_obtained":[{"floor":1.0,"key":"BlessingOfTheForge"},{"floor":2.0,"key":"LiquidBronze"},{"floor":4.0,"key":"Swift Potion"},{"floor":14.0,"key":"Dexterity Potion"},{"floor":18.0,"key":"Swift Potion"},{"floor":23.0,"key":"SpeedPotion"},{"floor":40.0,"key":"Block Potion"},{"floor":44,"key":"Languid Potion"}],"is_trial":false,"path_per_floor":["M","M","?","M","?","R","E","$","T","E","R","M","R","M","R","B",null,"M","?","?","$","M","E","M","R","T","M","E","R","M","M","R","B",null,"M","?","M","?","?","E","R","$","T","M","M","R","M","$","R","B",null,"R","$","E","B",null],"character_chosen":"ASTROLOGER","items_purchased":["astrologer:Opposition","astrologer:Novile","astrologer:SpaceDust","astrologer:TheStar","vexMod:Dragonfruit","AT_RedTearstoneRing","astrologer:FrozenStar","Dota2Spire:EtherealBlade","HandDrill","astrologer:FrozenStar+1","Violence","Dota2Spire:BattleFury","AT_SilverBalance"],"campfire_rested":8,"item_purchase_floors":[8,8,8,8,21,21,21,42,42,42,42,48,53],"current_hp_per_floor":[70,70,53,49,49,70,35,35,35,26,47,47,68,68,75,71,77,56,40,40,45,45,47,56,82,82,82,82,82,60,61,86,86,86,82,82,62,52,52,52,90,90,90,90,90,90,92,92,92,31,92,92,92,48,17],"gold":168,"neow_bonus":"THREE_RARE_CARDS","is_daily":false,"chose_seed":false,"campfire_upgraded":1,"win_rate":0.0,"timestamp":1610104702,"path_taken":["M","M","?","M","?","R","E","$","T","E","R","?","R","M","R","BOSS","M","?","?","?","M","E","M","R","T","M","E","R","?","M","R","BOSS","M","?","M","?","?","E","R","$","T","?","M","R","?","?","R","BOSS","R","$","E","BOSS"],"items_purchased_type":["Card","Card","Card","Card","Relic","Relic","Card","Relic","Relic","Card","Card","Relic","Relic"],"build_version":"2020-12-22","purchased_purges":0,"victory":true,"max_hp_per_floor":[70,70,70,70,70,70,70,70,70,70,70,70,70,70,77,77,77,77,77,77,82,82,82,82,82,82,82,82,82,84,86,86,86,86,88,88,90,90,90,90,90,90,90,90,90,90,92,92,92,92,92,92,92,94,96],"relic_stats":{"Regal Pillow":13,"Centennial Puzzle":[12],"Singing Bowl":12,"counters":[26,81],"Golden Idol":206,"Blue Candle":[2],"HandDrill":[28],"War Paint":["astrologer:Trine"],"obtain_stats":[{"AT_BellDemon":9,"Dota2Spire:MaskOfMadness":22,"Regal Pillow":23,"AT_ATBox":0,"Singing Bowl":30,"astrologer:Telescope":27,"SacredBark":34,"Hammer of Thor":0,"Dota2Spire:RefresherOrb":17,"aspiration:Stabinomicon":19,"Dota2Spire:EtherealBlade":42,"Pet Ghost":7,"Replay:Rubber Ducky":26,"Replay:Bandana":28,"Centennial Puzzle":33,"testmod-Alchemist":0,"Strawberry":15,"Ring of Peace":36,"astrologer:SkyMirror":0,"HandDrill":42,"Replay:Bottled Eggs":40,"AT_GuinsooRageblade":37,"InkBottle":24,"Potion Belt":23,"Dota2Spire:HandOfMidas":40,"AT_RedTearstoneRing":21,"testmod-TestBox":0,"AT_Manta":28,"Dota2Spire:BlackKingBar":31,"Golden Idol":3,"Blue Candle":44,"Dota2Spire:BattleFury":48,"AT_SilverBalance":53,"aspiration:HummingbirdHeart":45,"Seething Fire":0,"War Paint":35,"Frozen Egg 2":47,"testmod-Justice":54,"vexMod:Dragonfruit":21,"Anvil of the Gods":0,"Dota2Spire:LinkenSphere":10,"ReplayTheSpireMod:Ring of Challenge":36,"AT_SunfireAegis":54,"REME_ComplimentaryCards":0},{"AT_BellDemon":4,"Dota2Spire:MaskOfMadness":10,"Regal Pillow":11,"AT_ATBox":0,"Singing Bowl":15,"astrologer:Telescope":13,"SacredBark":17,"Hammer of Thor":0,"Dota2Spire:RefresherOrb":8,"aspiration:Stabinomicon":9,"Dota2Spire:EtherealBlade":20,"Pet Ghost":4,"Replay:Rubber Ducky":12,"Replay:Bandana":14,"Centennial Puzzle":17,"testmod-Alchemist":0,"Strawberry":7,"Ring of Peace":18,"astrologer:SkyMirror":0,"HandDrill":20,"Replay:Bottled Eggs":20,"AT_GuinsooRageblade":19,"InkBottle":12,"Potion Belt":11,"Dota2Spire:HandOfMidas":20,"AT_RedTearstoneRing":9,"testmod-TestBox":0,"AT_Manta":14,"Dota2Spire:BlackKingBar":16,"Golden Idol":2,"Blue Candle":21,"Dota2Spire:BattleFury":23,"AT_SilverBalance":24,"aspiration:HummingbirdHeart":22,"Seething Fire":0,"War Paint":18,"Frozen Egg 2":23,"testmod-Justice":25,"vexMod:Dragonfruit":9,"Anvil of the Gods":0,"Dota2Spire:LinkenSphere":5,"ReplayTheSpireMod:Ring of Challenge":18,"AT_SunfireAegis":25,"REME_ComplimentaryCards":0},{"AT_BellDemon":19,"Dota2Spire:MaskOfMadness":37,"Regal Pillow":41,"AT_ATBox":0,"Singing Bowl":52,"astrologer:Telescope":46,"SacredBark":56,"Hammer of Thor":0,"Dota2Spire:RefresherOrb":31,"aspiration:Stabinomicon":35,"Dota2Spire:EtherealBlade":63,"Pet Ghost":19,"Replay:Rubber Ducky":42,"Replay:Bandana":49,"Centennial Puzzle":56,"testmod-Alchemist":0,"Strawberry":25,"Ring of Peace":57,"astrologer:SkyMirror":0,"HandDrill":63,"Replay:Bottled Eggs":63,"AT_GuinsooRageblade":59,"InkBottle":42,"Potion Belt":41,"Dota2Spire:HandOfMidas":63,"AT_RedTearstoneRing":35,"testmod-TestBox":0,"AT_Manta":49,"Dota2Spire:BlackKingBar":54,"Golden Idol":5,"Blue Candle":66,"Dota2Spire:BattleFury":70,"AT_SilverBalance":75,"aspiration:HummingbirdHeart":68,"Seething Fire":0,"War Paint":57,"Frozen Egg 2":70,"testmod-Justice":77,"vexMod:Dragonfruit":35,"Anvil of the Gods":0,"Dota2Spire:LinkenSphere":21,"ReplayTheSpireMod:Ring of Challenge":57,"AT_SunfireAegis":77,"REME_ComplimentaryCards":0}],"InkBottle":[43]},"card_choices":[{"not_picked":["astrologer:Premonition","astrologer:Death"],"picked":"astrologer:BlackHole","floor":0.0},{"not_picked":["astrologer:SpaceDust","astrologer:LonelyStar"],"picked":"astrologer:Still","floor":1.0},{"not_picked":["astrologer:MeteorShower","astrologer:StarOfRegret"],"picked":"astrologer:Eclipse","floor":2.0},{"not_picked":["astrologer:Opposition","astrologer:MeteorShower"],"picked":"astrologer:TheLovers","floor":4.0},{"not_picked":["astrologer:SolarFlare","astrologer:FrozenStar"],"picked":"astrologer:Moonlight","floor":7.0},{"not_picked":["astrologer:Opposition","astrologer:Nova"],"picked":"astrologer:CometStrike","floor":10.0},{"not_picked":["astrologer:Stardust","astrologer:Temperance","astrologer:SolarFlare"],"picked":"SKIP","floor":12.0},{"not_picked":["astrologer:Opposition","astrologer:Prismatic","astrologer:ReadTheStars"],"picked":"SKIP","floor":14.0},{"not_picked":["astrologer:DarkMatter","astrologer:Fate"],"picked":"astrologer:Starfield","floor":16.0},{"not_picked":["astrologer:Temperance","astrologer:Opposition"],"picked":"astrologer:Retelling","floor":18.0},{"not_picked":["astrologer:FrozenStar","astrologer:Stardust","astrologer:Still"],"picked":"SKIP","floor":22.0},{"not_picked":["astrologer:Still","astrologer:FadingStar"],"picked":"astrologer:TheEmperor","floor":23.0},{"not_picked":["astrologer:MeteorShower","astrologer:SpaceDust","astrologer:Eclipse"],"picked":"SKIP","floor":24.0},{"not_picked":["astrologer:Stardust","astrologer:Eclipse+1","astrologer:Still+1"],"picked":"SKIP","floor":27.0},{"not_picked":["astrologer:SolarFlare","astrologer:Stardust","astrologer:Conjunction"],"picked":"SKIP","floor":28.0},{"not_picked":["astrologer:CometStrike+1","astrologer:Conjunction","astrologer:LonelyStar"],"picked":"Singing Bowl","floor":30.0},{"not_picked":["astrologer:FrozenStar+1","astrologer:SpaceDust","astrologer:Still"],"picked":"Singing Bowl","floor":31.0},{"not_picked":["astrologer:WheelofFortune","astrologer:Alignment"],"picked":"astrologer:Trine","floor":33.0},{"not_picked":["astrologer:MeteorShower+1","astrologer:FadingStar","astrologer:SpaceDust+1"],"picked":"Singing Bowl","floor":35.0},{"not_picked":["astrologer:TheEmpress+1","astrologer:MeteorShower+1","astrologer:Stardust+1"],"picked":"Singing Bowl","floor":37.0},{"not_picked":["testmod-Bloodthirsty","testmod-Recap"],"picked":"Secret Weapon","floor":38.0},{"not_picked":["testmod-Reflect","testmod-PulseDistributor"],"picked":"Enlightenment","floor":38.0},{"not_picked":["Replay:Bootleg Shield Generator","testmod-Bloodthirsty"],"picked":"REME_PuzzleBox","floor":38.0},{"not_picked":["astrologer:Sunrise","astrologer:TheEmperor+1"],"picked":"astrologer:TheMoon+1","floor":40.0},{"not_picked":["astrologer:FrozenStar","astrologer:TheEmpress"],"picked":"astrologer:Strength","floor":44},{"not_picked":["astrologer:ReadTheStars+1","astrologer:SolarFlare"],"picked":"astrologer:TheHermit","floor":45},{"not_picked":["astrologer:Strength","astrologer:Opposition+1","astrologer:Radiance+1"],"picked":"Singing Bowl","floor":47},{"not_picked":["astrologer:FrozenStar+1","astrologer:TheEmpress","astrologer:Still"],"picked":"Singing Bowl","floor":54}],"player_experience":27257,"relics_obtained":[{"floor":7.0,"key":"Pet Ghost"},{"floor":9.0,"key":"AT_BellDemon"},{"floor":10.0,"key":"Dota2Spire:LinkenSphere"},{"floor":15.0,"key":"Strawberry"},{"floor":19.0,"key":"aspiration:Stabinomicon"},{"floor":22.0,"key":"Dota2Spire:MaskOfMadness"},{"floor":23.0,"key":"Potion Belt"},{"floor":23.0,"key":"Regal Pillow"},{"floor":24.0,"key":"InkBottle"},{"floor":26.0,"key":"Replay:Rubber Ducky"},{"floor":27.0,"key":"astrologer:Telescope"},{"floor":28.0,"key":"Replay:Bandana"},{"floor":28.0,"key":"AT_Manta"},{"floor":30.0,"key":"Singing Bowl"},{"floor":31.0,"key":"Dota2Spire:BlackKingBar"},{"floor":33.0,"key":"Centennial Puzzle"},{"floor":35.0,"key":"War Paint"},{"floor":36.0,"key":"Ring of Peace"},{"floor":36.0,"key":"ReplayTheSpireMod:Ring of Challenge"},{"floor":37.0,"key":"AT_GuinsooRageblade"},{"floor":40.0,"key":"Dota2Spire:HandOfMidas"},{"floor":40.0,"key":"Replay:Bottled Eggs"},{"floor":44,"key":"Blue Candle"},{"floor":45,"key":"aspiration:HummingbirdHeart"},{"floor":47,"key":"Frozen Egg 2"},{"floor":54,"key":"AT_SunfireAegis"},{"floor":54,"key":"testmod-Justice"}],"event_choices":[{"damage_healed":0.0,"max_hp_gain":0.0,"max_hp_loss":0.0,"gold_gain":0.0,"event_name":"Golden Idol","player_choice":"Take Damage","floor":3.0,"gold_loss":0.0,"damage_taken":17.0,"relics_obtained":["Golden Idol"]},{"damage_healed":0.0,"max_hp_gain":0.0,"max_hp_loss":0.0,"gold_gain":275.0,"event_name":"Golden Shrine","player_choice":"Desecrate","floor":5.0,"gold_loss":0.0,"damage_taken":0.0,"cards_obtained":["Regret"]},{"damage_healed":0.0,"max_hp_gain":0.0,"max_hp_loss":0.0,"gold_gain":0.0,"event_name":"Cursed Tome","player_choice":"Obtained Book","floor":19.0,"gold_loss":0.0,"damage_taken":16.0},{"damage_healed":0.0,"max_hp_gain":0.0,"max_hp_loss":0.0,"gold_gain":0.0,"event_name":"Vampires","player_choice":"Ignored","floor":20.0,"gold_loss":0.0,"damage_taken":0.0},{"damage_healed":0.0,"max_hp_gain":0.0,"max_hp_loss":0.0,"gold_gain":0.0,"event_name":"SensoryStone","player_choice":"Memory 3","floor":38.0,"gold_loss":0.0,"damage_taken":10.0},{"damage_healed":0.0,"max_hp_gain":0.0,"max_hp_loss":0.0,"gold_gain":0.0,"event_name":"Upgrade Shrine","player_choice":"Ignored","floor":39.0,"gold_loss":0.0,"damage_taken":0.0}],"is_beta":false,"boss_relics":[{"not_picked":["testmod-Recursion","Replay:Bronze Core"],"picked":"Dota2Spire:RefresherOrb"},{"not_picked":["vexMod:MysteryBossChallenge","Replay:Drink Me"],"picked":"SacredBark"}],"items_purged_floors":[],"is_endless":false,"potions_floor_spawned":[1,2,4,14,18,23,40,44],"ascension_level":0}}