{"host":"xe18zxp7krnsfrwn","time":1610095650,"event":{"mods":["BaseMod","BetterRewards","Colored Map","Downfall","Hubris","Infinite Spire","Minty Spire (QoL Compilation)","Replay The Spire","StSLib","The Animator","The Elementalist","The Runesmith","The Saiyan"],"gold_per_floor":[115,115,115,144,144,172,195,206,206,225,76,100,115,145,145,244,244,269,269,295,3,22,22,50,50,96,96,195,215,215],"floor_reached":29,"playtime":2329,"items_purged":[],"score":229,"play_id":"f3413b6d-aff7-45f5-ac24-7060fe93dcec","local_time":"20210108004730","is_ascension_mode":false,"campfire_choices":[{"floor":15,"key":"REST"},{"floor":23,"key":"REST"},{"floor":25,"key":"REST"},{"data":"animator:Ainz","floor":27,"key":"SMITH"}],"circlet_count":0,"master_deck":["animator:Strike_Konosuba","animator:Defend_Konosuba","animator:Strike","animator:Defend","animator:Defend","animator:Kazuma","animator:Aqua","animator:Ciel","animator:Fredrika","animator:Magilou","animator:ShinjiMatou","animator:ChaikaTrabant","animator:Hans","animator:Melzalgald","animator:ItamiYouji","animator:Arpeggio","animator:Bozes","animator:Ainz+1","animator:Chris","animator:Megumin+3","animator:Chris","animator:EmiyaShirou+1","animator:LimeBell","animator:Berserker","animator:Tatsumaki","animator:Alexander","animator:Ciel"],"relics":["animator:TheMissingPiece","hubris:RunicObelisk","Red Skull","Blue Candle","hubris:HerbalPaste","animator:RacePiece","hubris:PeanutButter","infinitespire:PuzzleCube"],"acts_visited":["Exordium","TheCity"],"potions_floor_usage":[12,18,20,24],"damage_taken":[{"damage":0,"enemies":"Small Slimes","floor":1,"turns":5},{"damage":4,"enemies":"Jaw Worm","floor":4,"turns":4},{"damage":59,"enemies":"Gremlin Nob","floor":6,"turns":7},{"damage":0,"enemies":"Cultist","floor":7,"turns":3},{"damage":0,"enemies":"2 Fungi Beasts","floor":8,"turns":4},{"damage":4,"enemies":"Lots of Slimes","floor":10,"turns":4},{"damage":0,"enemies":"Red Slaver","floor":12,"turns":2},{"damage":0,"enemies":"Exordium Wildlife","floor":13,"turns":3},{"damage":5,"enemies":"Looter","floor":14,"turns":2},{"damage":30,"enemies":"The Guardian","floor":16,"turns":8},{"damage":18,"enemies":"Spheric Guardian","floor":18,"turns":4},{"damage":14,"enemies":"Chosen","floor":20,"turns":5},{"damage":23,"enemies":"Centurion and Healer","floor":22,"turns":5},{"damage":19,"enemies":"Shelled Parasite and Fungi","floor":24,"turns":5},{"damage":51,"enemies":"Nightmare","floor":29,"turns":9}],"seed_played":"4771944827096202723","potions_obtained":[{"floor":6,"key":"Block Potion"},{"floor":8,"key":"champ:CounterPotion"},{"floor":12,"key":"Milkshake"},{"floor":18,"key":"sneckomod:MuddlingPotion"},{"floor":20,"key":"Dexterity Potion"}],"is_trial":false,"path_per_floor":["M","?","?","M","?","E","M","M","T","M","$","M","M","M","R","B",null,"M","?","M","$","M","R","M","R","T","R","?","NM"],"character_chosen":"THE_ANIMATOR","items_purchased":["hubris:HerbalPaste","hubris:PeanutButter","animator:Tatsumaki"],"campfire_rested":3,"item_purchase_floors":[11,21,21],"current_hp_per_floor":[66,66,66,64,64,6,6,8,8,6,6,9,17,17,37,15,68,51,39,33,33,18,38,25,45,45,45,45,0,0],"gold":215,"neow_bonus":"BOSS_RELIC","is_daily":false,"chose_seed":false,"campfire_upgraded":1,"win_rate":0.0,"timestamp":1610095650,"path_taken":["M","?","?","?","?","E","?","M","T","M","?","M","M","M","R","BOSS","M","?","M","?","M","R","M","R","T","R","?","NM"],"items_purchased_type":["Relic","Relic","Card"],"build_version":"2020-12-22","purchased_purges":0,"victory":false,"max_hp_per_floor":[66,66,66,66,66,67,67,67,67,67,67,67,68,68,68,68,68,68,68,68,68,68,68,68,68,68,68,68,68,68],"card_choices":[{"not_picked":["animator:Ain","animator:AcuraTooru"],"picked":"animator:Ciel","floor":1},{"not_picked":["animator:ChaikaBohdan","animator:Berserker"],"picked":"animator:Fredrika","floor":4},{"not_picked":["animator:SakuraMatou","animator:Mitsurugi"],"picked":"animator:ChaikaTrabant","floor":6},{"not_picked":["animator:Kazuma","animator:Megumin"],"picked":"animator:Hans","floor":7},{"not_picked":["animator:Add","animator:SakuraMatou","animator:Ara"],"picked":"SKIP","floor":8},{"not_picked":["animator:YaoHaDucy","animator:Ara"],"picked":"animator:Melzalgald","floor":10},{"not_picked":["animator:Cocytus","animator:ChaikaBohdan"],"picked":"animator:ItamiYouji","floor":12},{"not_picked":["animator:TukaLunaMarceau","animator:Kuribayashi"],"picked":"animator:Arpeggio","floor":13},{"not_picked":["animator:Fredrika","animator:ShinjiMatou"],"picked":"animator:Bozes","floor":14},{"not_picked":["animator:Albedo","animator:Boros"],"picked":"animator:Ainz","floor":16},{"not_picked":["animator:Chung","animator:RoryMercury"],"picked":"animator:EmiyaShirou+1","floor":18},{"not_picked":["animator:ShinjiMatou","animator:Kazuma"],"picked":"animator:Berserker","floor":20},{"not_picked":["animator:ShinjiMatou","animator:EmiyaShirou"],"picked":"animator:Alexander","floor":22},{"not_picked":["animator:Berserker","animator:Lancer+1"],"picked":"animator:Ciel","floor":24}],"player_experience":468353,"relics_obtained":[{"floor":6,"key":"Red Skull"},{"floor":9,"key":"Blue Candle"},{"floor":26,"key":"infinitespire:PuzzleCube"}],"event_choices":[{"damage_healed":0,"gold_gain":0,"player_choice":"Ignored","damage_taken":0,"max_hp_gain":0,"max_hp_loss":0,"event_name":"Golden Wing","floor":2,"gold_loss":0},{"damage_healed":0,"gold_gain":0,"player_choice":"Ignored","damage_taken":0,"max_hp_gain":0,"max_hp_loss":0,"event_name":"NoteForYourself","floor":3,"gold_loss":0},{"damage_healed":0,"gold_gain":0,"player_choice":"2 cards matched","damage_taken":0,"max_hp_gain":0,"max_hp_loss":0,"event_name":"Match and Keep!","floor":5,"gold_loss":0,"cards_obtained":["animator:Magilou","animator:ShinjiMatou"]},{"damage_healed":0,"gold_gain":0,"player_choice":"CARD ","damage_taken":12,"max_hp_gain":0,"max_hp_loss":0,"event_name":"Knowing Skull","floor":19,"potions_obtained":[],"gold_loss":0,"cards_obtained":["animator:LimeBell"]},{"damage_healed":0,"gold_gain":99,"player_choice":"Stole From Cult","damage_taken":0,"max_hp_gain":0,"max_hp_loss":0,"event_name":"Nest","floor":28,"gold_loss":0}],"is_beta":false,"boss_relics":[{"not_picked":["Coffee Dripper","Painkiller Herb"],"picked":"animator:RacePiece"}],"items_purged_floors":[],"is_endless":false,"potions_floor_spawned":[6,8,12,18,20],"killed_by":"Nightmare","ascension_level":0}}