{"host":"ig7tc0uedzltt2sr","time":1610064014,"event":{"mods":["BaseMod","Better Twitch Integration","Block Reminder","Colored Map","Colored Powertips","Communication Mod","Current Relic Mod","GifTheSpireLib","HexUI Lib","Minty Spire (QoL Compilation)","Quick Restart","Random Character Button","Rare Cards Sparkle","Relic Sorter","Relic Stats","Slay the Relics Exporter","StSLib","SuperFastMode","Synergy Search","Twitch Decklist","Twitch Utils","everything is the same but u backflip on backflip","slay the spire mod where everything is the same but ironclad has a cowboy hat"],"gold_per_floor":[114,114,114,132,132,132,132,132,156,12,12,12,31,0,0,0,0],"floor_reached":16,"playtime":59,"items_purged":[],"score":86,"play_id":"29f1ba38-4f49-47f0-a329-2456f0bd65d7","local_time":"20210107160014","is_ascension_mode":false,"campfire_choices":[{"floor":12,"key":"REST"},{"floor":15,"key":"REST"}],"circlet_count":0,"master_deck":["Strike_R","Strike_R","Strike_R","Strike_R","Defend_R","Defend_R","Defend_R","Defend_R","Bash","Evolve","Rampage","Impervious","Bloodletting"],"relics":["Burning Blood","NeowsBlessing","Bag of Preparation","HandDrill"],"acts_visited":["Exordium"],"potions_floor_usage":[],"damage_taken":[{"damage":0,"enemies":"Cultist","floor":1,"turns":2},{"damage":0,"enemies":"2 Louse","floor":4,"turns":3},{"damage":1,"enemies":"Jaw Worm","floor":13,"turns":2},{"damage":12,"enemies":"Looter","floor":14,"turns":5},{"damage":96,"enemies":"Slime Boss","floor":16,"turns":9}],"seed_played":"-5494401820865025259","potions_obtained":[{"floor":13,"key":"EntropicBrew"}],"is_trial":false,"path_per_floor":["M","$","$","M","?","T","?","$","T","$","?","R","M","M","R","B"],"character_chosen":"IRONCLAD","items_purchased":["HandDrill"],"campfire_rested":2,"item_purchase_floors":[10],"current_hp_per_floor":[80,80,80,80,85,85,85,85,85,85,85,85,85,79,85,0,0],"gold":0,"neow_bonus":"THREE_ENEMY_KILL","is_daily":false,"chose_seed":false,"campfire_upgraded":0,"win_rate":0.0,"timestamp":1610064014,"path_taken":["M","?","$","M","?","?","?","$","T","?","?","R","M","M","R","BOSS"],"items_purchased_type":["Relic"],"build_version":"2020-12-22","purchased_purges":0,"victory":false,"max_hp_per_floor":[80,80,80,80,85,85,85,85,85,85,85,85,85,85,85,85,85],"relic_stats":{"counters":[5,21],"Bag of Preparation":[6],"HandDrill":[2],"obtain_stats":[{"NeowsBlessing":0,"Bag of Preparation":9,"HandDrill":10,"Burning Blood":0},{"NeowsBlessing":0,"Bag of Preparation":2,"HandDrill":2,"Burning Blood":0},{"NeowsBlessing":0,"Bag of Preparation":5,"HandDrill":5,"Burning Blood":0}],"Burning Blood":7},"card_choices":[{"not_picked":["Armaments","Second Wind"],"picked":"Evolve","floor":1},{"not_picked":["Clothesline","Wild Strike"],"picked":"Rampage","floor":4},{"not_picked":["True Grit","Pommel Strike"],"picked":"Impervious","floor":13},{"not_picked":["Battle Trance","Burning Pact"],"picked":"Bloodletting","floor":14}],"player_experience":1462554,"relics_obtained":[{"floor":9,"key":"Bag of Preparation"}],"event_choices":[{"damage_healed":0,"gold_gain":0,"player_choice":"Donut","damage_taken":0,"max_hp_gain":5,"max_hp_loss":0,"event_name":"Big Fish","floor":5,"gold_loss":0},{"damage_healed":0,"gold_gain":0,"player_choice":"Ignored","damage_taken":0,"max_hp_gain":0,"max_hp_loss":0,"event_name":"Shining Light","floor":7,"gold_loss":0},{"cards_removed":["Strike_R"],"damage_healed":0,"gold_gain":0,"player_choice":"Forget","damage_taken":0,"max_hp_gain":0,"max_hp_loss":0,"event_name":"Living Wall","floor":11,"gold_loss":0}],"is_beta":false,"boss_relics":[],"items_purged_floors":[],"is_endless":false,"potions_floor_spawned":[13],"killed_by":"Slime Boss","ascension_level":0}}