{"host":"foq4mrde4mssg7vt","time":1610130901,"event":{"mods":["AchievementEnabler","BaseMod","Colored Map","Colored Powertips","Highlight Path","Minty Spire (QoL Compilation)","Relic Stats","everything is the same but u backflip on backflip"],"gold_per_floor":[109,125,136,61,71,71,106,106,153,153,113,143,156,191,191,265,265,275,275,325,325,40,40,53,63,63,63,63,75,119,141,141,141,141],"floor_reached":33,"playtime":1380,"items_purged":["Strike_G","Accuracy+1"],"score":556,"play_id":"f617031e-e3f0-4946-9291-e7ac6595f8d4","local_time":"20210109023501","is_ascension_mode":true,"campfire_choices":[{"data":"Sucker Punch","floor":6.0,"key":"SMITH"},{"data":"Poisoned Stab","floor":8.0,"key":"SMITH"},{"data":"Acrobatics","floor":10.0,"key":"SMITH"},{"data":"Bouncing Flask","floor":15.0,"key":"SMITH"},{"floor":23.0,"key":"REST"},{"data":"Noxious Fumes","floor":27.0,"key":"SMITH"},{"floor":32.0,"key":"REST"}],"circlet_count":0,"master_deck":["AscendersBane","Strike_G+1","Strike_G+1","Defend_G+1","Defend_G+1","Defend_G+1","Defend_G+1","Survivor","Neutralize","Quick Slash+1","Eviscerate+1","Sucker Punch+1","Poisoned Stab+1","All Out Attack","Acrobatics+1","Bouncing Flask+1","Footwork","Cloak And Dagger","Malaise","PiercingWail","Noxious Fumes+1","Prepared","Dodge and Roll","Tools of the Trade","Crippling Poison","Leg Sweep"],"relics":["Astrolabe","Potion Belt","Omamori","Pen Nib","Philosopher\u0027s Stone","Blood Vial","CeramicFish"],"acts_visited":["Exordium","TheCity"],"potions_floor_usage":[33],"damage_taken":[{"damage":4.0,"enemies":"Small Slimes","floor":1.0,"turns":4.0},{"damage":0.0,"enemies":"Cultist","floor":2.0,"turns":3.0},{"damage":0.0,"enemies":"Jaw Worm","floor":3.0,"turns":3.0},{"damage":0.0,"enemies":"2 Fungi Beasts","floor":5.0,"turns":3.0},{"damage":19.0,"enemies":"3 Sentries","floor":7.0,"turns":6.0},{"damage":21.0,"enemies":"Gremlin Nob","floor":12.0,"turns":4.0},{"damage":0.0,"enemies":"3 Louse","floor":13.0,"turns":2.0},{"damage":6.0,"enemies":"Lagavulin","floor":14.0,"turns":7.0},{"damage":20.0,"enemies":"Hexaghost","floor":16.0,"turns":8.0},{"damage":20.0,"enemies":"3 Byrds","floor":18.0,"turns":4.0},{"damage":5.0,"enemies":"Chosen","floor":24.0,"turns":6.0},{"damage":6.0,"enemies":"Snecko","floor":25.0,"turns":5.0},{"damage":10.0,"enemies":"Snake Plant","floor":29.0,"turns":2.0},{"damage":27.0,"enemies":"Slavers","floor":30.0,"turns":7.0},{"damage":0.0,"enemies":"Shelled Parasite and Fungi","floor":31.0,"turns":6.0},{"damage":32,"enemies":"Automaton","floor":33,"turns":10}],"seed_played":"7161296154928298136","potions_obtained":[{"floor":1.0,"key":"SneckoOil"},{"floor":2.0,"key":"Energy Potion"},{"floor":5.0,"key":"Regen Potion"},{"floor":11.0,"key":"GhostInAJar"},{"floor":11.0,"key":"Fire Potion"},{"floor":11.0,"key":"SteroidPotion"},{"floor":16.0,"key":"SkillPotion"},{"floor":24.0,"key":"BlessingOfTheForge"},{"floor":30.0,"key":"Block Potion"},{"floor":31.0,"key":"AttackPotion"}],"is_trial":false,"path_per_floor":["M","M","M","$","M","R","E","R","T","R","?","E","M","E","R","B",null,"M","?","?","?","$","R","M","M","T","R","$","M","E","M","R","B"],"character_chosen":"THE_SILENT","items_purchased":["Noxious Fumes","Prepared","Dodge and Roll"],"campfire_rested":2,"item_purchase_floors":[22,22,22],"current_hp_per_floor":[55,55,55,55,55,55,51,51,51,51,51,30,30,24,24,4,51,31,31,31,31,31,50,45,39,39,39,39,31,6,8,27,0,0],"gold":141,"neow_bonus":"BOSS_RELIC","is_daily":false,"chose_seed":false,"campfire_upgraded":5,"win_rate":0.0,"timestamp":1610130901,"path_taken":["M","M","M","$","M","R","E","R","T","R","?","E","?","E","R","BOSS","M","?","?","?","$","R","M","M","T","R","?","M","E","?","R","BOSS"],"items_purchased_type":["Card","Card","Card"],"build_version":"2020-12-22","purchased_purges":2,"victory":false,"max_hp_per_floor":[66,66,66,66,66,66,66,66,66,66,66,66,66,66,66,66,66,66,66,66,66,66,66,66,66,66,66,66,66,66,66,66,66,66],"relic_stats":{"Blood Vial":8,"counters":[16,80],"Astrolabe":["Quick Slash","Accuracy","Eviscerate"],"CeramicFish":18,"Pen Nib":[7],"obtain_stats":[{"Potion Belt":9,"Blood Vial":26,"Astrolabe":0,"CeramicFish":30,"Philosopher\u0027s Stone":17,"Pen Nib":14,"Omamori":12,"Ring of the Snake":0},{"Potion Belt":5,"Blood Vial":12,"Astrolabe":0,"CeramicFish":14,"Philosopher\u0027s Stone":9,"Pen Nib":8,"Omamori":6,"Ring of the Snake":0},{"Potion Belt":19,"Blood Vial":55,"Astrolabe":0,"CeramicFish":64,"Philosopher\u0027s Stone":40,"Pen Nib":32,"Omamori":23,"Ring of the Snake":0}]},"card_choices":[{"not_picked":["Heel Hook","Prepared"],"picked":"Sucker Punch","floor":1.0},{"not_picked":["Dodge and Roll","Underhanded Strike"],"picked":"Poisoned Stab","floor":2.0},{"not_picked":["Bane","Dodge and Roll"],"picked":"All Out Attack","floor":3.0},{"not_picked":["Endless Agony","Dagger Spray"],"picked":"Acrobatics","floor":5.0},{"not_picked":["Underhanded Strike","Poisoned Stab","Burst"],"picked":"SKIP","floor":7.0},{"not_picked":["Deflect","Dagger Spray"],"picked":"Bouncing Flask","floor":12.0},{"not_picked":["Dagger Spray","Terror"],"picked":"Footwork","floor":13.0},{"not_picked":["Flechettes","Acrobatics"],"picked":"Cloak And Dagger","floor":14.0},{"not_picked":["Adrenaline","Doppelganger"],"picked":"Malaise","floor":16.0},{"not_picked":["Heel Hook","Poisoned Stab"],"picked":"PiercingWail","floor":18.0},{"not_picked":["PiercingWail","Acrobatics","Tactician"],"picked":"SKIP","floor":24.0},{"not_picked":["Prepared","Dagger Spray","Bouncing Flask"],"picked":"SKIP","floor":25.0},{"not_picked":["Blade Dance","Caltrops+1"],"picked":"Tools of the Trade","floor":29.0},{"not_picked":["Underhanded Strike","Accuracy"],"picked":"Crippling Poison","floor":30.0},{"not_picked":["Dash","Masterful Stab"],"picked":"Leg Sweep","floor":31.0}],"player_experience":415599,"relics_obtained":[{"floor":9.0,"key":"Potion Belt"},{"floor":12.0,"key":"Omamori"},{"floor":14.0,"key":"Pen Nib"},{"floor":26.0,"key":"Blood Vial"},{"floor":30.0,"key":"CeramicFish"}],"event_choices":[{"damage_healed":0.0,"max_hp_gain":0.0,"max_hp_loss":0.0,"gold_gain":0.0,"event_name":"The Woman in Blue","player_choice":"Bought 3 Potions","floor":11.0,"gold_loss":0.0,"damage_taken":0.0},{"damage_healed":0.0,"max_hp_gain":0.0,"max_hp_loss":0.0,"gold_gain":0.0,"event_name":"Back to Basics","player_choice":"Simplicity","floor":19.0,"gold_loss":0.0,"damage_taken":0.0,"cards_upgraded":["Strike_G","Strike_G","Defend_G","Defend_G","Defend_G","Defend_G"]},{"damage_healed":0.0,"max_hp_gain":0.0,"max_hp_loss":0.0,"gold_gain":50.0,"event_name":"Nest","player_choice":"Stole From Cult","floor":20.0,"gold_loss":0.0,"damage_taken":0.0},{"damage_healed":0.0,"max_hp_gain":0.0,"max_hp_loss":0.0,"gold_gain":0.0,"event_name":"Vampires","player_choice":"Ignored","floor":21.0,"gold_loss":0.0,"damage_taken":0.0}],"is_beta":false,"boss_relics":[{"not_picked":["HoveringKite","Ectoplasm"],"picked":"Philosopher\u0027s Stone"}],"items_purged_floors":[4,22],"is_endless":false,"potions_floor_spawned":[1,2,5,16,24,30,31],"killed_by":"Automaton","ascension_level":19}}