{"host":"43gh4c2f6tt319we","time":1610111369,"event":{"mods":["ATMod(∞¢Ë™Mod)","Act Like it!","BaseMod","Gensokyo","KinomotoSakuraMod(ƒæ÷Æ±æ”£)","Lobotomy","Minty Spire (QoL Compilation)","Pale of the Ancients","Reimu£®≤©¿ˆ¡È√Œ£©","Remilia£®¿Ÿ√◊¿Ú—«£©","StSLib","The Alterego","The Animator","The Bug Knight","Youmu£®ªÍ∆«—˝√Œ£©"],"gold_per_floor":[999,1014,1014,1028,1028,1028,1028,1046,1046,1046,734,250,250,266,284,284,383,383,399,99,60,60,78,109,109],"floor_reached":74,"playtime":2407,"items_purged":[],"score":504,"play_id":"5b18a33d-7b2c-41e4-93f2-f2efeffa56d7","local_time":"20210108220929","is_ascension_mode":false,"campfire_choices":[{"data":"Apotheosis","floor":57,"key":"SMITH"},{"data":"Gensokyo:GapWoman","floor":63,"key":"SMITH"},{"data":"AT_OneInchPunch","floor":66,"key":"SMITH"}],"circlet_count":0,"master_deck":["HollowMod:NailStrikeStart","HollowMod:NailStrikeStart","HollowMod:NailStrikeStart","HollowMod:QuickDashStart","HollowMod:QuickDashStart","HollowMod:QuickDashStart","HollowMod:QuickDashStart","HollowMod:FocusHealStart","HollowMod:PogoStrike","AT_OneInchPunch+1","Apotheosis+1","HollowMod:CloakDash","HollowMod:SharpenedShadows","HollowMod:DesolateDive+1","HollowMod:BaldurShell","Gensokyo:GapWoman+1","HollowMod:SoulEater","AT_TearsDenial","HollowMod:WraithStrike","HollowMod:LordofShades","HollowMod:VoidDash","CurseOfTheBell","HollowMod:DescendingDark","HollowMod:NewLastStag","HollowMod:AbyssShriek"],"relics":["HollowMod:VesselMask","AT_ATBox","Gensokyo:PortableGap","AT_Manta","AT_TimeSand","Calling Bell","Bag of Preparation","Mercury Hourglass","CaptainsWheel","Incense Burner","TungstenRod","Ornamental Fan"],"acts_visited":["Exordium","Gensokyo:Gensokyo"],"potions_floor_usage":[65],"damage_taken":[{"damage":0,"enemies":"Gensokyo:Python","floor":52,"turns":2},{"damage":0,"enemies":"Gensokyo:2_Kodama","floor":54,"turns":3},{"damage":0,"enemies":"Gensokyo:3_Fairies","floor":58,"turns":2},{"damage":0,"enemies":"Gensokyo:LivingMonolith","floor":64,"turns":3},{"damage":2,"enemies":"Gensokyo:3_Kodama","floor":65,"turns":4},{"damage":0,"enemies":"Gensokyo:Reimu","floor":67,"turns":7},{"damage":15,"enemies":"Gensokyo:3_Dogs","floor":69,"turns":4},{"damage":6,"enemies":"Gensokyo:CosmicMonolith","floor":73,"turns":5},{"damage":14,"enemies":"Gensokyo:Reisen","floor":74,"turns":5}],"seed_played":"-1333367568662771972","potions_obtained":[{"floor":58,"key":"SneckoOil"},{"floor":64,"key":"GamblersBrew"},{"floor":74,"key":"SteroidPotion"}],"is_trial":false,"path_per_floor":["M","?","M","?","?","R","M","?","T","COS","$","R","M","M","R","B",null,"M","?","$","?","M","E"],"character_chosen":"THE_BUGKNIGHT","items_purchased":["AT_TimeSand","HollowMod:SoulEater","AT_TearsDenial","HollowMod:AbyssShriek"],"campfire_rested":0,"item_purchase_floors":[62,62,62,71],"current_hp_per_floor":[75,75,75,75,75,75,75,75,75,74,74,74,74,74,72,72,72,74,59,59,59,59,53,39,39],"gold":109,"neow_bonus":"RANDOM_COLORLESS_2","is_daily":false,"chose_seed":false,"campfire_upgraded":3,"win_rate":0.0,"timestamp":1610111369,"path_taken":["M","?","M","?","?","R","?","?","T","COS","?","R","M","?","R","BOSS","M","?","$","?","M","E"],"items_purchased_type":["Relic","Card","Card","Card"],"build_version":"2020-12-22","purchased_purges":0,"victory":false,"max_hp_per_floor":[95,95,86,83,80,80,77,77,77,74,74,74,74,74,74,74,74,74,74,74,74,74,74,74,74],"card_choices":[{"not_picked":["Secret Weapon","HandOfGreed"],"picked":"Apotheosis","floor":0},{"not_picked":["HollowMod:NewJinnsSoul","HollowMod:GoodIntentions"],"picked":"HollowMod:CloakDash","floor":52},{"not_picked":["HollowMod:SiblingsSouls","HollowMod:HeavyBlow"],"picked":"HollowMod:SharpenedShadows","floor":54},{"not_picked":["HollowMod:BrokenVessel","HollowMod:MonarchWings"],"picked":"HollowMod:BaldurShell","floor":58},{"not_picked":["HollowMod:ChannelNail","HollowMod:NewJinnsSoul"],"picked":"HollowMod:WraithStrike","floor":64},{"not_picked":["HollowMod:AwokenDreamNail","HollowMod:PureVessel"],"picked":"HollowMod:LordofShades","floor":65},{"not_picked":["HollowMod:FallenFury","HollowMod:InfectedAttack","HollowMod:Grubsong"],"picked":"SKIP","floor":65},{"not_picked":["HollowMod:MidwifesHunger","HollowMod:HerrahsAnger"],"picked":"HollowMod:VoidDash","floor":67},{"not_picked":["HollowMod:ShapeofUnn","HollowMod:VengefulVoid"],"picked":"HollowMod:DescendingDark","floor":69},{"not_picked":["HollowMod:NewLittleFool","HollowMod:HowlingWraiths","HollowMod:LifebloodCocoon"],"picked":"SKIP","floor":73}],"player_experience":492408,"relics_obtained":[{"floor":60,"key":"AT_Manta"},{"floor":68,"key":"Bag of Preparation"},{"floor":68,"key":"Mercury Hourglass"},{"floor":68,"key":"CaptainsWheel"},{"floor":74,"key":"Ornamental Fan"}],"event_choices":[],"is_beta":false,"boss_relics":[{"not_picked":["SacredBark","Velvet Choker"],"picked":"Calling Bell"}],"items_purged_floors":[],"is_endless":false,"potions_floor_spawned":[58,64,74],"killed_by":"Gensokyo:Reisen","ascension_level":0}}