{"host":"acczert1kscx59ut","time":1610092283,"event":{"mods":["AchievementEnabler","Act Like it!","Aspiration","Astrologer","BaseMod","Beaked The Cultist","Bestiary","BetterRewards","ChefMod","Clockwork Mod","Conspire","Decade(???)","Dio Mod","Downfall","Duelist Mod","Elementarium","Gensokyo","GifTheSpireLib","Glutton Mod","Gold Saver","Gremlin Mod","GungeonMod","Hallownest","Hermit","Hero for Fun","Hubris","Infinite Spire","Jedi Mod","Jorbs\u0027s Wanderer Trilogy","Koishi","Lobotomy","LobotomyExtend","Mad Scientist","Magitek Elite","Melee Mod","Minty Spire (QoL Compilation)","Quick Restart","Replay The Spire","Robot Space Explorer","Shade Mod","Shedinja","Shop Mod","Somnambulant","Spicy Shops","Spikes Relics","StSLib","Stuff the Spire","SuperFastMode","Td1madao Mod","The Animator","The Blackbeard","The Bug Knight","The Clintock","The Construct","The Cursed","The Death Knight","The Disciple","The Dragon Tamer","The Exalted","The Factory","The Forsaken","The Gatherer","The Hayseed","The Hierophant","The Judge","The Jungle","The Kombatant","The Necromancer","The Problem Sleuth","The Runesmith","The Sage","The Showman","The Trickster","The Valiant","The Vixen","The Wild Card","TheFirefly","Transform Curses","Wandering Minibosses","[IsaacMod]????","thorton","vexMod"],"gold_per_floor":[1552,1566,1583,1597,1184,1184,1209,1209,1235,1235,1235,1261,757,757,757,862,862,882,902,922,935,985,1013,1025,1055,1067,1090,1129,1141,1169,1181,1193,1308,1320,1343,1374,1386,1398,1425,1470,1502,1514,1539,1571,1596,1640,1771,1783,1795],"floor_reached":51,"playtime":1051,"items_purged":[],"score":1538,"play_id":"28544391-2b93-499f-9505-d36519609960","local_time":"20210108025123","is_ascension_mode":false,"campfire_choices":[{"data":"Consecutive_Normal_Punch","floor":6,"key":"SMITH"},{"data":"Hip_Strike","floor":10,"key":"SMITH"},{"data":"Shedinja:AerialAce","floor":15,"key":"SMITH"},{"data":"Consecutive_Normal_Punch","floor":32,"key":"SMITH"},{"data":"hubris:InfiniteBlow+1","floor":49,"key":"SMITH"}],"circlet_count":0,"master_deck":["Strike_Y","Strike_Y","Strike_Y","Strike_Y","Strike_Y","Defend_Y","Defend_Y","Defend_Y","Defend_Y","Defend_Y","Hip_Strike+1","Toss_Stone","Toss_Stone","Toss_Stone","Normal_Punch","Slap+1","Consecutive_Normal_Punch+1","Normal_Punch","Slap","Normal_Punch","Slap+1","Slap","Replay:Resounding Blow+1","Shedinja:AerialAce+1","Serious_Punch+1","Toss_Stone","Do_Nothing","Hop","Normal_Punch","Slap","Toss_Stone","Hop","Consecutive_Normal_Punch+1","Slap+1","Yawn+1","Slap","Bromod:SplitChamber","Mind Blast","blackbeard:WiseDefense","ReplayTheSpireMod:Strike From Hell+1","hubris:Wrath","sneckomod:SnekBite","Oh","expansioncontent:DefensiveStance","hubris:InfiniteBlow+2","UnarmedAttack5","animator:Illya+1","TheSimpletonMod:PestManagement","Life Link+1","Koishi:ParalyzingFear","theDuelist:KoakiMeiruIce+1","stsjorbsmod:WeightOfMemory+1","champ:TornadoPunch+1"],"relics":["Cape","HushsDoor","BelialBook","LetterFromLob","FossilizedHelix","Gremlin Horn","ReplayTheSpireMod:Shallot","ReplayFunnel","ShedSkin_r","ShedSkin_r","ShedSkin_r","ShedSkin_r","ShedSkin_r","Gaze_r","SharpPlug","vexMod:FocusSash","Shedinja:EnergyLoss","Black Star","GuppysHead","DemoMod:GlassGuonStoneRelic","Happy Flower","hubris:CrystalStatue","MawBank","hubris:PeanutButter","aspiration:AnachronicSnailShell","hubris:SlimyHat","DemoMod:LamentConfigurum","MutagenicStrength","PrismaticShard","Gem_Box","DemoMod:ResourcefulSack","ReplayTheSpireMod:SealedPack","hubris:Teleporter","sagemod:Creepy_Carousel","vexMod:BarristanHead","DemoMod:PartiallyEatenCheese","Pocketwatch","infinitespire:EvilPickle"],"acts_visited":["Exordium","TheCity","TheBeyond"],"potions_floor_usage":[21],"damage_taken":[{"damage":0,"enemies":"Small Slimes","floor":1,"turns":1},{"damage":0,"enemies":"2 Louse","floor":2,"turns":1},{"damage":0,"enemies":"Jaw Worm","floor":3,"turns":1},{"damage":0,"enemies":"Exordium Thugs","floor":4,"turns":1},{"damage":0,"enemies":"HollowMod:MossKnight","floor":7,"turns":1},{"damage":0,"enemies":"Blue Slaver","floor":11,"turns":1},{"damage":0,"enemies":"Gremlin Nob","floor":12,"turns":1},{"damage":0,"enemies":"Slime Boss","floor":16,"turns":1},{"damage":0,"enemies":"2 Thieves","floor":18,"turns":1},{"damage":0,"enemies":"Chosen","floor":19,"turns":1},{"damage":0,"enemies":"Snecko","floor":20,"turns":1},{"damage":0,"enemies":"conspire:HollyBat","floor":21,"turns":5},{"damage":0,"enemies":"Hiden Room Battle","floor":22,"turns":1},{"damage":0,"enemies":"Gremlin Leader","floor":23,"turns":1},{"damage":0,"enemies":"Centurion and Healer","floor":25,"turns":1},{"damage":0,"enemies":"Cultist and Chosen","floor":27,"turns":1},{"damage":0,"enemies":"Book of Stabbing","floor":28,"turns":1},{"damage":0,"enemies":"Snake Plant","floor":30,"turns":1},{"damage":0,"enemies":"Pondfish","floor":33,"turns":3},{"damage":0,"enemies":"3 Shapes","floor":35,"turns":1},{"damage":0,"enemies":"Orb Walker","floor":36,"turns":1},{"damage":0,"enemies":"Spire Growth","floor":39,"turns":1},{"damage":0,"enemies":"Nemesis","floor":40,"turns":1},{"damage":0,"enemies":"3 Darklings","floor":41,"turns":1},{"damage":0,"enemies":"Sphere and 2 Shapes","floor":44,"turns":1},{"damage":0,"enemies":"Spire Growth","floor":45,"turns":1},{"damage":0,"enemies":"Writhing Mass","floor":46,"turns":1},{"damage":0,"enemies":"Giant Head","floor":47,"turns":1},{"damage":0,"enemies":"Transient","floor":48,"turns":1},{"damage":0,"enemies":"conspire:OrnateMirror","floor":50,"turns":1},{"damage":0,"enemies":"Malkuth","floor":51,"turns":1},{"damage":0,"enemies":"Yesod","floor":51,"turns":1},{"damage":0,"enemies":"Geburah","floor":51,"turns":4},{"damage":0,"enemies":"Hokma","floor":51,"turns":1},{"damage":0,"enemies":"Angela","floor":51,"turns":1}],"seed_played":"-4461023874080656783","potions_obtained":[{"floor":4,"key":"LiquidBronze"},{"floor":7,"key":"FearPotion"},{"floor":16,"key":"LifebloodPotion"},{"floor":28,"key":"Explosive Potion"}],"is_trial":false,"path_per_floor":["M","M","M","M","$","R","E","?","T","R","M","E","$","?","R","B",null,"M","M","M","M","?","E","?","M","T","M","E","?","M","?","R","B",null,"M","M","AVR","?","M","E","M","T","M","M","M","E","M","R","B",null],"character_chosen":"OPM","items_purchased":["Slap+1","Consecutive_Normal_Punch","FossilizedHelix","vexMod:FocusSash","Normal_Punch","Slap","Replay:Resounding Blow","GuppysHead","Mind Blast"],"campfire_rested":0,"item_purchase_floors":[5,5,5,13,13,13,13,17,34],"current_hp_per_floor":[999,999,999,999,999,999,999,999,999,999,772,772,772,772,772,772,762,762,762,762,762,762,762,762,762,762,762,762,762,762,762,762,762,760,760,760,760,760,760,760,760,760,760,760,760,760,760,760,760],"gold":1807,"neow_bonus":"ONE_RANDOM_RARE_CARD","is_daily":false,"chose_seed":false,"campfire_upgraded":5,"win_rate":0.0,"timestamp":1610092283,"path_taken":["M","M","M","M","$","R","E","?","T","R","M","E","$","?","R","BOSS","M","M","M","M","?","E","?","M","T","?","E","?","?","?","R","BOSS","M","M","AVR","?","M","E","?","T","M","M","M","E","M","R","BOSS"],"items_purchased_type":["Card","Card","Relic","Relic","Card","Card","Card","Relic","Card"],"build_version":"2020-12-22","purchased_purges":0,"victory":true,"max_hp_per_floor":[999,999,999,999,999,999,999,999,999,999,772,772,772,772,772,772,762,762,762,762,762,762,762,762,762,762,762,762,762,762,762,762,762,760,760,760,760,760,760,760,760,760,760,760,760,760,760,760,760],"card_choices":[{"not_picked":[],"picked":"Bomb","floor":0},{"not_picked":["Ignore","Bomb"],"picked":"Toss_Stone","floor":1},{"not_picked":["Bomb","Yawn"],"picked":"Toss_Stone","floor":2},{"not_picked":["Side_Hop","Bomb"],"picked":"Toss_Stone","floor":3},{"not_picked":["Hop","Toss_Stone"],"picked":"Normal_Punch","floor":4},{"not_picked":["Toss_Stone","Yawn"],"picked":"Normal_Punch","floor":7},{"not_picked":["Terrifying_Presence","Bomb"],"picked":"Slap","floor":12},{"not_picked":["Oh","Serious_Side_Hops"],"picked":"Serious_Punch","floor":16},{"not_picked":["Side_Hop+1","Hop"],"picked":"Toss_Stone","floor":18},{"not_picked":["Wear_Disguise","Yawn"],"picked":"Do_Nothing","floor":19},{"not_picked":["Yawn","Ignore"],"picked":"Hop","floor":20},{"not_picked":["Wear_Disguise","Toss_Stone"],"picked":"Normal_Punch","floor":21},{"not_picked":["Wear_Disguise","Toss_Stone"],"picked":"Slap","floor":22},{"not_picked":["Ignore","Terrifying_Presence"],"picked":"Toss_Stone","floor":23},{"not_picked":["Ignore","Do_Nothing"],"picked":"Hop","floor":25},{"not_picked":["Yawn","Slap"],"picked":"Consecutive_Normal_Punch","floor":27},{"not_picked":["Yawn+1","Wear_Disguise"],"picked":"Slap+1","floor":28},{"not_picked":["Side_Hop","Wear_Disguise"],"picked":"Yawn+1","floor":30},{"not_picked":["Hop","Ignore+1"],"picked":"Slap","floor":31},{"not_picked":["construct:SpinDrive","somnambulantmod: Inspiration"],"picked":"Bromod:SplitChamber","floor":33},{"not_picked":["GracefulSiphon+1","beaked:Brace"],"picked":"blackbeard:WiseDefense","floor":35},{"not_picked":["somnambulantmod: ViralIdea","theShowman:ExaggeratedArmSweeps+1"],"picked":"ReplayTheSpireMod:Strike From Hell+1","floor":36},{"not_picked":["SecondHand","blackbeard:Cutlass"],"picked":"sneckomod:SnekBite","floor":37},{"not_picked":["Terrifying_Presence","Serious_Side_Hops"],"picked":"Oh","floor":37},{"not_picked":["StuffTheSpire:FreeRealEstate","Mind Blast"],"picked":"expansioncontent:DefensiveStance","floor":37},{"not_picked":["infinitespire:FinalStrike","infinitespire:SevenWalls"],"picked":"hubris:InfiniteBlow+1","floor":37},{"not_picked":["Guardian:TemporalStrike+1","hierophant:Shelter"],"picked":"UnarmedAttack5","floor":39},{"not_picked":["jedi:BurstFrost","WordoMod:Vulgarity"],"picked":"animator:Illya+1","floor":40},{"not_picked":["chefmod:CleanHouse","chefmod:SushiPlatter"],"picked":"TheSimpletonMod:PestManagement","floor":41},{"not_picked":["TheKombatant:attWeWin","theDuelist:AncientGearChimera+1"],"picked":"Life Link+1","floor":44},{"not_picked":["Gatherer:AromaProtection","Gremlin:Astound+1"],"picked":"Koishi:ParalyzingFear","floor":45},{"not_picked":["theShowman:ShowOfStrength+1","theDuelist:Nameless:War:BlueEyes"],"picked":"theDuelist:KoakiMeiruIce+1","floor":46},{"not_picked":["theDuelist:ImperialTomb+1","EmptyBody"],"picked":"stsjorbsmod:WeightOfMemory+1","floor":47},{"not_picked":["blackbeard:RearmingStrike+1","theDuelist:SkullFlame+1"],"picked":"champ:TornadoPunch+1","floor":48}],"player_experience":221209,"relics_obtained":[{"floor":1,"key":"LetterFromLob"},{"floor":7,"key":"Gremlin Horn"},{"floor":9,"key":"ReplayFunnel"},{"floor":12,"key":"SharpPlug"},{"floor":22,"key":"Happy Flower"},{"floor":22,"key":"hubris:CrystalStatue"},{"floor":23,"key":"MawBank"},{"floor":23,"key":"hubris:PeanutButter"},{"floor":26,"key":"aspiration:AnachronicSnailShell"},{"floor":28,"key":"hubris:SlimyHat"},{"floor":28,"key":"DemoMod:LamentConfigurum"},{"floor":31,"key":"PrismaticShard"},{"floor":40,"key":"hubris:Teleporter"},{"floor":40,"key":"sagemod:Creepy_Carousel"},{"floor":43,"key":"vexMod:BarristanHead"},{"floor":47,"key":"DemoMod:PartiallyEatenCheese"},{"floor":47,"key":"Pocketwatch"}],"event_choices":[{"damage_healed":0,"gold_gain":0,"player_choice":"Fight","damage_taken":0,"max_hp_gain":0,"max_hp_loss":0,"event_name":"HidenRoomEvent","floor":22,"gold_loss":0},{"damage_healed":0,"gold_gain":0,"player_choice":"Inject Mutagens","damage_taken":0,"relics_obtained":["MutagenicStrength"],"max_hp_gain":0,"max_hp_loss":0,"event_name":"Drug Dealer","floor":29,"gold_loss":0},{"damage_healed":0,"gold_gain":0,"player_choice":"Ignored","damage_taken":0,"max_hp_gain":0,"max_hp_loss":0,"event_name":"Tomb of Lord Red Mask","floor":38,"gold_loss":0}],"is_beta":false,"boss_relics":[{"not_picked":["hubris:GrandSneckoEye","hubris:CrackedHourglass"],"picked":"Black Star"},{"not_picked":[]},{"not_picked":["hubris:HollowSoul","Runic Dome"],"picked":"Gem_Box"},{"not_picked":[]}],"items_purged_floors":[],"is_endless":false,"potions_floor_spawned":[4,7,16,19,20,21,28,33,35,40,41,44],"ascension_level":0}}