{"host":"2se5dq1do2gp0x9k","time":1610076297,"event":{"mods":["AchievementEnabler","BaseMod","Block Reminder","Colored Map","Colored Powertips","Minty Spire (QoL Compilation)","Relic Stats","StSLib","SuperFastMode"],"gold_per_floor":[109,82,157,176,326,352,352,385,385,385,454,74,74,48,48,124,124,138,63,78,78,78],"floor_reached":21,"playtime":617,"items_purged":["Doubt"],"score":364,"play_id":"bb4bc8a4-df18-46ab-91b9-67e2b4690e58","local_time":"20210107192457","is_ascension_mode":true,"campfire_choices":[{"data":"WheelKick","floor":7,"key":"SMITH"},{"data":"ThirdEye","floor":10,"key":"SMITH"},{"data":"Panacea","floor":15,"key":"SMITH"}],"circlet_count":0,"master_deck":["AscendersBane","Strike_P","Strike_P","Strike_P","Strike_P","Defend_P","Defend_P","Defend_P","Defend_P","Eruption","Vigilance","WheelKick+1","Evaluate","Tantrum","DevaForm","ThirdEye+1","Panacea+1","Crescendo","Alpha","WaveOfTheHand"],"relics":["PureWater","NeowsBlessing","Gremlin Horn","Pantograph","Frozen Egg 2","Pocketwatch","Sozu"],"acts_visited":["Exordium","TheCity"],"potions_floor_usage":[8,16],"damage_taken":[{"damage":0,"enemies":"2 Louse","floor":1,"turns":1},{"damage":0,"enemies":"Small Slimes","floor":4,"turns":1},{"damage":0,"enemies":"Gremlin Nob","floor":6,"turns":1},{"damage":30,"enemies":"3 Sentries","floor":8,"turns":7},{"damage":38,"enemies":"The Guardian","floor":16,"turns":10},{"damage":22,"enemies":"Shell Parasite","floor":18,"turns":6},{"damage":18,"enemies":"Spheric Guardian","floor":20,"turns":5},{"damage":26,"enemies":"Masked Bandits","floor":21,"turns":2}],"seed_played":"6023090624770607946","potions_obtained":[{"floor":1,"key":"Strength Potion"},{"floor":16,"key":"Fruit Juice"}],"is_trial":false,"path_per_floor":["M","$","?","M","?","E","R","E","T","R","?","$","?","$","R","B",null,"M","$","M","?"],"character_chosen":"WATCHER","items_purchased":["Evaluate","Panacea","Pocketwatch","Crescendo"],"campfire_rested":0,"item_purchase_floors":[2,12,12,14],"current_hp_per_floor":[61,61,50,50,50,50,50,20,20,20,20,20,25,25,25,17,63,41,41,23,0,0],"gold":78,"neow_bonus":"THREE_ENEMY_KILL","is_daily":false,"chose_seed":false,"campfire_upgraded":3,"win_rate":0.0,"timestamp":1610076297,"path_taken":["M","$","?","M","?","E","R","E","T","R","?","$","?","$","R","BOSS","M","$","M","?"],"items_purchased_type":["Card","Card","Relic","Card"],"build_version":"2020-12-22","purchased_purges":1,"victory":false,"max_hp_per_floor":[68,68,68,68,68,68,68,68,68,68,68,68,73,73,73,78,78,78,78,78,78,78],"relic_stats":{"Sozu":1,"Gremlin Horn":[3,3],"counters":[8,33],"Pantograph":25,"obtain_stats":[{"Sozu":17,"NeowsBlessing":0,"Gremlin Horn":6,"Pantograph":8,"PureWater":0,"Frozen Egg 2":9,"Pocketwatch":12},{"Sozu":5,"NeowsBlessing":0,"Gremlin Horn":3,"Pantograph":4,"PureWater":0,"Frozen Egg 2":4,"Pocketwatch":4},{"Sozu":20,"NeowsBlessing":0,"Gremlin Horn":3,"Pantograph":10,"PureWater":0,"Frozen Egg 2":10,"Pocketwatch":10}],"Pocketwatch":[18]},"card_choices":[{"not_picked":["CrushJoints","Consecrate"],"picked":"WheelKick","floor":1},{"not_picked":["CrushJoints","EmptyBody"],"picked":"Tantrum","floor":4},{"not_picked":["WreathOfFlame","Adaptation"],"picked":"DevaForm","floor":6},{"not_picked":["FlyingSleeves","Prostrate"],"picked":"ThirdEye","floor":8},{"not_picked":["DeusExMachina","LessonLearned"],"picked":"Alpha","floor":16},{"not_picked":["Perseverance","SignatureMove+1","Evaluate"],"picked":"SKIP","floor":18},{"not_picked":["Protect","JustLucky"],"picked":"WaveOfTheHand","floor":20}],"player_experience":3799611,"relics_obtained":[{"floor":6,"key":"Gremlin Horn"},{"floor":8,"key":"Pantograph"},{"floor":9,"key":"Frozen Egg 2"}],"event_choices":[{"damage_healed":0,"gold_gain":75,"player_choice":"Gather Gold","damage_taken":11,"max_hp_gain":0,"max_hp_loss":0,"event_name":"World of Goop","floor":3,"gold_loss":0},{"damage_healed":0,"gold_gain":150,"player_choice":"AGREE","damage_taken":0,"max_hp_gain":0,"max_hp_loss":0,"event_name":"Liars Game","floor":5,"gold_loss":0,"cards_obtained":["Doubt"]},{"damage_healed":0,"gold_gain":69,"player_choice":"Gained Gold","damage_taken":0,"max_hp_gain":0,"max_hp_loss":0,"event_name":"Golden Wing","floor":11,"gold_loss":0},{"damage_healed":0,"gold_gain":0,"player_choice":"Donut","damage_taken":0,"max_hp_gain":5,"max_hp_loss":0,"event_name":"Big Fish","floor":13,"gold_loss":0},{"damage_healed":0,"gold_gain":0,"player_choice":"Fought Bandits","damage_taken":0,"max_hp_gain":0,"max_hp_loss":0,"event_name":"Masked Bandits","floor":21,"gold_loss":0}],"is_beta":false,"boss_relics":[{"not_picked":["Runic Dome","Snecko Eye"],"picked":"Sozu"}],"items_purged_floors":[19],"is_endless":false,"potions_floor_spawned":[1,16,20],"killed_by":"Masked Bandits","ascension_level":15}}