{"host":"2lo6hma6kymb0g9i","time":1610131461,"event":{"mods":["BaseMod","Colored Map","DeckTracker","Minty Spire (QoL Compilation)"],"gold_per_floor":[214,234,234,159,172,198,198,217,240,240,117,127,77,93,93,193,193,206,206,192,192,67,67,78,78,78,78,95,130,130,144,144,249,249,259,279,290,140,140,171,171,184,208,220,18,33,50,84,84,84,84],"floor_reached":50,"playtime":4954,"items_purged":["Strike_B","Strike_B","Strike_B","Zap"],"score":681,"play_id":"7f01fa6a-68bc-41bc-80ca-9056c0917007","local_time":"20210109034421","is_ascension_mode":true,"campfire_choices":[{"data":"Chill","floor":10,"key":"SMITH"},{"data":"Chaos","floor":15,"key":"SMITH"},{"data":"Skim","floor":23,"key":"SMITH"},{"data":"Streamline","floor":27,"key":"SMITH"},{"data":"Dualcast","floor":32,"key":"SMITH"},{"data":"Hologram","floor":41,"key":"SMITH"},{"floor":49,"key":"REST"}],"circlet_count":0,"master_deck":["Defend_B","Defend_B","Defend_B","Defend_B","Dualcast+1","Melter+1","Skim+1","Chill+1","Turbo","Gash+1","Glacier","Seek","Skim","Streamline+1","Machine Learning","Hologram+1","PanicButton","Defragment","Gash"],"relics":["Cracked Core","Meat on the Bone","PreservedInsect","Anchor","Nuclear Battery","Tiny Chest","Matryoshka","SlaversCollar","Strawberry","MawBank","Whetstone","Pen Nib","Turnip"],"acts_visited":["Exordium","TheCity","TheBeyond"],"potions_floor_usage":[6,16,24,29,33,40,40,46,46,46,46,50,50,50],"damage_taken":[{"damage":0,"enemies":"Cultist","floor":1,"turns":3},{"damage":0,"enemies":"Small Slimes","floor":2,"turns":2},{"damage":2,"enemies":"Jaw Worm","floor":5,"turns":3},{"damage":30,"enemies":"Lagavulin","floor":6,"turns":5},{"damage":7,"enemies":"Exordium Wildlife","floor":8,"turns":4},{"damage":2,"enemies":"Red Slaver","floor":12,"turns":3},{"damage":0,"enemies":"Large Slime","floor":14,"turns":8},{"damage":23,"enemies":"Hexaghost","floor":16,"turns":9},{"damage":0,"enemies":"Shell Parasite","floor":18,"turns":5},{"damage":10,"enemies":"2 Thieves","floor":20,"turns":4},{"damage":50,"enemies":"Centurion and Healer","floor":24,"turns":16},{"damage":0,"enemies":"Sentry and Sphere","floor":28,"turns":3},{"damage":1,"enemies":"Slavers","floor":29,"turns":5},{"damage":0,"enemies":"Snake Plant","floor":31,"turns":4},{"damage":59,"enemies":"Collector","floor":33,"turns":15},{"damage":10,"enemies":"Orb Walker","floor":35,"turns":5},{"damage":0,"enemies":"3 Shapes","floor":36,"turns":6},{"damage":12,"enemies":"Jaw Worm Horde","floor":37,"turns":5},{"damage":4,"enemies":"Giant Head","floor":40,"turns":6},{"damage":0,"enemies":"3 Darklings","floor":42,"turns":4},{"damage":25,"enemies":"Transient","floor":46,"turns":5},{"damage":9,"enemies":"Jaw Worm Horde","floor":47,"turns":6},{"damage":17,"enemies":"Nemesis","floor":48,"turns":7},{"damage":50,"enemies":"Time Eater","floor":50,"turns":7}],"seed_played":"-2445911208036247077","potions_obtained":[{"floor":2,"key":"GamblersBrew"},{"floor":5,"key":"EntropicBrew"},{"floor":8,"key":"ColorlessPotion"},{"floor":12,"key":"Block Potion"},{"floor":16,"key":"Strength Potion"},{"floor":18,"key":"Dexterity Potion"},{"floor":28,"key":"Explosive Potion"},{"floor":29,"key":"FearPotion"},{"floor":35,"key":"Explosive Potion"},{"floor":40,"key":"PotionOfCapacity"},{"floor":46,"key":"Strength Potion"},{"floor":48,"key":"Block Potion"}],"is_trial":false,"path_per_floor":["M","M","?","$","M","E","T","M","T","R","$","M","?","M","R","B",null,"M","?","M","?","$","R","M","?","T","R","M","E","$","M","R","B",null,"M","M","M","$","?","E","R","M","T","?","$","M","M","E","R","B"],"character_chosen":"DEFECT","items_purchased":["Gash","Defragment","Pen Nib"],"campfire_rested":1,"item_purchase_floors":[11,45,45],"current_hp_per_floor":[68,68,73,73,71,41,41,46,46,46,46,44,44,44,44,33,68,68,68,58,58,58,58,20,80,80,80,80,79,79,79,79,32,68,58,58,46,46,46,49,49,49,49,39,39,26,29,24,50,0,0],"gold":84,"neow_bonus":"HUNDRED_GOLD","is_daily":false,"chose_seed":false,"campfire_upgraded":6,"win_rate":0.0,"timestamp":1610131461,"path_taken":["M","?","?","$","M","E","?","M","T","R","?","?","?","M","R","BOSS","M","?","M","?","$","R","M","?","T","R","M","E","$","M","R","BOSS","M","M","?","$","?","E","R","M","T","?","$","M","M","E","R","BOSS"],"items_purchased_type":["Card","Card","Relic"],"build_version":"2020-12-22","purchased_purges":4,"victory":false,"max_hp_per_floor":[75,75,80,80,80,80,80,80,80,80,80,80,80,80,80,80,80,80,80,80,80,80,80,80,80,80,80,80,80,80,80,80,80,80,80,80,80,80,80,87,87,87,87,87,87,87,87,87,87,87,87],"card_choices":[{"not_picked":["Compile Driver","Coolheaded"],"picked":"Melter","floor":1},{"not_picked":["Hologram","Cold Snap"],"picked":"Skim","floor":2},{"not_picked":["FTL","Melter","Fusion"],"picked":"SKIP","floor":5},{"not_picked":["Doom and Gloom","Consume"],"picked":"Chill","floor":6},{"not_picked":["Cold Snap","Lockon"],"picked":"Turbo","floor":8},{"not_picked":["Capacitor","Static Discharge"],"picked":"Glacier","floor":12},{"not_picked":["Tempest","Turbo"],"picked":"Chaos","floor":14},{"not_picked":["Biased Cognition","Hyperbeam"],"picked":"Seek","floor":16},{"not_picked":["Hello World+1","Coolheaded+1"],"picked":"Skim","floor":18},{"not_picked":["Beam Cell","Rebound+1","Compile Driver"],"picked":"SKIP","floor":20},{"not_picked":["Go for the Eyes","Conserve Battery"],"picked":"Streamline","floor":24},{"not_picked":["Double Energy","White Noise","Sweeping Beam"],"picked":"SKIP","floor":28},{"not_picked":["Multi-Cast","Gash+1","Barrage"],"picked":"SKIP","floor":29},{"not_picked":["Glacier","Coolheaded","Sweeping Beam+1"],"picked":"SKIP","floor":31},{"not_picked":["Electrodynamics","Multi-Cast"],"picked":"Machine Learning","floor":33},{"not_picked":["Sweeping Beam","Coolheaded+1","Tempest+1"],"picked":"SKIP","floor":35},{"not_picked":["Coolheaded","Streamline+1","FTL"],"picked":"SKIP","floor":36},{"not_picked":["Stack+1","Darkness+1","Steam"],"picked":"SKIP","floor":37},{"not_picked":["Undo","FTL"],"picked":"Hologram","floor":40},{"not_picked":["Chill","Ball Lightning","Beam Cell"],"picked":"SKIP","floor":42},{"not_picked":["Mind Blast","Dramatic Entrance"],"picked":"PanicButton","floor":44},{"not_picked":["Rip and Tear","Sweeping Beam","Storm"],"picked":"SKIP","floor":46},{"not_picked":["Go for the Eyes","Blizzard"],"picked":"Gash","floor":47},{"not_picked":["Coolheaded+1","Steam+1","Consume+1"],"picked":"SKIP","floor":48}],"player_experience":974724,"relics_obtained":[{"floor":6,"key":"Meat on the Bone"},{"floor":7,"key":"PreservedInsect"},{"floor":9,"key":"Anchor"},{"floor":26,"key":"Tiny Chest"},{"floor":29,"key":"Matryoshka"},{"floor":40,"key":"Strawberry"},{"floor":43,"key":"MawBank"},{"floor":43,"key":"Whetstone"},{"floor":48,"key":"Turnip"}],"event_choices":[{"damage_healed":0,"gold_gain":0,"player_choice":"Donut","damage_taken":0,"max_hp_gain":5,"max_hp_loss":0,"event_name":"Big Fish","floor":3,"gold_loss":0},{"cards_removed":["Strike_B"],"damage_healed":0,"gold_gain":0,"player_choice":"Card Removal","damage_taken":0,"max_hp_gain":0,"max_hp_loss":0,"event_name":"The Cleric","floor":13,"gold_loss":50},{"damage_healed":0,"gold_gain":0,"player_choice":"Ignored","damage_taken":0,"max_hp_gain":0,"max_hp_loss":0,"event_name":"The Mausoleum","floor":19,"gold_loss":0},{"damage_healed":0,"gold_gain":0,"player_choice":"Ignored","damage_taken":0,"max_hp_gain":0,"max_hp_loss":0,"event_name":"Ghosts","floor":21,"gold_loss":0},{"cards_removed":["Chaos"],"damage_healed":60,"gold_gain":0,"player_choice":"Offered Uncommon","damage_taken":0,"max_hp_gain":0,"max_hp_loss":0,"event_name":"Bonfire Elementals","floor":25,"gold_loss":0},{"damage_healed":0,"gold_gain":0,"player_choice":"Ignored","damage_taken":0,"max_hp_gain":0,"max_hp_loss":0,"event_name":"Tomb of Lord Red Mask","floor":39,"gold_loss":0},{"damage_healed":0,"gold_gain":0,"player_choice":"Memory 3","damage_taken":10,"max_hp_gain":0,"max_hp_loss":0,"event_name":"SensoryStone","floor":44,"gold_loss":0}],"is_beta":false,"boss_relics":[{"not_picked":["Runic Dome","Runic Pyramid"],"picked":"Nuclear Battery"},{"not_picked":["Philosopher\u0027s Stone","Coffee Dripper"],"picked":"SlaversCollar"}],"items_purged_floors":[4,11,22,38],"is_endless":false,"potions_floor_spawned":[2,5,8,12,16,18,28,29,35,36,40,46,48],"killed_by":"Time Eater","ascension_level":6}}