{"host":"mydft8i2zzydgggw","time":1610141283,"event":{"mods":["AchievementEnabler","BaseMod","Colored Map","Colored Powertips","DeckTracker","Keyboard Shortcuts","Minty Spire (QoL Compilation)","Rare Cards Sparkle","StSLib","SuperFastMode","The Poker Player","everything is the same but u backflip on backflip"],"gold_per_floor":[113,63,63,114,114,139,139,139,165,198,50,60,74,74,74,175,175,193,205,0,99,39,39,39,39],"floor_reached":24,"playtime":499,"items_purged":["Strike_B"],"score":294,"play_id":"a88ba852-68ac-4ded-be3a-33b4db11c719","local_time":"20210109062803","is_ascension_mode":true,"campfire_choices":[{"floor":7,"key":"REST"},{"floor":15,"key":"REST"},{"data":"Coolheaded","floor":23,"key":"SMITH"}],"circlet_count":0,"master_deck":["Strike_B","Defend_B","Defend_B","Defend_B","Zap+1","Dualcast","Storm","Parasite","Undo","Coolheaded+1","Rainbow","Creative AI","Consume"],"relics":["Cracked Core","Art of War","Bag of Marbles","Centennial Puzzle","DataDisk","Inserter"],"acts_visited":["Exordium","TheCity"],"potions_floor_usage":[14,16,24],"damage_taken":[{"damage":7,"enemies":"Jaw Worm","floor":1,"turns":3},{"damage":55,"enemies":"3 Sentries","floor":6,"turns":8},{"damage":28,"enemies":"Lagavulin","floor":10,"turns":7},{"damage":0,"enemies":"2 Louse","floor":12,"turns":2},{"damage":1,"enemies":"Small Slimes","floor":13,"turns":2},{"damage":0,"enemies":"3 Sentries","floor":14,"turns":1},{"damage":37,"enemies":"Slime Boss","floor":16,"turns":13},{"damage":22,"enemies":"2 Thieves","floor":18,"turns":4},{"damage":15,"enemies":"Chosen","floor":19,"turns":5},{"damage":36,"enemies":"3 Cultists","floor":24,"turns":4}],"seed_played":"-1696642568453862017","potions_obtained":[{"floor":10,"key":"EssenceOfDarkness"},{"floor":12,"key":"SmokeBomb"},{"floor":19,"key":"SneckoOil"}],"is_trial":false,"path_per_floor":["M","?","?","T","?","E","R","?","T","E","$","M","M","E","R","B",null,"M","M","?","?","?","R","M"],"character_chosen":"DEFECT","items_purchased":["Undo"],"campfire_rested":2,"item_purchase_floors":[11],"current_hp_per_floor":[61,61,66,66,59,4,28,48,48,20,20,20,19,19,43,6,62,40,25,25,25,25,25,0,0],"gold":39,"neow_bonus":"UPGRADE_CARD","is_daily":false,"chose_seed":false,"campfire_upgraded":1,"win_rate":0.0,"timestamp":1610141283,"path_taken":["M","?","?","?","?","E","R","?","T","E","?","M","M","E","R","BOSS","M","M","?","?","?","R","M"],"items_purchased_type":["Card"],"build_version":"2020-12-22","purchased_purges":1,"victory":false,"max_hp_per_floor":[75,75,80,80,80,80,80,80,80,80,80,80,80,80,80,80,80,80,80,80,80,80,80,80,80],"card_choices":[{"not_picked":["Beam Cell","Steam"],"picked":"Storm","floor":1},{"not_picked":["Force Field","Stack","Reprogram"],"picked":"SKIP","floor":6},{"not_picked":["Lockon","Gash","Reprogram"],"picked":"SKIP","floor":10},{"not_picked":["Redo","Stack"],"picked":"Coolheaded","floor":12},{"not_picked":["Ball Lightning","Barrage"],"picked":"Rainbow","floor":13},{"not_picked":["Rainbow","Core Surge"],"picked":"Creative AI","floor":16},{"not_picked":["Hologram+1","Barrage","Go for the Eyes"],"picked":"SKIP","floor":18},{"not_picked":["Cold Snap+1","Heatsinks"],"picked":"Consume","floor":19}],"player_experience":153092,"relics_obtained":[{"floor":4,"key":"Art of War"},{"floor":6,"key":"Bag of Marbles"},{"floor":9,"key":"Centennial Puzzle"},{"floor":10,"key":"DataDisk"}],"event_choices":[{"cards_removed":["Strike_B"],"damage_healed":0,"gold_gain":0,"player_choice":"Card Removal","damage_taken":0,"max_hp_gain":0,"max_hp_loss":0,"event_name":"The Cleric","floor":2,"gold_loss":50},{"damage_healed":0,"gold_gain":0,"player_choice":"Donut","damage_taken":0,"max_hp_gain":5,"max_hp_loss":0,"event_name":"Big Fish","floor":3,"gold_loss":0},{"cards_removed":["Defend_B"],"damage_healed":0,"gold_gain":0,"player_choice":"Card Removal","damage_taken":7,"max_hp_gain":0,"max_hp_loss":0,"event_name":"Golden Wing","floor":5,"gold_loss":0},{"damage_healed":20,"gold_gain":0,"player_choice":"Healed and dodged fight","damage_taken":0,"max_hp_gain":0,"max_hp_loss":0,"event_name":"Mushrooms","floor":8,"gold_loss":0,"cards_obtained":["Parasite"]},{"damage_healed":0,"gold_gain":0,"player_choice":"Paid Fearfully","damage_taken":0,"max_hp_gain":0,"max_hp_loss":0,"event_name":"Masked Bandits","floor":20,"gold_loss":205},{"damage_healed":0,"gold_gain":99,"player_choice":"Stole From Cult","damage_taken":0,"max_hp_gain":0,"max_hp_loss":0,"event_name":"Nest","floor":21,"gold_loss":0},{"cards_removed":["Strike_B"],"damage_healed":0,"gold_gain":0,"player_choice":"Single Remove","damage_taken":0,"max_hp_gain":0,"max_hp_loss":0,"event_name":"Designer","floor":22,"gold_loss":60}],"is_beta":false,"boss_relics":[{"not_picked":["Philosopher\u0027s Stone","Busted Crown"],"picked":"Inserter"}],"items_purged_floors":[11],"is_endless":false,"potions_floor_spawned":[10,12,14,19],"killed_by":"3 Cultists","ascension_level":8}}