{"host":"qojc688juf5ijsln","time":1610094026,"event":{"mods":["AchievementEnabler","BaseMod","BetterRewards","Colored Powertips","Highlight Path","Minty Spire (QoL Compilation)","Quick Restart","Shop Mod","StSLib"],"gold_per_floor":[47,47,47,60,60,60,91,105,156,174,205,205,205,215,215,310,310,291,307,307,327,268,297,297,331,355,388,123,123,135,135,135,240,240,250,300,300,319,371,399,399,430,430,430,430,462,478,494,494,494,494,494,355,390,390,390],"floor_reached":55,"playtime":3801,"items_purged":["Strike_P","Writhe","Strike_P+1","SignatureMove+1"],"score":913,"play_id":"d553f825-18b7-4169-a764-3c8c27b37cb4","local_time":"20210108162026","is_ascension_mode":true,"campfire_choices":[{"data":"PathToVictory","floor":6.0,"key":"SMITH"},{"data":"PathToVictory","floor":13.0,"key":"SMITH"},{"floor":15.0,"key":"REST"},{"floor":24.0,"key":"REST"},{"floor":32.0,"key":"REST"},{"floor":41.0,"key":"RECALL"},{"data":"EmptyBody","floor":45.0,"key":"SMITH"},{"floor":49.0,"key":"REST"},{"data":"1","floor":52.0,"key":"LIFT"}],"circlet_count":0,"master_deck":["Defend_P+1","Defend_P+1","Defend_P+1","Defend_P+1","Vigilance+1","PathToVictory+1","Finesse+1","PathToVictory+1","Sanctity+1","EmptyBody+1","ThirdEye+1","PathToVictory"],"relics":["PureWater","Calipers","MealTicket","Bag of Marbles","Black Star","MerchantsRug","Mercury Hourglass","Omamori","Happy Flower","FossilizedHelix","Anchor","Empty Cage","StoneCalendar","Centennial Puzzle","Vajra","Damaru","Ancient Tea Set","Pantograph","Ice Cream","Lantern","Kunai"],"acts_visited":["Exordium","TheCity","TheBeyond","TheEnding"],"potions_floor_usage":[55],"damage_taken":[{"damage":0.0,"enemies":"Jaw Worm","floor":1.0,"turns":2.0},{"damage":0.0,"enemies":"Cultist","floor":4.0,"turns":2.0},{"damage":10.0,"enemies":"Gremlin Nob","floor":7.0,"turns":3.0},{"damage":0.0,"enemies":"2 Louse","floor":8.0,"turns":2.0},{"damage":0.0,"enemies":"Red Slaver","floor":10.0,"turns":3.0},{"damage":21.0,"enemies":"3 Sentries","floor":11.0,"turns":8.0},{"damage":0.0,"enemies":"Gremlin Gang","floor":14.0,"turns":3.0},{"damage":0.0,"enemies":"The Guardian","floor":16.0,"turns":9.0},{"damage":6.0,"enemies":"2 Thieves","floor":18.0,"turns":4.0},{"damage":12.0,"enemies":"3 Byrds","floor":19.0,"turns":4.0},{"damage":10.0,"enemies":"Shelled Parasite and Fungi","floor":21.0,"turns":7.0},{"damage":50.0,"enemies":"Slavers","floor":23.0,"turns":10.0},{"damage":13.0,"enemies":"Book of Stabbing","floor":25.0,"turns":5.0},{"damage":9.0,"enemies":"Gremlin Leader","floor":27.0,"turns":6.0},{"damage":9.0,"enemies":"Cultist and Chosen","floor":30.0,"turns":6.0},{"damage":37.0,"enemies":"Collector","floor":33.0,"turns":6.0},{"damage":0.0,"enemies":"3 Shapes","floor":35.0,"turns":4.0},{"damage":0.0,"enemies":"Mind Bloom Boss Battle","floor":36.0,"turns":6.0},{"damage":0.0,"enemies":"3 Darklings","floor":38.0,"turns":4.0},{"damage":2.0,"enemies":"2 Orb Walkers","floor":39.0,"turns":4.0},{"damage":12.0,"enemies":"Nemesis","floor":40.0,"turns":5.0},{"damage":0.0,"enemies":"Giant Head","floor":42.0,"turns":6.0},{"damage":18.0,"enemies":"Nemesis","floor":46.0,"turns":7.0},{"damage":1.0,"enemies":"Jaw Worm Horde","floor":47.0,"turns":4.0},{"damage":0.0,"enemies":"Transient","floor":48.0,"turns":5.0},{"damage":33.0,"enemies":"Time Eater","floor":50.0,"turns":10.0},{"damage":32.0,"enemies":"Shield and Spear","floor":54.0,"turns":6.0},{"damage":99,"enemies":"The Heart","floor":55,"turns":9}],"seed_played":"-3391331852759109353","potions_obtained":[{"floor":1.0,"key":"Block Potion"},{"floor":8.0,"key":"FearPotion"},{"floor":11.0,"key":"DuplicationPotion"},{"floor":14.0,"key":"EssenceOfSteel"},{"floor":19.0,"key":"Weak Potion"},{"floor":21.0,"key":"Regen Potion"},{"floor":23.0,"key":"SpeedPotion"},{"floor":30.0,"key":"SmokeBomb"},{"floor":35.0,"key":"FairyPotion"},{"floor":36.0,"key":"LiquidBronze"},{"floor":39.0,"key":"Explosive Potion"},{"floor":46.0,"key":"Explosive Potion"},{"floor":48.0,"key":"Fire Potion"},{"floor":54.0,"key":"PowerPotion"}],"is_trial":false,"path_per_floor":["M","?","$","M","?","R","E","M","T","M","E","?","R","M","R","B",null,"M","M","?","M","$","E","R","E","T","E","$","?","M","?","R","B",null,"M","?","?","M","?","E","R","E","T","?","R","E","M","M","R","B",null,"R","$","E","B"],"character_chosen":"WATCHER","items_purchased":["LessonLearned","PathToVictory","MerchantsRug","Anchor","SignatureMove","Explosive Potion","Energy Potion"],"campfire_rested":4,"item_purchase_floors":[0,0,22,28,28,53,53],"current_hp_per_floor":[72,72,72,72,77,77,67,67,67,67,46,46,46,46,69,69,77,71,59,59,49,64,29,52,39,39,30,45,45,36,36,59,22,77,77,77,77,77,75,63,63,63,63,63,63,45,46,48,71,44,77,77,77,45,0,0],"gold":390,"neow_bonus":"","is_daily":false,"chose_seed":false,"campfire_upgraded":3,"win_rate":0.0,"timestamp":1610094026,"path_taken":["M","?","$","?","?","R","E","M","T","M","E","?","R","?","R","BOSS","M","?","?","M","$","E","R","E","T","E","$","?","M","?","R","BOSS","M","?","?","?","?","E","R","E","T","?","R","E","M","M","R","BOSS","R","$","E","BOSS"],"items_purchased_type":["Card","Card","Relic","Relic","Card","Potion","Potion"],"build_version":"2020-12-22","purchased_purges":4,"victory":false,"max_hp_per_floor":[72,72,72,72,77,77,77,77,77,77,77,77,77,77,77,77,77,77,77,77,77,77,77,77,77,77,77,77,77,77,77,77,77,77,77,77,77,77,77,77,77,77,77,77,77,77,77,77,77,77,77,77,77,77,77,77],"card_choices":[{"not_picked":["ClearTheMind","Swivel","Consecrate"],"picked":"SKIP","floor":1.0},{"not_picked":["JustLucky","SashWhip","EmptyFist"],"picked":"SKIP","floor":4.0},{"not_picked":["BowlingBash","Conclude","Protect"],"picked":"SKIP","floor":7.0},{"not_picked":["Wallop","CutThroughFate"],"picked":"PathToVictory","floor":8.0},{"not_picked":["FlyingSleeves","Evaluate","BattleHymn"],"picked":"SKIP","floor":10.0},{"not_picked":["Indignation","FlyingSleeves","SandsOfTime"],"picked":"SKIP","floor":11.0},{"not_picked":["Tantrum","Vengeance","ConjureBlade"],"picked":"SKIP","floor":14.0},{"not_picked":["Blasphemy","ConjureBlade"],"picked":"Devotion","floor":16.0},{"not_picked":["TalkToTheHand","SashWhip+1","ClearTheMind"],"picked":"SKIP","floor":18.0},{"not_picked":["FollowUp+1","WindmillStrike","BowlingBash"],"picked":"SKIP","floor":19.0},{"not_picked":["BowlingBash","Conclude"],"picked":"Sanctity","floor":21.0},{"not_picked":["Judgement","FlurryOfBlows","SashWhip"],"picked":"SKIP","floor":23.0},{"not_picked":["Consecrate+1","Halt","Wallop+1"],"picked":"SKIP","floor":25.0},{"not_picked":["Consecrate+1","Pray","FollowUp"],"picked":"SKIP","floor":27.0},{"not_picked":["Prostrate","DeceiveReality","ThirdEye"],"picked":"SKIP","floor":30.0},{"not_picked":["CrushJoints+1","FollowUp","Crescendo+1"],"picked":"SKIP","floor":35.0},{"not_picked":["CrushJoints+1","SignatureMove","Ragnarok"],"picked":"SKIP","floor":38.0},{"not_picked":["CutThroughFate+1","Crescendo"],"picked":"EmptyBody","floor":40.0},{"not_picked":["FearNoEvil","Protect","MasterReality"],"picked":"SKIP","floor":42.0},{"not_picked":["Pray+1","Weave","EmptyFist+1"],"picked":"SKIP","floor":46.0},{"not_picked":["Tantrum+1","EmptyFist"],"picked":"ThirdEye+1","floor":47.0},{"not_picked":["LikeWater","Evaluate","ClearTheMind"],"picked":"SKIP","floor":48.0},{"not_picked":["ThirdEye","Consecrate"],"picked":"PathToVictory","floor":54.0}],"player_experience":101520,"relics_obtained":[{"floor":7.0,"key":"MealTicket"},{"floor":9.0,"key":"Bag of Marbles"},{"floor":11.0,"key":"Dead Branch"},{"floor":23.0,"key":"Mercury Hourglass"},{"floor":23.0,"key":"Omamori"},{"floor":25.0,"key":"Potion Belt"},{"floor":25.0,"key":"Happy Flower"},{"floor":27.0,"key":"FossilizedHelix"},{"floor":27.0,"key":"Nunchaku"},{"floor":36.0,"key":"StoneCalendar"},{"floor":39.0,"key":"Girya"},{"floor":40.0,"key":"Centennial Puzzle"},{"floor":40.0,"key":"Vajra"},{"floor":42.0,"key":"Damaru"},{"floor":42.0,"key":"Ancient Tea Set"},{"floor":43.0,"key":"Pantograph"},{"floor":46.0,"key":"Ice Cream"},{"floor":46.0,"key":"Blood Vial"},{"floor":54.0,"key":"Lantern"},{"floor":54.0,"key":"Kunai"}],"event_choices":[{"damage_healed":0.0,"max_hp_gain":0.0,"max_hp_loss":0.0,"gold_gain":0.0,"event_name":"Accursed Blacksmith","player_choice":"Forge","floor":2.0,"gold_loss":0.0,"damage_taken":0.0,"cards_upgraded":["LessonLearned"]},{"damage_healed":0.0,"max_hp_gain":5.0,"max_hp_loss":0.0,"gold_gain":0.0,"event_name":"Big Fish","player_choice":"Donut","floor":5.0,"gold_loss":0.0,"damage_taken":0.0},{"cards_removed":["Eruption"],"damage_healed":0.0,"max_hp_gain":0.0,"max_hp_loss":0.0,"gold_gain":0.0,"event_name":"Bonfire Elementals","player_choice":"Offered Basic","floor":12.0,"gold_loss":0.0,"damage_taken":0.0},{"damage_healed":0.0,"max_hp_gain":0.0,"max_hp_loss":0.0,"gold_gain":0.0,"event_name":"The Mausoleum","player_choice":"Opened","floor":20.0,"gold_loss":0.0,"damage_taken":0.0,"relics_obtained":["Pen Nib"],"cards_obtained":["Writhe"]},{"damage_healed":0.0,"max_hp_gain":0.0,"max_hp_loss":0.0,"gold_gain":0.0,"event_name":"Vampires","player_choice":"Ignored","floor":29.0,"gold_loss":0.0,"damage_taken":0.0},{"cards_removed":["Strike_P"],"damage_healed":0.0,"max_hp_gain":0.0,"max_hp_loss":0.0,"gold_gain":0.0,"event_name":"Back to Basics","player_choice":"Elegance","floor":31.0,"gold_loss":0.0,"damage_taken":0.0},{"damage_healed":0.0,"max_hp_gain":0.0,"max_hp_loss":0.0,"gold_gain":0.0,"event_name":"MindBloom","player_choice":"Fight","floor":36.0,"gold_loss":0.0,"damage_taken":0.0},{"cards_removed":["Devotion"],"damage_healed":0.0,"max_hp_gain":0.0,"max_hp_loss":0.0,"gold_gain":0.0,"event_name":"Falling","player_choice":"Removed Power","floor":37.0,"gold_loss":0.0,"damage_taken":0.0},{"damage_healed":0.0,"max_hp_gain":0.0,"max_hp_loss":0.0,"gold_gain":0.0,"event_name":"Mysterious Sphere","player_choice":"Fight","floor":39.0,"gold_loss":0.0,"damage_taken":0.0},{"damage_healed":0.0,"max_hp_gain":0.0,"max_hp_loss":0.0,"gold_gain":0.0,"event_name":"Tomb of Lord Red Mask","player_choice":"Ignored","floor":44.0,"gold_loss":0.0,"damage_taken":0.0}],"is_beta":false,"boss_relics":[{"not_picked":["Philosopher\u0027s Stone","Fusion Hammer"],"picked":"Black Star"},{"not_picked":["Busted Crown","Runic Dome"],"picked":"Empty Cage"}],"items_purged_floors":[0,22,28,53],"is_endless":false,"potions_floor_spawned":[1,8,11,14,19,21,23,30,35,36,39,46,48,54],"killed_by":"The Heart","ascension_level":1}}