{"host":"q9718omregw4er46","time":1610130817,"event":{"mods":["BaseMod","Bestiary","Colored Powertips","Minty Spire (QoL Compilation)","Quick Restart","Relic Stats"],"gold_per_floor":[119,119,133,149,149,182,182,208,234,234,309,336,20,39,39,114,114,129,145,60,87,100,128,128,128,128],"floor_reached":25,"playtime":802,"items_purged":["Strike_R"],"score":478,"play_id":"8f6a4e3d-26fc-43b2-b3d5-b723dbd8cf50","local_time":"20210108233337","is_ascension_mode":true,"campfire_choices":[{"floor":7.0,"key":"REST"},{"data":"Apotheosis","floor":10.0,"key":"SMITH"},{"floor":15.0,"key":"REST"}],"circlet_count":0,"master_deck":["AscendersBane","Strike_R","Strike_R","Strike_R","Defend_R","Defend_R","Defend_R","Defend_R","Bash","Apotheosis+1","Clothesline","Twin Strike","Sword Boomerang","Whirlwind","Spot Weakness","Uppercut","Shrug It Off","Offering","Armaments+1","Anger","Sword Boomerang+1"],"relics":["Black Blood","Vajra","Dream Catcher","Ancient Tea Set","The Courier","Membership Card","Gambling Chip","Kunai","Potion Belt","Du-Vu Doll","Nilry\u0027s Codex"],"acts_visited":["Exordium","TheCity"],"potions_floor_usage":[25],"damage_taken":[{"damage":11.0,"enemies":"Jaw Worm","floor":1.0,"turns":5.0},{"damage":4.0,"enemies":"Cultist","floor":3.0,"turns":5.0},{"damage":0.0,"enemies":"2 Louse","floor":4.0,"turns":2.0},{"damage":42.0,"enemies":"3 Sentries","floor":6.0,"turns":7.0},{"damage":7.0,"enemies":"Lagavulin","floor":8.0,"turns":6.0},{"damage":42.0,"enemies":"3 Sentries","floor":12.0,"turns":7.0},{"damage":3.0,"enemies":"Looter","floor":14.0,"turns":3.0},{"damage":9.0,"enemies":"Slime Boss","floor":16.0,"turns":7.0},{"damage":6.0,"enemies":"Chosen","floor":18.0,"turns":3.0},{"damage":26.0,"enemies":"2 Thieves","floor":19.0,"turns":3.0},{"damage":6.0,"enemies":"Centurion and Healer","floor":22.0,"turns":5.0},{"damage":35.0,"enemies":"Book of Stabbing","floor":23.0,"turns":4.0},{"damage":27,"enemies":"Gremlin Leader","floor":25,"turns":2}],"seed_played":"2199345300142837612","potions_obtained":[{"floor":1.0,"key":"Explosive Potion"},{"floor":6.0,"key":"BloodPotion"},{"floor":14.0,"key":"EssenceOfSteel"},{"floor":18.0,"key":"ColorlessPotion"}],"is_trial":false,"path_per_floor":["M","?","M","M","?","E","R","E","T","R","?","E","$","M","R","B",null,"M","M","?","T","M","E","?","E"],"character_chosen":"IRONCLAD","items_purchased":["Membership Card","Gambling Chip","Uppercut"],"campfire_rested":2,"item_purchase_floors":[13,13,13],"current_hp_per_floor":[45,45,47,53,58,22,46,45,45,45,34,14,14,17,41,38,70,76,62,62,62,68,45,24,0,0],"gold":128,"neow_bonus":"RANDOM_COLORLESS_2","is_daily":false,"chose_seed":false,"campfire_upgraded":1,"win_rate":0.0,"timestamp":1610130817,"path_taken":["M","?","?","M","?","E","R","E","T","R","?","E","$","M","R","BOSS","M","M","?","?","M","E","?","E"],"items_purchased_type":["Relic","Relic","Card"],"build_version":"2020-12-22","purchased_purges":1,"victory":false,"max_hp_per_floor":[75,75,75,75,80,80,80,80,80,80,80,80,80,80,80,80,80,80,80,80,80,80,80,80,80,80],"relic_stats":{"Dream Catcher":1,"counters":[13,59],"Gambling Chip":[27],"Black Blood":96,"Kunai":[3],"obtain_stats":[{"Potion Belt":21,"Du-Vu Doll":23,"Dream Catcher":8,"Nilry\u0027s Codex":24,"Gambling Chip":13,"Vajra":6,"Black Blood":17,"The Courier":12,"Membership Card":13,"Kunai":20,"Ancient Tea Set":9,"Burning Blood":0},{"Potion Belt":10,"Du-Vu Doll":12,"Dream Catcher":5,"Nilry\u0027s Codex":12,"Gambling Chip":6,"Vajra":4,"Black Blood":8,"The Courier":6,"Membership Card":6,"Kunai":10,"Ancient Tea Set":5,"Burning Blood":0},{"Potion Belt":48,"Du-Vu Doll":57,"Dream Catcher":25,"Nilry\u0027s Codex":57,"Gambling Chip":32,"Vajra":19,"Black Blood":42,"The Courier":32,"Membership Card":32,"Kunai":48,"Ancient Tea Set":25,"Burning Blood":0}]},"card_choices":[{"not_picked":["Magnetism","Thinking Ahead"],"picked":"Apotheosis","floor":0.0},{"not_picked":["Iron Wave","Ghostly Armor"],"picked":"Clothesline","floor":1.0},{"not_picked":["True Grit","Rupture"],"picked":"Twin Strike","floor":3.0},{"not_picked":["Sentinel","Wild Strike"],"picked":"Sword Boomerang","floor":4.0},{"not_picked":["Twin Strike","Juggernaut"],"picked":"Whirlwind","floor":6.0},{"not_picked":["Burning Pact","Reckless Charge"],"picked":"Spot Weakness","floor":8.0},{"not_picked":["Fire Breathing","Iron Wave","Pommel Strike"],"picked":"SKIP","floor":12.0},{"not_picked":["Searing Blow","Shrug It Off","Sword Boomerang"],"picked":"SKIP","floor":14.0},{"not_picked":["Fire Breathing","Iron Wave"],"picked":"Shrug It Off","floor":15.0},{"not_picked":["Demon Form","Exhume"],"picked":"Offering","floor":16.0},{"not_picked":["Second Wind","Reckless Charge"],"picked":"Armaments+1","floor":18.0},{"not_picked":["Burning Pact","Armaments"],"picked":"Anger","floor":19.0},{"not_picked":["Armaments+1","Pommel Strike","Anger"],"picked":"SKIP","floor":22.0},{"not_picked":["Twin Strike","Brutality"],"picked":"Sword Boomerang+1","floor":23.0}],"player_experience":1193795,"relics_obtained":[{"floor":6.0,"key":"Vajra"},{"floor":8.0,"key":"Dream Catcher"},{"floor":9.0,"key":"Ancient Tea Set"},{"floor":12.0,"key":"The Courier"},{"floor":21.0,"key":"Potion Belt"},{"floor":23.0,"key":"Du-Vu Doll"},{"floor":24.0,"key":"Nilry\u0027s Codex"}],"event_choices":[{"cards_removed":["Strike_R"],"damage_healed":0.0,"max_hp_gain":0.0,"max_hp_loss":0.0,"gold_gain":0.0,"event_name":"Purifier","player_choice":"Purged","floor":2.0,"gold_loss":0.0,"damage_taken":0.0},{"damage_healed":0.0,"max_hp_gain":5.0,"max_hp_loss":0.0,"gold_gain":0.0,"event_name":"Big Fish","player_choice":"Donut","floor":5.0,"gold_loss":0.0,"damage_taken":0.0},{"damage_healed":0.0,"max_hp_gain":0.0,"max_hp_loss":0.0,"gold_gain":75.0,"event_name":"World of Goop","player_choice":"Gather Gold","floor":11.0,"gold_loss":0.0,"damage_taken":11.0},{"damage_healed":0.0,"max_hp_gain":0.0,"max_hp_loss":0.0,"gold_gain":0.0,"event_name":"Addict","player_choice":"Obtained Relic","floor":20.0,"gold_loss":85.0,"damage_taken":0.0,"relics_obtained":["Kunai"]},{"damage_healed":0.0,"max_hp_gain":0.0,"max_hp_loss":0.0,"gold_gain":0.0,"event_name":"Cursed Tome","player_choice":"Obtained Book","floor":24.0,"gold_loss":0.0,"damage_taken":21.0}],"is_beta":false,"boss_relics":[{"not_picked":["SacredBark","Runic Dome"],"picked":"Black Blood"}],"items_purged_floors":[13],"is_endless":false,"potions_floor_spawned":[1,6,14,18,19],"killed_by":"Gremlin Leader","ascension_level":20}}