{"host":"wshh0nphwn6jv7vj","time":1610144191,"event":{"mods":["BaseMod","Bestiary","Minty Spire (QoL Compilation)"],"gold_per_floor":[366,366,383,12,12,12,37,37,117,143,159,190,213,229,229,307,307,326,326,92,112,123,123,123],"floor_reached":23,"playtime":1586,"items_purged":["Defend_G"],"score":412,"play_id":"fbe2d823-3d9e-4e1e-ae08-3ae07f567be5","local_time":"20210108171631","is_ascension_mode":true,"campfire_choices":[{"data":"Poisoned Stab","floor":6.0,"key":"SMITH"},{"data":"Neutralize","floor":8,"key":"SMITH"},{"data":"Prepared","floor":15,"key":"SMITH"}],"circlet_count":0,"master_deck":["AscendersBane","Defend_G","Defend_G","Defend_G","Defend_G","Survivor","Neutralize+1","Noxious Fumes","Prepared+1","Dagger Spray","Well Laid Plans+1","Poisoned Stab+1","Bane","After Image+1","Blade Dance","Noxious Fumes+1","Dagger Throw+1","Corpse Explosion","Bouncing Flask","Bite+1","Bite+1","Bite+1","Bite+1","Bite+1","Dodge and Roll"],"relics":["Ring of the Snake","Frozen Egg 2","Eternal Feather","The Courier","PreservedInsect","Molten Egg 2","Odd Mushroom","SacredBark","OrangePellets"],"acts_visited":["Exordium","TheCity"],"potions_floor_usage":[10,13,14,18,22,22],"damage_taken":[{"damage":6.0,"enemies":"Small Slimes","floor":1.0,"turns":8.0},{"damage":0.0,"enemies":"2 Louse","floor":3.0,"turns":6.0},{"damage":7.0,"enemies":"Lagavulin","floor":7.0,"turns":7.0},{"damage":6,"enemies":"3 Sentries","floor":10,"turns":7},{"damage":0,"enemies":"Jaw Worm","floor":11,"turns":5},{"damage":6,"enemies":"Lagavulin","floor":12,"turns":6},{"damage":1,"enemies":"The Mushroom Lair","floor":13,"turns":3},{"damage":1,"enemies":"Blue Slaver","floor":14,"turns":4},{"damage":2,"enemies":"The Guardian","floor":16,"turns":9},{"damage":9,"enemies":"3 Byrds","floor":18,"turns":4},{"damage":11,"enemies":"Chosen","floor":21,"turns":5},{"damage":13,"enemies":"Centurion and Healer","floor":22,"turns":4},{"damage":48,"enemies":"Book of Stabbing","floor":23,"turns":5}],"seed_played":"4430162299606103647","potions_obtained":[{"floor":3.0,"key":"BlessingOfTheForge"},{"floor":11,"key":"Dexterity Potion"},{"floor":12,"key":"Block Potion"},{"floor":13,"key":"ColorlessPotion"},{"floor":16,"key":"LiquidBronze"}],"is_trial":false,"path_per_floor":["M","?","M","$","?","R","E","R","T","E","M","E","?","M","R","B",null,"M","?","$","M","M","E"],"character_chosen":"THE_SILENT","items_purchased":["Frozen Egg 2","Well Laid Plans+1","Poisoned Stab","OrangePellets","Energy Potion"],"campfire_rested":0,"item_purchase_floors":[4,4,4,20,20],"current_hp_per_floor":[38,38,38,38,38,38,31,40,40,34,34,28,27,26,38,36,59,50,46,46,41,34,0,0],"gold":123,"neow_bonus":"TWO_FIFTY_GOLD","is_daily":false,"chose_seed":false,"campfire_upgraded":3,"win_rate":0.0,"timestamp":1610144191,"path_taken":["M","?","M","$","?","R","E","R","T","E","M","E","?","M","R","BOSS","M","?","$","M","M","E"],"items_purchased_type":["Relic","Card","Card","Relic","Potion"],"build_version":"2020-12-22","purchased_purges":1,"victory":false,"max_hp_per_floor":[66,66,66,66,66,66,66,66,66,66,66,66,66,66,66,66,66,66,46,46,46,46,46,46],"card_choices":[{"not_picked":["Acrobatics","Catalyst"],"picked":"Noxious Fumes","floor":1.0},{"not_picked":["Prepared","Bane"],"picked":"Dagger Spray","floor":3.0},{"not_picked":["Flying Knee","Concentrate"],"picked":"Bane","floor":7},{"not_picked":["Cloak And Dagger","Dash"],"picked":"After Image+1","floor":10},{"not_picked":["Prepared","Backstab"],"picked":"Blade Dance","floor":11},{"not_picked":["Poisoned Stab+1","Choke+1"],"picked":"Noxious Fumes+1","floor":12},{"not_picked":["Expertise","Flying Knee+1"],"picked":"Dagger Throw+1","floor":13},{"not_picked":["Expertise","Flying Knee+1","Dagger Throw+1"],"picked":"SKIP","floor":14},{"not_picked":["Night Terror","A Thousand Cuts+1"],"picked":"Corpse Explosion","floor":16},{"not_picked":["Sucker Punch+1","Prepared+1"],"picked":"Bouncing Flask","floor":18},{"not_picked":["Masterful Stab+1","Accuracy+1"],"picked":"Dodge and Roll","floor":21},{"not_picked":["Cloak And Dagger","Eviscerate+1","Slice+1"],"picked":"SKIP","floor":22},{"not_picked":["Cloak And Dagger","Eviscerate+1","Slice+1"],"picked":"SKIP","floor":22}],"player_experience":1551119,"relics_obtained":[{"floor":7,"key":"Eternal Feather"},{"floor":9,"key":"The Courier"},{"floor":10,"key":"PreservedInsect"},{"floor":12,"key":"Molten Egg 2"},{"floor":13,"key":"Odd Mushroom"}],"event_choices":[{"damage_healed":0.0,"max_hp_gain":0.0,"max_hp_loss":0.0,"gold_gain":0.0,"cards_transformed":["Strike_G"],"event_name":"Living Wall","player_choice":"Change","floor":2.0,"gold_loss":0.0,"damage_taken":0.0,"cards_obtained":["Prepared"]},{"damage_healed":0.0,"max_hp_gain":0.0,"max_hp_loss":0.0,"gold_gain":0.0,"event_name":"Liars Game","player_choice":"Ignored","floor":5.0,"gold_loss":0.0,"damage_taken":0.0},{"damage_healed":0,"gold_gain":0,"player_choice":"Fought Mushrooms","damage_taken":0,"max_hp_gain":0,"max_hp_loss":0,"event_name":"Mushrooms","floor":13,"gold_loss":0},{"damage_healed":0,"gold_gain":0,"player_choice":"Became a vampire","damage_taken":0,"max_hp_gain":0,"max_hp_loss":20,"event_name":"Vampires","floor":19,"gold_loss":0,"cards_obtained":["Bite","Bite","Bite","Bite","Bite"]}],"is_beta":false,"boss_relics":[{"not_picked":["Sozu","Tiny House"],"picked":"SacredBark"}],"items_purged_floors":[20],"is_endless":false,"potions_floor_spawned":[3,11,12,13,16,21],"killed_by":"Book of Stabbing","ascension_level":17}}