{"host":"8fup84v061vi31le","time":1610090285,"event":{"mods":["Aspiration","BaseMod","Better Match","Better Third Choice","Minty Spire (QoL Compilation)","Shop Mod","Spicy Shops","StSLib"],"gold_per_floor":[111,111,36,36,48,48,67,77,77,27,57,68,68,79,79,184,184,204,279,295,308,88,120,120,135,209,220,220,220],"floor_reached":28,"playtime":856,"items_purged":["Injury","Defend_R"],"score":351,"play_id":"21509299-a913-4559-822a-1cdff0bef8e6","local_time":"20210108151805","is_ascension_mode":true,"campfire_choices":[{"data":"Carnage","floor":6.0,"key":"SMITH"},{"floor":15.0,"key":"REST"},{"floor":24.0,"key":"REST"}],"circlet_count":0,"master_deck":["Strike_R","Strike_R","Strike_R","Defend_R+1","Defend_R","Bash+1","Carnage+1","Anger+1","Anger+1","Flex","Battle Trance"],"relics":["Burning Blood","aspiration:DSix","Molten Egg 2","Ancient Tea Set","Empty Cage","Eternal Feather","Tiny Chest","Oddly Smooth Stone"],"acts_visited":["Exordium","TheCity"],"potions_floor_usage":[],"damage_taken":[{"damage":11.0,"enemies":"Jaw Worm","floor":1.0,"turns":5.0},{"damage":6.0,"enemies":"Small Slimes","floor":5.0,"turns":3.0},{"damage":1.0,"enemies":"2 Louse","floor":7.0,"turns":2.0},{"damage":9.0,"enemies":"Red Slaver","floor":8.0,"turns":2.0},{"damage":14.0,"enemies":"3 Sentries","floor":11.0,"turns":5.0},{"damage":0.0,"enemies":"2 Fungi Beasts","floor":12.0,"turns":2.0},{"damage":17.0,"enemies":"Lots of Slimes","floor":14.0,"turns":3.0},{"damage":8.0,"enemies":"Slime Boss","floor":16.0,"turns":8.0},{"damage":8.0,"enemies":"Chosen","floor":18.0,"turns":4.0},{"damage":15.0,"enemies":"Shell Parasite","floor":20.0,"turns":3.0},{"damage":19.0,"enemies":"Snecko","floor":21.0,"turns":4.0},{"damage":45.0,"enemies":"Slavers","floor":23.0,"turns":7.0},{"damage":24.0,"enemies":"Cultist and Chosen","floor":25.0,"turns":5.0},{"damage":27,"enemies":"Centurion and Healer","floor":27,"turns":4},{"damage":15,"enemies":"Chosen and Byrds","floor":28,"turns":4}],"seed_played":"8653126848321102279","potions_obtained":[{"floor":1.0,"key":"BloodPotion"},{"floor":7.0,"key":"HeartOfIron"},{"floor":11.0,"key":"Regen Potion"},{"floor":13.0,"key":"DuplicationPotion"},{"floor":13.0,"key":"DistilledChaos"},{"floor":20.0,"key":"ElixirPotion"},{"floor":25.0,"key":"ElixirPotion"}],"is_trial":false,"path_per_floor":["M","?","$","?","M","R","M","M","T","?","E","M","?","M","R","B",null,"M","?","M","M","$","E","R","M","T","M","M"],"character_chosen":"IRONCLAD","items_purchased":["Eternal Feather"],"campfire_rested":2,"item_purchase_floors":[22],"current_hp_per_floor":[67,67,67,51,51,51,56,53,53,53,61,67,67,56,80,78,80,78,70,61,48,48,24,54,36,36,15,0,0],"gold":220,"neow_bonus":"DSIX","is_daily":false,"chose_seed":false,"campfire_upgraded":1,"win_rate":0.0,"timestamp":1610090285,"path_taken":["M","?","$","?","M","R","M","M","T","?","E","M","?","?","R","BOSS","M","?","M","M","$","E","R","M","T","?","?"],"items_purchased_type":["Relic"],"build_version":"2020-12-22","purchased_purges":2,"victory":false,"max_hp_per_floor":[80,80,80,80,80,80,80,80,80,80,80,80,80,80,80,80,80,80,80,80,80,80,80,80,80,80,80,80,80],"card_choices":[{"not_picked":["Infernal Blade","Reckless Charge"],"picked":"Carnage","floor":1.0},{"not_picked":["Sever Soul+1","Twin Strike+1"],"picked":"Anger+1","floor":5.0},{"not_picked":["Armaments","Clothesline+1"],"picked":"Anger+1","floor":7.0},{"not_picked":["Fire Breathing","Shockwave"],"picked":"Flex","floor":8.0},{"not_picked":["Ghostly Armor","Infernal Blade","Twin Strike+1"],"picked":"SKIP","floor":11.0},{"not_picked":["Havoc","Feel No Pain","Intimidate"],"picked":"SKIP","floor":12.0},{"not_picked":["Wild Strike+1","Intimidate"],"picked":"Battle Trance","floor":14.0},{"not_picked":["Clothesline+1","Uppercut+1","Wild Strike+1"],"picked":"SKIP","floor":18.0},{"not_picked":["Headbutt+1","Clothesline+1","Havoc"],"picked":"SKIP","floor":20.0},{"not_picked":["Uppercut+1","Clothesline+1","Carnage+1"],"picked":"SKIP","floor":21.0},{"not_picked":["Hemokinesis+1","Cleave+1","Bludgeon+1"],"picked":"SKIP","floor":23.0},{"not_picked":["Sword Boomerang+1","Rupture","Armaments"],"picked":"SKIP","floor":25.0},{"not_picked":["Wild Strike+1","Intimidate","Armaments"],"picked":"SKIP","floor":27}],"player_experience":147253,"relics_obtained":[{"floor":11.0,"key":"Ancient Tea Set"},{"floor":23.0,"key":"Tiny Chest"},{"floor":26.0,"key":"Oddly Smooth Stone"}],"event_choices":[{"damage_healed":67.0,"max_hp_gain":0.0,"max_hp_loss":80.0,"gold_gain":0.0,"event_name":"betterThird:BetterShining","player_choice":"Upgrade","floor":4.0,"gold_loss":0.0,"damage_taken":16.0,"cards_upgraded":["Defend_R","Bash"]},{"cards_removed":["Defend_R"],"damage_healed":0.0,"max_hp_gain":0.0,"max_hp_loss":0.0,"gold_gain":0.0,"event_name":"The Cleric","player_choice":"Card Removal","floor":10.0,"gold_loss":50.0,"damage_taken":0.0},{"damage_healed":0.0,"max_hp_gain":0.0,"max_hp_loss":0.0,"gold_gain":0.0,"event_name":"Lab","player_choice":"Got Potions","floor":13.0,"gold_loss":0.0,"damage_taken":0.0},{"damage_healed":0.0,"max_hp_gain":0.0,"max_hp_loss":0.0,"gold_gain":75.0,"event_name":"FaceTrader","player_choice":"Touch","floor":19.0,"gold_loss":0.0,"damage_taken":8.0}],"is_beta":false,"boss_relics":[{"not_picked":["aspiration:FutureDiary","Runic Cube"],"picked":"Empty Cage"}],"items_purged_floors":[3,22],"is_endless":false,"potions_floor_spawned":[1,7,11,20,25],"killed_by":"Chosen and Byrds","ascension_level":9}}