{"host":"oeeu8njhzvf3llor","time":1610133709,"event":{"mods":["BaseMod","Better Match","Better Note","Better Skull","Better Third Choice","Hubris","Minty Spire (QoL Compilation)","Rare Cards Sparkle","Replay The Spire","Shop Mod","Spicy Shops","StSLib","Swap Starting Deck Mod"],"gold_per_floor":[117,133,133,57,73,106,106,124,124,149,114,114,127,144,144,240,240,253,268,268,19,38,38,56,81,81,81,92,127,143,161,161,265,265,265],"floor_reached":34,"playtime":1315,"items_purged":["Strike_G"],"score":453,"play_id":"800c6405-41c6-4817-b2c4-cb9e832ec4ba","local_time":"20210108142149","is_ascension_mode":true,"campfire_choices":[{"data":"Crippling Poison","floor":7.0,"key":"SMITH"},{"data":"Catalyst","floor":15.0,"key":"SMITH"},{"floor":23,"key":"REST"},{"floor":32,"key":"REST"}],"circlet_count":0,"master_deck":["Defend_G","Defend_G","Defend_G","Defend_G","Survivor","Neutralize+1","Flying Knee","Poisoned Stab","PiercingWail","Riddle With Holes","Crippling Poison+1","Bane","Poisoned Stab","Catalyst+1","After Image","Sucker Punch+1","Poisoned Stab","Dagger Spray","Riddle With Holes","Dagger Spray+1","Crippling Poison","Toxin Wave","Deadly Poison","A Thousand Cuts","Voices","Overencumbered"],"relics":["Ring of the Snake","NeowsBlessing","Chameleon Ring","Meat on the Bone","hubris:MysteriousPyramids","hubris:Towel","Fusion Hammer","BargainBundle","Bronze Scales","Bottled Flame","Ninja Scroll","hubris:Icosahedron","Regal Pillow","Kintsugi"],"acts_visited":["Exordium","TheCity","TheBeyond"],"potions_floor_usage":[33,33,33,33],"damage_taken":[{"damage":0.0,"enemies":"2 Louse","floor":1.0,"turns":1.0},{"damage":0.0,"enemies":"Cultist","floor":2.0,"turns":1.0},{"damage":0.0,"enemies":"Small Slimes","floor":5.0,"turns":1.0},{"damage":20.0,"enemies":"3 Sentries","floor":6.0,"turns":10.0},{"damage":4.0,"enemies":"2 Fungi Beasts","floor":8.0,"turns":3.0},{"damage":11.0,"enemies":"Lagavulin","floor":10.0,"turns":5.0},{"damage":0.0,"enemies":"3 Louse","floor":13.0,"turns":2.0},{"damage":10.0,"enemies":"Large Slime","floor":14.0,"turns":6.0},{"damage":45.0,"enemies":"Fading Forest","floor":16.0,"turns":11.0},{"damage":24,"enemies":"Spheric Guardian","floor":18,"turns":6},{"damage":10,"enemies":"2 Thieves","floor":19,"turns":5},{"damage":26,"enemies":"Snake Plant","floor":22,"turns":4},{"damage":11,"enemies":"3 Cultists","floor":24,"turns":4},{"damage":0,"enemies":"Gremlin Leader","floor":25,"turns":5},{"damage":7,"enemies":"Centurion and Healer","floor":28,"turns":4},{"damage":16,"enemies":"Replay:Snechameleon","floor":29,"turns":5},{"damage":5,"enemies":"Snake Plant","floor":30,"turns":3},{"damage":7,"enemies":"Shelled Parasite and Fungi","floor":31,"turns":3},{"damage":27,"enemies":"Collector","floor":33,"turns":7}],"seed_played":"915434510076957410","potions_obtained":[{"floor":2.0,"key":"Adrenaline Potion"},{"floor":6.0,"key":"Ancient Potion"},{"floor":8.0,"key":"Cursed Concoction"},{"floor":10.0,"key":"EntropicBrew"},{"floor":28,"key":"LiquidMemories"}],"is_trial":false,"path_per_floor":["M","M","?","$","M","E","R","M","T","E","?","?","M","M","R","B",null,"M","M","?","$","M","R","M","E","T","?","M","E","M","M","R","B",null],"character_chosen":"THE_SILENT","items_purchased":["PiercingWail","BargainBundle","Dagger Spray","Bronze Scales"],"campfire_rested":2,"item_purchase_floors":[4,21,21,21],"current_hp_per_floor":[70,70,70,70,70,50,50,46,46,47,64,64,64,54,54,31,70,46,36,36,36,22,43,44,44,44,44,37,33,40,45,70,43,70,70],"gold":265,"neow_bonus":"THREE_ENEMY_KILL","is_daily":false,"chose_seed":false,"campfire_upgraded":2,"win_rate":0.0,"timestamp":1610133709,"path_taken":["M","M","?","?","M","E","R","M","T","E","?","?","M","M","R","BOSS","M","M","?","$","M","R","M","E","T","?","M","E","M","M","R","BOSS"],"items_purchased_type":["Card","Relic","Card","Relic"],"build_version":"2020-12-22","purchased_purges":1,"victory":false,"max_hp_per_floor":[70,70,70,70,70,70,70,70,70,70,70,70,70,70,70,70,70,70,70,70,70,70,70,70,70,70,70,70,70,70,70,70,70,70,70],"card_choices":[{"not_picked":["Slice","Bane"],"picked":"Flying Knee","floor":1.0},{"not_picked":["Dagger Throw","Expertise"],"picked":"Poisoned Stab","floor":2.0},{"not_picked":["Eviscerate","Cloak And Dagger"],"picked":"Riddle With Holes","floor":5.0},{"not_picked":["Dagger Spray","ReplayTheSpireMod:Necrosis"],"picked":"Crippling Poison","floor":6.0},{"not_picked":["Hidden Blade","Prepared"],"picked":"Bane","floor":8.0},{"not_picked":["Finisher","PiercingWail"],"picked":"Poisoned Stab","floor":10.0},{"not_picked":["Deadly Poison","Outmaneuver"],"picked":"Catalyst","floor":13.0},{"not_picked":["Predator","Blade Dance","Quick Slash"],"picked":"SKIP","floor":14.0},{"not_picked":["Wraith Form v2","Malaise"],"picked":"After Image","floor":16.0},{"not_picked":["Flying Knee","Expertise"],"picked":"Sucker Punch+1","floor":18},{"not_picked":["Bane","Choke"],"picked":"Poisoned Stab","floor":19},{"not_picked":["Calculated Gamble+1","Dodge and Roll"],"picked":"Riddle With Holes","floor":22},{"not_picked":["Eviscerate","Cloak And Dagger+1"],"picked":"Dagger Spray+1","floor":24},{"not_picked":["Tactician","Distraction+1"],"picked":"Crippling Poison","floor":25},{"not_picked":["Deflect","Dodge and Roll","Outmaneuver"],"picked":"SKIP","floor":28},{"not_picked":["Dagger Throw","Quick Slash"],"picked":"Toxin Wave","floor":29},{"not_picked":["Blade Dance","hubris:SlightOfHand","Cloak And Dagger+1"],"picked":"SKIP","floor":30},{"not_picked":["Unload","Dagger Throw+1"],"picked":"Deadly Poison","floor":31},{"not_picked":["Storm of Steel","Phantasmal Killer"],"picked":"A Thousand Cuts","floor":33}],"player_experience":493419,"relics_obtained":[{"floor":6.0,"key":"Chameleon Ring"},{"floor":9.0,"key":"Meat on the Bone"},{"floor":10.0,"key":"hubris:MysteriousPyramids"},{"floor":25,"key":"Bottled Flame"},{"floor":26,"key":"Ninja Scroll"},{"floor":29,"key":"Regal Pillow"}],"event_choices":[{"damage_healed":0.0,"max_hp_gain":0.0,"max_hp_loss":0.0,"gold_gain":0.0,"event_name":"Accursed Blacksmith","player_choice":"Forge","floor":3.0,"gold_loss":0.0,"damage_taken":0.0,"cards_upgraded":["Neutralize"]},{"damage_healed":17.0,"max_hp_gain":0.0,"max_hp_loss":0.0,"gold_gain":0.0,"event_name":"The Cleric","player_choice":"Healed","floor":11.0,"gold_loss":35.0,"damage_taken":0.0},{"cards_removed":["Strike_G"],"damage_healed":0,"gold_gain":0,"player_choice":"Give","damage_taken":0,"max_hp_gain":0,"max_hp_loss":0,"event_name":"betterNote:BetterNote","floor":20,"gold_loss":0,"cards_obtained":["Strike_B"]}],"is_beta":false,"boss_relics":[{"not_picked":["Runic Dome","Honey Jar"],"picked":"Fusion Hammer"},{"not_picked":["ReplayTheSpireMod:DimensionalGlitch","Coffee Dripper"],"picked":"Kintsugi"}],"items_purged_floors":[21],"is_endless":false,"potions_floor_spawned":[2,6,8,10,14,24,25,28],"ascension_level":1}}