{"host":"w5vfr18i2ft1pzo2","time":1610123298,"event":{"mods":["AchievementEnabler","Act Like it!","Aspiration","BaseMod","Better Third Choice","BetterRewards","Colored Map","Colored Powertips","Conspire","Curses Come First","DNKmod","Defuse TimeMaze Blight","Dota2Spire","Elementarium","Energized Spire","Evolution","Force Act Four","Friendly Minions","Gensokyo","GifTheSpireLib","Gold Saver","GungeonMod","Halation","Hallownest","Hubris","Hyrulean Relics","Infinite Spire","Jedi Mod","Marisa????????","Minty Spire (QoL Compilation)","MostiFishMod","Poor People Problems","Prisma Mod","Remilia??????","Replay The Spire","SacredBarkPlus","Small Relic Pack","Spicy Shops","Spikes Relics","StSLib","Stuff the Spire","SuperFastMode","Synergy Search","The Blue Laboratory","The Servant 0.9.4","Trackpad","Treasure Hunter","Uncapped","Wandering Minibosses","Yakumo Yukari mod","noobMod","vexMod","??????REMEMod"],"gold_per_floor":[2000,2018,2034,2044,2062,2062,2092,2092,2092,2106,2106,2133,2150,2151,2151,2268,2218,2237,2237,2252,2288,2307,2342,2342,2342,2342,2342,2342,2364,2402,2452,2452,2590,2590,2614,2642,2642,2642,2698,2698,2382,2382,2409,2433,2465,2465,2465,2514,2514,2545,2545],"floor_reached":50,"playtime":1517,"items_purged":["DemoMod:Strike_Huntress","Hallownest:curseDreamersLament"],"score":727,"play_id":"bc4b02c7-6f35-4368-9ec2-45db78b3ba1c","local_time":"20210109002818","is_ascension_mode":false,"campfire_choices":[{"floor":6,"key":"RECALL"},{"data":"DemoMod:CombinedRifle","floor":11,"key":"SMITH"},{"data":"DemoMod:Defend_Huntress","floor":15,"key":"PURGE"},{"data":"DemoMod:MegaHand","floor":24,"key":"SMITH"},{"data":"DemoMod:FinishedGun","floor":28,"key":"SMITH"},{"data":"DemoMod:ShadowBullets","floor":32,"key":"SMITH"},{"data":"DemoMod:ZorGun","floor":40,"key":"SMITH"},{"data":"DemoMod:GunslingerForm","floor":42,"key":"SMITH"},{"data":"hubris:Fate","floor":49,"key":"SMITH"}],"circlet_count":0,"master_deck":["DemoMod:Strike_Huntress","DemoMod:Defend_Huntress","DemoMod:ManualReload","DemoMod:RustySidearm","DemoMod:CrossBow","Echo Form","DemoMod:ChanceBullets","DemoMod:ChanceBullets","DemoMod:GunslingerForm+1","DemoMod:GunstockTap","DemoMod:TeaPot","TH:TreasureMap","DemoMod:CombinedRifle+1","TH:BikiniMail","DemoMod:HuntsMan","TH:ElvenBoots","DemoMod:BlankBullets","TH:DeckOfManyThings","DemoMod:FinishedGun+1","DemoMod:Strike_Huntress","DemoMod:TeaPot","DemoMod:Camera","infinitespire:DeathsTouch","DemoMod:BulletBore","DemoMod:Unity+1","DemoMod:DirectionalPad","TH:TreasureMap","DemoMod:MegaHand+1","TH:DeckOfManyThings","DemoMod:FightSabre","DemoMod:ShadowBullets+1","DemoMod:Unity+1","TH:DeckOfManyThings+1","DemoMod:BlackHoleGun","DemoMod:TableSutra+1","DemoMod:Polaris","DemoMod:TripleGun+1","Predator","Replay:Poison Smokescreen","Acrobatics","DemoMod:ZorGun+1","TH:TreasureMap+1","DemoMod:ShadowBullets","DemoMod:Unmoved+1","hubris:Fate+1","StuffTheSpire:CelestialWarden","TH:TreasureMap+1","DemoMod:Desperate+1"],"relics":["DemoMod:Dog","EVO:Axolotl","DaveBox","ice","REME_ComplimentaryCards","NeowsBlessing","DianPoetry","SynthV:TestCard","aspiration:TomeofQuesting","aspiration:BabyByrd","halation:IllGainedPizza","energizedSpire:HugeHouse","Black Star","infinitespire:FocusingShard","Dota2Spire:Desolator","Ornamental Fan","halation:EternalFortune","TH:Anvil","Hallownest:WatcherSealRelic","wanderingMiniBosses:CarrionFlame","StuffTheSpire:Tea","SacredBark","hubris:Icosahedron","Golden Egg","Dota2Spire:LotusOrb","jedi:crownofsimplicity","conspire:TopHat"],"acts_visited":["Exordium","Hallownest:CityofTears","Hallownest:KingdomsEdge"],"potions_floor_usage":[33,33],"damage_taken":[{"damage":0,"enemies":"Cultist","floor":1,"turns":1},{"damage":0,"enemies":"2 Louse","floor":2,"turns":1},{"damage":0,"enemies":"Small Slimes","floor":3,"turns":1},{"damage":0,"enemies":"Looter","floor":4,"turns":1},{"damage":4,"enemies":"3 Louse","floor":5,"turns":4},{"damage":14,"enemies":"Lagavulin","floor":7,"turns":3},{"damage":0,"enemies":"Large Slime","floor":10,"turns":3},{"damage":8,"enemies":"Gremlin Nob","floor":12,"turns":3},{"damage":0,"enemies":"2 Fungi Beasts","floor":13,"turns":1},{"damage":0,"enemies":"Hexaghost","floor":16,"turns":5},{"damage":0,"enemies":"Hallownest:2_Mistakes","floor":18,"turns":2},{"damage":7,"enemies":"Hallownest:Flukemon_and_Top","floor":20,"turns":2},{"damage":4,"enemies":"Hallownest:Warrior_and_Youth","floor":21,"turns":3},{"damage":10,"enemies":"Hallownest:Warrior_and_Youth","floor":22,"turns":2},{"damage":17,"enemies":"Nightmare","floor":23,"turns":3},{"damage":13,"enemies":"Hallownest:2_Husk_Sentries","floor":29,"turns":3},{"damage":1,"enemies":"Hallownest:Master_and_Novice","floor":30,"turns":2},{"damage":3,"enemies":"Hallownest:Warrior_and_Youth","floor":31,"turns":4},{"damage":16,"enemies":"Hallownest:BossGrimm","floor":33,"turns":5},{"damage":18,"enemies":"Hallownest:3_Siblings","floor":35,"turns":2},{"damage":1,"enemies":"conspire:MimicChest","floor":36,"turns":1},{"damage":15,"enemies":"Hallownest:2_Littles","floor":39,"turns":2},{"damage":0,"enemies":"Hallownest:2_Great","floor":44,"turns":2},{"damage":0,"enemies":"Hallownest:2_Wing_and_1_Kings","floor":45,"turns":3},{"damage":23,"enemies":"Hallownest:StalkingDevout","floor":48,"turns":2},{"damage":30,"enemies":"Hallownest:BossGreyPrinceZote","floor":50,"turns":4}],"seed_played":"-2958012519863659723","potions_obtained":[{"floor":2,"key":"PowerPotion"},{"floor":4,"key":"DistilledChaos"},{"floor":20,"key":"Venom Potion"},{"floor":33,"key":"blueLaboratory:BubblePotion"},{"floor":44,"key":"REME_GoldPotion"}],"is_trial":false,"path_per_floor":["M","M","M","M","M","R","E","?","T","M","R","E","M","?","R_BF","B",null,"M","AVR","M","?","M","NM","R","?","T","?","R","M","M","?","R","B",null,"M","?","?","?","M","R","$","R","T","M","M","AVR","?","E","R","B"],"character_chosen":"HUNTRESS","items_purchased":["Golden Egg"],"campfire_rested":0,"item_purchase_floors":[41],"current_hp_per_floor":[70,70,70,70,66,66,52,52,52,52,52,44,44,37,37,37,65,65,65,58,54,44,27,27,30,30,30,30,17,16,13,13,64,87,69,68,68,68,53,53,53,53,53,53,53,53,53,30,30,0,0],"gold":2545,"neow_bonus":"THREE_ENEMY_KILL","is_daily":false,"chose_seed":false,"campfire_upgraded":7,"win_rate":0.0,"timestamp":1610123298,"path_taken":["M","M","M","M","M","R","E","?","T","M","R","E","M","?","R_BF","BOSS","M","AVR","M","?","M","NM","R","?","T","?","R","M","M","?","R","BOSS","M","?","?","?","M","R","?","R","T","M","?","AVR","?","E","R","BOSS"],"items_purchased_type":["Relic"],"build_version":"2020-12-22","purchased_purges":2,"victory":false,"max_hp_per_floor":[70,70,70,70,70,70,70,70,70,70,70,70,70,70,70,70,65,65,65,65,65,65,65,65,68,68,68,68,68,68,68,68,87,87,88,88,88,88,91,91,91,91,91,92,93,93,93,99,99,125,125],"card_choices":[{"not_picked":["DemoMod:Ejector","DemoMod:BattleInHaste"],"picked":"DemoMod:ChanceBullets","floor":1},{"not_picked":["DemoMod:JK47","DemoMod:RadGun","DemoMod:PotionOfGunFriendShip","DemoMod:SniperShot"],"picked":"DemoMod:ChanceBullets","floor":2},{"not_picked":["DemoMod:HardPowerCard","DemoMod:HuntsMan","DemoMod:MegaHand","DemoMod:TeaPot"],"picked":"DemoMod:GunslingerForm","floor":3},{"not_picked":["DemoMod:FastSwitch","DemoMod:Ejector","DemoMod:AWP","DemoMod:StickyCrossBow"],"picked":"DemoMod:GunstockTap","floor":4},{"not_picked":["DemoMod:DoubleSwitch","DemoMod:TableSutra","DemoMod:EasyReloadBullets","DemoMod:HardPowerCard"],"picked":"DemoMod:TeaPot","floor":5},{"not_picked":["TH:PixieDust","TH:ArmorSpikes","TH:CopperCoins"],"picked":"TH:TreasureMap","floor":7},{"not_picked":["DemoMod:StickyCrossBow","DemoMod:Ejector","DemoMod:GunShield","DemoMod:HighKaliber"],"picked":"DemoMod:CombinedRifle","floor":7},{"not_picked":["TH:CopperCoins","TH:ArmorSpikes","TH:TreasureMap"],"picked":"TH:BikiniMail","floor":9},{"not_picked":["DemoMod:GunstockTap","DemoMod:MachoBrace","DemoMod:RadGun","DemoMod:ThirdPartyController"],"picked":"DemoMod:HuntsMan","floor":10},{"not_picked":["TH:PixieDust","TH:Mimic","TH:EnergyPotion"],"picked":"TH:ElvenBoots","floor":12},{"not_picked":["DemoMod:HardPowerCard","DemoMod:PotionOfGunFriendShip","DemoMod:AC15","DemoMod:AWP"],"picked":"DemoMod:Unmoved","floor":12},{"not_picked":["DemoMod:AC15","DemoMod:Unmoved","DemoMod:DoubleSwitch","DemoMod:ConditionalReflex"],"picked":"DemoMod:BlankBullets","floor":13},{"not_picked":["TH:ElvenBoots","TH:TreasureMap","TH:CopperCoins"],"picked":"TH:DeckOfManyThings","floor":16},{"not_picked":["DemoMod:Slinger","DemoMod:BalloonGun","DemoMod:DoubleVision","DemoMod:FightSabre"],"picked":"DemoMod:FinishedGun","floor":16},{"not_picked":["DemoMod:LifeOrb","DemoMod:ShadowBullets","DemoMod:MachoBrace","DemoMod:GunstockTap"],"picked":"DemoMod:Camera","floor":18},{"not_picked":["DemoMod:JK47+1","DemoMod:GunShield","DemoMod:BattleInHaste","DemoMod:RadGun"],"picked":"DemoMod:BulletBore","floor":20},{"not_picked":["DemoMod:BoxingGlove","DemoMod:AWP","DemoMod:LifeOrb","DemoMod:JK47"],"picked":"DemoMod:Unity+1","floor":21},{"not_picked":["DemoMod:DoubleSwitch","DemoMod:RadGun","DemoMod:BattleInHaste+1","DemoMod:StickyCrossBow+1"],"picked":"DemoMod:DirectionalPad","floor":22},{"not_picked":["TH:Mimic","TH:PixieDust","TH:BikiniMail"],"picked":"TH:TreasureMap","floor":23},{"not_picked":["DemoMod:DoubleSwitch","DemoMod:SkilledReload","DemoMod:Ejector","DemoMod:AWP"],"picked":"DemoMod:MegaHand","floor":23},{"not_picked":["TH:EnergyPotion","TH:ArmorSpikes","TH:CopperCoins"],"picked":"TH:DeckOfManyThings","floor":26},{"not_picked":["DemoMod:CursedBullets+1","DemoMod:DirectionalPad","DemoMod:BoxingGlove","DemoMod:SAA"],"picked":"DemoMod:FightSabre","floor":29},{"not_picked":["DemoMod:ZorGun","DemoMod:DirectionalPad+1","DemoMod:FastSwitch","DemoMod:TableSutra"],"picked":"DemoMod:ShadowBullets","floor":30},{"not_picked":["DemoMod:DoubleSwitch","DemoMod:HuntsMan","DemoMod:Ejector","DemoMod:AC15+1"],"picked":"DemoMod:Unity+1","floor":31},{"not_picked":["TH:CopperCoins","TH:EnergyPotion","TH:BikiniMail"],"picked":"TH:DeckOfManyThings","floor":33},{"not_picked":["DemoMod:FightSabre","DemoMod:BlankBullets","DemoMod:FinishedGun","DemoMod:Elimentaler"],"picked":"DemoMod:BlackHoleGun","floor":33},{"not_picked":["DemoMod:GunstockTap","DemoMod:DirectionalPad","DemoMod:Unity","DemoMod:FeignSurrender+1"],"picked":"DemoMod:TableSutra+1","floor":35},{"not_picked":["DemoMod:Camera","DemoMod:MachoBrace+1","DemoMod:HighKaliber","DemoMod:Purify"],"picked":"DemoMod:Polaris","floor":36},{"not_picked":["DemoMod:DirectionalPad+1","DemoMod:FightSabre","DemoMod:GunstockTap","DemoMod:Camera+1"],"picked":"DemoMod:TripleGun+1","floor":36},{"not_picked":["DemoMod:TeaPot+1","DemoMod:HighKaliber","DemoMod:DirectionalPad+1","DemoMod:SAA+1"],"picked":"DemoMod:ZorGun","floor":39},{"not_picked":["TH:CopperCoins","TH:EnergyPotion","TH:PixieDust"],"picked":"TH:TreasureMap","floor":43},{"not_picked":["DemoMod:SAA+1","DemoMod:GunslingerForm","DemoMod:CursedBullets","DemoMod:Polaris"],"picked":"DemoMod:ShadowBullets","floor":44},{"not_picked":["DemoMod:BoxingGlove","DemoMod:HardPowerCard","DemoMod:Purify+1","DemoMod:HuntsMan+1"],"picked":"DemoMod:Unmoved+1","floor":45},{"not_picked":["StuffTheSpire:Vigor","StuffTheSpire:Ambrosia"],"picked":"StuffTheSpire:CelestialWarden","floor":47},{"not_picked":["TH:BikiniMail","TH:ArmorSpikes","TH:PixieDust"],"picked":"TH:TreasureMap","floor":48},{"not_picked":["DemoMod:HungryBullets","DemoMod:HardPowerCard+1","DemoMod:ProbeStrike","DemoMod:AC15+1"],"picked":"DemoMod:Desperate","floor":48}],"player_experience":259333,"relics_obtained":[{"floor":1,"key":"SynthV:TestCard"},{"floor":7,"key":"aspiration:TomeofQuesting"},{"floor":12,"key":"halation:IllGainedPizza"},{"floor":21,"key":"infinitespire:FocusingShard"},{"floor":23,"key":"Dota2Spire:Desolator"},{"floor":23,"key":"Ornamental Fan"},{"floor":26,"key":"TH:Anvil"},{"floor":29,"key":"wanderingMiniBosses:CarrionFlame"},{"floor":31,"key":"StuffTheSpire:Tea"},{"floor":36,"key":"trackpad:Compendium"},{"floor":43,"key":"Dota2Spire:LotusOrb"},{"floor":48,"key":"jedi:crownofsimplicity"},{"floor":48,"key":"conspire:TopHat"}],"event_choices":[{"cards_removed":["DemoMod:Defend_Huntress"],"damage_healed":0,"gold_gain":0,"player_choice":"Card Removal","damage_taken":7,"max_hp_gain":0,"max_hp_loss":0,"event_name":"Golden Wing","floor":14,"gold_loss":0}],"is_beta":false,"boss_relics":[{"not_picked":["vexMod:NewClearReactor","vexMod:TanglingVine"],"picked":"energizedSpire:HugeHouse"},{"not_picked":["energizedSpire:DeadBattery","aspiration:FutureDiary"],"picked":"SacredBark"}],"items_purged_floors":[19,41],"is_endless":false,"potions_floor_spawned":[2,3,4,7,12,20,20,23,30,33,44,48],"killed_by":"Hallownest:BossGreyPrinceZote","ascension_level":0}}