{"host":"hxqmxu97ax4h93y4","time":1610132959,"event":{"mods":["BaseMod","Downfall","Hermit","Marisa????????","Minty Spire (QoL Compilation)","Random Character Button","StSLib","The Cursed","The Necromancer","The Runesmith"],"gold_per_floor":[109,184,184,195,97,126,126,155,155,165,184,184,84,114,114,219,219,219,219],"floor_reached":18,"playtime":1143,"items_purged":["Runesmith:Strike_RS","Runesmith:Strike_RS"],"score":205,"play_id":"a873276c-a03a-459d-b657-c3e4bd30edf1","local_time":"20210108110919","is_ascension_mode":false,"campfire_choices":[{"floor":7.0,"key":"REST"},{"floor":12.0,"key":"REST"},{"data":"Runesmith:CraftMagma","floor":15.0,"key":"SMITH"}],"circlet_count":0,"master_deck":["Runesmith:Strike_RS","Runesmith:Strike_RS","Runesmith:Defend_RS","Runesmith:Defend_RS","Runesmith:Defend_RS","Runesmith:Defend_RS","Runesmith:CraftFirestone","Runesmith:Fortify","Runesmith:LithiumIon","Runesmith:HeatedChisel","Runesmith:BackupBattery","Runesmith:CraftMagma+1","Runesmith:LithiumIon","Runesmith:Firewall","Runesmith:BackupBattery","Runesmith:EarthShield","Runesmith:CraftMedicinae"],"relics":["Runesmith:BrokenRuby","Runesmith:Nanobots","Prayer Wheel","Oddly Smooth Stone","Bottled Flame","Runesmith:Locket","Sozu"],"acts_visited":["Exordium","TheCity"],"potions_floor_usage":[],"damage_taken":[{"damage":9.0,"enemies":"Small Slimes","floor":1.0,"turns":4.0},{"damage":0.0,"enemies":"2 Louse","floor":4.0,"turns":3.0},{"damage":12.0,"enemies":"3 Sentries","floor":6.0,"turns":10.0},{"damage":0.0,"enemies":"Lagavulin","floor":8.0,"turns":7.0},{"damage":0.0,"enemies":"Jaw Worm","floor":10.0,"turns":3.0},{"damage":10.0,"enemies":"Exordium Thugs","floor":11.0,"turns":6.0},{"damage":13.0,"enemies":"3 Sentries","floor":14.0,"turns":9.0},{"damage":11.0,"enemies":"Slime Boss","floor":16.0,"turns":8.0},{"damage":1.0,"enemies":"Chosen","floor":18.0,"turns":5.0}],"seed_played":"3423707109597504512","potions_obtained":[{"floor":1.0,"key":"Energy Potion"},{"floor":6.0,"key":"DuplicationPotion"},{"floor":16.0,"key":"champ:CounterPotion"}],"is_trial":false,"path_per_floor":["M","?","?","M","$","E","R","E","T","M","M","R","$","E","R","B",null,"M"],"character_chosen":"RUNESMITH_CLASS","items_purchased":["Runesmith:BackupBattery"],"campfire_rested":2,"item_purchase_floors":[5],"current_hp_per_floor":[68,57,39,39,39,27,50,50,50,50,40,63,63,50,50,39,77,76,76],"gold":219,"neow_bonus":"TEN_PERCENT_HP_BONUS","is_daily":false,"chose_seed":false,"campfire_upgraded":1,"win_rate":0.0,"timestamp":1610132959,"path_taken":["M","?","?","M","$","E","R","E","T","?","M","R","$","E","R","BOSS","M"],"items_purchased_type":["Card"],"build_version":"2020-12-22","purchased_purges":2,"victory":false,"max_hp_per_floor":[77,77,77,77,77,77,77,77,77,77,77,77,77,77,77,77,77,77,77],"card_choices":[{"not_picked":["Runesmith:Malloc","Runesmith:RuneHurl"],"picked":"Runesmith:LithiumIon","floor":1.0},{"not_picked":["Runesmith:EnergizedChisel","Runesmith:UnstableHammer"],"picked":"Runesmith:HeatedChisel","floor":4.0},{"not_picked":["Runesmith:EarthShield","Runesmith:UnstableHammer"],"picked":"Runesmith:CraftMagma","floor":6.0},{"not_picked":["Runesmith:Augment","Runesmith:ElementalConversion"],"picked":"Runesmith:LithiumIon","floor":8.0},{"not_picked":["Runesmith:Permafrost","Runesmith:CraftMagma"],"picked":"Runesmith:Firewall","floor":10.0},{"not_picked":["Runesmith:Prism","Runesmith:HammerAndChisel","Runesmith:Firestorm"],"picked":"SKIP","floor":10.0},{"not_picked":["Runesmith:UnstableHammer","Runesmith:MakeshiftArmor"],"picked":"Runesmith:BackupBattery","floor":11.0},{"not_picked":["Runesmith:MetallurgicalResearch","Runesmith:HeatedChisel","Runesmith:Augment"],"picked":"SKIP","floor":11.0},{"not_picked":["Runesmith:CraftSpiculum","Runesmith:Repurpose"],"picked":"Runesmith:EarthShield","floor":14.0},{"not_picked":["Runesmith:MetallurgicalResearch","Runesmith:LightningRod"],"picked":"Runesmith:CraftMedicinae","floor":16.0},{"not_picked":["Runesmith:Discharge+1","Runesmith:RunicBlueprint","Runesmith:Grindstone"],"picked":"SKIP","floor":18},{"not_picked":["Runesmith:Repurpose","Runesmith:RuneHurl","Runesmith:EnergizedChisel"],"picked":"SKIP","floor":18}],"player_experience":30415,"relics_obtained":[{"floor":6.0,"key":"Prayer Wheel"},{"floor":8.0,"key":"Oddly Smooth Stone"},{"floor":9.0,"key":"Bottled Flame"},{"floor":14.0,"key":"Runesmith:Locket"}],"event_choices":[{"damage_healed":0.0,"max_hp_gain":0.0,"max_hp_loss":0.0,"gold_gain":75.0,"event_name":"World of Goop","player_choice":"Gather Gold","floor":2.0,"gold_loss":0.0,"damage_taken":11.0},{"damage_healed":0.0,"max_hp_gain":0.0,"max_hp_loss":0.0,"gold_gain":0.0,"event_name":"Scrap Ooze","player_choice":"Success","floor":3.0,"gold_loss":0.0,"damage_taken":18.0,"relics_obtained":["Runesmith:Nanobots"]}],"is_beta":false,"boss_relics":[{"not_picked":["Busted Crown","Runic Dome"],"picked":"Sozu"}],"items_purged_floors":[5,13],"is_endless":false,"potions_floor_spawned":[1,6,16],"killed_by":"Chosen","ascension_level":0}}