{"host":"T","time":1610128824,"event":{"mods":["Aspiration","BaseMod","Downfall","GungeonMod","Hunter 猎人","Minty Spire (QoL Compilation)","READ ME - Guardian Mod","Relic Stats","StSLib","The Alterego","The Cursed","The Jungle","The Poker Player","The Runesmith","The Servant 0.9.4"],"gold_per_floor":[118,134,145,145,158,158,183,213,213,247,247,265,297,309,309,405,405,423,439,439,439,459,493,505,540,564,564,187,205,205,224,224,326,326,337,351,401,419,419,419,454,454,454,470,503,552,552,567,567,567],"floor_reached":51,"playtime":4286,"items_purged":["TheCursedMod:Strike_TheCursed"],"score":946,"play_id":"87ab3b13-f8b3-4646-9584-c6c7a4b85876","local_time":"20210109020024","is_ascension_mode":false,"campfire_choices":[{"data":"TheCursedMod:HellsGateOpen","floor":6,"key":"SMITH"},{"floor":11,"key":"REST"},{"data":"TheCursedMod:AbyssShockwave","floor":15,"key":"SMITH"},{"data":"TheCursedMod:ManaCirculation","floor":27,"key":"SMITH"},{"data":"TheCursedMod:CursedWand","floor":32,"key":"SMITH"},{"data":"TheCursedMod:AbyssShockwave","floor":40,"key":"SMITH"},{"data":"1","floor":49,"key":"LIFT"}],"circlet_count":0,"master_deck":["TheCursedMod:CursedWand+1","TheCursedMod:CleanUpWorkshop","TheCursedMod:Dregs","TheCursedMod:AbyssShockwave+1","TheCursedMod:CursedSpellbook","Injury","TheCursedMod:HellsGateOpen+1","TheCursedMod:Torture+1","TheCursedMod:AshesToAshes+1","TheCursedMod:SmokeScreen+1","TheCursedMod:CircleOfAbyss+1","TheCursedMod:WearCloak+1","TheCursedMod:AntiAging+1","TheCursedMod:CursedAmulet+1","TheCursedMod:ManaCirculation+1","TheCursedMod:CircleOfFlame+1","TheCursedMod:PrepareRite+1","TheCursedMod:CircleOfFlame+1","TheCursedMod:NeowsMight+1","TheCursedMod:Evocation+1","TheCursedMod:AbyssShockwave+1","TheCursedMod:CircleOfFlame+1","TheCursedMod:CircleOfAmplification+1","TheCursedMod:FleshFromBone+1","TheCursedMod:SoulCrush","TheCursedMod:CursedSpellbook+1","TheCursedMod:CircleOfFocus+1","Secret Weapon+1","HandOfGreed","DemoMod:Deposit+1","TheCursedMod:HellsGateOpen+1","Madness+1","Madness+1"],"relics":["TheCursedMod:BlackMagic101","Toxic Egg 2","Strawberry","Regal Pillow","DemoMod:PoisonVial","Runesmith:AutoHammer","Vajra","Black Star","aspiration:Stabinomicon","aspiration:SeaSaltIceCream","aspiration:Nostalgia","champ:ChampionCrown","DemoMod:Bottle","Mercury Hourglass","Centennial Puzzle","DemoMod:MonsterBlood","Tiny Chest","aspiration:ChemicalBlood","alterego_mod:SomeoneToFightFor","Pandora\u0027s Box","TheCursedMod:CrystalBall","DemoMod:JetPack","DemoMod:GlassGuonStoneRelic","DemoMod:WhiteGuonStone","Frozen Egg 2","Girya","Ancient Tea Set","aspiration:FrozenJewel"],"acts_visited":["Exordium","TheCity","TheBeyond"],"potions_floor_usage":[8,10,25,33,33,33,44,44,45,48,50,50],"damage_taken":[{"damage":0.0,"enemies":"Small Slimes","floor":1.0,"turns":3.0},{"damage":3.0,"enemies":"Jaw Worm","floor":2.0,"turns":5.0},{"damage":2.0,"enemies":"2 Louse","floor":3.0,"turns":2.0},{"damage":7,"enemies":"Large Slime","floor":5,"turns":5},{"damage":0,"enemies":"3 Sentries","floor":8,"turns":3},{"damage":26,"enemies":"Gremlin Nob","floor":10,"turns":5},{"damage":8,"enemies":"Exordium Wildlife","floor":12,"turns":2},{"damage":11,"enemies":"Lagavulin","floor":13,"turns":5},{"damage":0,"enemies":"Blue Slaver","floor":14,"turns":2},{"damage":9,"enemies":"The Guardian","floor":16,"turns":7},{"damage":6,"enemies":"Spheric Guardian","floor":18,"turns":5},{"damage":0,"enemies":"Shell Parasite","floor":19,"turns":5},{"damage":0,"enemies":"Snake Plant","floor":22,"turns":3},{"damage":0,"enemies":"Gremlin Leader","floor":23,"turns":3},{"damage":3,"enemies":"Centurion and Healer","floor":24,"turns":6},{"damage":2,"enemies":"Slavers","floor":25,"turns":4},{"damage":0,"enemies":"Cultist and Chosen","floor":29,"turns":3},{"damage":0,"enemies":"Snecko","floor":31,"turns":4},{"damage":1,"enemies":"Collector","floor":33,"turns":6},{"damage":0,"enemies":"3 Shapes","floor":35,"turns":2},{"damage":4,"enemies":"Orb Walker","floor":36,"turns":3},{"damage":0,"enemies":"Mind Bloom Boss Battle","floor":37,"turns":2},{"damage":0,"enemies":"Spire Growth","floor":38,"turns":3},{"damage":6,"enemies":"Nemesis","floor":41,"turns":5},{"damage":0,"enemies":"Jaw Worm Horde","floor":44,"turns":2},{"damage":0,"enemies":"Reptomancer","floor":45,"turns":2},{"damage":1,"enemies":"Sphere and 2 Shapes","floor":46,"turns":4},{"damage":0,"enemies":"Spire Growth","floor":48,"turns":3},{"damage":10,"enemies":"Awakened One","floor":50,"turns":5}],"seed_played":"-1183015922794721289","potions_obtained":[{"floor":2.0,"key":"Fire Potion"},{"floor":3.0,"key":"Ancient Potion"},{"floor":5,"key":"Swift Potion"},{"floor":8,"key":"FearPotion"},{"floor":14,"key":"Explosive Potion"},{"floor":22,"key":"SkillPotion"},{"floor":29,"key":"DuplicationPotion"},{"floor":31,"key":"PowerPotion"},{"floor":36,"key":"ColorlessPotion"},{"floor":37,"key":"Explosive Potion"},{"floor":45,"key":"Energy Potion"}],"is_trial":false,"path_per_floor":["M","M","M","?","M","R","T","E","T","E","R","M","E","M","R","B",null,"M","M","?","?","M","E","M","E","T","R","$","M","?","M","R","B",null,"M","M","?","M","T","R","E","?","T","M","E","M","?","M","R","B",null],"character_chosen":"THE_CURSED","items_purchased":["Tiny Chest","aspiration:ChemicalBlood"],"campfire_rested":1,"item_purchase_floors":[28,28],"current_hp_per_floor":[82,79,77,77,70,70,77,77,77,51,89,81,70,70,70,61,89,83,86,70,70,70,70,70,68,75,75,75,75,75,78,78,80,108,108,104,104,108,108,108,102,92,92,111,111,110,96,96,96,110],"gold":567,"neow_bonus":"TEN_PERCENT_HP_BONUS","is_daily":false,"chose_seed":false,"campfire_upgraded":5,"win_rate":0.0,"timestamp":1610128824,"path_taken":["M","M","M","?","M","R","?","E","T","E","R","M","E","M","R","BOSS","M","M","?","?","M","E","M","E","T","R","$","M","?","?","R","BOSS","M","M","?","M","?","R","E","?","T","M","E","?","?","M","R","BOSS"],"items_purchased_type":["Relic","Relic"],"build_version":"2020-12-18","purchased_purges":1,"victory":true,"max_hp_per_floor":[82,82,82,82,82,82,89,89,89,89,89,89,89,89,89,89,89,89,92,92,92,92,92,95,95,102,102,102,102,102,105,105,108,108,108,108,108,108,108,108,108,108,108,111,111,111,111,111,111,114],"relic_stats":{"Regal Pillow":12,"Centennial Puzzle":[14],"counters":[29,109],"Tiny Chest":1,"Pandora\u0027s Box":["TheCursedMod:Evocation","TheCursedMod:AbyssShockwave","TheCursedMod:CircleOfFlame","TheCursedMod:CircleOfAmplification","TheCursedMod:FleshFromBone","TheCursedMod:SoulCrush","TheCursedMod:CursedSpellbook"],"Black Star":4,"obtain_stats":[{"Regal Pillow":8,"DemoMod:PoisonVial":9,"Vajra":13,"champ:ChampionCrown":23,"DemoMod:GlassGuonStoneRelic":10,"aspiration:Stabinomicon":20,"alterego_mod:SomeoneToFightFor":30,"DemoMod:WhiteGuonStone":41,"Ancient Tea Set":45,"Centennial Puzzle":25,"DemoMod:MonsterBlood":26,"Strawberry":7,"Tiny Chest":28,"TheCursedMod:CrystalBall":37,"Toxic Egg 2":4,"DemoMod:JetPack":39,"aspiration:ChemicalBlood":28,"TheCursedMod:BlackMagic101":0,"Girya":43,"aspiration:Nostalgia":23,"aspiration:SeaSaltIceCream":23,"Frozen Egg 2":41,"aspiration:FrozenJewel":45,"Mercury Hourglass":25,"Pandora\u0027s Box":34,"Black Star":17,"Runesmith:AutoHammer":10,"DemoMod:Bottle":23},{"Regal Pillow":5,"DemoMod:PoisonVial":5,"Vajra":8,"champ:ChampionCrown":14,"DemoMod:GlassGuonStoneRelic":6,"aspiration:Stabinomicon":12,"alterego_mod:SomeoneToFightFor":17,"DemoMod:WhiteGuonStone":24,"Ancient Tea Set":26,"Centennial Puzzle":16,"DemoMod:MonsterBlood":16,"Strawberry":4,"Tiny Chest":16,"TheCursedMod:CrystalBall":22,"Toxic Egg 2":3,"DemoMod:JetPack":23,"aspiration:ChemicalBlood":16,"TheCursedMod:BlackMagic101":0,"Girya":24,"aspiration:Nostalgia":14,"aspiration:SeaSaltIceCream":14,"Frozen Egg 2":24,"aspiration:FrozenJewel":26,"Mercury Hourglass":16,"Pandora\u0027s Box":19,"Black Star":10,"Runesmith:AutoHammer":6,"DemoMod:Bottle":14},{"Regal Pillow":18,"DemoMod:PoisonVial":18,"Vajra":30,"champ:ChampionCrown":55,"DemoMod:GlassGuonStoneRelic":23,"aspiration:Stabinomicon":49,"alterego_mod:SomeoneToFightFor":68,"DemoMod:WhiteGuonStone":93,"Ancient Tea Set":97,"Centennial Puzzle":65,"DemoMod:MonsterBlood":65,"Strawberry":15,"Tiny Chest":65,"TheCursedMod:CrystalBall":85,"Toxic Egg 2":10,"DemoMod:JetPack":88,"aspiration:ChemicalBlood":65,"TheCursedMod:BlackMagic101":0,"Girya":93,"aspiration:Nostalgia":55,"aspiration:SeaSaltIceCream":55,"Frozen Egg 2":93,"aspiration:FrozenJewel":97,"Mercury Hourglass":65,"Pandora\u0027s Box":78,"Black Star":39,"Runesmith:AutoHammer":23,"DemoMod:Bottle":55}],"Mercury Hourglass":[169]},"card_choices":[{"not_picked":["TheCursedMod:Stretching","TheCursedMod:CursedMace","TheCursedMod:RapidMovement"],"picked":"SKIP","floor":1.0},{"not_picked":["TheCursedMod:VitalStrike","TheCursedMod:CircleOfFlame"],"picked":"TheCursedMod:AbyssShockwave","floor":2.0},{"not_picked":["TheCursedMod:Obscuration","TheCursedMod:FuryStrike"],"picked":"TheCursedMod:CursedSpellbook","floor":3.0},{"not_picked":["TheCursedMod:Wield","TheCursedMod:RapidMovement+1"],"picked":"TheCursedMod:HellsGateOpen","floor":5},{"not_picked":["TheCursedMod:CursedMace","TheCursedMod:RavingStaff"],"picked":"TheCursedMod:Torture+1","floor":8},{"not_picked":["TheCursedMod:VitalStrike","TheCursedMod:CircleOfFocus+1"],"picked":"TheCursedMod:AshesToAshes+1","floor":10},{"not_picked":["TheCursedMod:Torture+1","TheCursedMod:Stretching+1"],"picked":"TheCursedMod:SmokeScreen+1","floor":12},{"not_picked":["TheCursedMod:AshesToAshes+1","TheCursedMod:FleshFromBone+1"],"picked":"TheCursedMod:CircleOfAbyss+1","floor":13},{"not_picked":["TheCursedMod:RapidMovement+1","TheCursedMod:SurpriseAttack"],"picked":"TheCursedMod:WearCloak+1","floor":14},{"not_picked":["TheCursedMod:OutForBlood","TheCursedMod:DemonicPact"],"picked":"TheCursedMod:AntiAging+1","floor":16},{"not_picked":["TheCursedMod:FleshFromBone+1","TheCursedMod:Stigma"],"picked":"TheCursedMod:CursedAmulet+1","floor":18},{"not_picked":["TheCursedMod:FleshFromBone+1","TheCursedMod:Stigma","TheCursedMod:Torture+1"],"picked":"SKIP","floor":19},{"not_picked":["TheCursedMod:CursedSpellbook+1","TheCursedMod:CursedStaff"],"picked":"TheCursedMod:CircleOfFlame+1","floor":22},{"not_picked":["TheCursedMod:FleshFromBone+1","TheCursedMod:LuckyCharm"],"picked":"TheCursedMod:PrepareRite+1","floor":23},{"not_picked":["TheCursedMod:CursedMace","TheCursedMod:RapidMovement+1","TheCursedMod:RavingStaff"],"picked":"SKIP","floor":24},{"not_picked":["TheCursedMod:SmokeScreen+1","TheCursedMod:CursedBoomerang+1","TheCursedMod:Stretching+1"],"picked":"SKIP","floor":25},{"not_picked":["TheCursedMod:CursedShiv","TheCursedMod:Stretching+1"],"picked":"TheCursedMod:CircleOfFlame+1","floor":29},{"not_picked":["TheCursedMod:AshesToAshes+1","TheCursedMod:CursedArmor+1","TheCursedMod:CursedBlade+1"],"picked":"SKIP","floor":31},{"not_picked":["TheCursedMod:DemonicPact","TheCursedMod:OutForBlood"],"picked":"TheCursedMod:NeowsMight+1","floor":33},{"not_picked":["TheCursedMod:SurpriseAttack","TheCursedMod:CursedMace+1"],"picked":"TheCursedMod:CircleOfFocus+1","floor":35},{"not_picked":["TheCursedMod:Stigma+1","TheCursedMod:RavingStaff+1","TheCursedMod:CursedMace+1"],"picked":"SKIP","floor":36},{"not_picked":["TheCursedMod:WearCloak+1","TheCursedMod:TroublousMinions+1","TheCursedMod:Hemoplague"],"picked":"SKIP","floor":38},{"not_picked":["TheCursedMod:RavingStaff","TheCursedMod:TacticalStrike","TheCursedMod:Stigma"],"picked":"SKIP","floor":41},{"not_picked":["expansioncontent:SuperHexaguard+1","Violence+1"],"picked":"Secret Weapon+1","floor":42},{"not_picked":["expansioncontent:ManipulateTime+1","Bandage Up+1"],"picked":"HandOfGreed","floor":42},{"not_picked":["expansioncontent:CaCaw+1","expansioncontent:QuickStudy+1"],"picked":"DemoMod:Deposit+1","floor":42},{"not_picked":["TheCursedMod:CursedShiv+1","TheCursedMod:Stigma+1","TheCursedMod:RapidMovement+1"],"picked":"SKIP","floor":44},{"not_picked":["TheCursedMod:SpitefulStrike+1","TheCursedMod:CursedShiv+1"],"picked":"TheCursedMod:HellsGateOpen+1","floor":45},{"not_picked":["TheCursedMod:Grudge+1","TheCursedMod:ReleasedKnowledge+1","TheCursedMod:SurpriseAttack+1"],"picked":"SKIP","floor":46},{"not_picked":["TheCursedMod:Stigma+1","TheCursedMod:CursedBlade+1","TheCursedMod:Hemoplague+1"],"picked":"SKIP","floor":48}],"player_experience":371847,"relics_obtained":[{"floor":7,"key":"Strawberry"},{"floor":8,"key":"Regal Pillow"},{"floor":9,"key":"DemoMod:PoisonVial"},{"floor":10,"key":"Runesmith:AutoHammer"},{"floor":13,"key":"Vajra"},{"floor":20,"key":"aspiration:Stabinomicon"},{"floor":23,"key":"aspiration:SeaSaltIceCream"},{"floor":23,"key":"DemoMod:Bottle"},{"floor":25,"key":"Mercury Hourglass"},{"floor":25,"key":"Centennial Puzzle"},{"floor":26,"key":"DemoMod:MonsterBlood"},{"floor":37,"key":"TheCursedMod:CrystalBall"},{"floor":39,"key":"DemoMod:JetPack"},{"floor":41,"key":"DemoMod:WhiteGuonStone"},{"floor":41,"key":"Frozen Egg 2"},{"floor":43,"key":"Girya"},{"floor":45,"key":"Ancient Tea Set"},{"floor":45,"key":"aspiration:FrozenJewel"}],"event_choices":[{"damage_healed":0,"gold_gain":0,"player_choice":"Obtained Book","damage_taken":16,"max_hp_gain":0,"max_hp_loss":0,"event_name":"Cursed Tome","floor":20,"gold_loss":0},{"damage_healed":0,"gold_gain":0,"player_choice":"Read","damage_taken":0,"max_hp_gain":0,"max_hp_loss":0,"event_name":"The Library","floor":21,"gold_loss":0,"cards_obtained":["TheCursedMod:ManaCirculation"]},{"damage_healed":0,"gold_gain":0,"player_choice":"Choice 2","damage_taken":0,"relics_obtained":["alterego_mod:SomeoneToFightFor"],"max_hp_gain":0,"max_hp_loss":0,"event_name":"爱的神圣花园","floor":30,"gold_loss":0},{"damage_healed":0,"gold_gain":0,"player_choice":"Fight","damage_taken":0,"max_hp_gain":0,"max_hp_loss":0,"event_name":"MindBloom","floor":37,"gold_loss":0},{"damage_healed":0,"gold_gain":0,"player_choice":"Memory 3","damage_taken":10,"max_hp_gain":0,"max_hp_loss":0,"event_name":"SensoryStone","floor":42,"gold_loss":0},{"damage_healed":0,"gold_gain":0,"player_choice":"Embrace Madness","damage_taken":14,"max_hp_gain":0,"max_hp_loss":0,"event_name":"Winding Halls","floor":47,"gold_loss":0,"cards_obtained":["Madness","Madness"]}],"is_beta":true,"boss_relics":[{"not_picked":["Snecko Eye","aspiration:MobileForge"],"picked":"Black Star"},{"not_picked":["Runic Dome","Coffee Dripper"],"picked":"Pandora\u0027s Box"}],"items_purged_floors":[28],"is_endless":false,"potions_floor_spawned":[2,3,5,8,14,22,29,31,36,37,45],"ascension_level":0}}