{"host":"ya062ahhhuj9au1o","time":1610149578,"event":{"mods":["BaseMod","Better Third Choice","Downfall","Filter the Spire","Hermit","Minty Spire (QoL Compilation)","Random Character Button","Robot Space Explorer","Somnambulant","StSLib","The Bug Knight","The Cursed","The Marked","The Servant 0.9.4"],"gold_per_floor":[115,115,115,128,141,141,171,171,198,275,307,76,76,96,96,192,192,207,233,246,246,246],"floor_reached":21,"playtime":1796,"items_purged":["somnambulantmod: Defend_Somnambulant"],"score":266,"play_id":"0b7d8533-9146-46c9-b34b-2e0d3d3ff1fe","local_time":"20210108184618","is_ascension_mode":true,"campfire_choices":[{"data":"somnambulantmod: PrimingPunch","floor":6,"key":"SMITH"},{"floor":8,"key":"REST"},{"data":"somnambulantmod: HeadSmack","floor":15,"key":"SMITH"}],"circlet_count":0,"master_deck":["AscendersBane","somnambulantmod: SomnambulantStrike","somnambulantmod: SomnambulantStrike+1","somnambulantmod: SomnambulantStrike","somnambulantmod: SomnambulantStrike","somnambulantmod: SomnambulantStrike","somnambulantmod: Defend_Somnambulant","somnambulantmod: Defend_Somnambulant","somnambulantmod: Defend_Somnambulant","somnambulantmod: QuickNap+1","somnambulantmod: PrimingPunch+1","somnambulantmod: UnthoughtKnown","somnambulantmod: Cower","somnambulantmod: Repression","somnambulantmod: HeadSmack+1","somnambulantmod: Lucidity"],"relics":["Philosopher\u0027s Stone","Odd Mushroom","Happy Flower","Singing Bowl","Kunai","Guardian:PocketSentry","Sozu","Red Mask"],"acts_visited":["Exordium","TheCity"],"potions_floor_usage":[18],"damage_taken":[{"damage":0.0,"enemies":"2 Louse","floor":1.0,"turns":4.0},{"damage":3.0,"enemies":"Small Slimes","floor":4.0,"turns":3.0},{"damage":2,"enemies":"Jaw Worm","floor":5,"turns":3},{"damage":9,"enemies":"The Mushroom Lair","floor":7,"turns":5},{"damage":7,"enemies":"3 Sentries","floor":11,"turns":6},{"damage":7,"enemies":"Large Slime","floor":14,"turns":3},{"damage":11,"enemies":"The Guardian","floor":16,"turns":8},{"damage":27,"enemies":"3 Byrds","floor":18,"turns":4},{"damage":33,"enemies":"Masked Bandits","floor":19,"turns":5},{"damage":1,"enemies":"Shell Parasite","floor":20,"turns":3},{"damage":16,"enemies":"3 Cultists","floor":21,"turns":3}],"seed_played":"-2848191435524387628","potions_obtained":[{"floor":4.0,"key":"sneckomod:MuddlingPotion"},{"floor":7,"key":"ColorlessPotion"},{"floor":11,"key":"SteroidPotion"}],"is_trial":false,"path_per_floor":["M","?","?","M","M","R","?","R","T","T","E","$","?","M","R","B",null,"M","?","M","M"],"character_chosen":"THE_SOMNAMBULANT","items_purchased":["Guardian:PocketSentry"],"campfire_rested":1,"item_purchase_floors":[12],"current_hp_per_floor":[63,56,42,39,37,37,28,49,49,49,44,44,44,39,39,28,63,38,7,8,0,0],"gold":246,"neow_bonus":"BOSS_RELIC","is_daily":false,"chose_seed":false,"campfire_upgraded":2,"win_rate":0.0,"timestamp":1610149578,"path_taken":["M","?","?","M","M","R","?","R","T","?","E","$","?","M","R","BOSS","M","?","M","M"],"items_purchased_type":["Relic"],"build_version":"2020-12-22","purchased_purges":1,"victory":false,"max_hp_per_floor":[70,70,70,70,70,70,70,70,70,70,72,72,72,74,74,74,74,76,78,80,80,80],"card_choices":[{"not_picked":["somnambulantmod: RecurringDream","somnambulantmod: SnuggleUp"],"picked":"somnambulantmod: UnthoughtKnown","floor":1.0},{"not_picked":["somnambulantmod: HorrificThought","somnambulantmod: AllForNothing"],"picked":"somnambulantmod: Cower","floor":4.0},{"not_picked":["somnambulantmod: PillowFort","somnambulantmod: Pinch"],"picked":"somnambulantmod: Repression","floor":5},{"not_picked":["somnambulantmod: Bloom","somnambulantmod: BadIdea"],"picked":"somnambulantmod: HeadSmack","floor":7},{"not_picked":["somnambulantmod: Ignorance","somnambulantmod: InLimbo","somnambulantmod: LayeredDefense"],"picked":"Singing Bowl","floor":11},{"not_picked":["somnambulantmod: DeeperSleep","somnambulantmod: SnuggleUp","somnambulantmod: NightmareFuel"],"picked":"Singing Bowl","floor":14},{"not_picked":["somnambulantmod: GalaxyBrain","somnambulantmod: NightHaunts"],"picked":"somnambulantmod: Lucidity","floor":16},{"not_picked":["somnambulantmod: Unmake","somnambulantmod: ViralIdea","somnambulantmod: Stumble"],"picked":"Singing Bowl","floor":18},{"not_picked":["somnambulantmod: Repression","somnambulantmod: Extract","somnambulantmod: MindWave"],"picked":"Singing Bowl","floor":19},{"not_picked":["somnambulantmod: RacingThoughts","somnambulantmod: Cower","somnambulantmod: HeavyLids"],"picked":"Singing Bowl","floor":20}],"player_experience":1782970,"relics_obtained":[{"floor":7,"key":"Odd Mushroom"},{"floor":9,"key":"Happy Flower"},{"floor":10,"key":"Singing Bowl"},{"floor":11,"key":"Kunai"},{"floor":19,"key":"Red Mask"}],"event_choices":[{"cards_removed":["somnambulantmod: Defend_Somnambulant"],"damage_healed":0.0,"max_hp_gain":0.0,"max_hp_loss":0.0,"gold_gain":0.0,"event_name":"Golden Wing","player_choice":"Card Removal","floor":2.0,"gold_loss":0.0,"damage_taken":7.0},{"damage_healed":56.0,"max_hp_gain":0.0,"max_hp_loss":70.0,"gold_gain":0.0,"event_name":"betterThird:BetterShining","player_choice":"Upgrade","floor":3.0,"gold_loss":0.0,"damage_taken":14.0,"cards_upgraded":["somnambulantmod: QuickNap","somnambulantmod: SomnambulantStrike"]},{"damage_healed":0,"gold_gain":0,"player_choice":"Fought Mushrooms","damage_taken":0,"max_hp_gain":0,"max_hp_loss":0,"event_name":"Mushrooms","floor":7,"gold_loss":0},{"damage_healed":0,"gold_gain":0,"player_choice":"Ignored","damage_taken":76,"max_hp_gain":0,"max_hp_loss":0,"event_name":"betterThird:BetterSerpent","floor":13,"gold_loss":0},{"damage_healed":0,"gold_gain":0,"player_choice":"Fought Bandits","damage_taken":0,"max_hp_gain":0,"max_hp_loss":0,"event_name":"Masked Bandits","floor":19,"gold_loss":0}],"is_beta":false,"boss_relics":[{"not_picked":["Cursed Key","Runic Dome"],"picked":"Sozu"}],"items_purged_floors":[12],"is_endless":false,"potions_floor_spawned":[4,7,11,19],"killed_by":"3 Cultists","ascension_level":10}}