{"host":"sygfylmorsvdndbx","time":1610132058,"event":{"mods":["AchievementEnabler","BaseMod","Minty Spire (QoL Compilation)","Quick Restart","Relic Stats"],"gold_per_floor":[109,129,229,241,256,281,281,281,281,295,295,318,333,365,365,460,460,476,476,487,267,284,310,310,344,395,395,395,413,425,457,457,560,560,580,594,544,1543,888,914,946,946,973,973,973,1003,1003,1054,1054,1054,1054,1054,38,67,67],"floor_reached":56,"playtime":9239,"items_purged":["Strike_P","Normality"],"score":1526,"play_id":"79ad4c83-6b15-41f7-9bad-4a716e8ab562","local_time":"20210108135418","is_ascension_mode":false,"campfire_choices":[{"data":"CutThroughFate","floor":8.0,"key":"SMITH"},{"data":"Eruption","floor":11.0,"key":"SMITH"},{"data":"FollowUp","floor":15,"key":"SMITH"},{"data":"CarveReality","floor":24,"key":"SMITH"},{"floor":32,"key":"REST"},{"data":"TalkToTheHand","floor":42,"key":"SMITH"},{"data":"CarveReality","floor":44,"key":"SMITH"},{"data":"Vigilance","floor":47,"key":"SMITH"},{"floor":49,"key":"RECALL"},{"data":"Establishment","floor":52,"key":"SMITH"}],"circlet_count":0,"master_deck":["Defend_P+1","Defend_P","Eruption+1","Vigilance+1","CutThroughFate+1","Protect+1","Weave","JustLucky","FollowUp+1","TalkToTheHand+1","FearNoEvil","DevaForm","Fasting2+1","MasterReality+1","Conclude+1","Establishment+1","CarveReality+1","ClearTheMind","ThirdEye+1","FollowUp+1","Crescendo","DeusExMachina","ThirdEye+1","Crescendo","Normality","CrushJoints+1","FlurryOfBlows+1","ClearTheMind","SandsOfTime+1","Study"],"relics":["PureWater","NeowsBlessing","Toy Ornithopter","War Paint","Odd Mushroom","Matryoshka","Astrolabe","PreservedInsect","Orichalcum","Damaru","Happy Flower","Art of War","FossilizedHelix","Ice Cream","Busted Crown","HornCleat","WingedGreaves","Molten Egg 2","Anchor","Juzu Bracelet","The Courier","Unceasing Top","Mummified Hand","ClockworkSouvenir","White Beast Statue","Incense Burner","Bronze Scales"],"acts_visited":["Exordium","TheCity","TheBeyond","TheEnding"],"potions_floor_usage":[14,23,35,48,50,53,54,55,55],"damage_taken":[{"damage":0.0,"enemies":"2 Louse","floor":1.0,"turns":1.0},{"damage":0.0,"enemies":"Cultist","floor":2.0,"turns":1.0},{"damage":0.0,"enemies":"Jaw Worm","floor":4.0,"turns":1.0},{"damage":2.0,"enemies":"Looter","floor":5.0,"turns":2.0},{"damage":10.0,"enemies":"Gremlin Nob","floor":6.0,"turns":3.0},{"damage":6.0,"enemies":"Exordium Wildlife","floor":10.0,"turns":4.0},{"damage":0.0,"enemies":"The Mushroom Lair","floor":12.0,"turns":4.0},{"damage":0.0,"enemies":"Gremlin Gang","floor":13.0,"turns":3.0},{"damage":3,"enemies":"3 Sentries","floor":14,"turns":5},{"damage":0,"enemies":"Slime Boss","floor":16,"turns":5},{"damage":1,"enemies":"3 Byrds","floor":18,"turns":4},{"damage":16,"enemies":"2 Thieves","floor":20,"turns":3},{"damage":0,"enemies":"Sentry and Sphere","floor":22,"turns":2},{"damage":36,"enemies":"Slavers","floor":23,"turns":3},{"damage":19,"enemies":"Gremlin Leader","floor":25,"turns":4},{"damage":0,"enemies":"Snake Plant","floor":29,"turns":2},{"damage":0,"enemies":"Cultist and Chosen","floor":30,"turns":6},{"damage":0,"enemies":"Book of Stabbing","floor":31,"turns":3},{"damage":0,"enemies":"Champ","floor":33,"turns":7},{"damage":7,"enemies":"3 Darklings","floor":35,"turns":4},{"damage":3,"enemies":"3 Shapes","floor":36,"turns":3},{"damage":0,"enemies":"Nemesis","floor":40,"turns":3},{"damage":0,"enemies":"Reptomancer","floor":41,"turns":3},{"damage":0,"enemies":"Giant Head","floor":46,"turns":5},{"damage":0,"enemies":"2 Orb Walkers","floor":48,"turns":3},{"damage":54,"enemies":"Awakened One","floor":50,"turns":10},{"damage":33,"enemies":"Shield and Spear","floor":54,"turns":4},{"damage":32,"enemies":"The Heart","floor":55,"turns":8}],"seed_played":"299001863735785200","potions_obtained":[{"floor":2.0,"key":"Regen Potion"},{"floor":4.0,"key":"BlessingOfTheForge"},{"floor":12.0,"key":"Swift Potion"},{"floor":16,"key":"Weak Potion"},{"floor":31,"key":"Swift Potion"},{"floor":33,"key":"BottledMiracle"},{"floor":40,"key":"SkillPotion"},{"floor":54,"key":"BottledMiracle"}],"is_trial":false,"path_per_floor":["M","M","?","M","M","E","?","R","T","M","R","?","M","E","R","B",null,"M","?","M","$","M","E","R","E","T","?","?","M","M","E","R","B",null,"M","M","$","?","$","E","E","R","T","R","?","E","R","?","R","B",null,"R","$","E","B",null],"character_chosen":"WATCHER","items_purchased":["PreservedInsect","Crescendo","HornCleat","WingedGreaves","Mummified Hand","ClockworkSouvenir","Weak Potion","Fruit Juice","PowerPotion","SandsOfTime+1","Study","White Beast Statue","Incense Burner"],"campfire_rested":1,"item_purchase_floors":[21,37,39,39,53,53,53,53,53,53,53,53,53],"current_hp_per_floor":[72,72,72,72,70,60,65,65,65,59,59,59,59,61,61,61,77,76,76,60,60,60,38,38,19,19,19,5,5,5,5,29,29,82,75,72,72,72,72,72,72,72,72,72,72,72,72,77,77,28,82,82,87,59,37],"gold":67,"neow_bonus":"THREE_ENEMY_KILL","is_daily":false,"chose_seed":false,"campfire_upgraded":8,"win_rate":0.0,"timestamp":1610132058,"path_taken":["M","M","?","M","?","E","?","R","T","M","R","?","M","E","R","BOSS","M","?","M","$","M","E","R","E","T","?","?","?","M","E","R","BOSS","M","?","$","?","$","E","E","R","T","R","?","E","R","?","R","BOSS","R","$","E","BOSS"],"items_purchased_type":["Relic","Card","Relic","Relic","Relic","Relic","Potion","Potion","Potion","Card","Card","Relic","Relic"],"build_version":"2020-12-22","purchased_purges":2,"victory":true,"max_hp_per_floor":[72,72,72,72,72,72,77,77,77,77,77,77,77,77,77,77,77,77,77,77,77,77,77,77,77,77,77,82,82,82,82,82,82,82,82,82,82,82,82,82,82,82,82,82,82,82,82,82,82,82,82,82,87,87,87],"relic_stats":{"Happy Flower":[20],"counters":[28,106],"Astrolabe":["Fasting2","MasterReality","Conclude"],"PreservedInsect":426,"Juzu Bracelet":0,"War Paint":["Defend_P","Protect"],"Orichalcum":[18],"Busted Crown":14,"Mummified Hand":[10],"Bronze Scales":[78],"Art of War":[2],"obtain_stats":[{"Ice Cream":31,"Juzu Bracelet":43,"Incense Burner":53,"ClockworkSouvenir":53,"Matryoshka":14,"HornCleat":39,"Mummified Hand":53,"WingedGreaves":39,"NeowsBlessing":0,"Happy Flower":26,"Astrolabe":17,"Damaru":25,"PreservedInsect":21,"The Courier":46,"War Paint":9,"Odd Mushroom":12,"Orichalcum":23,"White Beast Statue":53,"Anchor":41,"Busted Crown":34,"Bronze Scales":54,"Molten Egg 2":40,"Art of War":26,"PureWater":0,"Toy Ornithopter":6,"FossilizedHelix":27,"Unceasing Top":48},{"Ice Cream":18,"Juzu Bracelet":23,"Incense Burner":26,"ClockworkSouvenir":26,"Matryoshka":9,"HornCleat":21,"Mummified Hand":26,"WingedGreaves":21,"NeowsBlessing":0,"Happy Flower":15,"Astrolabe":10,"Damaru":15,"PreservedInsect":12,"The Courier":24,"War Paint":5,"Odd Mushroom":7,"Orichalcum":14,"White Beast Statue":26,"Anchor":23,"Busted Crown":19,"Bronze Scales":27,"Molten Egg 2":22,"Art of War":15,"PureWater":0,"Toy Ornithopter":5,"FossilizedHelix":15,"Unceasing Top":25},{"Ice Cream":56,"Juzu Bracelet":76,"Incense Burner":94,"ClockworkSouvenir":94,"Matryoshka":24,"HornCleat":70,"Mummified Hand":94,"WingedGreaves":70,"NeowsBlessing":0,"Happy Flower":45,"Astrolabe":29,"Damaru":45,"PreservedInsect":36,"The Courier":81,"War Paint":8,"Odd Mushroom":16,"Orichalcum":41,"White Beast Statue":94,"Anchor":76,"Busted Crown":63,"Bronze Scales":98,"Molten Egg 2":73,"Art of War":45,"PureWater":0,"Toy Ornithopter":8,"FossilizedHelix":45,"Unceasing Top":84}],"Toy Ornithopter":35,"Unceasing Top":[0]},"card_choices":[{"not_picked":["Consecrate","Halt"],"picked":"CutThroughFate","floor":1.0},{"not_picked":["BowlingBash","Nirvana"],"picked":"Protect","floor":2.0},{"not_picked":["DeceiveReality","LikeWater"],"picked":"Weave","floor":4.0},{"not_picked":["Nirvana","SandsOfTime","WaveOfTheHand"],"picked":"SKIP","floor":5.0},{"not_picked":["SandsOfTime","Protect"],"picked":"JustLucky","floor":6.0},{"not_picked":["DeceiveReality","SashWhip","EmptyFist"],"picked":"SKIP","floor":10.0},{"not_picked":["Perseverance","Consecrate"],"picked":"FollowUp","floor":12.0},{"not_picked":["CrushJoints","EmptyFist"],"picked":"TalkToTheHand","floor":13.0},{"not_picked":["Perseverance","Ragnarok"],"picked":"FearNoEvil","floor":14},{"not_picked":["ConjureBlade","Judgement"],"picked":"DevaForm","floor":16},{"not_picked":["SashWhip","Nirvana","FollowUp"],"picked":"SKIP","floor":18},{"not_picked":["EmptyMind","SashWhip"],"picked":"ClearTheMind","floor":20},{"not_picked":["ClearTheMind+1","DeceiveReality"],"picked":"ThirdEye+1","floor":22},{"not_picked":["LikeWater","Collect","Consecrate"],"picked":"SKIP","floor":23},{"not_picked":["ThirdEye","ReachHeaven"],"picked":"FollowUp+1","floor":25},{"not_picked":["BowlingBash+1","Fasting2","Scrawl"],"picked":"SKIP","floor":29},{"not_picked":["Conclude","EmptyFist+1"],"picked":"CarveReality","floor":30},{"not_picked":["Pray","EmptyMind"],"picked":"Crescendo","floor":31},{"not_picked":["Vault","ConjureBlade"],"picked":"DeusExMachina","floor":33},{"not_picked":[],"picked":"ThirdEye+1","floor":35},{"not_picked":["WreathOfFlame"],"picked":"SKIP","floor":36},{"not_picked":[],"picked":"CrushJoints+1","floor":40},{"not_picked":["Judgement"],"picked":"SKIP","floor":41},{"not_picked":[],"picked":"FlurryOfBlows+1","floor":46},{"not_picked":[],"picked":"ClearTheMind","floor":48},{"not_picked":["SashWhip+1"],"picked":"SKIP","floor":54}],"player_experience":228966,"relics_obtained":[{"floor":6.0,"key":"Toy Ornithopter"},{"floor":9.0,"key":"War Paint"},{"floor":12.0,"key":"Odd Mushroom"},{"floor":14,"key":"Matryoshka"},{"floor":23,"key":"Orichalcum"},{"floor":25,"key":"Damaru"},{"floor":26,"key":"Happy Flower"},{"floor":26,"key":"Art of War"},{"floor":31,"key":"Ice Cream"},{"floor":40,"key":"Molten Egg 2"},{"floor":41,"key":"Anchor"},{"floor":43,"key":"Juzu Bracelet"},{"floor":46,"key":"The Courier"},{"floor":48,"key":"Unceasing Top"},{"floor":54,"key":"Bronze Scales"}],"event_choices":[{"damage_healed":0.0,"max_hp_gain":0.0,"max_hp_loss":0.0,"gold_gain":100.0,"event_name":"Golden Shrine","player_choice":"Pray","floor":3.0,"gold_loss":0.0,"damage_taken":0.0},{"damage_healed":0.0,"max_hp_gain":5.0,"max_hp_loss":0.0,"gold_gain":0.0,"event_name":"Big Fish","player_choice":"Donut","floor":7.0,"gold_loss":0.0,"damage_taken":0.0},{"damage_healed":0.0,"max_hp_gain":0.0,"max_hp_loss":0.0,"gold_gain":0.0,"event_name":"Mushrooms","player_choice":"Fought Mushrooms","floor":12.0,"gold_loss":0.0,"damage_taken":0.0},{"damage_healed":0,"gold_gain":0,"cards_transformed":["Strike_P","Defend_P"],"player_choice":"Became Test Subject","damage_taken":0,"max_hp_gain":0,"max_hp_loss":0,"event_name":"Drug Dealer","floor":19,"gold_loss":0,"cards_obtained":["Establishment","CarveReality"]},{"damage_healed":0,"gold_gain":0,"player_choice":"Opened","damage_taken":0,"relics_obtained":["FossilizedHelix"],"max_hp_gain":0,"max_hp_loss":0,"event_name":"The Mausoleum","floor":27,"gold_loss":0},{"damage_healed":0,"gold_gain":0,"player_choice":"Shed Blood","damage_taken":19,"max_hp_gain":5,"max_hp_loss":0,"event_name":"Forgotten Altar","floor":28,"gold_loss":0},{"damage_healed":0,"gold_gain":999,"player_choice":"Gold","damage_taken":0,"max_hp_gain":0,"max_hp_loss":0,"event_name":"MindBloom","floor":38,"gold_loss":0,"cards_obtained":["Normality","Normality"]},{"cards_removed":["CarveReality"],"damage_healed":0,"gold_gain":0,"player_choice":"Removed Attack","damage_taken":0,"max_hp_gain":0,"max_hp_loss":0,"event_name":"Falling","floor":45,"gold_loss":0},{"damage_healed":0,"gold_gain":0,"player_choice":"Fight","damage_taken":0,"max_hp_gain":0,"max_hp_loss":0,"event_name":"Mysterious Sphere","floor":48,"gold_loss":0}],"is_beta":false,"boss_relics":[{"not_picked":["Runic Pyramid","Snecko Eye"],"picked":"Astrolabe"},{"not_picked":["Tiny House","SlaversCollar"],"picked":"Busted Crown"}],"items_purged_floors":[21,39],"is_endless":false,"potions_floor_spawned":[2,4,12,13,16,18,20,31,33,40,46,54],"ascension_level":0}}