{"host":"ds1yr10zonoc6w4a","time":1610087672,"event":{"mods":["BaseMod","Better Match","Better Third Choice","BetterRewards","Minty Spire (QoL Compilation)","StSLib","The Animator"],"gold_per_floor":[110,110,110,135,186,186,186],"floor_reached":6,"playtime":494,"items_purged":["animator:Strike"],"score":63,"play_id":"3d9485ac-55db-4520-a913-cf52be15bf56","local_time":"20210107233432","is_ascension_mode":true,"campfire_choices":[],"circlet_count":0,"master_deck":["AscendersBane","animator:Strike_NoGameNoLife","animator:Defend_NoGameNoLife","animator:Strike","animator:Strike","animator:Defend","animator:Defend","animator:Defend","animator:DolaSchwi","animator:DolaCouronne","animator:Mitsurugi","Injury","Decay","animator:Assassin"],"relics":["animator:LivingPicture","animator:TheMissingPiece","animator:PurgingStone","PreservedInsect","Golden Idol"],"acts_visited":["Exordium"],"potions_floor_usage":[4],"damage_taken":[{"damage":1,"enemies":"2 Louse","floor":1,"turns":4},{"damage":2,"enemies":"Cultist","floor":4,"turns":4},{"damage":57,"enemies":"3 Sentries","floor":6,"turns":7}],"seed_played":"9066037418047739160","potions_obtained":[{"floor":1,"key":"Swift Potion"}],"is_trial":false,"path_per_floor":["M","?","?","M","T","E"],"character_chosen":"THE_ANIMATOR","items_purchased":["PreservedInsect"],"campfire_rested":0,"item_purchase_floors":[0],"current_hp_per_floor":[53,53,53,51,51,0,0],"gold":186,"neow_bonus":"","is_daily":false,"chose_seed":false,"campfire_upgraded":0,"win_rate":0.0,"timestamp":1610087672,"path_taken":["M","?","?","?","?","E"],"items_purchased_type":["Relic"],"build_version":"2020-12-22","purchased_purges":1,"victory":false,"max_hp_per_floor":[60,60,60,60,60,60,60],"card_choices":[{"not_picked":["animator:Emonzaemon","animator:LizardPriest"],"picked":"animator:Mitsurugi","floor":1},{"not_picked":["animator:Konayuki","animator:NarberalGamma"],"picked":"animator:Assassin","floor":4}],"player_experience":689277,"relics_obtained":[],"event_choices":[{"damage_healed":0,"gold_gain":0,"player_choice":"Take Wound","damage_taken":0,"relics_obtained":["Golden Idol"],"max_hp_gain":0,"max_hp_loss":0,"event_name":"Golden Idol","floor":2,"gold_loss":0,"cards_obtained":["Injury"]},{"damage_healed":0,"gold_gain":0,"player_choice":"Cursed","damage_taken":0,"max_hp_gain":0,"max_hp_loss":0,"event_name":"Wheel of Change","floor":3,"gold_loss":0,"cards_obtained":["Decay"]}],"is_beta":false,"boss_relics":[],"items_purged_floors":[0],"is_endless":false,"potions_floor_spawned":[1],"killed_by":"3 Sentries","ascension_level":17}}