{"host":"90gf4undrvb8ctko","time":1610064550,"event":{"mods":["2.2 Compatiblity","BaseMod","Better Altar","Better Match","Better Note","Better Sensory Stone","Better Skull","Better Third Choice","BetterRewards","Card Forge","Downfall","Hermit","Hubris","Infinite Spire","Minty Spire (QoL Compilation)","Relic Filter","Replay The Spire","Robot Space Explorer","Somnambulant","StSLib","The Blackbeard","The Forsaken","The IronCluck","The Jungle","TheVacant","slay the spire mod where everything is the same but ironclad has a cowboy hat"],"gold_per_floor":[114,289,307,307,322,352,26,57,57,57,87,104,123,134,134,239,239,250,282,282,297,297,326,241,241,267,27,62,62,76,76,172,172,192,110,130,130,140,170,170,270,270,302,319,339,372,389,389,389],"floor_reached":51,"playtime":3866,"items_purged":["RobotSpaceExplorer:Strike+1"],"score":1501,"play_id":"c81b7899-0a0c-4fcb-a976-653e0a8c11f4","local_time":"20210107190910","is_ascension_mode":true,"campfire_choices":[{"floor":10,"key":"RECALL"},{"floor":15,"key":"REST"},{"floor":23,"key":"REST"},{"floor":30,"key":"REST"},{"floor":32,"key":"REST"},{"floor":41,"key":"REST"},{"floor":49,"key":"REST"}],"circlet_count":0,"master_deck":["RobotSpaceExplorer:Defend+1","RobotSpaceExplorer:Defend+1","RobotSpaceExplorer:Defend+1","RobotSpaceExplorer:Scan+1","RobotSpaceExplorer:MiniLasers+1","RobotSpaceExplorer:Electropulse+1","RobotSpaceExplorer:SlimeMissile+1","RobotSpaceExplorer:RigExplosive+1","RobotSpaceExplorer:GlueSpray+1","RobotSpaceExplorer:ScrapShield+1","expansioncontent:DecasProtection+1","RobotSpaceExplorer:ShovelStrike+1","RobotSpaceExplorer:Counterblock+1","RobotSpaceExplorer:DualCore+1","RobotSpaceExplorer:Discharger+1","RobotSpaceExplorer:PowerCollector+1","RobotSpaceExplorer:TrailblazerForm+1","RobotSpaceExplorer:Scanner+1","RobotSpaceExplorer:LaserBurst+1","RobotSpaceExplorer:FreezeRay+1","RobotSpaceExplorer:Fix+1","RobotSpaceExplorer:MiniDrones+1"],"relics":["RobotSpaceExplorer:RoboCore","Hammer of Thor","Seething Fire","Anvil of the Gods","Replay:Kaleidoscope","hubris:BundleOfHerbs","Strange Spoon","infinitespire:Beetle Shell","ClockworkSouvenir","Mummified Hand","Replay:Rubber Ducky","hubris:Teleporter","Fusion Hammer","Red Mask","infinitespire:Magic Flask","Replay:Ringing Soul","Anchor","Question Card","PreservedInsect","infinitespire:EmpoweringShard","Bottled Lightning","SlaversCollar","Bottled Flame","infinitespire:PuzzleCube","theForsaken:Lifeblossom","Pear","Art of War"],"acts_visited":["Exordium","TheCity","TheBeyond"],"potions_floor_usage":[6,8,8,11,12,13,14,16,16,16,21,27,29,33,33,33,35,37,44,45,48,50],"damage_taken":[{"damage":0,"enemies":"2 Louse","floor":1,"turns":2},{"damage":0,"enemies":"Jaw Worm","floor":3,"turns":2},{"damage":0,"enemies":"Small Slimes","floor":5,"turns":2},{"damage":0,"enemies":"Gremlin Nob","floor":6,"turns":2},{"damage":1,"enemies":"Lagavulin","floor":8,"turns":5},{"damage":1,"enemies":"3 Sentries","floor":11,"turns":5},{"damage":0,"enemies":"Exordium Thugs","floor":12,"turns":3},{"damage":0,"enemies":"Looter","floor":13,"turns":2},{"damage":0,"enemies":"Large Slime","floor":14,"turns":2},{"damage":0,"enemies":"Slime Boss","floor":16,"turns":7},{"damage":0,"enemies":"Chosen","floor":18,"turns":5},{"damage":0,"enemies":"Masked Bandits","floor":19,"turns":2},{"damage":0,"enemies":"Spheric Guardian","floor":21,"turns":3},{"damage":0,"enemies":"Book of Stabbing","floor":24,"turns":6},{"damage":0,"enemies":"Replay:Snechameleon","floor":27,"turns":4},{"damage":1,"enemies":"Book of Stabbing","floor":29,"turns":5},{"damage":0,"enemies":"3 Cultists","floor":31,"turns":3},{"damage":0,"enemies":"Automaton","floor":33,"turns":8},{"damage":0,"enemies":"3 Shapes","floor":35,"turns":4},{"damage":0,"enemies":"3 Darklings","floor":37,"turns":3},{"damage":0,"enemies":"Sphere and 2 Shapes","floor":39,"turns":3},{"damage":0,"enemies":"Giant Head","floor":40,"turns":4},{"damage":0,"enemies":"Reptomancer","floor":44,"turns":4},{"damage":0,"enemies":"Jaw Worm Horde","floor":45,"turns":3},{"damage":0,"enemies":"Writhing Mass","floor":46,"turns":2},{"damage":0,"enemies":"Nemesis","floor":47,"turns":3},{"damage":2,"enemies":"4 Shapes","floor":48,"turns":3},{"damage":16,"enemies":"Time Eater","floor":50,"turns":7}],"seed_played":"8626937151988488641","potions_obtained":[{"floor":3,"key":"Weak Potion"},{"floor":8,"key":"Strength Potion"}],"is_trial":false,"path_per_floor":["M","?","M","?","M","E","$","E","T","R","E","M","M","M","R","B",null,"M","?","?","M","R","E","?","T","E","$","E","R","M","R","B",null,"M","$","M","?","M","E","R","?","T","E","M","M","E","M","R","B",null],"character_chosen":"RobotSpaceExplorer","items_purchased":["Replay:Kaleidoscope","hubris:BundleOfHerbs","Strange Spoon","ClockworkSouvenir","expansioncontent:DecasProtection","infinitespire:EmpoweringShard","RobotSpaceExplorer:Exploration"],"campfire_rested":6,"item_purchase_floors":[0,0,0,7,7,28,36],"current_hp_per_floor":[75,75,75,75,75,75,75,74,74,74,73,73,73,73,75,75,75,75,75,75,75,75,75,75,75,78,78,80,81,81,81,84,84,87,90,93,93,93,93,93,93,93,103,103,103,106,109,109,108],"gold":389,"neow_bonus":"","is_daily":false,"chose_seed":false,"campfire_upgraded":0,"win_rate":0.0,"timestamp":1610064550,"path_taken":["M","?","M","?","M","E","$","E","T","R","E","M","M","M","R","BOSS","M","?","?","?","R","E","?","T","E","$","E","R","M","R","BOSS","M","$","M","?","?","E","R","?","T","E","M","M","E","M","R","BOSS"],"items_purchased_type":["Relic","Relic","Relic","Relic","Card","Relic","Card"],"build_version":"2020-12-22","purchased_purges":1,"victory":true,"max_hp_per_floor":[75,75,75,75,75,75,75,75,75,75,75,75,75,75,75,75,75,75,75,75,75,75,75,75,75,78,78,81,81,81,81,84,84,87,90,93,93,93,93,93,93,93,103,103,103,106,109,109,109],"card_choices":[{"not_picked":["RobotSpaceExplorer:FrostMissile","RobotSpaceExplorer:GlueShot"],"picked":"RobotSpaceExplorer:RigExplosive","floor":1},{"not_picked":["RobotSpaceExplorer:LuckyStrike","RobotSpaceExplorer:Pulsar"],"picked":"RobotSpaceExplorer:GlueSpray","floor":3},{"not_picked":["RobotSpaceExplorer:GearShield","RobotSpaceExplorer:ShovelStrike"],"picked":"RobotSpaceExplorer:ScrapShield","floor":5},{"not_picked":["RobotSpaceExplorer:SelfCleaning","RobotSpaceExplorer:MakeshiftVolley","RobotSpaceExplorer:Probe"],"picked":"SKIP","floor":6},{"not_picked":["RobotSpaceExplorer:ShockKick","RobotSpaceExplorer:SurgingStrike"],"picked":"RobotSpaceExplorer:ShovelStrike","floor":8},{"not_picked":["RobotSpaceExplorer:MakeshiftVolley","RobotSpaceExplorer:Explosion"],"picked":"RobotSpaceExplorer:Counterblock","floor":11},{"not_picked":["RobotSpaceExplorer:PlasmaMissile","RobotSpaceExplorer:FranticSearch","RobotSpaceExplorer:SurgingShield"],"picked":"SKIP","floor":12},{"not_picked":["RobotSpaceExplorer:ImprovisedAttack","RobotSpaceExplorer:ShovelStrike","RobotSpaceExplorer:MetalStrike"],"picked":"SKIP","floor":13},{"not_picked":["RobotSpaceExplorer:SelfCleaning","RobotSpaceExplorer:SlimeMissile","RobotSpaceExplorer:Jetpack"],"picked":"SKIP","floor":14},{"not_picked":["RobotSpaceExplorer:ShockMissile","RobotSpaceExplorer:Explosion"],"picked":"RobotSpaceExplorer:Exploration","floor":16},{"not_picked":["RobotSpaceExplorer:MetalStrike","RobotSpaceExplorer:ScrapMissile"],"picked":"RobotSpaceExplorer:DualCore","floor":18},{"not_picked":["RobotSpaceExplorer:StunGrenade","RobotSpaceExplorer:GlueShot"],"picked":"RobotSpaceExplorer:Discharger","floor":21},{"not_picked":["RobotSpaceExplorer:PlasmaMissile","RobotSpaceExplorer:SwiftStep","RobotSpaceExplorer:ShockKick"],"picked":"SKIP","floor":24},{"not_picked":["RobotSpaceExplorer:ShovelStrike","RobotSpaceExplorer:FrostMissile","RobotSpaceExplorer:ImprovisedAttack"],"picked":"RobotSpaceExplorer:PowerCollector+1","floor":27},{"not_picked":["RobotSpaceExplorer:MetalStrike","RobotSpaceExplorer:Counterblock+1","RobotSpaceExplorer:Calculate"],"picked":"RobotSpaceExplorer:TrailblazerForm","floor":29},{"not_picked":["RobotSpaceExplorer:FrostMissile","RobotSpaceExplorer:ScrapMissile","RobotSpaceExplorer:Ammunition","RobotSpaceExplorer:StarDust"],"picked":"SKIP","floor":31},{"not_picked":["RobotSpaceExplorer:Explosion","RobotSpaceExplorer:ShockMissile","RobotSpaceExplorer:Blaster"],"picked":"RobotSpaceExplorer:Scanner","floor":33},{"not_picked":["RobotSpaceExplorer:SurgingStrike+1","RobotSpaceExplorer:ScrapMissile","RobotSpaceExplorer:ShovelStrike+1"],"picked":"RobotSpaceExplorer:LaserBurst+1","floor":35},{"not_picked":["RobotSpaceExplorer:Probe","RobotSpaceExplorer:SurgingStrike+1","RobotSpaceExplorer:MiniBoosters+1"],"picked":"RobotSpaceExplorer:FreezeRay+1","floor":37},{"not_picked":["RobotSpaceExplorer:LaserBurst","RobotSpaceExplorer:LuckyStrike","RobotSpaceExplorer:SlimeMissile","RobotSpaceExplorer:ToxicBomb+1"],"picked":"SKIP","floor":39},{"not_picked":["RobotSpaceExplorer:FreezingShield","RobotSpaceExplorer:ScrapShield","RobotSpaceExplorer:SlimeMissile","RobotSpaceExplorer:SurgingShield"],"picked":"SKIP","floor":40},{"not_picked":["RobotSpaceExplorer:HighVoltage","RobotSpaceExplorer:SurgingShield+1","RobotSpaceExplorer:Probe","RobotSpaceExplorer:Electropulse"],"picked":"SKIP","floor":44},{"not_picked":["RobotSpaceExplorer:FranticSearch","RobotSpaceExplorer:ShockKick+1","RobotSpaceExplorer:StunGrenade","RobotSpaceExplorer:Probe+1"],"picked":"SKIP","floor":45},{"not_picked":["RobotSpaceExplorer:SlimeMissile+1","RobotSpaceExplorer:GlueSpray","RobotSpaceExplorer:FranticSearch","RobotSpaceExplorer:Wormhole"],"picked":"SKIP","floor":46},{"not_picked":["RobotSpaceExplorer:SlimeMissile","RobotSpaceExplorer:Smokescreen+1","RobotSpaceExplorer:JunkDive"],"picked":"RobotSpaceExplorer:Fix+1","floor":47},{"not_picked":["RobotSpaceExplorer:MetalStrike","RobotSpaceExplorer:Electroshield","RobotSpaceExplorer:GlueShot"],"picked":"RobotSpaceExplorer:MiniDrones","floor":48}],"player_experience":442628,"relics_obtained":[{"floor":6,"key":"infinitespire:Beetle Shell"},{"floor":8,"key":"Mummified Hand"},{"floor":9,"key":"Replay:Rubber Ducky"},{"floor":11,"key":"hubris:Teleporter"},{"floor":19,"key":"Red Mask"},{"floor":24,"key":"Replay:Ringing Soul"},{"floor":26,"key":"Question Card"},{"floor":27,"key":"PreservedInsect"},{"floor":29,"key":"Bottled Lightning"},{"floor":37,"key":"Bottled Flame"},{"floor":40,"key":"infinitespire:PuzzleCube"},{"floor":43,"key":"theForsaken:Lifeblossom"},{"floor":44,"key":"Pear"},{"floor":47,"key":"Art of War"}],"event_choices":[{"damage_healed":0,"gold_gain":175,"player_choice":"AGREE","damage_taken":114,"max_hp_gain":0,"max_hp_loss":0,"event_name":"betterThird:BetterSerpent","floor":2,"gold_loss":0},{"damage_healed":0,"gold_gain":0,"player_choice":"Fought Bandits","damage_taken":0,"max_hp_gain":0,"max_hp_loss":0,"event_name":"Masked Bandits","floor":19,"gold_loss":0},{"damage_healed":0,"gold_gain":0,"player_choice":"Gave Potion","damage_taken":0,"relics_obtained":["infinitespire:Magic Flask"],"max_hp_gain":0,"max_hp_loss":0,"event_name":"WeMeetAgain","floor":20,"gold_loss":0},{"damage_healed":0,"gold_gain":0,"player_choice":"Obtained Relic","damage_taken":0,"relics_obtained":["Anchor"],"max_hp_gain":0,"max_hp_loss":0,"event_name":"Addict","floor":25,"gold_loss":85},{"damage_healed":0,"gold_gain":0,"player_choice":"Upgraded","damage_taken":0,"max_hp_gain":0,"max_hp_loss":0,"event_name":"Upgrade Shrine","floor":38,"gold_loss":0,"cards_upgraded":["RobotSpaceExplorer:Scanner"]},{"damage_healed":0,"gold_gain":100,"player_choice":"Pray","damage_taken":0,"max_hp_gain":0,"max_hp_loss":0,"event_name":"Golden Shrine","floor":42,"gold_loss":0}],"is_beta":false,"boss_relics":[{"not_picked":["Empty Cage","Coffee Dripper"],"picked":"Fusion Hammer"},{"not_picked":["Replay:Ancient Bell","Sozu"],"picked":"SlaversCollar"}],"items_purged_floors":[7],"is_endless":false,"potions_floor_spawned":[3,5,8,11,13,21,24,29,35,45,47,48],"ascension_level":1}}