{"host":"14itbdr21u872c1w","time":1610110867,"event":{"mods":["AchievementEnabler","BaseMod","Minty Spire (QoL Compilation)","StSLib","SuperFastMode","everything is the same but u backflip on backflip"],"gold_per_floor":[119,129,62,62,73,102,102,102,102],"floor_reached":8,"playtime":153,"items_purged":[],"score":95,"play_id":"9c007deb-ef0f-4834-ae49-8a75bffa963a","local_time":"20210108220107","is_ascension_mode":true,"campfire_choices":[{"data":"Dark Embrace","floor":7,"key":"SMITH"}],"circlet_count":0,"master_deck":["AscendersBane","Strike_R","Strike_R","Strike_R","Strike_R","Defend_R","Defend_R","Defend_R","Defend_R","Bash","Shockwave","Dark Embrace+1","Evolve","Iron Wave","Carnage","Shrug It Off"],"relics":["Burning Blood","NeowsBlessing","Shovel"],"acts_visited":["Exordium"],"potions_floor_usage":[6],"damage_taken":[{"damage":0,"enemies":"Cultist","floor":1,"turns":1},{"damage":0,"enemies":"Jaw Worm","floor":2,"turns":1},{"damage":0,"enemies":"Small Slimes","floor":5,"turns":1},{"damage":35,"enemies":"3 Sentries","floor":6,"turns":7},{"damage":46,"enemies":"Lagavulin","floor":8,"turns":8}],"seed_played":"7343859276373541606","potions_obtained":[{"floor":1,"key":"AttackPotion"},{"floor":6,"key":"Swift Potion"}],"is_trial":false,"path_per_floor":["M","M","$","?","M","E","R","E"],"character_chosen":"IRONCLAD","items_purchased":["Evolve"],"campfire_rested":0,"item_purchase_floors":[3],"current_hp_per_floor":[74,75,75,75,75,46,46,0,0],"gold":102,"neow_bonus":"THREE_ENEMY_KILL","is_daily":false,"chose_seed":false,"campfire_upgraded":1,"win_rate":0.0,"timestamp":1610110867,"path_taken":["M","M","?","?","?","E","R","E"],"items_purchased_type":["Card"],"build_version":"2020-12-22","purchased_purges":0,"victory":false,"max_hp_per_floor":[75,75,75,75,75,75,75,75,75],"card_choices":[{"not_picked":["Havoc","Clash"],"picked":"Shockwave","floor":1},{"not_picked":["Sentinel","True Grit"],"picked":"Dark Embrace","floor":2},{"not_picked":["Thunderclap","Headbutt"],"picked":"Carnage","floor":5},{"not_picked":["Warcry","Sever Soul"],"picked":"Shrug It Off","floor":6}],"player_experience":343739,"relics_obtained":[{"floor":6,"key":"Shovel"}],"event_choices":[{"damage_healed":0,"gold_gain":0,"cards_transformed":["Strike_R"],"player_choice":"Transformed","damage_taken":0,"max_hp_gain":0,"max_hp_loss":0,"event_name":"Transmorgrifier","floor":4,"gold_loss":0,"cards_obtained":["Iron Wave"]}],"is_beta":false,"boss_relics":[],"items_purged_floors":[],"is_endless":false,"potions_floor_spawned":[1,6],"killed_by":"Lagavulin","ascension_level":14}}