{"host":"ix2a18c4ohfsrslv","time":1610129155,"event":{"mods":["BaseMod","Better Third Choice","Downfall","Minty Spire (QoL Compilation)","Replay The Spire","StSLib","The Hierophant"],"gold_per_floor":[99,99,99,99,99,125,125,125,125,140,34,34,34,69,9,20,31,31,31,31],"floor_reached":18,"playtime":1194,"items_purged":[],"score":128,"play_id":"ed3616fb-9927-4d96-910f-ddd9c84d75e8","local_time":"20210108100554","is_ascension_mode":true,"campfire_choices":[{"data":"champ:Taunt","floor":1,"key":"SMITH"},{"data":"champ:DeathBlow","floor":9,"key":"SMITH"}],"circlet_count":0,"master_deck":["champ:Strike","champ:Strike","champ:Strike","champ:Strike","champ:Defend","champ:Defend","champ:Defend","champ:Execute","champ:Taunt+1","champ:ArenaPreparation","champ:Encircle+1","champ:BerserkersShout","champ:DeathBlow+1","champ:Aggression","champ:SwordSigil","champ:FanOfKnives","champ:ShieldSigil","champ:AdrenalArmor","champ:BerserkerStyle","champ:StanceDance"],"relics":["champ:ChampionCrown","downfall:HeartsMalice","Oddly Smooth Stone","Bird Faced Urn","ReplayTheSpireMod:TigerMarble"],"acts_visited":["Exordium"],"potions_floor_usage":[11,18],"damage_taken":[{"damage":0,"enemies":"Jaw Worm","floor":2,"turns":1},{"damage":0,"enemies":"Cultist","floor":3,"turns":1},{"damage":0,"enemies":"2 Louse","floor":5,"turns":1},{"damage":27,"enemies":"Replay:BlueRogue","floor":6,"turns":4},{"damage":40,"enemies":"Red Slaver","floor":10,"turns":2},{"damage":62,"enemies":"downfall:FleeingMerchant","floor":11,"turns":4},{"damage":54,"enemies":"3 Sentries","floor":14,"turns":3},{"damage":51,"enemies":"downfall:FleeingMerchant","floor":15,"turns":4},{"damage":55,"enemies":"Blue Slaver","floor":16,"turns":3},{"damage":51,"enemies":"Large Slime","floor":17,"turns":5},{"damage":47,"enemies":"downfall:Silent","floor":18,"turns":2}],"seed_played":"-441949575222082138","potions_obtained":[{"floor":10,"key":"Weak Potion"},{"floor":14,"key":"Explosive Potion"},{"floor":16,"key":"Swift Potion"}],"is_trial":false,"path_per_floor":["R","M","M","?","M","E","T","?","R","M","$","PTL","PTL","E","$","M","M","B"],"character_chosen":"THE_CHAMP","items_purchased":["champ:SwordSigil","champ:FanOfKnives","champ:AdrenalArmor"],"campfire_rested":0,"item_purchase_floors":[11,11,15],"current_hp_per_floor":[90,90,90,90,90,82,82,82,82,74,69,69,69,60,59,50,52,5,5,5],"gold":31,"neow_bonus":"THREE_ENEMY_KILL","is_daily":false,"chose_seed":false,"campfire_upgraded":2,"win_rate":0.0,"timestamp":1610129154,"path_taken":["R","M","M","?","?","E","T","?","R","?","$","PTL","PTL","E","$","M","M","BOSS"],"items_purchased_type":["Card","Card","Card"],"build_version":"2020-12-22","purchased_purges":0,"victory":false,"max_hp_per_floor":[90,90,90,90,90,90,90,90,90,90,90,90,90,90,90,90,90,90,90,90],"card_choices":[{"not_picked":["champ:CrookedStrike","champ:HeartStrike"],"picked":"champ:ArenaPreparation","floor":2},{"not_picked":["champ:PerfectedStrike","champ:FlashCut"],"picked":"champ:Encircle","floor":3},{"not_picked":["champ:Lariat","champ:BringItOn"],"picked":"champ:BerserkersShout","floor":5},{"not_picked":["champ:FocusedDefense","champ:FanOfKnives"],"picked":"champ:DeathBlow","floor":6},{"not_picked":["champ:CalledShot","champ:Duel"],"picked":"champ:Aggression","floor":10},{"not_picked":["champ:BladeFlurry","champ:StrikeOfGenius","champ:Haymaker"],"picked":"SKIP","floor":11},{"not_picked":["champ:TornadoPunch","champ:HeartStrike","champ:ShieldWall"],"picked":"SKIP","floor":14},{"not_picked":["champ:FanOfKnives","champ:CheapShot"],"picked":"champ:ShieldSigil","floor":15},{"not_picked":["champ:GladiatorsShout","champ:PerfectedStrike"],"picked":"champ:BerserkerStyle","floor":16},{"not_picked":["champ:Circumvent","champ:FanOfKnives"],"picked":"champ:StanceDance","floor":17}],"player_experience":168470,"relics_obtained":[{"floor":6,"key":"Oddly Smooth Stone"},{"floor":7,"key":"Bird Faced Urn"},{"floor":14,"key":"ReplayTheSpireMod:TigerMarble"}],"event_choices":[{"damage_healed":0,"gold_gain":0,"player_choice":"Forge","damage_taken":0,"max_hp_gain":0,"max_hp_loss":0,"event_name":"Accursed Blacksmith","floor":4,"gold_loss":0,"cards_upgraded":["champ:Encircle"]},{"cards_removed":["champ:Defend"],"damage_healed":0,"gold_gain":0,"player_choice":"Purged","damage_taken":0,"max_hp_gain":0,"max_hp_loss":0,"event_name":"Purifier","floor":8,"gold_loss":0}],"is_beta":false,"boss_relics":[],"items_purged_floors":[],"is_endless":false,"potions_floor_spawned":[10,14,16],"killed_by":"downfall:Silent","ascension_level":2}}