{"host":"7ng250kq93p51zyj","time":1610073448,"event":{"mods":["Act Like it!","Aspiration","BaseMod","BetterRewards","Card Forge","Colored Powertips","Energized Spire","Gensokyo","KinomotoSakuraMod(ñÿîVñ{?)","MarisaÅiñ∂âJÅ@ñÇóùçπÅj","Minty Spire (QoL Compilation)","Permanent Neow","Prisma Mod","Replay The Spire","StSLib","The Alterego","The Animator","The Servant 0.9.4","TheSwordswoman"],"gold_per_floor":[120,139,139,151,167,167,198,198,198,198,225,145,145,158,219,316,316,330,330,330,345,359,359,390,390,390,415,427,119,119,119,119,219,219,232,232,232,22,75,101,101,141,166,166,166,184,205,480,480,485,485,485,162,199,204,204],"floor_reached":55,"playtime":5805,"items_purged":[],"score":1142,"play_id":"c2a6cfb5-f843-4666-b656-39329a3e1743","local_time":"20210108033728","is_ascension_mode":true,"campfire_choices":[{"floor":6,"key":"REST"},{"floor":8,"key":"RECALL"},{"floor":13,"key":"REST"},{"floor":23,"key":"REST"},{"floor":25,"key":"REST"},{"floor":30,"key":"REST"},{"floor":32,"key":"REST"},{"floor":41,"key":"REST"},{"floor":45,"key":"REST"},{"floor":52,"key":"REST"}],"circlet_count":0,"master_deck":["alterego_mod:Strike+1","alterego_mod:Strike+1","alterego_mod:Strike+1","alterego_mod:Defend+1","alterego_mod:Defend+1","alterego_mod:Defend+1","alterego_mod:Impale+1","alterego_mod:BigMeatyClaws+1","alterego_mod:BrynhildrsRune+1","alterego_mod:BiFurious+1","alterego_mod:Rip+1","alterego_mod:DiscoLights+1","alterego_mod:GoddessCore+1","alterego_mod:SakuraPetals+1","alterego_mod:IdEs+1","alterego_mod:DeftHands+1","alterego_mod:Palingenesis+4","alterego_mod:SakuraFive+1","alterego_mod:BusterCard+1","alterego_mod:Bounce+1","alterego_mod:BreastValley+1","alterego_mod:Valentines+1","alterego_mod:SideboobHour+1","Unload+1","Skewer+1","alterego_mod:Antipathy+1","alterego_mod:IndependentAction+1","alterego_mod:BusterCard+1","alterego_mod:TrashNCrash+1","alterego_mod:GoddessCore+1","alterego_mod:HighServant+1","alterego_mod:Cooking+1","Flash of Steel+1","alterego_mod:HighServant+1"],"relics":["alterego_mod:MasochisticConstitution","Hammer of Thor","Seething Fire","Anvil of the Gods","Torii","TungstenRod","ReplayFunnel","ClockworkSouvenir","Replay:Rubber Ducky","Replay:Mystery Machine","White Beast Statue","energizedSpire:MagnifyingGlass","Letter Opener","Vajra","Juzu Bracelet","Lee\u0027s Waffle","Fusion Hammer","WarpedTongs","Boot","Lizard Tail","HornCleat","Smiling Mask","Regal Pillow","Mirror","Happy Flower"],"acts_visited":["Exordium","TheCity","TheBeyond","TheEnding"],"potions_floor_usage":[7,11,24,27,33,54,54],"damage_taken":[{"damage":0,"enemies":"2 Louse","floor":1,"turns":2},{"damage":0,"enemies":"Small Slimes","floor":2,"turns":2},{"damage":0,"enemies":"Cultist","floor":4,"turns":2},{"damage":10,"enemies":"Exordium Wildlife","floor":5,"turns":4},{"damage":9,"enemies":"Gremlin Nob","floor":7,"turns":3},{"damage":0,"enemies":"Replay:BlueRogue","floor":11,"turns":4},{"damage":0,"enemies":"Large Slime","floor":14,"turns":4},{"damage":55,"enemies":"Hexaghost","floor":16,"turns":10},{"damage":3,"enemies":"Shell Parasite","floor":18,"turns":4},{"damage":19,"enemies":"2 Thieves","floor":21,"turns":3},{"damage":18,"enemies":"Snecko","floor":22,"turns":4},{"damage":45,"enemies":"Book of Stabbing","floor":24,"turns":7},{"damage":27,"enemies":"Slavers","floor":27,"turns":6},{"damage":3,"enemies":"Centurion and Healer","floor":28,"turns":3},{"damage":26,"enemies":"Collector","floor":33,"turns":11},{"damage":14,"enemies":"3 Shapes","floor":35,"turns":4},{"damage":58,"enemies":"2 Orb Walkers","floor":39,"turns":6},{"damage":71,"enemies":"Giant Head","floor":40,"turns":8},{"damage":66,"enemies":"Nemesis","floor":42,"turns":6},{"damage":0,"enemies":"Orb Walker","floor":46,"turns":3},{"damage":7,"enemies":"Maw","floor":47,"turns":6},{"damage":82,"enemies":"Time Eater","floor":50,"turns":12},{"damage":50,"enemies":"Shield and Spear","floor":54,"turns":7},{"damage":128,"enemies":"The Heart","floor":55,"turns":9}],"seed_played":"-6759274344679071208","potions_obtained":[{"floor":4,"key":"Weak Potion"},{"floor":7,"key":"ColorlessPotion"},{"floor":14,"key":"ColorlessPotion"},{"floor":16,"key":"AttackPotion"},{"floor":18,"key":"FairyPotion"},{"floor":27,"key":"Weak Potion"},{"floor":28,"key":"AttackPotion"},{"floor":35,"key":"FearPotion"},{"floor":42,"key":"EssenceOfSteel"}],"is_trial":false,"path_per_floor":["M","M","?","M","M","R","E","R","T","?","E","$","R","M","R","B",null,"M","?","?","M","M","R","E","R","T","E","M","$","R","?","R","B",null,"M","?","?","$","?","E","R","E","T","?","R","M","M","?","R","B",null,"R","$","E","B"],"character_chosen":"The_Alterego","items_purchased":["Torii","ReplayFunnel","ClockworkSouvenir","Replay:Rubber Ducky","alterego_mod:Swimsuit","alterego_mod:IdEs","Lee\u0027s Waffle","alterego_mod:SideboobHour","Boot","alterego_mod:BusterCard+1","Mirror","Flash of Steel"],"campfire_rested":9,"item_purchase_floors":[0,0,0,0,0,12,29,29,38,38,53,53],"current_hp_per_floor":[28,28,51,58,56,71,63,63,63,63,70,70,72,72,72,66,73,71,71,71,53,43,65,28,51,51,25,23,86,86,86,86,87,87,86,86,86,86,29,19,46,21,21,101,101,101,102,102,102,40,103,103,103,65,0,0],"gold":204,"neow_bonus":"","is_daily":false,"chose_seed":false,"campfire_upgraded":0,"win_rate":0.0,"timestamp":1610073448,"path_taken":["M","M","?","M","M","R","E","R","T","?","E","$","R","M","R","BOSS","M","?","?","M","M","R","E","R","T","E","M","$","R","?","R","BOSS","M","?","?","$","?","E","R","E","T","?","R","M","M","?","R","BOSS","R","$","E","BOSS"],"items_purchased_type":["Relic","Relic","Relic","Relic","Card","Card","Relic","Card","Relic","Card","Relic","Card"],"build_version":"2020-12-22","purchased_purges":0,"victory":false,"max_hp_per_floor":[70,70,70,70,71,71,72,72,72,72,72,72,72,72,72,73,73,74,74,74,75,76,76,77,77,77,78,79,86,86,86,86,87,87,88,88,88,88,89,90,90,91,91,101,101,101,102,102,102,103,103,103,103,104,104,104],"card_choices":[{"not_picked":["alterego_mod:Bloomers","alterego_mod:TrashNCrash"],"picked":"alterego_mod:Rip","floor":1},{"not_picked":["alterego_mod:PresenceConcealment","alterego_mod:Complex"],"picked":"alterego_mod:DiscoLights","floor":2},{"not_picked":["alterego_mod:Stockings","alterego_mod:DustData","alterego_mod:Cushion"],"picked":"SKIP","floor":4},{"not_picked":["alterego_mod:Swimsuit","alterego_mod:Support"],"picked":"alterego_mod:GoddessCore","floor":5},{"not_picked":["alterego_mod:HighServant","alterego_mod:DiscoLights"],"picked":"alterego_mod:Alter","floor":7},{"not_picked":["alterego_mod:HighServant","alterego_mod:TrashNCrash"],"picked":"alterego_mod:SakuraPetals","floor":11},{"not_picked":["alterego_mod:Cycle","alterego_mod:ChallengeComplete"],"picked":"alterego_mod:DeftHands","floor":14},{"not_picked":["alterego_mod:Alter","alterego_mod:InsideBaseball"],"picked":"alterego_mod:Palingenesis","floor":16},{"not_picked":["alterego_mod:Birthday","alterego_mod:Jiggle"],"picked":"alterego_mod:SakuraFive+1","floor":18},{"not_picked":["alterego_mod:HighServant+1","alterego_mod:1TonWallop+1"],"picked":"alterego_mod:BusterCard","floor":21},{"not_picked":["alterego_mod:MagicResistance","alterego_mod:Punishment"],"picked":"alterego_mod:Bounce","floor":22},{"not_picked":["alterego_mod:PresenceConcealment+1","alterego_mod:Skirt"],"picked":"alterego_mod:BreastValley","floor":24},{"not_picked":["alterego_mod:DeftHands","alterego_mod:BeGentle"],"picked":"alterego_mod:BusterCard","floor":27},{"not_picked":["alterego_mod:Skirt+1","alterego_mod:Complex+1"],"picked":"alterego_mod:Valentines","floor":28},{"not_picked":["alterego_mod:Palingenesis","alterego_mod:Venus"],"picked":"alterego_mod:Antipathy","floor":33},{"not_picked":["alterego_mod:DestructionOfProperty+1","alterego_mod:Lingerie+1"],"picked":"alterego_mod:IndependentAction+1","floor":35},{"not_picked":["alterego_mod:RidiculouslyBig","alterego_mod:Maid"],"picked":"alterego_mod:TrashNCrash","floor":39},{"not_picked":["alterego_mod:BreastValley+1","alterego_mod:Antipathy"],"picked":"alterego_mod:Belle+1","floor":40},{"not_picked":["alterego_mod:Skirt","alterego_mod:DestructionOfProperty+1"],"picked":"alterego_mod:GoddessCore+1","floor":42},{"not_picked":["alterego_mod:1TonWallop","alterego_mod:Bunnysuit+1"],"picked":"alterego_mod:HighServant+1","floor":46},{"not_picked":["alterego_mod:Complex","alterego_mod:Santa+1"],"picked":"alterego_mod:Cooking+1","floor":47},{"not_picked":["alterego_mod:Skirt+1","alterego_mod:Cycle"],"picked":"alterego_mod:HighServant","floor":54}],"player_experience":318911,"relics_obtained":[{"floor":7,"key":"Replay:Mystery Machine"},{"floor":11,"key":"White Beast Statue"},{"floor":24,"key":"Letter Opener"},{"floor":26,"key":"Vajra"},{"floor":27,"key":"Juzu Bracelet"},{"floor":39,"key":"Lizard Tail"},{"floor":40,"key":"HornCleat"},{"floor":42,"key":"Smiling Mask"},{"floor":43,"key":"Regal Pillow"},{"floor":54,"key":"Happy Flower"}],"event_choices":[{"damage_healed":23,"gold_gain":0,"player_choice":"Banana","damage_taken":0,"max_hp_gain":0,"max_hp_loss":0,"event_name":"Big Fish","floor":3,"gold_loss":0},{"damage_healed":0,"gold_gain":0,"player_choice":"Ignored","damage_taken":0,"max_hp_gain":0,"max_hp_loss":0,"event_name":"Beggar","floor":19,"gold_loss":0},{"damage_healed":0,"gold_gain":0,"player_choice":"Rummage","damage_taken":0,"relics_obtained":["WarpedTongs"],"max_hp_gain":0,"max_hp_loss":0,"event_name":"Accursed Blacksmith","floor":36,"gold_loss":0,"cards_obtained":["Pain"]},{"damage_healed":0,"gold_gain":0,"player_choice":"Fight","damage_taken":0,"max_hp_gain":0,"max_hp_loss":0,"event_name":"Mysterious Sphere","floor":39,"gold_loss":0},{"cards_removed":["alterego_mod:Alter"],"damage_healed":70,"gold_gain":0,"player_choice":"Offered Rare","damage_taken":0,"max_hp_gain":10,"max_hp_loss":0,"event_name":"Bonfire Elementals","floor":44,"gold_loss":0},{"damage_healed":0,"gold_gain":275,"player_choice":"Desecrate","damage_taken":0,"max_hp_gain":0,"max_hp_loss":0,"event_name":"Golden Shrine","floor":48,"gold_loss":0,"cards_obtained":["Regret"]},{"damage_healed":0,"gold_gain":0,"player_choice":"Ignored","damage_taken":0,"max_hp_gain":0,"max_hp_loss":0,"event_name":"Upgrade Shrine","floor":49,"gold_loss":0}],"is_beta":false,"boss_relics":[{"not_picked":["Replay:Ancient Bell","aspiration:RunicSpoon"],"picked":"energizedSpire:MagnifyingGlass"},{"not_picked":["energizedSpire:NeverEndingSparkler","energizedSpire:SpiderWeb"],"picked":"Fusion Hammer"}],"items_purged_floors":[],"is_endless":false,"potions_floor_spawned":[4,7,14,16,18,21,22,24,27,28,33,35,39,40,42,46,47,54],"killed_by":"The Heart","ascension_level":1}}