{"host":"qq27suot6m8koe0b","time":1610093672,"event":{"mods":["Act Like it!","BaseMod","CapriCore","Chen","Gensokyo","GifTheSpireLib","Koishi","Marisa（霧雨　魔理沙）","Minty Spire (QoL Compilation)","Onozuka Komachi Mod","Reimu（博??梦）","StSLib","The Immortal","The Servant 0.9.4","Yakumo Yukari mod","Youmu（魂魄妖梦）","Yuyuko"],"gold_per_floor":[117,117,117,117,137,137,170,170,170,170,170,181,198,41,41,142,142,160,173,173,173,30,30,30,30,30],"floor_reached":24,"playtime":975,"items_purged":["Shame"],"score":217,"play_id":"68170a23-1c54-46e3-a4e7-40bc16a966ed","local_time":"20210108161432","is_ascension_mode":false,"campfire_choices":[{"data":"MokouMod:Refresh","floor":6,"key":"SMITH"},{"floor":11,"key":"RECALL"},{"floor":15,"key":"REST"},{"floor":23,"key":"REST"}],"circlet_count":0,"master_deck":["MokouMod:Strike","MokouMod:Strike","MokouMod:Strike","MokouMod:Strike","MokouMod:Strike","MokouMod:Defend","MokouMod:Defend","MokouMod:Defend","MokouMod:Defend","MokouMod:HeatSpark","MokouMod:FlickeringFlame","MokouMod:Refresh+1","MokouMod:ScorchingColumn+1","MokouMod:Ember+1","MokouMod:ResonanceReactor+1","MokouMod:IgnitionBlast+1","MokouMod:ProfanedFlare","MokouMod:HouraiForge+1","MokouMod:Overheat","Necronomicurse","MokouMod:CrimsonFlare+1","MokouMod:ShiftIgnition+1"],"relics":["MokouMod:PhoenixFeather","NeowsBlessing","Dream Catcher","YidongShenshe:ReiMu","Molten Egg 2","Frozen Egg 2","Shuriken","Velvet Choker","Necronomicon","Art of War"],"acts_visited":["Exordium","TheCity"],"potions_floor_usage":[7,16,16],"damage_taken":[{"damage":0,"enemies":"Jaw Worm","floor":1,"turns":1},{"damage":0,"enemies":"2 Louse","floor":5,"turns":1},{"damage":0,"enemies":"3 Sentries","floor":7,"turns":1},{"damage":0,"enemies":"Small Slimes","floor":12,"turns":2},{"damage":8,"enemies":"3 Louse","floor":13,"turns":2},{"damage":80,"enemies":"The Guardian","floor":16,"turns":10},{"damage":41,"enemies":"2 Thieves","floor":18,"turns":4},{"damage":33,"enemies":"3 Byrds","floor":19,"turns":6},{"damage":30,"enemies":"Masked Bandits","floor":24,"turns":3}],"seed_played":"-9068672729915582077","potions_obtained":[{"floor":1,"key":"EntropicBrew"},{"floor":7,"key":"SkillPotion"}],"is_trial":false,"path_per_floor":["M","?","?","?","M","R","E","?","T","?","R","M","M","$","R","B",null,"M","M","?","?","$","R","?"],"character_chosen":"MKU","items_purchased":["MokouMod:IgnitionBlast+1","MokouMod:ProfanedFlare","MokouMod:CrimsonFlare+1"],"campfire_rested":2,"item_purchase_floors":[14,14,22],"current_hp_per_floor":[75,42,42,42,42,42,42,42,42,35,35,35,27,27,49,8,75,34,1,3,3,3,25,0,0,0],"gold":30,"neow_bonus":"THREE_ENEMY_KILL","is_daily":false,"chose_seed":false,"campfire_upgraded":1,"win_rate":0.0,"timestamp":1610093672,"path_taken":["M","?","?","?","M","R","E","?","T","?","R","M","M","?","R","BOSS","M","?","?","?","$","R","?"],"items_purchased_type":["Card","Card","Card"],"build_version":"2020-12-22","purchased_purges":1,"victory":false,"max_hp_per_floor":[75,75,75,75,75,75,75,75,75,75,75,75,75,75,75,75,75,75,75,75,75,75,75,75,75,75],"card_choices":[{"not_picked":["MokouMod:SubterraneanCore","MokouMod:Sear"],"picked":"MokouMod:FlickeringFlame","floor":1},{"not_picked":["MokouMod:IndiscriminateIgnition","MokouMod:Firecracker"],"picked":"MokouMod:Refresh","floor":5},{"not_picked":["MokouMod:Burn","MokouMod:Trailblazer"],"picked":"MokouMod:ScorchingColumn+1","floor":7},{"not_picked":["MokouMod:TemporalFireSeal+1","MokouMod:Afterburner"],"picked":"MokouMod:Ember+1","floor":12},{"not_picked":["MokouMod:RoaringFlare+1","MokouMod:GuidingSmoke+1"],"picked":"MokouMod:ResonanceReactor+1","floor":13},{"not_picked":["MokouMod:Extinguish","MokouMod:ResonatingAura+1"],"picked":"MokouMod:HouraiForge+1","floor":16},{"not_picked":["MokouMod:BurningDraft+1","MokouMod:Refresh","MokouMod:BlazingComet+1"],"picked":"SKIP","floor":18},{"not_picked":["MokouMod:Sear","MokouMod:Firecracker"],"picked":"MokouMod:Overheat","floor":19},{"not_picked":["MokouMod:Refresh","MokouMod:ResoluteFlare+1"],"picked":"MokouMod:ShiftIgnition+1","floor":23}],"player_experience":330318,"relics_obtained":[{"floor":7,"key":"Frozen Egg 2"},{"floor":9,"key":"Shuriken"},{"floor":20,"key":"Necronomicon"}],"event_choices":[{"damage_healed":0,"gold_gain":0,"player_choice":"Success","damage_taken":33,"relics_obtained":["Dream Catcher"],"max_hp_gain":0,"max_hp_loss":0,"event_name":"Scrap Ooze","floor":2,"gold_loss":0},{"damage_healed":0,"gold_gain":0,"player_choice":"?走神社","damage_taken":0,"relics_obtained":["YidongShenshe:ReiMu"],"max_hp_gain":0,"max_hp_loss":0,"event_name":"yidonshenshe","floor":3,"gold_loss":0,"cards_obtained":["Poor:ReiMu"]},{"damage_healed":0,"gold_gain":0,"player_choice":"Box","damage_taken":0,"relics_obtained":["Molten Egg 2"],"max_hp_gain":0,"max_hp_loss":0,"event_name":"Big Fish","floor":4,"gold_loss":0,"cards_obtained":["Regret"]},{"cards_removed":["Poor:ReiMu"],"damage_healed":0,"gold_gain":0,"player_choice":"Forget","damage_taken":0,"max_hp_gain":0,"max_hp_loss":0,"event_name":"Living Wall","floor":8,"gold_loss":0},{"cards_removed":["Regret"],"damage_healed":0,"gold_gain":0,"player_choice":"Card Removal","damage_taken":7,"max_hp_gain":0,"max_hp_loss":0,"event_name":"Golden Wing","floor":10,"gold_loss":0},{"damage_healed":0,"gold_gain":0,"player_choice":"Obtained Book","damage_taken":16,"max_hp_gain":0,"max_hp_loss":0,"event_name":"Cursed Tome","floor":20,"gold_loss":0},{"damage_healed":0,"gold_gain":0,"player_choice":"Stole Relic","damage_taken":0,"relics_obtained":["Art of War"],"max_hp_gain":0,"max_hp_loss":0,"event_name":"Addict","floor":21,"gold_loss":0,"cards_obtained":["Shame"]},{"damage_healed":0,"gold_gain":0,"player_choice":"Fought Bandits","damage_taken":0,"max_hp_gain":0,"max_hp_loss":0,"event_name":"Masked Bandits","floor":24,"gold_loss":0}],"is_beta":false,"boss_relics":[{"not_picked":["Coffee Dripper","Astrolabe"],"picked":"Velvet Choker"}],"items_purged_floors":[22],"is_endless":false,"potions_floor_spawned":[1,7,13],"killed_by":"Masked Bandits","ascension_level":0}}