{"host":"3l94tha3a4jgu0q4","time":1610081804,"event":{"mods":["2.2 Compatiblity","AchievementEnabler","BaseMod","Colored Map","Colored Powertips","Highlight Path","Minty Spire (QoL Compilation)","Permanent Neow","StSLib","SuperFastMode"],"gold_per_floor":[110,35,51,71,84,114,114,114,114],"floor_reached":8,"playtime":163,"items_purged":["Strike_P"],"score":96,"play_id":"3277e86a-070b-4888-bcb2-2f504546899a","local_time":"20210107205644","is_ascension_mode":true,"campfire_choices":[],"circlet_count":0,"master_deck":["AscendersBane","Strike_P","Strike_P","Strike_P","Defend_P","Defend_P","Defend_P","Defend_P","Eruption","Vigilance","CurseOfTheBell","Wallop","Evaluate","Consecrate","EmptyFist","Pray"],"relics":["Calling Bell","Happy Flower","Kunai","Ice Cream","Dead Branch"],"acts_visited":["Exordium"],"potions_floor_usage":[8],"damage_taken":[{"damage":8,"enemies":"Small Slimes","floor":1,"turns":5},{"damage":0,"enemies":"Cultist","floor":3,"turns":3},{"damage":6,"enemies":"2 Louse","floor":4,"turns":4},{"damage":16,"enemies":"Exordium Thugs","floor":5,"turns":6},{"damage":10,"enemies":"Gremlin Nob","floor":6,"turns":4},{"damage":28,"enemies":"Lagavulin","floor":8,"turns":4}],"seed_played":"1694339354473343000","potions_obtained":[{"floor":3,"key":"Dexterity Potion"},{"floor":6,"key":"Fire Potion"},{"floor":7,"key":"DuplicationPotion"}],"is_trial":false,"path_per_floor":["M","$","M","M","M","E","?","E"],"character_chosen":"WATCHER","items_purchased":[],"campfire_rested":0,"item_purchase_floors":[],"current_hp_per_floor":[57,57,57,51,35,25,25,0,0],"gold":114,"neow_bonus":"BOSS_RELIC","is_daily":false,"chose_seed":false,"campfire_upgraded":0,"win_rate":0.0,"timestamp":1610081804,"path_taken":["M","$","M","M","M","E","?","E"],"items_purchased_type":[],"build_version":"2020-12-22","purchased_purges":1,"victory":false,"max_hp_per_floor":[72,72,72,72,72,72,72,72,72],"card_choices":[{"not_picked":["SandsOfTime","Crescendo"],"picked":"Wallop","floor":1},{"not_picked":["ForeignInfluence","Sanctity"],"picked":"Evaluate","floor":3},{"not_picked":["Collect","Sanctity"],"picked":"Consecrate","floor":4},{"not_picked":["CrushJoints","SashWhip"],"picked":"EmptyFist","floor":5},{"not_picked":["SignatureMove","ThirdEye"],"picked":"Pray","floor":6}],"player_experience":1897338,"relics_obtained":[{"floor":0,"key":"Happy Flower"},{"floor":0,"key":"Kunai"},{"floor":0,"key":"Ice Cream"},{"floor":6,"key":"Dead Branch"}],"event_choices":[{"damage_healed":0,"gold_gain":0,"player_choice":"Got Potions","damage_taken":0,"max_hp_gain":0,"max_hp_loss":0,"event_name":"Lab","floor":7,"gold_loss":0}],"is_beta":false,"boss_relics":[],"items_purged_floors":[2],"is_endless":false,"potions_floor_spawned":[3,6],"killed_by":"Lagavulin","ascension_level":13}}