{"host":"39edsv1n7lhvfemz","time":1610099321,"event":{"mods":["Act Like it!","BaseMod","Better Vampires","Better-Laid Plans","CapriCore","Friendly Minions","Lobotomy","LobotomyExtend","Minty Spire (QoL Compilation)","Pale of the Ancients","StSLib","The Jungle","Waifu the Spire","noobMod","¡¾ÒÅÎï¿¨ÅÆ¡¿REMEMod"],"gold_per_floor":[213,226,237,248,173,173,231,231,257,257,157,157,77,92,92,192,192,202,214,214,214],"floor_reached":20,"playtime":943,"items_purged":["NothingThere","InformationCode"],"score":214,"play_id":"f10436f4-cb0f-4683-9ef3-5cfbbbab73ea","local_time":"20210108174841","is_ascension_mode":false,"campfire_choices":[],"circlet_count":0,"master_deck":["SpecialBullet","SpecialBullet","SpecialBullet","SpecialBullet","SpecialBullet","SpecialBullet","SpecialBullet","REME_MawOfCthun","Galaxy","DreamingCurrent","Freischutz","Hornet+1","LifeForTheDareDevil+1","RedEyes+1","Discord"],"relics":["CogitoBucket","ice","REME_ComplimentaryCards","LetterFromLob","Oddly Smooth Stone","Ancient Tea Set","MagicBullet_r","Gaze_r","AspirationHeart","Astrolabe"],"acts_visited":["Exordium","TheCity"],"potions_floor_usage":[],"damage_taken":[{"damage":6.0,"enemies":"Cultist","floor":1.0,"turns":3.0},{"damage":14,"enemies":"2 Louse","floor":2,"turns":3},{"damage":10,"enemies":"Small Slimes","floor":3,"turns":2},{"damage":70,"enemies":"Looter","floor":4,"turns":3},{"damage":8,"enemies":"Gremlin Nob","floor":7,"turns":4},{"damage":2,"enemies":"Red Slaver","floor":10,"turns":3},{"damage":30,"enemies":"Red Slaver","floor":14,"turns":5},{"damage":53,"enemies":"The Guardian","floor":16,"turns":14},{"damage":23,"enemies":"Chosen","floor":18,"turns":4},{"damage":6,"enemies":"3 Byrds","floor":19,"turns":3},{"damage":22,"enemies":"Shelled Parasite and Fungi","floor":20,"turns":2}],"seed_played":"5131641380001160609","potions_obtained":[{"floor":2,"key":"Energy Potion"},{"floor":3,"key":"SmokeBomb"},{"floor":4,"key":"Fire Potion"}],"is_trial":false,"path_per_floor":["M","M","M","M","$","R","?","R","T","M","$","?","$","M","R","B",null,"M","M","M"],"character_chosen":"Angela","items_purchased":["Galaxy"],"campfire_rested":0,"item_purchase_floors":[13],"current_hp_per_floor":[64,50,46,41,41,41,33,33,33,52,52,64,64,44,44,51,119,102,102,80,80],"gold":214,"neow_bonus":"HUNDRED_GOLD","is_daily":false,"chose_seed":false,"campfire_upgraded":0,"win_rate":0.0,"timestamp":1610099321,"path_taken":["M","M","M","?","?","R","?","R","T","M","$","?","$","M","R","BOSS","M","M","M"],"items_purchased_type":["Card"],"build_version":"2020-12-22","purchased_purges":2,"victory":false,"max_hp_per_floor":[70,70,70,70,70,70,72,72,72,82,82,82,82,99,99,119,119,121,136,138,138],"card_choices":[{"not_picked":["CherryBlossom","SomewhereSpear"],"picked":"SKIP","floor":1},{"not_picked":["Yin","Porccubus"],"picked":"NothingThere","floor":2},{"not_picked":["Noise","LifeForTheDareDevil"],"picked":"SKIP","floor":2},{"not_picked":["Lamp","Loneliness"],"picked":"SKIP","floor":3},{"not_picked":["Lamp","Christmas"],"picked":"SKIP","floor":4},{"not_picked":["Murderer","Yin"],"picked":"DespairKnight","floor":7},{"not_picked":["Woodsman","Wellcheers"],"picked":"DreamingCurrent","floor":14},{"not_picked":["Penitence","Galaxy"],"picked":"SKIP","floor":14},{"not_picked":["Penitence","Galaxy"],"picked":"SKIP","floor":14},{"not_picked":["OSAHOGD","Variant"],"picked":"Freischutz","floor":16},{"not_picked":["BloodyDesire","RapturousDream+1"],"picked":"SKIP","floor":18},{"not_picked":["SomewhereSpear"],"picked":"Discord","floor":19}],"player_experience":150818,"relics_obtained":[{"floor":1,"key":"LetterFromLob"},{"floor":9,"key":"Ancient Tea Set"}],"event_choices":[{"damage_healed":0,"gold_gain":0,"player_choice":"Searched \u00272\u0027 times","damage_taken":0,"relics_obtained":["Oddly Smooth Stone"],"max_hp_gain":0,"max_hp_loss":0,"event_name":"Dead Adventurer","floor":7,"gold_loss":0}],"is_beta":false,"boss_relics":[{"not_picked":["Snecko Eye","SacredBark"],"picked":"Astrolabe"}],"items_purged_floors":[5,11],"is_endless":false,"potions_floor_spawned":[2,3,4,16,18],"killed_by":"Shelled Parasite and Fungi","ascension_level":0}}