{"host":"a1eatafr7pisesky","time":1610131593,"event":{"mods":["AchievementEnabler","BaseMod","Colored Map","Keyboard Shortcuts","Minty Spire (QoL Compilation)","Say the Spire","StSLib","SuperFastMode","everything is the same but u backflip on backflip"],"gold_per_floor":[109,121,121,133,13,26,26,45,71,71,106,120,140,157,157,255,255,265,265,278,28,28,28,28,28,28,28,39,54,153,168,168,271,271,286,303,303,313,330,363,363,693,693,693,693],"floor_reached":44,"playtime":2044,"items_purged":["Strike_B","Strike_B"],"score":707,"play_id":"34e74da0-d8f0-439c-9601-c340fe621616","local_time":"20210109034633","is_ascension_mode":true,"campfire_choices":[{"data":"Dualcast","floor":7.0,"key":"SMITH"},{"floor":15.0,"key":"REST"},{"floor":23.0,"key":"REST"},{"data":"Consume","floor":25.0,"key":"SMITH"},{"data":"Defragment","floor":27.0,"key":"SMITH"},{"floor":32.0,"key":"REST"},{"floor":41.0,"key":"REST"}],"circlet_count":0,"master_deck":["Strike_B","Defend_B","Defend_B","Defend_B","Defend_B","Zap","Dualcast+1","FTL","Consume+1","Consume","Sweeping Beam","Cold Snap","Genetic Algorithm","Sunder","FTL","Doom and Gloom","Coolheaded","Fission+1","Go for the Eyes+1","Turbo","Defragment+1","Coolheaded","All For One","Hologram+1","Undo+1"],"relics":["Cracked Core","Blood Vial","DataDisk","Inserter","Shuriken","Boot","Old Coin","Torii"],"acts_visited":["Exordium","TheCity","TheBeyond"],"potions_floor_usage":[],"damage_taken":[{"damage":1.0,"enemies":"Cultist","floor":1.0,"turns":4.0},{"damage":0.0,"enemies":"Small Slimes","floor":2.0,"turns":2.0},{"damage":3.0,"enemies":"2 Louse","floor":4.0,"turns":4.0},{"damage":28.0,"enemies":"Exordium Wildlife","floor":6.0,"turns":4.0},{"damage":6.0,"enemies":"Large Slime","floor":8.0,"turns":6.0},{"damage":10.0,"enemies":"Lagavulin","floor":11.0,"turns":4.0},{"damage":3.0,"enemies":"2 Fungi Beasts","floor":12.0,"turns":2.0},{"damage":23.0,"enemies":"Gremlin Gang","floor":13.0,"turns":4.0},{"damage":3.0,"enemies":"Large Slime","floor":14.0,"turns":5.0},{"damage":27.0,"enemies":"The Guardian","floor":16.0,"turns":13.0},{"damage":13.0,"enemies":"3 Byrds","floor":18.0,"turns":4.0},{"damage":11.0,"enemies":"Spheric Guardian","floor":20.0,"turns":3.0},{"damage":0.0,"enemies":"Snecko","floor":28.0,"turns":6.0},{"damage":16.0,"enemies":"3 Cultists","floor":29.0,"turns":5.0},{"damage":15.0,"enemies":"Cultist and Chosen","floor":31.0,"turns":7.0},{"damage":3.0,"enemies":"Champ","floor":33.0,"turns":15.0},{"damage":35.0,"enemies":"Orb Walker","floor":35.0,"turns":6.0},{"damage":17.0,"enemies":"3 Darklings","floor":36.0,"turns":8.0},{"damage":14.0,"enemies":"Sphere and 2 Shapes","floor":38.0,"turns":4.0},{"damage":0.0,"enemies":"Maw","floor":39.0,"turns":4.0},{"damage":13.0,"enemies":"Nemesis","floor":40.0,"turns":17.0},{"damage":37.0,"enemies":"Giant Head","floor":42.0,"turns":9.0},{"damage":29,"enemies":"Nemesis","floor":44,"turns":10}],"seed_played":"-4284052835186251817","potions_obtained":[{"floor":1.0,"key":"SkillPotion"},{"floor":2.0,"key":"FocusPotion"},{"floor":4.0,"key":"LiquidBronze"},{"floor":14.0,"key":"EssenceOfDarkness"},{"floor":16.0,"key":"AttackPotion"},{"floor":18.0,"key":"Fire Potion"},{"floor":29.0,"key":"Strength Potion"},{"floor":35.0,"key":"Block Potion"},{"floor":39.0,"key":"GamblersBrew"},{"floor":42.0,"key":"LiquidMemories"}],"is_trial":false,"path_per_floor":["M","M","?","M","$","M","R","M","T","?","E","M","M","M","R","B",null,"M","?","M","$","?","R","$","R","T","R","M","M","?","M","R","B",null,"M","M","?","M","M","E","R","E","T","E"],"character_chosen":"DEFECT","items_purchased":["Cold Snap","Turbo","Defragment","Coolheaded"],"campfire_rested":4,"item_purchase_floors":[5,21,21,21],"current_hp_per_floor":[74,74,74,71,71,43,43,37,37,37,29,28,7,6,30,5,63,52,52,43,43,27,53,53,53,53,53,55,41,41,28,54,53,79,46,31,31,19,21,10,36,1,1,0,0],"gold":693,"neow_bonus":"TEN_PERCENT_HP_BONUS","is_daily":false,"chose_seed":false,"campfire_upgraded":3,"win_rate":0.0,"timestamp":1610131593,"path_taken":["M","?","?","?","$","M","R","M","T","?","E","M","M","?","R","BOSS","M","?","?","$","?","R","?","R","T","R","M","M","?","M","R","BOSS","M","M","?","M","?","E","R","E","T","E"],"items_purchased_type":["Card","Card","Card","Card"],"build_version":"2020-12-22","purchased_purges":2,"victory":false,"max_hp_per_floor":[82,82,82,82,82,82,82,82,82,82,82,82,82,82,82,82,82,82,82,82,82,87,87,87,87,87,87,87,87,87,87,87,87,87,87,87,87,87,87,87,87,87,87,87,87],"card_choices":[{"not_picked":["Turbo","Auto Shields"],"picked":"FTL","floor":1.0},{"not_picked":["Steam Power","Turbo"],"picked":"Consume","floor":2.0},{"not_picked":["Hello World","Double Energy"],"picked":"Sweeping Beam","floor":4.0},{"not_picked":["Fusion","Gash"],"picked":"Genetic Algorithm","floor":6.0},{"not_picked":["Steam","Compile Driver","Hello World"],"picked":"SKIP","floor":8.0},{"not_picked":["Loop","Streamline","Hologram"],"picked":"SKIP","floor":11.0},{"not_picked":["Sweeping Beam","Auto Shields"],"picked":"FTL","floor":12.0},{"not_picked":["Scrape","Multi-Cast"],"picked":"Doom and Gloom","floor":13.0},{"not_picked":["Steam","Coolheaded","Hello World"],"picked":"SKIP","floor":14.0},{"not_picked":["Steam","Hello World"],"picked":"Coolheaded","floor":14.0},{"not_picked":["Hyperbeam","Amplify"],"picked":"Fission","floor":16.0},{"not_picked":["Streamline","Beam Cell"],"picked":"Go for the Eyes+1","floor":18.0},{"not_picked":["Sweeping Beam+1","Darkness","Force Field"],"picked":"SKIP","floor":20.0},{"not_picked":["Coolheaded","Static Discharge","Doom and Gloom+1"],"picked":"SKIP","floor":28.0},{"not_picked":["Redo+1","Compile Driver+1","Coolheaded"],"picked":"SKIP","floor":29.0},{"not_picked":["Turbo+1","Conserve Battery","Tempest"],"picked":"SKIP","floor":31.0},{"not_picked":["Meteor Strike","Rainbow"],"picked":"All For One","floor":33.0},{"not_picked":["Coolheaded","Rip and Tear","Genetic Algorithm"],"picked":"SKIP","floor":35.0},{"not_picked":["Force Field+1","Sweeping Beam+1"],"picked":"Hologram+1","floor":36.0},{"not_picked":["Cold Snap+1","Compile Driver","Steam Power+1"],"picked":"SKIP","floor":38.0},{"not_picked":["Reinforced Body","FTL+1","Lockon+1"],"picked":"SKIP","floor":39.0},{"not_picked":["Go for the Eyes","Turbo","Aggregate+1"],"picked":"SKIP","floor":40.0},{"not_picked":["Fusion+1","Compile Driver"],"picked":"Undo+1","floor":42.0}],"player_experience":293692,"relics_obtained":[{"floor":9.0,"key":"Blood Vial"},{"floor":11.0,"key":"DataDisk"},{"floor":26.0,"key":"Shuriken"},{"floor":40.0,"key":"Boot"},{"floor":42.0,"key":"Old Coin"},{"floor":43,"key":"Torii"}],"event_choices":[{"damage_healed":0.0,"max_hp_gain":0.0,"max_hp_loss":0.0,"gold_gain":0.0,"cards_transformed":["Strike_B"],"event_name":"Transmorgrifier","player_choice":"Transformed","floor":3.0,"gold_loss":0.0,"damage_taken":0.0,"cards_obtained":["Consume"]},{"damage_healed":0.0,"max_hp_gain":0.0,"max_hp_loss":0.0,"gold_gain":0.0,"event_name":"Match and Keep!","player_choice":"1 cards matched","floor":10.0,"gold_loss":0.0,"damage_taken":0.0,"cards_obtained":["Sunder"]},{"damage_healed":0.0,"max_hp_gain":0.0,"max_hp_loss":0.0,"gold_gain":0.0,"event_name":"N\u0027loth","player_choice":"Ignored","floor":19.0,"gold_loss":0.0,"damage_taken":0.0},{"damage_healed":0.0,"max_hp_gain":5.0,"max_hp_loss":0.0,"gold_gain":0.0,"event_name":"Forgotten Altar","player_choice":"Shed Blood","floor":22.0,"gold_loss":0.0,"damage_taken":21.0},{"damage_healed":0.0,"max_hp_gain":0.0,"max_hp_loss":0.0,"gold_gain":99.0,"event_name":"Nest","player_choice":"Stole From Cult","floor":30.0,"gold_loss":0.0,"damage_taken":0.0},{"damage_healed":0.0,"max_hp_gain":0.0,"max_hp_loss":0.0,"gold_gain":0.0,"event_name":"Accursed Blacksmith","player_choice":"Forge","floor":37.0,"gold_loss":0.0,"damage_taken":0.0,"cards_upgraded":["Fission"]}],"is_beta":false,"boss_relics":[{"not_picked":["Runic Pyramid","Busted Crown"],"picked":"Inserter"},{"not_picked":["Philosopher\u0027s Stone","Empty Cage"],"picked":"Snecko Eye"}],"items_purged_floors":[5,21],"is_endless":false,"potions_floor_spawned":[1,2,4,14,16,18,29,35,39,42],"killed_by":"Nemesis","ascension_level":7}}