{"host":"roqztpbdbchtekes","time":1610118906,"event":{"mods":["AchievementEnabler","BaseMod","Better Third Choice","Block Reminder","Colored Map","Colored Powertips","Curses Come First","DeckTracker","Minty Spire (QoL Compilation)","Relic Stats","Spicy Shops","StSLib"],"gold_per_floor":[111,61,61,79,4,36,46,72,72,72,97,110,139,25,25,128,128,144,144,44,69,82,82,114,114,138,138,53,72,72,104,104,203,203,221,221,221,221,236,264,277,309,335,335,362,362,362],"floor_reached":46,"playtime":5067,"items_purged":["Strike_P","Defend_P"],"score":651,"play_id":"4372b9cf-5df5-4e7f-bf4f-b6317b70562b","local_time":"20210108161506","is_ascension_mode":true,"campfire_choices":[{"data":"Eruption","floor":15,"key":"SMITH"},{"data":"LikeWater","floor":23,"key":"SMITH"},{"data":"Tantrum","floor":30,"key":"SMITH"},{"data":"Wish","floor":32,"key":"SMITH"}],"circlet_count":0,"master_deck":["Defend_P+1","Eruption+1","Vigilance+1","BattleHymn+1","Tantrum+1","ClearTheMind+1","Crescendo+1","Perseverance+1","Wish+1","LikeWater+1","DevaForm+1","Protect+1","Vengeance+1","BowlingBash+1","Swivel+1","Necronomicurse","Omniscience+1","SandsOfTime+1"],"relics":["PureWater","NeowsBlessing","Pear","Meat on the Bone","Kunai","HornCleat","Bottled Flame","Snecko Eye","Red Mask","Darkstone Periapt","Necronomicon","Centennial Puzzle","Bronze Scales","Coffee Dripper","Mark of the Bloom","CeramicFish","Bag of Preparation","Whetstone","Molten Egg 2"],"acts_visited":["Exordium","TheCity","TheBeyond"],"potions_floor_usage":[13,16,22,29,31,40,40],"damage_taken":[{"damage":0,"enemies":"Small Slimes","floor":1,"turns":1},{"damage":0,"enemies":"2 Louse","floor":4,"turns":1},{"damage":0,"enemies":"Lagavulin","floor":6,"turns":1},{"damage":7,"enemies":"Jaw Worm","floor":7,"turns":2},{"damage":17,"enemies":"3 Sentries","floor":8,"turns":4},{"damage":13,"enemies":"Lagavulin","floor":11,"turns":4},{"damage":3,"enemies":"Large Slime","floor":12,"turns":5},{"damage":16,"enemies":"3 Sentries","floor":13,"turns":5},{"damage":12,"enemies":"The Guardian","floor":16,"turns":10},{"damage":2,"enemies":"3 Byrds","floor":18,"turns":5},{"damage":5,"enemies":"Masked Bandits","floor":21,"turns":5},{"damage":7,"enemies":"Shell Parasite","floor":22,"turns":4},{"damage":1,"enemies":"Book of Stabbing","floor":24,"turns":5},{"damage":0,"enemies":"Centurion and Healer","floor":29,"turns":4},{"damage":7,"enemies":"Gremlin Leader","floor":31,"turns":5},{"damage":28,"enemies":"Champ","floor":33,"turns":9},{"damage":0,"enemies":"3 Darklings","floor":35,"turns":4},{"damage":37,"enemies":"3 Shapes","floor":39,"turns":4},{"damage":6,"enemies":"Reptomancer","floor":40,"turns":5},{"damage":6,"enemies":"Maw","floor":41,"turns":6},{"damage":0,"enemies":"Nemesis","floor":42,"turns":7},{"damage":1,"enemies":"Writhing Mass","floor":45,"turns":6},{"damage":34,"enemies":"Sphere and 2 Shapes","floor":46,"turns":5}],"seed_played":"2551282592468293500","potions_obtained":[{"floor":6,"key":"Swift Potion"},{"floor":12,"key":"Fire Potion"},{"floor":13,"key":"Strength Potion"},{"floor":21,"key":"GamblersBrew"},{"floor":24,"key":"ColorlessPotion"},{"floor":29,"key":"SpeedPotion"},{"floor":31,"key":"ColorlessPotion"},{"floor":39,"key":"Weak Potion"},{"floor":42,"key":"Ancient Potion"},{"floor":45,"key":"ColorlessPotion"}],"is_trial":false,"path_per_floor":["M","?","?","M","$","E","M","E","T","?","E","M","E","$","R","B",null,"M","?","$","?","M","R","E","$","T","?","?","M","R","E","R","B",null,"M","?","?","?","M","E","M","E","T","T","M","M"],"character_chosen":"WATCHER","items_purchased":["LikeWater"],"campfire_rested":0,"item_purchase_floors":[14],"current_hp_per_floor":[72,72,72,72,72,82,75,58,58,58,45,42,38,38,38,38,82,80,80,80,75,68,68,67,67,67,57,57,57,57,50,50,34,88,88,88,84,84,47,41,35,35,35,35,34,0,0],"gold":362,"neow_bonus":"THREE_ENEMY_KILL","is_daily":false,"chose_seed":false,"campfire_upgraded":4,"win_rate":0.0,"timestamp":1610118906,"path_taken":["M","?","?","M","?","E","M","E","T","?","E","?","E","$","R","BOSS","M","?","$","?","M","R","E","$","T","?","?","M","R","E","R","BOSS","M","?","?","?","M","E","M","E","T","?","M","?"],"items_purchased_type":["Card"],"build_version":"2020-12-22","purchased_purges":2,"victory":false,"max_hp_per_floor":[72,72,72,72,72,82,82,82,82,82,82,82,82,82,82,82,82,82,82,82,82,82,82,82,82,82,88,88,88,88,88,88,88,88,88,88,84,84,84,84,84,84,84,84,84,84,84],"relic_stats":{"Darkstone Periapt":6,"Mark of the Bloom":48,"counters":[23,107],"CeramicFish":9,"Bag of Preparation":[4],"Whetstone":[],"Centennial Puzzle":[20],"Bronze Scales":[118],"Snecko Eye":[92,121,113,114],"Necronomicon":[23],"Kunai":[38],"obtain_stats":[{"Darkstone Periapt":24,"Mark of the Bloom":38,"Pear":6,"NeowsBlessing":0,"CeramicFish":40,"Bag of Preparation":42,"Whetstone":43,"Bottled Flame":13,"Centennial Puzzle":28,"HornCleat":11,"Bronze Scales":31,"Snecko Eye":17,"Molten Egg 2":44,"Red Mask":21,"Necronomicon":27,"Coffee Dripper":34,"Kunai":9,"PureWater":0,"Meat on the Bone":8},{"Darkstone Periapt":13,"Mark of the Bloom":17,"Pear":3,"NeowsBlessing":0,"CeramicFish":19,"Bag of Preparation":21,"Whetstone":21,"Bottled Flame":8,"Centennial Puzzle":13,"HornCleat":6,"Bronze Scales":15,"Snecko Eye":9,"Molten Egg 2":21,"Red Mask":11,"Necronomicon":13,"Coffee Dripper":16,"Kunai":5,"PureWater":0,"Meat on the Bone":5},{"Darkstone Periapt":52,"Mark of the Bloom":74,"Pear":3,"NeowsBlessing":0,"CeramicFish":83,"Bag of Preparation":96,"Whetstone":96,"Bottled Flame":23,"Centennial Puzzle":52,"HornCleat":13,"Bronze Scales":61,"Snecko Eye":33,"Molten Egg 2":96,"Red Mask":43,"Necronomicon":52,"Coffee Dripper":70,"Kunai":9,"PureWater":0,"Meat on the Bone":9}],"Meat on the Bone":36},"card_choices":[{"not_picked":["ClearTheMind","LikeWater"],"picked":"BattleHymn","floor":1},{"not_picked":["EmptyBody","BattleHymn"],"picked":"Tantrum","floor":4},{"not_picked":["Halt","Protect"],"picked":"ClearTheMind","floor":6},{"not_picked":["FlurryOfBlows","Prostrate"],"picked":"Crescendo","floor":7},{"not_picked":["Consecrate","PathToVictory"],"picked":"Perseverance","floor":8},{"not_picked":["Conclude","CrushJoints"],"picked":"Wish","floor":11},{"not_picked":["Collect","Study","ThirdEye"],"picked":"SKIP","floor":12},{"not_picked":["Worship","ClearTheMind","SandsOfTime"],"picked":"SKIP","floor":13},{"not_picked":["MasterReality","Judgement"],"picked":"DevaForm","floor":16},{"not_picked":["PathToVictory+1","ThirdEye"],"picked":"Protect+1","floor":18},{"not_picked":["FlyingSleeves","SignatureMove","CarveReality+1"],"picked":"SKIP","floor":22},{"not_picked":["Halt+1","Nirvana+1"],"picked":"Swivel","floor":24},{"not_picked":["CrushJoints+1","Crescendo+1","EmptyBody"],"picked":"SKIP","floor":29},{"not_picked":["Vengeance+1","Consecrate+1","EmptyBody"],"picked":"SKIP","floor":31},{"not_picked":["Devotion","MasterReality"],"picked":"Omniscience","floor":33},{"not_picked":["BowlingBash","WindmillStrike+1","CarveReality"],"picked":"SKIP","floor":35},{"not_picked":["ThirdEye","CrushJoints+1","Prostrate+1"],"picked":"SKIP","floor":39},{"not_picked":["SashWhip","BowlingBash+1","MentalFortress"],"picked":"SKIP","floor":40},{"not_picked":["Crescendo+1","EmptyFist","Conclude+1"],"picked":"SKIP","floor":41},{"not_picked":["FlurryOfBlows+1","Consecrate+1","Weave+1"],"picked":"SKIP","floor":42},{"not_picked":["EmptyBody","Conclude+1"],"picked":"SandsOfTime+1","floor":45}],"player_experience":256568,"relics_obtained":[{"floor":6,"key":"Pear"},{"floor":8,"key":"Meat on the Bone"},{"floor":9,"key":"Kunai"},{"floor":11,"key":"HornCleat"},{"floor":13,"key":"Bottled Flame"},{"floor":21,"key":"Red Mask"},{"floor":24,"key":"Darkstone Periapt"},{"floor":27,"key":"Necronomicon"},{"floor":31,"key":"Bronze Scales"},{"floor":40,"key":"CeramicFish"},{"floor":42,"key":"Bag of Preparation"},{"floor":43,"key":"Whetstone"},{"floor":44,"key":"Molten Egg 2"}],"event_choices":[{"cards_removed":["Strike_P"],"damage_healed":0,"gold_gain":0,"player_choice":"Card Removal","damage_taken":0,"max_hp_gain":0,"max_hp_loss":0,"event_name":"The Cleric","floor":2,"gold_loss":50},{"damage_healed":0,"gold_gain":0,"player_choice":"Ignored","damage_taken":61,"max_hp_gain":0,"max_hp_loss":0,"event_name":"betterThird:BetterSerpent","floor":3,"gold_loss":0},{"cards_removed":["Defend_P"],"damage_healed":0,"gold_gain":0,"player_choice":"Purged","damage_taken":0,"max_hp_gain":0,"max_hp_loss":0,"event_name":"Purifier","floor":10,"gold_loss":0},{"damage_healed":0,"gold_gain":0,"cards_transformed":["Defend_P","Strike_P"],"player_choice":"Became Test Subject","damage_taken":0,"max_hp_gain":0,"max_hp_loss":0,"event_name":"Drug Dealer","floor":19,"gold_loss":0,"cards_obtained":["Vengeance","BowlingBash"]},{"damage_healed":0,"gold_gain":0,"player_choice":"Fought Bandits","damage_taken":0,"max_hp_gain":0,"max_hp_loss":0,"event_name":"Masked Bandits","floor":21,"gold_loss":0},{"damage_healed":0,"gold_gain":0,"player_choice":"Obtained Book","damage_taken":16,"max_hp_gain":0,"max_hp_loss":0,"event_name":"Cursed Tome","floor":27,"gold_loss":0},{"damage_healed":0,"gold_gain":0,"player_choice":"Obtained Relic","damage_taken":0,"relics_obtained":["Centennial Puzzle"],"max_hp_gain":0,"max_hp_loss":0,"event_name":"Addict","floor":28,"gold_loss":85},{"cards_removed":["Strike_P"],"damage_healed":0,"gold_gain":0,"player_choice":"Removed Attack","damage_taken":0,"max_hp_gain":0,"max_hp_loss":0,"event_name":"Falling","floor":36,"gold_loss":0},{"damage_healed":0,"gold_gain":0,"player_choice":"Max HP","damage_taken":0,"max_hp_gain":0,"max_hp_loss":4,"event_name":"Winding Halls","floor":37,"gold_loss":0},{"damage_healed":0,"gold_gain":0,"player_choice":"Upgrade","damage_taken":0,"relics_obtained":["Mark of the Bloom"],"max_hp_gain":0,"max_hp_loss":0,"event_name":"MindBloom","floor":38,"gold_loss":0,"cards_upgraded":["Defend_P","Vigilance","BattleHymn","ClearTheMind","Crescendo","Perseverance","DevaForm","Vengeance","BowlingBash","Swivel","Omniscience"]}],"is_beta":false,"boss_relics":[{"not_picked":["Runic Pyramid","Black Star"],"picked":"Snecko Eye"},{"not_picked":["Astrolabe","Philosopher\u0027s Stone"],"picked":"Coffee Dripper"}],"items_purged_floors":[5,20],"is_endless":false,"potions_floor_spawned":[6,12,13,21,24,29,31,39,42,45],"killed_by":"Sphere and 2 Shapes","ascension_level":2}}