{"host":"qojc688juf5ijsln","time":1610103971,"event":{"mods":["AchievementEnabler","BaseMod","BetterRewards","Colored Powertips","Highlight Path","Minty Spire (QoL Compilation)","Quick Restart","Shop Mod","StSLib"],"gold_per_floor":[119,194,205,225,236,236,270,270,270,270,295,308,342,362,362,466,466,480,480,480,497,497,530,540,23,46,46,76,76,95,106,106,202,202,221,221,71,71,85,117,137,164,190,216,236,61,111,136,136,136,136,136,136,163,163],"floor_reached":56,"playtime":3234,"items_purged":["Eruption","Defend_P","Vigilance","Defend_P","Strike_P"],"score":1576,"play_id":"dbedcc22-aa42-453a-8fb2-e5d5f0f6e390","local_time":"20210108190611","is_ascension_mode":true,"campfire_choices":[{"data":"Tantrum","floor":6.0,"key":"SMITH"},{"data":"Vault","floor":8.0,"key":"SMITH"},{"floor":15.0,"key":"REST"},{"data":"Vault","floor":29,"key":"SMITH"},{"data":"Halt","floor":32,"key":"SMITH"},{"floor":49,"key":"RECALL"},{"data":"Wallop","floor":52,"key":"SMITH"}],"circlet_count":0,"master_deck":["Strike_P","Strike_P","Strike_P","Tantrum+1","EmptyFist","Vault+1","Halt+1","Halt+1","Vault+1","FlurryOfBlows","InnerPeace+1","DevaForm","Wallop+1","Mayhem"],"relics":["PureWater","Incense Burner","Bag of Marbles","Sling","InkBottle","Damaru","Odd Mushroom","Bottled Lightning","Coffee Dripper","Pen Nib","Shuriken","War Paint","PreservedInsect","Gremlin Horn","Oddly Smooth Stone","Empty Cage","Boot","Strawberry","Dream Catcher","Nunchaku","Gambling Chip","Blue Candle","HornCleat"],"acts_visited":["Exordium","TheCity","TheBeyond","TheEnding"],"potions_floor_usage":[33,54,55,55],"damage_taken":[{"damage":0.0,"enemies":"2 Louse","floor":1.0,"turns":1.0},{"damage":0.0,"enemies":"Jaw Worm","floor":3.0,"turns":2.0},{"damage":0.0,"enemies":"Small Slimes","floor":4.0,"turns":2.0},{"damage":0.0,"enemies":"Gremlin Gang","floor":5.0,"turns":2.0},{"damage":0.0,"enemies":"Gremlin Nob","floor":7.0,"turns":1.0},{"damage":14.0,"enemies":"The Mushroom Lair","floor":11.0,"turns":3.0},{"damage":0.0,"enemies":"Blue Slaver","floor":12.0,"turns":2.0},{"damage":0.0,"enemies":"Lagavulin","floor":13.0,"turns":4.0},{"damage":0.0,"enemies":"Exordium Wildlife","floor":14.0,"turns":3.0},{"damage":65.0,"enemies":"Hexaghost","floor":16.0,"turns":7.0},{"damage":0.0,"enemies":"3 Byrds","floor":18.0,"turns":4.0},{"damage":10,"enemies":"2 Thieves","floor":21,"turns":5},{"damage":8,"enemies":"Gremlin Leader","floor":23,"turns":4},{"damage":0,"enemies":"Snake Plant","floor":24,"turns":3},{"damage":0,"enemies":"Slavers","floor":28,"turns":2},{"damage":0,"enemies":"Centurion and Healer","floor":30,"turns":3},{"damage":0,"enemies":"3 Cultists","floor":31,"turns":5},{"damage":22,"enemies":"Champ","floor":33,"turns":8},{"damage":0,"enemies":"3 Darklings","floor":35,"turns":3},{"damage":2,"enemies":"3 Shapes","floor":39,"turns":3},{"damage":0,"enemies":"Nemesis","floor":40,"turns":2},{"damage":0,"enemies":"Transient","floor":41,"turns":7},{"damage":0,"enemies":"Giant Head","floor":42,"turns":4},{"damage":0,"enemies":"Reptomancer","floor":44,"turns":4},{"damage":0,"enemies":"Writhing Mass","floor":45,"turns":4},{"damage":0,"enemies":"Mind Bloom Boss Battle","floor":47,"turns":4},{"damage":0,"enemies":"Giant Head","floor":48,"turns":3},{"damage":1,"enemies":"Time Eater","floor":50,"turns":8},{"damage":0,"enemies":"Shield and Spear","floor":54,"turns":4},{"damage":51,"enemies":"The Heart","floor":55,"turns":8}],"seed_played":"-2088412683763630588","potions_obtained":[{"floor":1.0,"key":"EssenceOfSteel"},{"floor":3.0,"key":"LiquidBronze"},{"floor":11.0,"key":"Dexterity Potion"},{"floor":16.0,"key":"BlessingOfTheForge"},{"floor":24,"key":"Fire Potion"},{"floor":31,"key":"SkillPotion"},{"floor":39,"key":"GamblersBrew"},{"floor":42,"key":"Weak Potion"},{"floor":48,"key":"Swift Potion"}],"is_trial":false,"path_per_floor":["M","?","M","M","M","R","E","R","T","T","?","M","E","M","R","B",null,"M","$","?","M","?","E","M","$","T","?","E","R","M","M","R","B",null,"M","?","$","?","M","E","M","E","T","E","M","$","?","E","R","B",null,"R","$","E","B",null],"character_chosen":"WATCHER","items_purchased":["Tantrum","Bag of Marbles","Sling","Shuriken","War Paint"],"campfire_rested":1,"item_purchase_floors":[0,0,0,25,25],"current_hp_per_floor":[72,61,61,61,61,61,61,61,61,61,47,47,47,47,68,3,72,72,72,82,72,72,64,64,64,64,64,64,64,64,64,64,42,82,82,82,82,82,80,80,80,87,87,87,87,87,87,87,87,86,89,89,89,89,38],"gold":163,"neow_bonus":"","is_daily":false,"chose_seed":false,"campfire_upgraded":5,"win_rate":0.0,"timestamp":1610103971,"path_taken":["M","?","M","M","M","R","E","R","T","?","?","?","E","M","R","BOSS","M","$","?","?","?","E","M","?","T","?","E","R","M","M","R","BOSS","M","?","$","?","M","E","M","E","T","E","M","$","?","E","R","BOSS","R","$","E","BOSS"],"items_purchased_type":["Card","Relic","Relic","Relic","Relic"],"build_version":"2020-12-22","purchased_purges":5,"victory":true,"max_hp_per_floor":[72,72,72,72,72,72,72,72,72,72,72,72,72,72,72,72,72,72,72,82,82,82,82,82,82,82,82,82,82,82,82,82,82,82,82,82,82,82,82,82,82,89,89,89,89,89,89,89,89,89,89,89,89,89,89],"card_choices":[{"not_picked":["WaveOfTheHand","FollowUp","Sanctity"],"picked":"SKIP","floor":1.0},{"not_picked":["ForeignInfluence","EmptyMind","SashWhip"],"picked":"SKIP","floor":3.0},{"not_picked":["FlyingSleeves","ClearTheMind"],"picked":"EmptyFist","floor":4.0},{"not_picked":["FlyingSleeves","Evaluate","Sanctity"],"picked":"SKIP","floor":5.0},{"not_picked":["EmptyBody","LikeWater"],"picked":"Vault","floor":7.0},{"not_picked":["ReachHeaven","BowlingBash"],"picked":"Halt","floor":12.0},{"not_picked":["Crescendo","CrushJoints"],"picked":"Alpha","floor":13.0},{"not_picked":["SashWhip","Pray"],"picked":"Halt","floor":14.0},{"not_picked":["Alpha","Establishment"],"picked":"Vault","floor":16.0},{"not_picked":["ClearTheMind+1","FlyingSleeves+1"],"picked":"FlurryOfBlows","floor":18.0},{"not_picked":["EmptyFist","Nirvana","PathToVictory"],"picked":"SKIP","floor":21},{"not_picked":["SignatureMove","CutThroughFate+1"],"picked":"InnerPeace","floor":23},{"not_picked":["JustLucky","Pray","Consecrate+1"],"picked":"SKIP","floor":24},{"not_picked":["JustLucky","Pray","Consecrate+1"],"picked":"SKIP","floor":24},{"not_picked":["JustLucky","LikeWater+1","Collect"],"picked":"SKIP","floor":28},{"not_picked":["ThirdEye","EmptyBody","BattleHymn"],"picked":"SKIP","floor":30},{"not_picked":["BowlingBash+1","FollowUp+1","ClearTheMind"],"picked":"SKIP","floor":31},{"not_picked":["Ragnarok","Scrawl"],"picked":"DevaForm","floor":33},{"not_picked":["ReachHeaven+1","EmptyFist"],"picked":"Wallop","floor":35},{"not_picked":["Panacea","Deep Breath"],"picked":"Mayhem","floor":38},{"not_picked":["Consecrate","PathToVictory","WindmillStrike+1"],"picked":"SKIP","floor":39},{"not_picked":["SandsOfTime+1","Evaluate+1","Halt"],"picked":"SKIP","floor":40},{"not_picked":["SandsOfTime","SashWhip","Collect"],"picked":"SKIP","floor":41},{"not_picked":["SandsOfTime","SashWhip","Collect"],"picked":"SKIP","floor":41},{"not_picked":["Nirvana+1","Evaluate+1","Protect"],"picked":"SKIP","floor":42},{"not_picked":["Halt+1","CarveReality+1","Evaluate"],"picked":"SKIP","floor":44},{"not_picked":["Prostrate+1","WaveOfTheHand+1","Judgement"],"picked":"SKIP","floor":45},{"not_picked":["DevaForm","Sanctity","Vengeance"],"picked":"SKIP","floor":48},{"not_picked":["Prostrate","CrushJoints","Protect"],"picked":"SKIP","floor":54}],"player_experience":107053,"relics_obtained":[{"floor":7.0,"key":"InkBottle"},{"floor":10.0,"key":"Damaru"},{"floor":11.0,"key":"Odd Mushroom"},{"floor":13.0,"key":"Bottled Lightning"},{"floor":23,"key":"Pen Nib"},{"floor":26,"key":"PreservedInsect"},{"floor":28,"key":"Oddly Smooth Stone"},{"floor":40,"key":"Boot"},{"floor":42,"key":"Strawberry"},{"floor":43,"key":"Dream Catcher"},{"floor":44,"key":"Nunchaku"},{"floor":47,"key":"Gambling Chip"},{"floor":48,"key":"Blue Candle"},{"floor":54,"key":"HornCleat"}],"event_choices":[{"damage_healed":0.0,"max_hp_gain":0.0,"max_hp_loss":0.0,"gold_gain":75.0,"event_name":"World of Goop","player_choice":"Gather Gold","floor":2.0,"gold_loss":0.0,"damage_taken":11.0},{"damage_healed":0.0,"max_hp_gain":0.0,"max_hp_loss":0.0,"gold_gain":0.0,"event_name":"Mushrooms","player_choice":"Fought Mushrooms","floor":11.0,"gold_loss":0.0,"damage_taken":0.0},{"cards_removed":["Alpha"],"damage_healed":0,"gold_gain":0,"player_choice":"Offered Rare","damage_taken":0,"max_hp_gain":10,"max_hp_loss":0,"event_name":"Bonfire Elementals","floor":20,"gold_loss":0},{"damage_healed":0,"gold_gain":0,"player_choice":"Ignored","damage_taken":0,"max_hp_gain":0,"max_hp_loss":0,"event_name":"Ghosts","floor":22,"gold_loss":0},{"damage_healed":0,"gold_gain":0,"player_choice":"Opened","damage_taken":0,"relics_obtained":["Gremlin Horn"],"max_hp_gain":0,"max_hp_loss":0,"event_name":"The Mausoleum","floor":27,"gold_loss":0},{"damage_healed":0,"gold_gain":0,"player_choice":"Ignored","damage_taken":0,"max_hp_gain":0,"max_hp_loss":0,"event_name":"Tomb of Lord Red Mask","floor":36,"gold_loss":0},{"damage_healed":0,"gold_gain":0,"player_choice":"Memory 1","damage_taken":0,"max_hp_gain":0,"max_hp_loss":0,"event_name":"SensoryStone","floor":38,"gold_loss":0},{"damage_healed":0,"gold_gain":0,"player_choice":"Fight","damage_taken":0,"max_hp_gain":0,"max_hp_loss":0,"event_name":"MindBloom","floor":47,"gold_loss":0}],"is_beta":false,"boss_relics":[{"not_picked":["Ectoplasm","Cursed Key"],"picked":"Coffee Dripper"},{"not_picked":["Velvet Choker","Black Star"],"picked":"Empty Cage"}],"items_purged_floors":[0,0,25,37,46],"is_endless":false,"potions_floor_spawned":[1,3,11,16,24,31,39,42,47,48],"ascension_level":1}}