{"host":"jx3f6ezc0g3s9edc","time":1610072973,"event":{"mods":["AchievementEnabler","BaseMod","Bestiary","Colored Map","Highlight Path","Minty Spire (QoL Compilation)","StSLib"],"gold_per_floor":[117,217,95,95,4,4,57,57,111,136,165,165,192,19,19,149,149,172,193,226,226,226,226],"floor_reached":22,"playtime":1377,"items_purged":["Strike_G","Strike_G"],"score":276,"play_id":"ac138106-8d6c-4dce-8b3e-b9332abf9ae8","local_time":"20210107212933","is_ascension_mode":true,"campfire_choices":[{"data":"Deadly Poison","floor":6,"key":"SMITH"},{"floor":8,"key":"REST"},{"data":"Deadly Poison","floor":12,"key":"SMITH"},{"floor":15,"key":"REST"}],"circlet_count":0,"master_deck":["AscendersBane","Strike_G","Strike_G","Strike_G","Defend_G","Defend_G","Defend_G","Defend_G","Defend_G","Survivor","Neutralize","Deadly Poison+1","Dagger Throw","Injury","Footwork","Poisoned Stab","Deadly Poison+1","Backflip","Dagger Spray","Flying Knee","Blur","Unload","Terror+1","Prepared"],"relics":["Runic Pyramid","Bloody Idol","CeramicFish","Bronze Scales","Philosopher\u0027s Stone"],"acts_visited":["Exordium","TheCity"],"potions_floor_usage":[10,13,16,18],"damage_taken":[{"damage":1.0,"enemies":"Cultist","floor":1.0,"turns":5.0},{"damage":31,"enemies":"Gremlin Nob","floor":7,"turns":5},{"damage":7,"enemies":"Small Slimes","floor":10,"turns":3},{"damage":5,"enemies":"2 Louse","floor":11,"turns":2},{"damage":0,"enemies":"Lots of Slimes","floor":13,"turns":2},{"damage":14,"enemies":"Hexaghost","floor":16,"turns":7},{"damage":29,"enemies":"2 Thieves","floor":18,"turns":4},{"damage":9,"enemies":"Spheric Guardian","floor":19,"turns":5},{"damage":17,"enemies":"3 Cultists","floor":20,"turns":6},{"damage":11,"enemies":"Cultist and Chosen","floor":22,"turns":4}],"seed_played":"-2971989722749485047","potions_obtained":[{"floor":7,"key":"EntropicBrew"},{"floor":10,"key":"DistilledChaos"},{"floor":19,"key":"AttackPotion"}],"is_trial":false,"path_per_floor":["M","?","$","?","$","R","E","R","T","M","M","R","M","$","R","B",null,"M","M","M","?","M"],"character_chosen":"THE_SILENT","items_purchased":["Dagger Throw","Footwork","Poisoned Stab","Blur"],"campfire_rested":2,"item_purchase_floors":[3,5,5,14],"current_hp_per_floor":[62,62,62,62,62,62,31,52,52,45,40,40,40,40,61,47,64,35,26,9,9,0,0],"gold":226,"neow_bonus":"BOSS_RELIC","is_daily":false,"chose_seed":false,"campfire_upgraded":2,"win_rate":0.0,"timestamp":1610072973,"path_taken":["M","?","?","?","$","R","E","R","T","M","M","R","M","$","R","BOSS","M","M","M","?","M"],"items_purchased_type":["Card","Card","Card","Card"],"build_version":"2020-12-22","purchased_purges":2,"victory":false,"max_hp_per_floor":[70,70,70,70,70,70,70,70,70,70,70,70,70,70,70,70,70,70,70,70,70,70,70],"card_choices":[{"not_picked":["Acrobatics","Sucker Punch"],"picked":"Deadly Poison","floor":1.0},{"not_picked":["Footwork","Deflect"],"picked":"Deadly Poison","floor":7},{"not_picked":["Blade Dance","Cloak And Dagger"],"picked":"Backflip","floor":10},{"not_picked":["Choke","Flying Knee"],"picked":"Dagger Spray","floor":11},{"not_picked":["Distraction","Acrobatics"],"picked":"Flying Knee","floor":13},{"not_picked":["After Image","Glass Knife"],"picked":"Unload","floor":16},{"not_picked":["Slice","Accuracy"],"picked":"Terror+1","floor":18},{"not_picked":["Dodge and Roll","Reflex+1","Infinite Blades"],"picked":"SKIP","floor":19},{"not_picked":["Backflip","Finisher"],"picked":"Prepared","floor":20}],"player_experience":741332,"relics_obtained":[{"floor":7,"key":"CeramicFish"},{"floor":9,"key":"Bronze Scales"}],"event_choices":[{"damage_healed":0.0,"max_hp_gain":0.0,"max_hp_loss":0.0,"gold_gain":100.0,"event_name":"Golden Shrine","player_choice":"Pray","floor":2.0,"gold_loss":0.0,"damage_taken":0.0},{"damage_healed":0,"gold_gain":0,"player_choice":"Take Wound","damage_taken":0,"relics_obtained":["Golden Idol"],"max_hp_gain":0,"max_hp_loss":0,"event_name":"Golden Idol","floor":4,"gold_loss":0,"cards_obtained":["Injury"]},{"damage_healed":0,"gold_gain":0,"player_choice":"Gave Idol","damage_taken":0,"relics_obtained":["Bloody Idol"],"max_hp_gain":0,"max_hp_loss":0,"event_name":"Forgotten Altar","floor":21,"relics_lost":["Golden Idol"],"gold_loss":0}],"is_beta":false,"boss_relics":[{"not_picked":["Fusion Hammer","Astrolabe"],"picked":"Philosopher\u0027s Stone"}],"items_purged_floors":[3,14],"is_endless":false,"potions_floor_spawned":[7,10,11,19],"killed_by":"Cultist and Chosen","ascension_level":10}}