{"host":"puj5ibr242nlt4qn","time":1610083516,"event":{"mods":["Act Like it!","BaseMod","CapriCore","Challenge The Spire","Downfall","Hallownest","Hermit","Jedi Mod","KinomotoSakuraMod(木之本樱)","Lobotomy","LobotomyExtend","Luminous","Minty Spire (QoL Compilation)","Nova Terra(诺娃・泰拉)","Relic Stats","Remilia（蕾米莉亚）","Spicy Shops","StSLib","The Gatherer","The Hierophant","The Immortal","The Poker Player","The Runesmith","WarShipGirlsR/战舰少女R mod","Yakumo Yukari mod"],"gold_per_floor":[111,61,76,76,96,96,96,116,142,154,341,372,418,430,442,551,563,595,607,619,597,609,621,633,663,699,58,58,58,58],"floor_reached":29,"playtime":1633,"items_purged":["Doubt"],"score":221,"play_id":"442b601c-afaf-42dc-b997-dc4af01a7fe8","local_time":"20210108132516","is_ascension_mode":false,"campfire_choices":[{"data":"Runesmith:Fortify","floor":6,"key":"SMITH"},{"data":"Runesmith:DoubleUp","floor":15,"key":"SMITH"},{"data":"Runesmith:CraftPrismatica","floor":22,"key":"SMITH"},{"data":"Runesmith:EnergizedChisel","floor":23,"key":"SMITH"},{"floor":28,"key":"REST"}],"circlet_count":0,"master_deck":["Runesmith:Strike_RS","Runesmith:Strike_RS","Runesmith:Strike_RS","Runesmith:CraftFirestone","Runesmith:Fortify+1","Runesmith:HeatedChisel","Runesmith:EnergizedChisel+1","Runesmith:HeatedChisel","Runesmith:CraftMagma","Runesmith:RuneHurl","Runesmith:Terraform","Runesmith:DoubleUp+1","Runesmith:UnstableHammer+1","Runesmith:CraftPrismatica+1","Runesmith:StaticCage","Runesmith:UnlimitedPower+1","Runesmith:Grindstone+1","Runesmith:Discharge+1","Runesmith:HammerAndChisel+1","Runesmith:ChargedHammer","Runesmith:Retool+1","Runesmith:FissionHammer","Runesmith:BackupBattery","Runesmith:PoweredAnvil","Runesmith:PoweredAnvil"],"relics":["Runesmith:CoreCrystal","LetterFromLob","Meat on the Bone","MawBank","jedi:arcanewood","Orichalcum","Astrolabe","Boot","HandDrill","DollysMirror"],"acts_visited":["Exordium","TheCity"],"potions_floor_usage":[5,16,25,25],"damage_taken":[{"damage":0,"enemies":"2 Louse","floor":1,"turns":3},{"damage":6,"enemies":"Jaw Worm","floor":3,"turns":3},{"damage":4,"enemies":"Small Slimes","floor":5,"turns":3},{"damage":8,"enemies":"Exordium Thugs","floor":8,"turns":5},{"damage":6,"enemies":"Exordium Wildlife","floor":12,"turns":4},{"damage":24,"enemies":"3 Sentries","floor":13,"turns":8},{"damage":7,"enemies":"Hexaghost","floor":16,"turns":12},{"damage":2,"enemies":"Chosen","floor":18,"turns":4},{"damage":24,"enemies":"2 Thieves","floor":21,"turns":5},{"damage":26,"enemies":"Snake Plant","floor":25,"turns":6},{"damage":35,"enemies":"3 Cultists","floor":29,"turns":4}],"seed_played":"-1610976966155205873","potions_obtained":[{"floor":0,"key":"SneckoOil"},{"floor":0,"key":"PowerPotion"},{"floor":0,"key":"LiquidBronze"},{"floor":5,"key":"jedi:hoardpotion"},{"floor":13,"key":"jedi:StrikingPotion"},{"floor":21,"key":"Block Potion"}],"is_trial":false,"path_per_floor":["M","?","M","T","M","R","?","M","T","$","?","M","E","?","R","B",null,"M","M","?","M","R","R","?","M","T","$","R","M"],"character_chosen":"RUNESMITH_CLASS","items_purchased":["Runesmith:FissionHammer","Runesmith:BackupBattery","Runesmith:PoweredAnvil","HandDrill","DollysMirror"],"campfire_rested":1,"item_purchase_floors":[27,27,27,27,27],"current_hp_per_floor":[70,70,64,64,60,60,60,52,52,52,52,46,34,31,31,36,70,68,68,53,29,29,29,29,15,15,15,30,0,0],"gold":58,"neow_bonus":"THREE_SMALL_POTIONS","is_daily":false,"chose_seed":false,"campfire_upgraded":4,"win_rate":0.0,"timestamp":1610083516,"path_taken":["M","?","M","?","?","R","?","?","T","?","?","M","E","?","R","BOSS","M","M","?","M","?","R","?","M","T","$","R","M"],"items_purchased_type":["Card","Card","Card","Relic","Relic"],"build_version":"2020-12-22","purchased_purges":1,"victory":false,"max_hp_per_floor":[70,70,70,70,70,70,70,70,70,70,70,70,70,70,70,70,70,70,70,53,53,53,53,53,53,53,53,53,53,53],"relic_stats":{"counters":[11,57],"Astrolabe":["Runesmith:UnlimitedPower","Runesmith:Grindstone","Runesmith:Discharge"],"HandDrill":[0],"Orichalcum":[30],"MawBank":216,"Boot":[1],"obtain_stats":[{"Runesmith:BrokenRuby":0,"DollysMirror":27,"Astrolabe":20,"LetterFromLob":1,"jedi:command_boss":20,"HandDrill":27,"Orichalcum":14,"MawBank":9,"jedi:arcanewood":13,"Boot":26,"Runesmith:CoreCrystal":17,"Meat on the Bone":4},{"Runesmith:BrokenRuby":0,"DollysMirror":10,"Astrolabe":8,"LetterFromLob":1,"jedi:command_boss":8,"HandDrill":10,"Orichalcum":6,"MawBank":4,"jedi:arcanewood":6,"Boot":10,"Runesmith:CoreCrystal":7,"Meat on the Bone":2},{"Runesmith:BrokenRuby":0,"DollysMirror":53,"Astrolabe":42,"LetterFromLob":3,"jedi:command_boss":42,"HandDrill":53,"Orichalcum":26,"MawBank":14,"jedi:arcanewood":26,"Boot":53,"Runesmith:CoreCrystal":38,"Meat on the Bone":6}],"Meat on the Bone":36},"card_choices":[{"not_picked":["Runesmith:ChiselStab","Runesmith:EarthShield"],"picked":"Runesmith:HeatedChisel","floor":1},{"not_picked":["Runesmith:RuneHurl","Runesmith:Electrocute"],"picked":"Runesmith:EnergizedChisel","floor":3},{"not_picked":["Runesmith:MakeshiftArmor","Runesmith:HeatedChisel"],"picked":"Runesmith:Terraform","floor":8},{"not_picked":["Runesmith:HeatExchange","Runesmith:EnergizedChisel"],"picked":"Runesmith:DoubleUp","floor":12},{"not_picked":["Runesmith:RuneHurl","Runesmith:HeatExchange"],"picked":"Runesmith:UnstableHammer","floor":13},{"not_picked":["Runesmith:ReplicatingBarrier","Runesmith:CraftIndustria"],"picked":"Runesmith:CraftPrismatica","floor":16},{"not_picked":["Runesmith:EnergizedChisel","Runesmith:Malloc"],"picked":"Runesmith:StaticCage","floor":18},{"not_picked":["Runesmith:CraftObretio","Runesmith:UnstableHammer"],"picked":"Runesmith:HammerAndChisel+1","floor":21},{"not_picked":["Runesmith:Electrocute","Runesmith:Overpower"],"picked":"Runesmith:Retool+1","floor":25}],"player_experience":77005,"relics_obtained":[{"floor":1,"key":"LetterFromLob"},{"floor":4,"key":"Meat on the Bone"},{"floor":9,"key":"MawBank"},{"floor":13,"key":"jedi:arcanewood"},{"floor":26,"key":"Boot"}],"event_choices":[{"cards_removed":["Runesmith:Defend_RS"],"damage_healed":0,"gold_gain":0,"player_choice":"Card Removal","damage_taken":0,"max_hp_gain":0,"max_hp_loss":0,"event_name":"The Cleric","floor":2,"gold_loss":50},{"cards_removed":["Runesmith:Defend_RS"],"damage_healed":0,"gold_gain":0,"player_choice":"Offered Basic","damage_taken":0,"max_hp_gain":0,"max_hp_loss":0,"event_name":"Bonfire Elementals","floor":7,"gold_loss":0},{"damage_healed":0,"gold_gain":175,"player_choice":"AGREE","damage_taken":0,"max_hp_gain":0,"max_hp_loss":0,"event_name":"Liars Game","floor":11,"gold_loss":0,"cards_obtained":["Doubt"]},{"damage_healed":0,"gold_gain":0,"player_choice":"Success","damage_taken":3,"relics_obtained":["Orichalcum"],"max_hp_gain":0,"max_hp_loss":0,"event_name":"Scrap Ooze","floor":14,"gold_loss":0},{"damage_healed":0,"gold_gain":0,"player_choice":"Read","damage_taken":0,"max_hp_gain":0,"max_hp_loss":0,"event_name":"The Library","floor":24,"gold_loss":0,"cards_obtained":["Runesmith:ChargedHammer"]}],"is_beta":false,"boss_relics":[{"not_picked":["Empty Cage","Runesmith:PocketReactor"],"picked":"Runesmith:CoreCrystal"}],"items_purged_floors":[27],"is_endless":false,"potions_floor_spawned":[3,5,13,21],"killed_by":"3 Cultists","ascension_level":0}}