{"host":"baymyijz6sxaqj5s","time":1610107737,"event":{"mods":["AchievementEnabler","BaseMod","Colored Map","Colored Powertips","DeckTracker","Highlight Path","KOR Keyword Fix","Keyboard Shortcuts","Minty Spire (QoL Compilation)","Quick Restart","StSLib","SuperFastMode"],"gold_per_floor":[113,131,145,145,64,64,83,83,83,83,83,83,93,105,105,105,105],"floor_reached":16,"playtime":296,"items_purged":[],"score":106,"play_id":"18114f4c-86be-4603-8381-f1b3a4eb898a","local_time":"20210108210857","is_ascension_mode":true,"campfire_choices":[{"data":"Body Slam","floor":6,"key":"SMITH"},{"data":"Entrench","floor":8,"key":"SMITH"},{"data":"Heavy Blade","floor":11,"key":"SMITH"},{"floor":15,"key":"REST"}],"circlet_count":0,"master_deck":["Strike_R","Strike_R","Strike_R","Strike_R","Strike_R","Defend_R","Defend_R","Defend_R","Defend_R","Bash","Heavy Blade+1","Whirlwind","Body Slam+1","Offering","Entrench+1","Headbutt"],"relics":["Burning Blood","Matryoshka","Art of War","Question Card"],"acts_visited":["Exordium"],"potions_floor_usage":[],"damage_taken":[{"damage":7,"enemies":"Small Slimes","floor":1,"turns":4},{"damage":9,"enemies":"Jaw Worm","floor":2,"turns":5},{"damage":1,"enemies":"Cultist","floor":3,"turns":3},{"damage":12,"enemies":"2 Fungi Beasts","floor":7,"turns":4},{"damage":32,"enemies":"Large Slime","floor":13,"turns":6},{"damage":23,"enemies":"Lots of Slimes","floor":14,"turns":4},{"damage":68,"enemies":"Slime Boss","floor":16,"turns":12}],"seed_played":"299699620379037038","potions_obtained":[{"floor":2,"key":"Ancient Potion"},{"floor":14,"key":"DuplicationPotion"}],"is_trial":false,"path_per_floor":["M","M","M","?","$","R","M","R","T","$","R","T","M","M","R","B"],"character_chosen":"IRONCLAD","items_purchased":["Offering"],"campfire_rested":1,"item_purchase_floors":[5],"current_hp_per_floor":[87,84,88,93,93,93,87,87,87,87,87,87,61,44,71,3,3],"gold":105,"neow_bonus":"TEN_PERCENT_HP_BONUS","is_daily":false,"chose_seed":false,"campfire_upgraded":3,"win_rate":0.0,"timestamp":1610107737,"path_taken":["M","M","M","?","$","R","M","R","T","$","R","?","?","M","R","BOSS"],"items_purchased_type":["Card"],"build_version":"2020-12-22","purchased_purges":0,"victory":false,"max_hp_per_floor":[88,88,88,93,93,93,93,93,93,93,93,93,93,93,93,93,93],"card_choices":[{"not_picked":["Perfected Strike","Wild Strike"],"picked":"Heavy Blade","floor":1},{"not_picked":["Twin Strike","Headbutt"],"picked":"Whirlwind","floor":2},{"not_picked":["Feel No Pain","Wild Strike"],"picked":"Body Slam","floor":3},{"not_picked":["Body Slam","Twin Strike"],"picked":"Entrench","floor":7},{"not_picked":["Disarm","Perfected Strike","Dual Wield"],"picked":"Headbutt","floor":13},{"not_picked":["Infernal Blade","Perfected Strike","Wild Strike","Sentinel"],"picked":"SKIP","floor":14}],"player_experience":83962,"relics_obtained":[{"floor":9,"key":"Matryoshka"},{"floor":12,"key":"Art of War"},{"floor":12,"key":"Question Card"}],"event_choices":[{"damage_healed":0,"gold_gain":0,"player_choice":"Donut","damage_taken":0,"max_hp_gain":5,"max_hp_loss":0,"event_name":"Big Fish","floor":4,"gold_loss":0}],"is_beta":false,"boss_relics":[],"items_purged_floors":[],"is_endless":false,"potions_floor_spawned":[2,14],"killed_by":"Slime Boss","ascension_level":3}}