{"host":"pl1fbpkom0aq337f","time":1610122707,"event":{"mods":["AchievementEnabler","BaseMod","Colored Map","Minty Spire (QoL Compilation)"],"gold_per_floor":[113,132,149,149,149,177,177,195,195,195,208,75,75,92,92,92,192,242,258,293,311,311,144,144,144,170,180,180,32,60,70,90,90,90,186,186,202,424,440,488,499,499,509,860,860,860,895,895,444,463,489,489,489],"floor_reached":54,"playtime":4426,"items_purged":["Strike_B","Strike_B"],"score":1269,"play_id":"7fe23efb-8fb2-43b1-a6e5-3d6cf76637d4","local_time":"20210108171827","is_ascension_mode":true,"campfire_choices":[{"data":"Defragment","floor":7.0,"key":"SMITH"},{"data":"Genetic Algorithm","floor":15.0,"key":"SMITH"},{"data":"Capacitor","floor":16.0,"key":"SMITH"},{"floor":25.0,"key":"REST"},{"floor":34.0,"key":"REST"},{"data":"Seek","floor":42.0,"key":"SMITH"},{"floor":52,"key":"REST"}],"circlet_count":0,"master_deck":["AscendersBane","Strike_B","Strike_B","Defend_B+1","Defend_B","Defend_B","Defend_B+1","Zap","Dualcast","Cold Snap+1","Defragment+1","Sweeping Beam","Genetic Algorithm+1","Barrage","White Noise","Ball Lightning","Capacitor+1","Biased Cognition","Hologram","Glacier","Consume","Coolheaded","Defragment","Darkness","Seek+1","Genetic Algorithm+1","Loop","Rainbow","Hologram+1","Coolheaded+1","Core Surge"],"relics":["Velvet Choker","Dream Catcher","Bag of Preparation","Red Mask","Nilry\u0027s Codex","Nloth\u0027s Gift","Cables","Tiny Chest","DollysMirror","MealTicket","Nuclear Battery","Centennial Puzzle","Old Coin","Oddly Smooth Stone","Bag of Marbles","CaptainsWheel","DataDisk"],"acts_visited":["TheCity","TheBeyond"],"potions_floor_usage":[53],"damage_taken":[{"damage":0.0,"enemies":"Small Slimes","floor":1.0,"turns":3.0},{"damage":0.0,"enemies":"2 Louse","floor":2.0,"turns":3.0},{"damage":0.0,"enemies":"Jaw Worm","floor":3.0,"turns":4.0},{"damage":16.0,"enemies":"3 Sentries","floor":6.0,"turns":8.0},{"damage":0.0,"enemies":"Blue Slaver","floor":8.0,"turns":4.0},{"damage":8.0,"enemies":"Gremlin Gang","floor":11.0,"turns":6.0},{"damage":0.0,"enemies":"Exordium Wildlife","floor":14.0,"turns":3.0},{"damage":2.0,"enemies":"Hexaghost","floor":17.0,"turns":9.0},{"damage":10.0,"enemies":"Spheric Guardian","floor":19.0,"turns":4.0},{"damage":36.0,"enemies":"Masked Bandits","floor":20.0,"turns":5.0},{"damage":0.0,"enemies":"Chosen","floor":21.0,"turns":6.0},{"damage":21.0,"enemies":"Slavers","floor":26.0,"turns":5.0},{"damage":0.0,"enemies":"3 Cultists","floor":27.0,"turns":6.0},{"damage":8.0,"enemies":"Book of Stabbing","floor":30.0,"turns":4.0},{"damage":0.0,"enemies":"Snecko","floor":31.0,"turns":9.0},{"damage":0.0,"enemies":"Sentry and Sphere","floor":32.0,"turns":5.0},{"damage":3.0,"enemies":"Champ","floor":35.0,"turns":8.0},{"damage":0.0,"enemies":"3 Shapes","floor":37.0,"turns":7.0},{"damage":3.0,"enemies":"Orb Walker","floor":39.0,"turns":5.0},{"damage":3.0,"enemies":"Transient","floor":41.0,"turns":5.0},{"damage":0.0,"enemies":"Sphere and 2 Shapes","floor":43.0,"turns":27.0},{"damage":19.0,"enemies":"2 Orb Walkers","floor":44.0,"turns":7.0},{"damage":14.0,"enemies":"Nemesis","floor":47.0,"turns":9.0},{"damage":0.0,"enemies":"Maw","floor":50.0,"turns":8.0},{"damage":0.0,"enemies":"Giant Head","floor":51.0,"turns":11.0},{"damage":15,"enemies":"Time Eater","floor":53,"turns":14}],"seed_played":"7849468046475394298","potions_obtained":[{"floor":2.0,"key":"DistilledChaos"},{"floor":3.0,"key":"Weak Potion"},{"floor":6.0,"key":"SpeedPotion"},{"floor":17.0,"key":"LiquidBronze"},{"floor":18.0,"key":"Fire Potion"},{"floor":21.0,"key":"DistilledChaos"},{"floor":30.0,"key":"ColorlessPotion"},{"floor":31.0,"key":"Weak Potion"},{"floor":35.0,"key":"FairyPotion"},{"floor":41.0,"key":"BlessingOfTheForge"}],"is_trial":false,"path_per_floor":["M","M","M","?","?","E","R","M","T","?","M","$","?","M","R","R","B",null,"M","?","M","?","$","?","R","E","M","T","$","E","M","M","?","R","B",null,"M","?","M","T","M","R","M","?","T","?","E","T","$","M","E","R","B",null],"character_chosen":"DEFECT","items_purchased":["White Noise","Ball Lightning","Coolheaded","Defragment","DollysMirror","CaptainsWheel","PowerPotion"],"campfire_rested":3,"item_purchase_floors":[12,12,23,23,29,49,49],"current_hp_per_floor":[68,68,68,68,73,57,57,57,57,57,49,49,33,33,33,33,31,73,63,27,27,11,11,11,36,15,15,15,15,7,7,7,35,60,57,78,78,78,75,75,72,72,72,53,53,53,39,39,54,54,54,79,64],"gold":489,"neow_bonus":"BOSS_RELIC","is_daily":false,"chose_seed":false,"campfire_upgraded":4,"win_rate":0.0,"timestamp":1610122707,"path_taken":["M","M","M","?","?","E","R","M","T","?","M","$","?","M","R","R","BOSS","M","?","M","?","$","?","R","E","M","T","$","E","M","?","?","R","BOSS","M","?","M","?","?","R","M","?","T","?","E","?","$","?","E","R","BOSS"],"items_purchased_type":["Card","Card","Card","Card","Relic","Relic","Potion"],"build_version":"2020-12-22","purchased_purges":2,"victory":true,"max_hp_per_floor":[75,75,75,75,80,80,80,80,80,80,80,80,80,80,80,80,80,85,85,85,85,85,85,85,85,85,85,85,85,85,85,85,85,85,85,85,85,85,85,85,85,85,85,85,85,85,85,85,85,85,85,85,85],"card_choices":[{"not_picked":["Leap","Melter"],"picked":"Cold Snap","floor":1.0},{"not_picked":["Barrage","Hello World"],"picked":"Defragment","floor":2.0},{"not_picked":["Stack","Leap"],"picked":"Sweeping Beam","floor":3.0},{"not_picked":["Streamline","Leap","Sweeping Beam"],"picked":"SKIP","floor":6.0},{"not_picked":["Fission","Hologram"],"picked":"Genetic Algorithm","floor":8.0},{"not_picked":["Hologram","Rebound"],"picked":"Barrage","floor":11.0},{"not_picked":["Auto Shields","Genetic Algorithm"],"picked":"Capacitor","floor":14.0},{"not_picked":["Echo Form","Rainbow"],"picked":"Biased Cognition","floor":17.0},{"not_picked":["Leap","Sweeping Beam"],"picked":"Hologram","floor":18.0},{"not_picked":["Go for the Eyes+1","Gash"],"picked":"Glacier","floor":19.0},{"not_picked":["Coolheaded","Beam Cell"],"picked":"Consume","floor":21.0},{"not_picked":["Reprogram","Rebound+1"],"picked":"Darkness","floor":25.0},{"not_picked":["Cold Snap","Fission"],"picked":"Seek","floor":26.0},{"not_picked":["Hello World","Turbo","Leap+1"],"picked":"SKIP","floor":27.0},{"not_picked":["Auto Shields","Creative AI","Streamline"],"picked":"SKIP","floor":30.0},{"not_picked":["Go for the Eyes","Static Discharge","Storm"],"picked":"SKIP","floor":31.0},{"not_picked":["Go for the Eyes","Aggregate","Conserve Battery"],"picked":"SKIP","floor":32.0},{"not_picked":["Turbo","Cold Snap"],"picked":"Loop","floor":34.0},{"not_picked":["Meteor Strike","Buffer"],"picked":"Rainbow","floor":35.0},{"not_picked":["Chaos","Streamline"],"picked":"Hologram+1","floor":37.0},{"not_picked":["Glacier","Melter"],"picked":"Coolheaded+1","floor":39.0},{"not_picked":["Turbo","Glacier","Loop"],"picked":"SKIP","floor":41.0},{"not_picked":["Defragment","Conserve Battery","Auto Shields"],"picked":"SKIP","floor":43.0},{"not_picked":["Amplify","Hologram","Seek"],"picked":"SKIP","floor":47.0},{"not_picked":["Blizzard+1","Leap","Turbo+1"],"picked":"SKIP","floor":50.0},{"not_picked":["Hello World+1","Compile Driver+1"],"picked":"Core Surge","floor":51.0}],"player_experience":428236,"relics_obtained":[{"floor":6.0,"key":"Dream Catcher"},{"floor":9.0,"key":"Bag of Preparation"},{"floor":20.0,"key":"Red Mask"},{"floor":22.0,"key":"Nilry\u0027s Codex"},{"floor":26.0,"key":"Cables"},{"floor":28.0,"key":"Tiny Chest"},{"floor":30.0,"key":"MealTicket"},{"floor":40.0,"key":"Centennial Puzzle"},{"floor":44.0,"key":"Old Coin"},{"floor":47.0,"key":"Oddly Smooth Stone"},{"floor":48.0,"key":"Bag of Marbles"},{"floor":51.0,"key":"DataDisk"}],"event_choices":[{"damage_healed":0.0,"max_hp_gain":0.0,"max_hp_loss":0.0,"gold_gain":0.0,"event_name":"The Cleric","player_choice":"Leave","floor":4.0,"gold_loss":0.0,"damage_taken":0.0},{"damage_healed":0.0,"max_hp_gain":5.0,"max_hp_loss":0.0,"gold_gain":0.0,"event_name":"Big Fish","player_choice":"Donut","floor":5.0,"gold_loss":0.0,"damage_taken":0.0},{"damage_healed":0.0,"max_hp_gain":0.0,"max_hp_loss":0.0,"gold_gain":0.0,"event_name":"Golden Wing","player_choice":"Ignored","floor":10.0,"gold_loss":0.0,"damage_taken":0.0},{"damage_healed":0.0,"max_hp_gain":0.0,"max_hp_loss":0.0,"gold_gain":0.0,"event_name":"Shining Light","player_choice":"Entered Light","floor":13.0,"gold_loss":0.0,"damage_taken":16.0,"cards_upgraded":["Cold Snap","Defend_B"]},{"damage_healed":0.0,"max_hp_gain":0.0,"max_hp_loss":0.0,"gold_gain":0.0,"event_name":"Masked Bandits","player_choice":"Fought Bandits","floor":20.0,"gold_loss":0.0,"damage_taken":0.0},{"damage_healed":0.0,"max_hp_gain":0.0,"max_hp_loss":0.0,"gold_gain":0.0,"event_name":"Cursed Tome","player_choice":"Obtained Book","floor":22.0,"gold_loss":0.0,"damage_taken":16.0},{"damage_healed":0.0,"max_hp_gain":0.0,"max_hp_loss":0.0,"gold_gain":0.0,"event_name":"N\u0027loth","player_choice":"Traded Relic","floor":24.0,"relics_lost":["Tiny House"],"gold_loss":0.0,"damage_taken":0.0,"relics_obtained":["Nloth\u0027s Gift"]},{"damage_healed":28.0,"max_hp_gain":0.0,"max_hp_loss":0.0,"gold_gain":0.0,"event_name":"The Library","player_choice":"Heal","floor":33.0,"gold_loss":0.0,"damage_taken":0.0},{"damage_healed":0.0,"max_hp_gain":0.0,"max_hp_loss":0.0,"gold_gain":222.0,"event_name":"Tomb of Lord Red Mask","player_choice":"Wore Mask","floor":38.0,"gold_loss":0.0,"damage_taken":0.0},{"damage_healed":0.0,"max_hp_gain":0.0,"max_hp_loss":0.0,"gold_gain":0.0,"event_name":"Mysterious Sphere","player_choice":"Fight","floor":44.0,"gold_loss":0.0,"damage_taken":0.0},{"damage_healed":0.0,"max_hp_gain":0.0,"max_hp_loss":0.0,"gold_gain":0.0,"event_name":"SensoryStone","player_choice":"Memory 1","floor":46.0,"gold_loss":0.0,"damage_taken":0.0}],"is_beta":false,"boss_relics":[{"not_picked":["Fusion Hammer","Sozu"],"picked":"Tiny House"},{"not_picked":["Runic Dome","Snecko Eye"],"picked":"Nuclear Battery"}],"items_purged_floors":[23,49],"is_endless":false,"potions_floor_spawned":[2,3,6,17,21,30,31,35,39,41,43],"ascension_level":12}}