{"host":"oiw60b5ins9fyx34","time":1610083600,"event":{"mods":["BaseMod","Colored Powertips","Minty Spire (QoL Compilation)","Quick Restart","Relic Stats","StSLib"],"gold_per_floor":[110,110,121,45,45,45,70,85,85,85,102,102,128,138,138,242,242,254,97,97,114,128,128,157,167,167,167,167,187,204,220,220,324,324,341,355,371,371,381,381,381],"floor_reached":40,"playtime":1941,"items_purged":["Strike_R"],"score":447,"play_id":"b0883c00-8617-4540-ac28-2e637b7b18f7","local_time":"20210108142640","is_ascension_mode":false,"campfire_choices":[{"data":"Clothesline","floor":6,"key":"SMITH"},{"data":"Uppercut","floor":12,"key":"SMITH"},{"data":"Pommel Strike","floor":15,"key":"SMITH"},{"data":"Fire Breathing","floor":23,"key":"SMITH"},{"data":"Shockwave","floor":27,"key":"SMITH"},{"floor":32,"key":"REST"}],"circlet_count":0,"master_deck":["Strike_R","Defend_R","Defend_R","Defend_R","Defend_R","Bash","Pommel Strike+1","Clothesline+1","Second Wind","Fire Breathing+1","Exhume","Shockwave+1","Uppercut+1","Sentinel","Immolate","Pommel Strike","Power Through","Wild Strike","Body Slam+1","Evolve","Fiend Fire","True Grit+1","Seeing Red+1","Power Through","Uppercut","Bash","Thunderclap+1"],"relics":["Burning Blood","NeowsBlessing","Shuriken","HornCleat","Mummified Hand","Mark of Pain","Regal Pillow","Bottled Tornado","Empty Cage"],"acts_visited":["Exordium","TheCity","TheBeyond"],"potions_floor_usage":[16,16,40,40,40],"damage_taken":[{"damage":0,"enemies":"Jaw Worm","floor":1,"turns":1},{"damage":0,"enemies":"2 Louse","floor":3,"turns":1},{"damage":0,"enemies":"3 Sentries","floor":7,"turns":2},{"damage":0,"enemies":"Cultist","floor":8,"turns":2},{"damage":4,"enemies":"Blue Slaver","floor":11,"turns":4},{"damage":29,"enemies":"Lagavulin","floor":13,"turns":8},{"damage":13,"enemies":"Lots of Slimes","floor":14,"turns":5},{"damage":48,"enemies":"Hexaghost","floor":16,"turns":11},{"damage":14,"enemies":"Spheric Guardian","floor":18,"turns":4},{"damage":5,"enemies":"3 Byrds","floor":21,"turns":4},{"damage":1,"enemies":"Snecko","floor":22,"turns":6},{"damage":20,"enemies":"Book of Stabbing","floor":24,"turns":4},{"damage":2,"enemies":"Snake Plant","floor":25,"turns":3},{"damage":2,"enemies":"Centurion and Healer","floor":29,"turns":5},{"damage":16,"enemies":"Snecko","floor":30,"turns":5},{"damage":10,"enemies":"Snake Plant","floor":31,"turns":3},{"damage":43,"enemies":"Collector","floor":33,"turns":8},{"damage":27,"enemies":"3 Darklings","floor":35,"turns":5},{"damage":9,"enemies":"3 Shapes","floor":36,"turns":2},{"damage":5,"enemies":"3 Darklings","floor":37,"turns":7},{"damage":16,"enemies":"Sphere and 2 Shapes","floor":39,"turns":4},{"damage":47,"enemies":"Giant Head","floor":40,"turns":8}],"seed_played":"9073112351208967776","potions_obtained":[{"floor":3,"key":"LiquidMemories"},{"floor":8,"key":"AttackPotion"},{"floor":11,"key":"BlessingOfTheForge"},{"floor":18,"key":"Energy Potion"},{"floor":21,"key":"HeartOfIron"}],"is_trial":false,"path_per_floor":["M","?","M","$","?","R","E","M","T","?","M","R","E","M","R","B",null,"M","$","?","M","M","R","E","M","T","R","?","M","M","M","R","B",null,"M","M","M","?","M","E"],"character_chosen":"IRONCLAD","items_purchased":["Second Wind","Power Through"],"campfire_rested":1,"item_purchase_floors":[4,19],"current_hp_per_floor":[80,80,80,80,80,80,80,80,80,80,80,80,57,50,50,8,80,72,72,57,58,63,63,49,53,53,53,53,57,47,43,83,46,85,64,61,62,62,52,5,5],"gold":381,"neow_bonus":"THREE_ENEMY_KILL","is_daily":false,"chose_seed":false,"campfire_upgraded":5,"win_rate":0.0,"timestamp":1610083600,"path_taken":["M","?","M","$","?","R","E","M","T","?","M","R","E","M","R","BOSS","M","$","?","M","M","R","E","M","T","R","?","?","M","M","R","BOSS","M","M","M","?","?","E"],"items_purchased_type":["Card","Card"],"build_version":"2020-12-22","purchased_purges":1,"victory":false,"max_hp_per_floor":[80,80,80,80,80,80,80,80,80,80,80,80,80,80,80,80,80,80,80,85,85,85,85,85,85,85,85,85,85,85,85,85,85,85,85,85,85,85,85,85,85],"relic_stats":{"Regal Pillow":15,"counters":[22,102],"Shuriken":[15],"Mummified Hand":[28],"obtain_stats":[{"Regal Pillow":24,"HornCleat":9,"NeowsBlessing":0,"Shuriken":7,"Mummified Hand":13,"Mark of Pain":17,"Bottled Tornado":26,"Empty Cage":34,"Burning Blood":0},{"Regal Pillow":12,"HornCleat":4,"NeowsBlessing":0,"Shuriken":3,"Mummified Hand":6,"Mark of Pain":8,"Bottled Tornado":13,"Empty Cage":17,"Burning Blood":0},{"Regal Pillow":52,"HornCleat":6,"NeowsBlessing":0,"Shuriken":4,"Mummified Hand":18,"Mark of Pain":34,"Bottled Tornado":55,"Empty Cage":76,"Burning Blood":0}],"Burning Blood":100},"card_choices":[{"not_picked":["Clothesline","Heavy Blade"],"picked":"Pommel Strike","floor":1},{"not_picked":["Headbutt","Searing Blow"],"picked":"Clothesline","floor":3},{"not_picked":["Body Slam","Entrench"],"picked":"Fire Breathing","floor":7},{"not_picked":["Perfected Strike","Body Slam"],"picked":"Exhume","floor":8},{"not_picked":["Sword Boomerang","Clothesline"],"picked":"Uppercut","floor":11},{"not_picked":["Sword Boomerang","Entrench","Exhume"],"picked":"SKIP","floor":13},{"not_picked":["Fire Breathing","True Grit"],"picked":"Sentinel","floor":14},{"not_picked":["Barricade","Berserk"],"picked":"Immolate","floor":16},{"not_picked":["Anger","Body Slam+1"],"picked":"Pommel Strike","floor":18},{"not_picked":["Body Slam+1","True Grit+1"],"picked":"Wild Strike","floor":21},{"not_picked":["Rage","Combust"],"picked":"Body Slam+1","floor":22},{"not_picked":["Pummel","Combust","Hemokinesis"],"picked":"SKIP","floor":24},{"not_picked":["Pummel","Combust","Hemokinesis"],"picked":"SKIP","floor":24},{"not_picked":["Brutality","Rage+1","Flex"],"picked":"SKIP","floor":25},{"not_picked":["Sword Boomerang","Dual Wield","Pummel+1"],"picked":"SKIP","floor":29},{"not_picked":["Wild Strike","Anger"],"picked":"Evolve","floor":30},{"not_picked":["Pommel Strike","Clash+1","Searing Blow"],"picked":"SKIP","floor":31},{"not_picked":["Offering","Barricade"],"picked":"Fiend Fire","floor":33},{"not_picked":["Pommel Strike+1","Shrug It Off"],"picked":"True Grit+1","floor":35},{"not_picked":["Entrench","Twin Strike"],"picked":"Seeing Red+1","floor":36},{"not_picked":["Body Slam","Armaments+1"],"picked":"Power Through","floor":37},{"not_picked":["Infernal Blade","Heavy Blade+1"],"picked":"Thunderclap+1","floor":39}],"player_experience":541927,"relics_obtained":[{"floor":7,"key":"Shuriken"},{"floor":9,"key":"HornCleat"},{"floor":13,"key":"Mummified Hand"},{"floor":24,"key":"Regal Pillow"},{"floor":26,"key":"Bottled Tornado"}],"event_choices":[{"damage_healed":0,"gold_gain":0,"player_choice":"Ignored","damage_taken":0,"max_hp_gain":0,"max_hp_loss":0,"event_name":"Golden Idol","floor":2,"gold_loss":0},{"damage_healed":0,"gold_gain":0,"player_choice":"Ignored","damage_taken":0,"max_hp_gain":0,"max_hp_loss":0,"event_name":"Liars Game","floor":5,"gold_loss":0},{"damage_healed":0,"gold_gain":0,"cards_transformed":["Strike_R"],"player_choice":"Change","damage_taken":0,"max_hp_gain":0,"max_hp_loss":0,"event_name":"Living Wall","floor":10,"gold_loss":0,"cards_obtained":["Shockwave"]},{"damage_healed":0,"gold_gain":0,"player_choice":"Shed Blood","damage_taken":20,"max_hp_gain":5,"max_hp_loss":0,"event_name":"Forgotten Altar","floor":20,"gold_loss":0},{"damage_healed":0,"gold_gain":0,"player_choice":"Ignored","damage_taken":0,"max_hp_gain":0,"max_hp_loss":0,"event_name":"N\u0027loth","floor":28,"gold_loss":0},{"damage_healed":0,"gold_gain":0,"player_choice":"2 cards matched","damage_taken":0,"max_hp_gain":0,"max_hp_loss":0,"event_name":"Match and Keep!","floor":38,"gold_loss":0,"cards_obtained":["Uppercut","Bash"]}],"is_beta":false,"boss_relics":[{"not_picked":["Black Blood","Velvet Choker"],"picked":"Mark of Pain"},{"not_picked":["Coffee Dripper","SacredBark"],"picked":"Empty Cage"}],"items_purged_floors":[19],"is_endless":false,"potions_floor_spawned":[3,8,11,18,21,24,29,35,39],"killed_by":"Giant Head","ascension_level":0}}