{"host":"sav7uxregyirlf69","time":1610125825,"event":{"mods":["AchievementEnabler","BaseMod","Colored Map","DeckTracker","Keyboard Shortcuts","Minty Spire (QoL Compilation)","READ ME - Guardian Mod","StSLib","SuperFastMode"],"gold_per_floor":[116,116,127,141,141,141,160,160,160,160,85,105,105,121,121,198,198,216,216,116,130,159,159,185,185,237,237,248,262,292,292,292,292,292],"floor_reached":33,"playtime":633,"items_purged":["Defend_G","Strike_G"],"score":550,"play_id":"9180b536-d87a-4113-b376-d5bc7126f4b1","local_time":"20210109021025","is_ascension_mode":true,"campfire_choices":[{"data":"Crippling Poison","floor":6,"key":"SMITH"},{"floor":8,"key":"REST"},{"data":"Noxious Fumes","floor":13,"key":"SMITH"},{"floor":15,"key":"REST"},{"data":"Cloak And Dagger","floor":23,"key":"SMITH"},{"data":"Accuracy","floor":27,"key":"SMITH"},{"data":"Backflip","floor":32,"key":"SMITH"}],"circlet_count":0,"master_deck":["AscendersBane","Strike_G+1","Defend_G","Defend_G+1","Defend_G","Defend_G","Survivor","Neutralize+1","Flying Knee","Crippling Poison+1","Noxious Fumes+1","Deadly Poison","Corpse Explosion","Deadly Poison","Accuracy+1","Cloak And Dagger+1","PiercingWail+1","Backflip+1","Calculated Gamble"],"relics":["Ring of the Snake","Ornamental Fan","Cursed Key","Red Mask","The Specimen","StrikeDummy"],"acts_visited":["Exordium","TheCity"],"potions_floor_usage":[21,22,24,30],"damage_taken":[{"damage":4,"enemies":"Jaw Worm","floor":1,"turns":8},{"damage":3,"enemies":"2 Louse","floor":3,"turns":4},{"damage":1,"enemies":"Cultist","floor":4,"turns":4},{"damage":19,"enemies":"Large Slime","floor":7,"turns":8},{"damage":6,"enemies":"3 Louse","floor":12,"turns":2},{"damage":6,"enemies":"Lots of Slimes","floor":14,"turns":4},{"damage":20,"enemies":"The Guardian","floor":16,"turns":10},{"damage":4,"enemies":"3 Byrds","floor":18,"turns":3},{"damage":8,"enemies":"Chosen","floor":21,"turns":4},{"damage":0,"enemies":"Masked Bandits","floor":22,"turns":2},{"damage":9,"enemies":"Gremlin Leader","floor":24,"turns":6},{"damage":9,"enemies":"Centurion and Healer","floor":28,"turns":6},{"damage":12,"enemies":"Snake Plant","floor":29,"turns":4},{"damage":22,"enemies":"Book of Stabbing","floor":30,"turns":6},{"damage":30,"enemies":"Automaton","floor":33,"turns":6}],"seed_played":"-4590999950861381976","potions_obtained":[{"floor":4,"key":"AttackPotion"},{"floor":12,"key":"GhostInAJar"},{"floor":21,"key":"Block Potion"},{"floor":22,"key":"CunningPotion"}],"is_trial":false,"path_per_floor":["M","?","M","M","?","R","M","R","T","?","$","M","R","M","R","B",null,"M","?","$","M","?","R","E","?","T","R","M","M","E","?","R","B"],"character_chosen":"THE_SILENT","items_purchased":[],"campfire_rested":2,"item_purchase_floors":[],"current_hp_per_floor":[55,55,52,51,31,31,12,31,31,31,31,25,25,19,38,18,54,50,50,50,42,42,42,33,66,66,66,57,45,23,23,23,0,0],"gold":292,"neow_bonus":"REMOVE_CARD","is_daily":false,"chose_seed":false,"campfire_upgraded":5,"win_rate":0.0,"timestamp":1610125825,"path_taken":["M","?","M","M","?","R","M","R","T","?","$","?","R","M","R","BOSS","M","?","$","M","?","R","E","?","T","R","M","?","E","?","R","BOSS"],"items_purchased_type":[],"build_version":"2020-12-22","purchased_purges":2,"victory":false,"max_hp_per_floor":[66,66,66,66,66,66,66,66,66,66,66,66,66,66,66,66,66,66,66,66,66,66,66,66,66,66,66,66,66,66,66,66,66,66],"card_choices":[{"not_picked":["Outmaneuver","All Out Attack"],"picked":"Flying Knee","floor":1},{"not_picked":["Finisher","Outmaneuver"],"picked":"Crippling Poison","floor":3},{"not_picked":["Acrobatics","Underhanded Strike","Setup"],"picked":"SKIP","floor":4},{"not_picked":["Bane","Flying Knee","Underhanded Strike"],"picked":"SKIP","floor":7},{"not_picked":["Poisoned Stab","Footwork"],"picked":"Noxious Fumes","floor":12},{"not_picked":["All Out Attack","Backstab"],"picked":"Deadly Poison","floor":14},{"not_picked":["Venomology","After Image"],"picked":"Corpse Explosion","floor":16},{"not_picked":["PiercingWail","Cloak And Dagger","Bane"],"picked":"SKIP","floor":18},{"not_picked":["PiercingWail","Sucker Punch","Deadly Poison+1"],"picked":"SKIP","floor":21},{"not_picked":["Accuracy","Endless Agony"],"picked":"Cloak And Dagger","floor":22},{"not_picked":["Sucker Punch","Calculated Gamble"],"picked":"PiercingWail+1","floor":24},{"not_picked":["Blur","Deadly Poison","All Out Attack"],"picked":"SKIP","floor":28},{"not_picked":["Dagger Spray","Dodge and Roll"],"picked":"Backflip","floor":29},{"not_picked":["Dagger Throw","Concentrate"],"picked":"Calculated Gamble","floor":30}],"player_experience":1206400,"relics_obtained":[{"floor":9,"key":"Ornamental Fan"},{"floor":22,"key":"Red Mask"},{"floor":24,"key":"The Specimen"},{"floor":30,"key":"StrikeDummy"}],"event_choices":[{"damage_healed":0,"gold_gain":0,"player_choice":"Ignored","damage_taken":0,"max_hp_gain":0,"max_hp_loss":0,"event_name":"Liars Game","floor":2,"gold_loss":0},{"damage_healed":0,"gold_gain":0,"player_choice":"Entered Light","damage_taken":20,"max_hp_gain":0,"max_hp_loss":0,"event_name":"Shining Light","floor":5,"gold_loss":0,"cards_upgraded":["Defend_G","Strike_G"]},{"damage_healed":0,"gold_gain":0,"player_choice":"Upgraded","damage_taken":0,"max_hp_gain":0,"max_hp_loss":0,"event_name":"Upgrade Shrine","floor":10,"gold_loss":0,"cards_upgraded":["Neutralize"]},{"damage_healed":0,"gold_gain":0,"cards_transformed":["Strike_G","Strike_G"],"player_choice":"Became Test Subject","damage_taken":0,"max_hp_gain":0,"max_hp_loss":0,"event_name":"Drug Dealer","floor":19,"gold_loss":0,"cards_obtained":["Deadly Poison","Accuracy"]},{"damage_healed":0,"gold_gain":0,"player_choice":"Fought Bandits","damage_taken":0,"max_hp_gain":0,"max_hp_loss":0,"event_name":"Masked Bandits","floor":22,"gold_loss":0},{"damage_healed":33,"gold_gain":0,"player_choice":"Full Heal","damage_taken":0,"max_hp_gain":0,"max_hp_loss":0,"event_name":"Wheel of Change","floor":25,"gold_loss":0},{"cards_removed":["Pain"],"damage_healed":0,"gold_gain":0,"player_choice":"Elegance","damage_taken":0,"max_hp_gain":0,"max_hp_loss":0,"event_name":"Back to Basics","floor":31,"gold_loss":0}],"is_beta":false,"boss_relics":[{"not_picked":["Empty Cage","HoveringKite"],"picked":"Cursed Key"}],"items_purged_floors":[11,20],"is_endless":false,"potions_floor_spawned":[4,12,18,21,22],"killed_by":"Automaton","ascension_level":20}}