{"host":"zksvs3x2ysy9npnz","time":1610119873,"event":{"mods":["Aspiration","BaseMod","Beaked The Cultist","BetterRewards","Clockwork Mod","Colored Map","Conspire","Downfall","Duelist Mod","Ekko","Halation","Highlight Path","Hubris","Hunter ??","Infinite Spire","Jedi Mod","JesterMod","Minty Spire (QoL Compilation)","Permanent Neow","Quick Restart","Relic Stats","Replay The Spire","Retaliation","Shade Mod","Shop Mod","StSLib"],"gold_per_floor":[140,150,162,175,185,185,199,199,199,231,231,231,242,50,50,123,123,138,138,138,153,169,169,169,186,186,186,198,169,169,187,187,261,261,279,279,102,120,130,130,130,130],"floor_reached":41,"playtime":2348,"items_purged":["theDuelist:Sparks","theDuelist:Sparks"],"score":994,"play_id":"5fd0f7f3-c74c-472b-9b50-4715d621661f","local_time":"20210108163113","is_ascension_mode":true,"campfire_choices":[{"data":"theDuelist:PoseidonBeetle","floor":6,"key":"SMITH"},{"data":"theDuelist:CrossSwordBeetle","floor":8,"key":"SMITH"},{"data":"theDuelist:PoisonOldMan","floor":11,"key":"SMITH"},{"data":"theDuelist:BirdParadise","floor":15,"key":"SMITH"},{"floor":23,"key":"REST"},{"floor":32,"key":"REST"},{"data":"theDuelist:ZefraMetaltron","floor":40,"key":"SMITH"}],"circlet_count":0,"master_deck":["theDuelist:CastleWalls","theDuelist:CastleWalls","theDuelist:CrossSwordBeetle+1","theDuelist:EmpressMantis","AscendersBane","theDuelist:InsectKnight","theDuelist:RazorLizard","theDuelist:RazorLizard","theDuelist:BirdParadise+1","theDuelist:SpiderEgg","theDuelist:PoseidonBeetle+1","theDuelist:MetamorphInsectQueen","theDuelist:PoisonOldMan+1","theDuelist:Greatfly","theDuelist:Invigoration","theDuelist:ZefraMetaltron+1","theDuelist:Invigoration","theDuelist:PetitMoth+1","theDuelist:BattleFootballer","theDuelist:ZefraMetaltron","infinitespire:Starlight","theDuelist:DarkSpider+1","theDuelist:BugMatrix","Replay:SS_fish_2"],"relics":["theDuelist:MillenniumPuzzle","theDuelist:CardPoolRelic","theDuelist:CardPoolBasicRelic","theDuelist:BoosterPackPoolRelic","theDuelist:CardPoolAddRelic","theDuelist:CardPoolMinusRelic","theDuelist:CardPoolSaveRelic","theDuelist:CardPoolOptionsRelic","theDuelist:DuelistOrichalcum","conspire:TopHat","halation:PeacePiece","Replay:Grab Bag","theDuelist:MillenniumKey","hubris:VirtuousBlindfold","Snecko Heart","hubris:Towel","theDuelist:PointPass","jedi:heavyjacket","beaked:SacredDeck"],"acts_visited":["Exordium","TheCity","TheBeyond"],"potions_floor_usage":[10,31,31,33,39,39],"damage_taken":[{"damage":1,"enemies":"Cultist","floor":1,"turns":4},{"damage":6,"enemies":"Small Slimes","floor":2,"turns":4},{"damage":0,"enemies":"2 Louse","floor":3,"turns":4},{"damage":10,"enemies":"Gremlin Gang","floor":4,"turns":5},{"damage":0,"enemies":"2 Fungi Beasts","floor":5,"turns":4},{"damage":9,"enemies":"3 Louse","floor":7,"turns":4},{"damage":15,"enemies":"Lagavulin","floor":10,"turns":7},{"damage":1,"enemies":"Exordium Wildlife","floor":13,"turns":2},{"damage":0,"enemies":"Hexaghost","floor":16,"turns":7},{"damage":0,"enemies":"2 Thieves","floor":18,"turns":2},{"damage":23,"enemies":"Shell Parasite","floor":21,"turns":3},{"damage":14,"enemies":"3 Cultists","floor":22,"turns":5},{"damage":25,"enemies":"Centurion and Healer","floor":25,"turns":5},{"damage":0,"enemies":"Sentry and Sphere","floor":28,"turns":3},{"damage":13,"enemies":"Chosen and Byrds","floor":31,"turns":6},{"damage":19,"enemies":"hubris:MusketHawk","floor":33,"turns":9},{"damage":4,"enemies":"Orb Walker","floor":35,"turns":5},{"damage":21,"enemies":"3 Shapes","floor":38,"turns":4},{"damage":0,"enemies":"Transient","floor":39,"turns":6},{"damage":72,"enemies":"Reptomancer","floor":41,"turns":2}],"seed_played":"2392583217432100740","potions_obtained":[{"floor":1,"key":"CultistPotion"},{"floor":3,"key":"sneckomod:MuddlingPotion"},{"floor":25,"key":"Adrenaline Potion"},{"floor":28,"key":"theDuelist:BigTributeBottle"},{"floor":31,"key":"Weak Potion"},{"floor":33,"key":"theDuelist:StunPotion"},{"floor":35,"key":"theDuelist:FlamingBottle"}],"is_trial":false,"path_per_floor":["M","M","M","M","M","R","M","R","T","E","R","?","M","$","R","B",null,"M","?","?","M","M","R","?","M","T","?","M","$","T","M","R","B",null,"M","?","$","M","M","R","E"],"character_chosen":"THE_DUELIST","items_purchased":["halation:PeacePiece","theDuelist:PointPass","theDuelist:BattleFootballer","theDuelist:ZefraMetaltron","theDuelist:BugMatrix","Replay:SS_fish_2"],"campfire_rested":2,"item_purchase_floors":[14,29,29,29,37,37],"current_hp_per_floor":[62,56,56,46,46,46,37,37,37,22,22,22,21,21,21,21,58,58,58,58,35,21,42,42,17,17,17,17,17,17,4,25,6,54,60,60,60,47,65,65,0,0],"gold":130,"neow_bonus":"THREE_CARDS","is_daily":false,"chose_seed":false,"campfire_upgraded":5,"win_rate":0.0,"timestamp":1610119873,"path_taken":["M","M","?","?","M","R","M","R","T","E","R","?","M","$","R","BOSS","M","?","?","M","?","R","?","M","T","?","?","$","?","M","R","BOSS","M","?","?","M","?","R","E"],"items_purchased_type":["Relic","Relic","Card","Card","Card","Card"],"build_version":"2020-12-22","purchased_purges":2,"victory":false,"max_hp_per_floor":[70,70,70,70,70,70,70,70,70,70,70,70,70,70,70,70,70,70,70,70,70,70,70,70,70,70,70,70,70,70,70,70,70,70,70,70,70,70,70,70,70,70],"relic_stats":{"counters":[20,91],"obtain_stats":[{"theDuelist:DuelistOrichalcum":9,"Snecko Heart":17,"Replay:Grab Bag":17,"hubris:VirtuousBlindfold":17,"theDuelist:MillenniumPuzzle":0,"theDuelist:CardPoolSaveRelic":0,"hubris:Towel":27,"conspire:TopHat":10,"theDuelist:PointPass":29,"jedi:heavyjacket":30,"theDuelist:BoosterPackPoolRelic":0,"theDuelist:CardPoolMinusRelic":0,"theDuelist:CardPoolBasicRelic":0,"beaked:SacredDeck":34,"theDuelist:CardPoolAddRelic":0,"theDuelist:CardPoolOptionsRelic":0,"theDuelist:MillenniumKey":17,"halation:PeacePiece":14,"theDuelist:CardPoolRelic":0},{"theDuelist:DuelistOrichalcum":6,"Snecko Heart":9,"Replay:Grab Bag":9,"hubris:VirtuousBlindfold":9,"theDuelist:MillenniumPuzzle":0,"theDuelist:CardPoolSaveRelic":0,"hubris:Towel":13,"conspire:TopHat":7,"theDuelist:PointPass":14,"jedi:heavyjacket":14,"theDuelist:BoosterPackPoolRelic":0,"theDuelist:CardPoolMinusRelic":0,"theDuelist:CardPoolBasicRelic":0,"beaked:SacredDeck":16,"theDuelist:CardPoolAddRelic":0,"theDuelist:CardPoolOptionsRelic":0,"theDuelist:MillenniumKey":9,"halation:PeacePiece":8,"theDuelist:CardPoolRelic":0},{"theDuelist:DuelistOrichalcum":25,"Snecko Heart":41,"Replay:Grab Bag":41,"hubris:VirtuousBlindfold":41,"theDuelist:MillenniumPuzzle":0,"theDuelist:CardPoolSaveRelic":0,"hubris:Towel":56,"conspire:TopHat":32,"theDuelist:PointPass":59,"jedi:heavyjacket":59,"theDuelist:BoosterPackPoolRelic":0,"theDuelist:CardPoolMinusRelic":0,"theDuelist:CardPoolBasicRelic":0,"beaked:SacredDeck":74,"theDuelist:CardPoolAddRelic":0,"theDuelist:CardPoolOptionsRelic":0,"theDuelist:MillenniumKey":41,"halation:PeacePiece":34,"theDuelist:CardPoolRelic":0}]},"card_choices":[{"not_picked":["theDuelist:Anteater","theDuelist:Invigoration"],"picked":"theDuelist:BirdParadise","floor":0},{"not_picked":[],"picked":"theDuelist:SpiderEgg","floor":1},{"not_picked":[],"picked":"theDuelist:PoseidonBeetle","floor":2},{"not_picked":["theDuelist:Gagagigo"],"picked":"SKIP","floor":3},{"not_picked":["theDuelist:WormKing"],"picked":"SKIP","floor":4},{"not_picked":["theDuelist:TornadoDragon"],"picked":"SKIP","floor":5},{"not_picked":[],"picked":"theDuelist:MetamorphInsectQueen","floor":7},{"not_picked":[],"picked":"theDuelist:PoisonOldMan","floor":10},{"not_picked":["theDuelist:Grasschopper"],"picked":"SKIP","floor":13},{"not_picked":[],"picked":"theDuelist:Greatfly","floor":16},{"not_picked":[],"picked":"theDuelist:Invigoration","floor":18},{"not_picked":[],"picked":"theDuelist:ZefraMetaltron","floor":21},{"not_picked":[],"picked":"theDuelist:Invigoration","floor":22},{"not_picked":[],"picked":"theDuelist:PetitMoth+1","floor":25},{"not_picked":["theDuelist:DarklordSuperbia"],"picked":"SKIP","floor":28},{"not_picked":["theDuelist:Suanni+1"],"picked":"SKIP","floor":31},{"not_picked":["theDuelist:NeoBug"],"picked":"SKIP","floor":35},{"not_picked":[],"picked":"theDuelist:DarkSpider+1","floor":36},{"not_picked":["theDuelist:PowerGiant+1"],"picked":"SKIP","floor":38},{"not_picked":["theDuelist:PoisonOldMan+1"],"picked":"SKIP","floor":39}],"player_experience":1861005,"relics_obtained":[{"floor":9,"key":"theDuelist:DuelistOrichalcum"},{"floor":10,"key":"conspire:TopHat"},{"floor":30,"key":"jedi:heavyjacket"}],"event_choices":[{"damage_healed":0,"gold_gain":0,"player_choice":"Ignored","damage_taken":0,"max_hp_gain":0,"max_hp_loss":0,"event_name":"Ghosts","floor":19,"gold_loss":0},{"damage_healed":0,"gold_gain":0,"player_choice":"Leave","duelist":true,"damage_taken":0,"max_hp_gain":0,"max_hp_loss":0,"event_name":"Visit from Anubis","floor":20,"gold_loss":0},{"cards_removed":["theDuelist:Sparks"],"damage_healed":0,"gold_gain":0,"player_choice":"Elegance","damage_taken":0,"max_hp_gain":0,"max_hp_loss":0,"event_name":"Back to Basics","floor":24,"gold_loss":0},{"damage_healed":0,"gold_gain":0,"player_choice":"Memory 1","damage_taken":0,"max_hp_gain":0,"max_hp_loss":0,"event_name":"SensoryStone","floor":36,"gold_loss":0}],"is_beta":false,"boss_relics":[{"not_picked":["Ooze Armor","aspiration:SilentSkillbook"],"picked":"Replay:Grab Bag"},{"not_picked":["Busted Crown","conspire:RoyalGoblet"],"picked":"theDuelist:MillenniumKey"},{"not_picked":["Ectoplasm","ReplayTheSpireMod:Onyx Gauntlets"],"picked":"hubris:VirtuousBlindfold"},{"not_picked":["halation:PinkAlligatorPlush","Ring of Chaos"],"picked":"Snecko Heart"},{"not_picked":["SlaversCollar","jesterMod:MachoBrace"],"picked":"beaked:SacredDeck"}],"items_purged_floors":[14,29],"is_endless":false,"potions_floor_spawned":[1,3,25,28,31,33,35],"killed_by":"Reptomancer","ascension_level":20}}