{"host":"z9grmtg2w0nmz8n1","time":1610117155,"event":{"mods":["Aspiration","Bard","BaseMod","Beaked The Cultist","Better Altar","Better Match","Better Note","Better Sensory Stone","Better Skull","Better Third Choice","BetterRewards","CCEM","Colored Map","Conspire","Downfall","GifTheSpireLib","Googly Eyes","Halation","Hermit","Highlight Path","Hubris","Hunter ??","Jedi Mod","Jorbs\u0027s Wanderer Trilogy","Mad Scientist","Marisa????????","Minty Spire (QoL Compilation)","Permanent Neow","Replay The Spire","Shade Mod","Shop Mod","Spicy Shops","StSLib","Stuff the Spire","The Bug Knight","The Construct","The Necromancer","The Runesmith","The Witch"],"gold_per_floor":[114,114,39,58,75,75,106,181,181,195,195,210,210,226,226,350,350,368,141,154,168,168,168],"floor_reached":22,"playtime":783,"items_purged":["Strike_B","Strike_B"],"score":197,"play_id":"a707ab37-b528-4729-9ed0-dd0ca5ed1999","local_time":"20210108124555","is_ascension_mode":true,"campfire_choices":[{"floor":6,"key":"RECALL"},{"data":"Dualcast","floor":15,"key":"SMITH"}],"circlet_count":0,"master_deck":["Strike_B","Strike_B","Defend_B","Defend_B","Defend_B","Defend_B","Zap+1","Dualcast+1","Cold Snap+1","Ball Lightning","Sweeping Beam","Gash","Scrape","Ball Lightning","Cold Snap"],"relics":["Cracked Core","CCEMRelics:TinyMinotavrHorn","Golden Idol","jedi:battlestandard"],"acts_visited":["Exordium","TheCity"],"potions_floor_usage":[7],"damage_taken":[{"damage":6,"enemies":"2 Louse","floor":1,"turns":2},{"damage":0,"enemies":"Cultist","floor":4,"turns":3},{"damage":0,"enemies":"Small Slimes","floor":5,"turns":2},{"damage":18,"enemies":"Lagavulin","floor":7,"turns":5},{"damage":8,"enemies":"Gremlin Gang","floor":10,"turns":3},{"damage":0,"enemies":"Large Slime","floor":12,"turns":3},{"damage":0,"enemies":"2 Fungi Beasts","floor":14,"turns":3},{"damage":31,"enemies":"The Guardian","floor":16,"turns":11},{"damage":0,"enemies":"Chosen","floor":18,"turns":3},{"damage":20,"enemies":"2 Thieves","floor":20,"turns":3},{"damage":24,"enemies":"Centurion and Healer","floor":21,"turns":5},{"damage":29,"enemies":"Shelled Parasite and Fungi","floor":22,"turns":3}],"seed_played":"-8850213681284603552","potions_obtained":[{"floor":1,"key":"sneckomod:MuddlingPotion"},{"floor":5,"key":"PowerPotion"},{"floor":14,"key":"jedi:tentaclejuice"},{"floor":16,"key":"Slimebound:ThreeZeroPotion"}],"is_trial":false,"path_per_floor":["M","?","$","M","M","R","E","?","T","M","?","M","?","M","R","B",null,"M","$","M","M","M"],"character_chosen":"DEFECT","items_purchased":["Scrape","Ball Lightning"],"campfire_rested":0,"item_purchase_floors":[19,19],"current_hp_per_floor":[69,69,69,69,69,69,51,40,40,32,32,32,32,32,32,1,69,69,69,49,25,0,0],"gold":168,"neow_bonus":"RANDOM_EVENT","is_daily":false,"chose_seed":false,"campfire_upgraded":1,"win_rate":0.0,"timestamp":1610117155,"path_taken":["M","?","$","M","?","R","E","?","T","M","?","?","?","M","R","BOSS","M","$","M","M","M"],"items_purchased_type":["Card","Card"],"build_version":"2020-12-22","purchased_purges":2,"victory":false,"max_hp_per_floor":[75,75,75,75,75,75,75,75,75,75,75,75,69,69,69,69,69,69,69,69,69,69,69],"card_choices":[{"not_picked":["ReplayTheSpireMod:System Scan","jedi:BurstFrost"],"picked":"Cold Snap","floor":1},{"not_picked":["Sweeping Beam","Leap"],"picked":"Ball Lightning","floor":4},{"not_picked":["Darkness","Chaos"],"picked":"Sweeping Beam","floor":5},{"not_picked":["Static Discharge","hubris:Ukulele"],"picked":"Gash","floor":7},{"not_picked":["Reprogram","Sweeping Beam","Double Energy"],"picked":"SKIP","floor":10},{"not_picked":["Steam Power","jedi:BurstFrost","Genetic Algorithm"],"picked":"SKIP","floor":12},{"not_picked":["StuffTheSpire:Coldhearted","Barrage","jedi:blockon"],"picked":"SKIP","floor":14},{"not_picked":["Coolheaded","Steam","jedi:blockon"],"picked":"SKIP","floor":18},{"not_picked":["Sweeping Beam","jedi:readyaimfire","Undo"],"picked":"SKIP","floor":20},{"not_picked":["Loop","StuffTheSpire:Plugnplay"],"picked":"Cold Snap","floor":21}],"player_experience":813272,"relics_obtained":[{"floor":7,"key":"CCEMRelics:TinyMinotavrHorn"}],"event_choices":[{"damage_healed":0,"gold_gain":0,"player_choice":"Forge","damage_taken":0,"max_hp_gain":0,"max_hp_loss":0,"event_name":"Accursed Blacksmith","floor":2,"gold_loss":0,"cards_upgraded":["Cold Snap"]},{"damage_healed":0,"gold_gain":75,"player_choice":"Gold","damage_taken":11,"max_hp_gain":0,"max_hp_loss":0,"event_name":"betterThird:BetterGoop","floor":8,"gold_loss":0},{"damage_healed":0,"gold_gain":0,"player_choice":"Bought 0 Potions","damage_taken":0,"max_hp_gain":0,"max_hp_loss":0,"event_name":"The Woman in Blue","floor":11,"gold_loss":0},{"damage_healed":0,"gold_gain":0,"player_choice":"Lose Max HP","damage_taken":0,"relics_obtained":["Golden Idol"],"max_hp_gain":0,"max_hp_loss":6,"event_name":"Golden Idol","floor":13,"gold_loss":0}],"is_beta":false,"boss_relics":[{"not_picked":["SacredBark","beaked:MawFillet"],"picked":"jedi:battlestandard"}],"items_purged_floors":[3,19],"is_endless":false,"potions_floor_spawned":[1,5,14,16,20],"killed_by":"Shelled Parasite and Fungi","ascension_level":1}}