{"host":"5wf60zc4jjt9ov65","time":1610131698,"event":{"mods":["AchievementEnabler","BaseMod","Beaked The Cultist","Better Altar","Better Match","Better Note","Better Sensory Stone","Better Skull","Better Third Choice","BetterRewards","Colored Map","Colored Powertips","Downfall","Googly Eyes","Halation","Highlight Path","Hubris","Infinite Spire","Minty Spire (QoL Compilation)","Permanent Neow","Quick Restart","Replay The Spire","StSLib","The Bug Knight","The Construct"],"gold_per_floor":[115,115,115,127,77,77,2,2,2,13,0,0,0,14,14,117,117,135,158,158,143,143,169,180,180,233,233,233],"floor_reached":27,"playtime":1846,"items_purged":["Shame"],"score":219,"play_id":"b0e32fd6-4245-4a8f-bfaa-ac36b22b85fa","local_time":"20210108134818","is_ascension_mode":false,"campfire_choices":[{"data":"HollowMod:FocusHealStart","floor":6.0,"key":"SMITH"},{"data":"HollowMod:PerfectDash","floor":12.0,"key":"SMITH"}],"circlet_count":0,"master_deck":["HollowMod:NailStrikeStart","HollowMod:NailStrikeStart","HollowMod:NailStrikeStart","HollowMod:QuickDashStart","HollowMod:QuickDashStart","HollowMod:FocusHealStart+1","HollowMod:PogoStrike","HollowMod:MothsMistake","HollowMod:PerfectDash+1","HollowMod:InfectedCysts","HollowMod:InfectedAttack","HollowMod:DashSlash","HollowMod:WraithStrike","HollowMod:SlysStrikes+1","HollowMod:DreamGate+1","HollowMod:SoulStrike","HollowMod:TaintedHusks","beaked:SurvivalInstinct"],"relics":["HollowMod:VesselMask","hubris:DisguiseKit","halation:PinkSoulGem","hubris:Towel","Replay:WaspNest","SlaversCollar","Nloth\u0027s Gift","PreservedInsect","Eternal Feather","ReplayTheSpireMod:TigerMarble"],"acts_visited":["Exordium","TheCity"],"potions_floor_usage":[16,23,24,24,27],"damage_taken":[{"damage":0.0,"enemies":"Cultist","floor":1.0,"turns":3.0},{"damage":3.0,"enemies":"2 Louse","floor":4.0,"turns":3.0},{"damage":2.0,"enemies":"Small Slimes","floor":10.0,"turns":4.0},{"damage":0.0,"enemies":"Looter","floor":11.0,"turns":4.0},{"damage":30.0,"enemies":"Exordium Wildlife","floor":14.0,"turns":4.0},{"damage":54,"enemies":"Slime Boss","floor":16,"turns":11},{"damage":7,"enemies":"3 Byrds","floor":18,"turns":2},{"damage":24,"enemies":"2 Thieves","floor":21,"turns":4},{"damage":51,"enemies":"Gremlin Leader","floor":23,"turns":6},{"damage":19,"enemies":"Centurion and Healer","floor":24,"turns":9},{"damage":37,"enemies":"Cultist and Chosen","floor":27,"turns":4}],"seed_played":"4351688626977395448","potions_obtained":[{"floor":1.0,"key":"champ:CounterPotion"},{"floor":13.0,"key":"LiquidMemories"},{"floor":13.0,"key":"SmokeBomb"},{"floor":16,"key":"infinitespire:BlackPotion"},{"floor":18,"key":"Dexterity Potion"},{"floor":21,"key":"PowerPotion"},{"floor":24,"key":"SkillPotion"}],"is_trial":false,"path_per_floor":["M","?","?","M","?","R","$","?","T","M","M","R","?","M","R_BF","B",null,"M","T","?","M","?","E","M","AVR","T","M"],"character_chosen":"THE_BUGKNIGHT","items_purchased":[],"campfire_rested":0,"item_purchase_floors":[],"current_hp_per_floor":[75,75,75,74,74,74,74,74,74,75,75,75,75,55,55,13,75,68,68,68,54,54,13,6,6,6,0,0],"gold":233,"neow_bonus":"REMOVE_CARD","is_daily":false,"chose_seed":false,"campfire_upgraded":2,"win_rate":0.0,"timestamp":1610131698,"path_taken":["M","?","?","M","?","R","$","?","T","?","M","R","?","M","R_BF","BOSS","M","?","?","?","?","E","M","AVR","T","M"],"items_purchased_type":[],"build_version":"2020-12-22","purchased_purges":1,"victory":false,"max_hp_per_floor":[75,75,75,75,75,75,75,75,75,75,75,75,75,75,75,75,75,75,75,75,75,75,75,75,75,75,75,75],"card_choices":[{"not_picked":["HollowMod:NewGlowingWomb","HollowMod:LifebloodCocoon"],"picked":"HollowMod:MothsMistake","floor":1.0},{"not_picked":["HollowMod:SharpenedNail","HollowMod:CrystalDash","beaked:Devastation"],"picked":"HollowMod:PerfectDash","floor":4.0},{"not_picked":["HollowMod:CornifersMapStart","HollowMod:VengefulVoid","beaked:Pecker"],"picked":"HollowMod:InfectedCysts","floor":10.0},{"not_picked":["HollowMod:DungDefenderAura","HollowMod:DescendingDark","beaked:Insight"],"picked":"HollowMod:InfectedAttack","floor":11.0},{"not_picked":["HollowMod:InfectedAttack","HollowMod:WraithStrike","beaked:MaddeningMurmurs"],"picked":"HollowMod:DashSlash","floor":14.0},{"not_picked":["HollowMod:Hiveblood","HollowMod:AwokenDreamNail","beaked:WildInstinct"],"picked":"HollowMod:SlysStrikes","floor":16},{"not_picked":["HollowMod:DescendingDark","HollowMod:WraithStrike","beaked:TuckingFeathers"],"picked":"HollowMod:DreamGate+1","floor":18},{"not_picked":["HollowMod:HeavyBlow","HollowMod:VengefulVoid","beaked:Struggle"],"picked":"HollowMod:SoulStrike","floor":21},{"not_picked":["HollowMod:SharpenedShadows","HollowMod:Weaversong","beaked:MaddeningMurmurs"],"picked":"HollowMod:TaintedHusks","floor":23},{"not_picked":["HollowMod:TaintedHusks","HollowMod:AbyssShriek","HollowMod:NewLittleFool"],"picked":"beaked:SurvivalInstinct","floor":24}],"player_experience":44028,"relics_obtained":[{"floor":9.0,"key":"Replay:WaspNest"},{"floor":19,"key":"Replay:Wax Seal"},{"floor":23,"key":"PreservedInsect"},{"floor":26,"key":"ReplayTheSpireMod:TigerMarble"}],"event_choices":[{"cards_removed":["HollowMod:QuickDashStart"],"damage_healed":0.0,"max_hp_gain":0.0,"max_hp_loss":0.0,"gold_gain":0.0,"event_name":"The Cleric","player_choice":"Card Removal","floor":5.0,"gold_loss":50.0,"damage_taken":0.0},{"damage_healed":0.0,"max_hp_gain":0.0,"max_hp_loss":0.0,"gold_gain":0.0,"event_name":"Lab","player_choice":"Got Potions","floor":13.0,"gold_loss":0.0,"damage_taken":0.0},{"damage_healed":0,"gold_gain":0,"player_choice":"Traded Relic","damage_taken":0,"relics_obtained":["Nloth\u0027s Gift"],"max_hp_gain":0,"max_hp_loss":0,"event_name":"N\u0027loth","floor":20,"relics_lost":["Replay:Wax Seal"],"gold_loss":0},{"damage_healed":0,"gold_gain":0,"player_choice":"Forge","damage_taken":0,"max_hp_gain":0,"max_hp_loss":0,"event_name":"Accursed Blacksmith","floor":22,"gold_loss":0,"cards_upgraded":["HollowMod:SlysStrikes"]}],"is_beta":false,"boss_relics":[{"not_picked":["Kintsugi","beaked:MawFillet"],"picked":"SlaversCollar"}],"items_purged_floors":[7],"is_endless":false,"potions_floor_spawned":[1,16,18,21,24],"killed_by":"Cultist and Chosen","ascension_level":0}}