{"host":"vm8b3ptwl81uq21f","time":1610087100,"event":{"mods":["Aspiration","BaseMod","BetterRewards","Colored Map","Colored Powertips","Downfall","GifTheSpireLib","Googly Eyes","GungeonMod","Halation","Hubris","Infinite Spire","Minty Spire (QoL Compilation)","Quick Restart","Rare Cards Sparkle","Replay The Spire","Shop Mod","Spicy Shops","StSLib","Stuff the Spire","The IronCluck","[IsaacMod]????"],"gold_per_floor":[113,125,135,28,28,28,28],"floor_reached":6,"playtime":280,"items_purged":[],"score":38,"play_id":"26dbef9b-2b5a-42f5-b14b-cbb8fcb1e764","local_time":"20210108012500","is_ascension_mode":true,"campfire_choices":[],"circlet_count":0,"master_deck":["DemoMod:Strike_Huntress","DemoMod:Strike_Huntress","DemoMod:Strike_Huntress","DemoMod:Defend_Huntress","DemoMod:Defend_Huntress","DemoMod:Defend_Huntress","DemoMod:Defend_Huntress","DemoMod:Roll","DemoMod:ManualReload","DemoMod:RustySidearm","DemoMod:CrossBow","DemoMod:StrategicReserve","DemoMod:Casey","JustLucky","DemoMod:ChanceBullets","Languid"],"relics":["DemoMod:Dog","HushsDoor","BelialBook","aspiration:Nostalgia","Replay:M_StaffOfTheSnake","DemoMod:GlassGuonStoneRelic","hubris:DisguiseKit"],"acts_visited":["Exordium"],"potions_floor_usage":[],"damage_taken":[{"damage":1,"enemies":"Cultist","floor":1,"turns":3},{"damage":11,"enemies":"2 Louse","floor":2,"turns":4},{"damage":0,"enemies":"Jaw Worm","floor":3,"turns":5},{"damage":0,"enemies":"Replay:BlueRogue","floor":6,"turns":1}],"seed_played":"-9085006963597811683","potions_obtained":[],"is_trial":false,"path_per_floor":["M","M","M","$","?","E"],"character_chosen":"HUNTRESS","items_purchased":["JustLucky","DemoMod:ChanceBullets"],"campfire_rested":0,"item_purchase_floors":[4,4],"current_hp_per_floor":[69,58,58,58,58,58,58],"gold":28,"neow_bonus":"NOSTALGIA","is_daily":false,"chose_seed":false,"campfire_upgraded":0,"win_rate":0.0,"timestamp":1610087100,"path_taken":["M","M","M","$","?","E"],"items_purchased_type":["Card","Card"],"build_version":"2020-12-22","purchased_purges":0,"victory":false,"max_hp_per_floor":[70,70,70,70,70,70,70],"card_choices":[{"not_picked":["Well Laid Plans","DemoMod:GunstockTap","DemoMod:Unity"],"picked":"SKIP","floor":1},{"not_picked":["Acrobatics","ThirdEye"],"picked":"DemoMod:StrategicReserve","floor":2},{"not_picked":["DemoMod:StickyCrossBow","DemoMod:ShadowBullets"],"picked":"DemoMod:Casey","floor":3}],"player_experience":365625,"relics_obtained":[],"event_choices":[],"is_beta":false,"boss_relics":[],"items_purged_floors":[],"is_endless":false,"potions_floor_spawned":[],"killed_by":"Replay:BlueRogue","ascension_level":1}}