{"host":"dyggtcpod2kd5hqt","time":1610115522,"event":{"mods":["2.2 Compatiblity","AchievementEnabler","BaseMod","Bestiary","Block Reminder","Colored Map","Colored Powertips","Minty Spire (QoL Compilation)","Quick Restart","Rare Cards Sparkle","Relic Stats","Unknown Chances"],"gold_per_floor":[114,114,26,26,26,26,52,52,52,85,260,17,17,17,17,118,118,135,135,57,57,74,99,18,18,18,86,86,86],"floor_reached":28,"playtime":46052,"items_purged":["Doubt"],"score":415,"play_id":"b466b9e4-8ff6-441b-943d-9548dde2cdf5","local_time":"20210108091842","is_ascension_mode":true,"campfire_choices":[{"data":"Sunder","floor":6,"key":"SMITH"},{"data":"Reprogram","floor":8,"key":"SMITH"},{"data":"All For One","floor":15,"key":"SMITH"}],"circlet_count":0,"master_deck":["Strike_B+1","Strike_B+1","Strike_B+1","Strike_B+1","Defend_B+1","Defend_B+1","Defend_B+1","Defend_B+1","Zap","Dualcast","Reprogram+1","Sunder+1","Go for the Eyes","All For One+1","Recycle","Go for the Eyes","Core Surge","Streamline","Core Surge","Reinforced Body+1","Chill"],"relics":["Cracked Core","NeowsBlessing","StoneCalendar","Bird Faced Urn","Bag of Marbles","War Paint","Medical Kit","Ice Cream","Velvet Choker","Du-Vu Doll","Juzu Bracelet","The Courier"],"acts_visited":["Exordium","TheCity"],"potions_floor_usage":[23,28,28],"damage_taken":[{"damage":0,"enemies":"Small Slimes","floor":1,"turns":1},{"damage":0,"enemies":"Gremlin Nob","floor":7,"turns":1},{"damage":0,"enemies":"Lagavulin","floor":10,"turns":1},{"damage":25,"enemies":"Slime Boss","floor":16,"turns":7},{"damage":6,"enemies":"3 Byrds","floor":18,"turns":5},{"damage":0,"enemies":"Spheric Guardian","floor":22,"turns":3},{"damage":53,"enemies":"Slavers","floor":23,"turns":5},{"damage":6,"enemies":"Book of Stabbing","floor":28,"turns":1}],"seed_played":"-2360689046932175293","potions_obtained":[{"floor":1,"key":"Block Potion"},{"floor":10,"key":"FocusPotion"},{"floor":18,"key":"EssenceOfSteel"},{"floor":23,"key":"SteroidPotion"}],"is_trial":false,"path_per_floor":["M","?","$","?","?","R","E","R","T","E","?","$","T","$","R","B",null,"M","?","$","?","M","E","$","?","T","T","E"],"character_chosen":"DEFECT","items_purchased":["Sunder","Go for the Eyes","Medical Kit","Go for the Eyes","Core Surge","Chill"],"campfire_rested":0,"item_purchase_floors":[3,3,12,12,20,24],"current_hp_per_floor":[68,68,68,68,61,61,61,61,61,61,61,61,61,61,61,36,65,59,59,59,59,59,6,6,6,6,6,0,0],"gold":86,"neow_bonus":"THREE_ENEMY_KILL","is_daily":false,"chose_seed":false,"campfire_upgraded":3,"win_rate":0.0,"timestamp":1610115522,"path_taken":["M","?","?","?","?","R","E","R","T","E","?","$","?","?","R","BOSS","M","?","$","?","?","E","?","?","T","?","E"],"items_purchased_type":["Card","Card","Relic","Card","Card","Card"],"build_version":"2020-12-22","purchased_purges":1,"victory":false,"max_hp_per_floor":[75,75,75,75,75,75,75,75,75,75,75,75,75,75,75,75,75,75,75,75,75,75,75,75,75,75,75,75,75],"relic_stats":{"counters":[8,24],"Bird Faced Urn":[0],"StoneCalendar":[84],"Juzu Bracelet":0,"War Paint":["Defend_B","Defend_B"],"Medical Kit":[0],"obtain_stats":[{"Ice Cream":13,"Du-Vu Doll":21,"NeowsBlessing":0,"Bird Faced Urn":7,"Velvet Choker":17,"StoneCalendar":4,"The Courier":26,"Bag of Marbles":9,"Juzu Bracelet":23,"War Paint":10,"Cracked Core":0,"Medical Kit":12},{"Ice Cream":3,"Du-Vu Doll":5,"NeowsBlessing":0,"Bird Faced Urn":2,"Velvet Choker":4,"StoneCalendar":1,"The Courier":7,"Bag of Marbles":2,"Juzu Bracelet":7,"War Paint":3,"Cracked Core":0,"Medical Kit":3},{"Ice Cream":3,"Du-Vu Doll":15,"NeowsBlessing":0,"Bird Faced Urn":2,"Velvet Choker":10,"StoneCalendar":1,"The Courier":23,"Bag of Marbles":2,"Juzu Bracelet":23,"War Paint":3,"Cracked Core":0,"Medical Kit":3}]},"card_choices":[{"not_picked":["Defragment","Compile Driver"],"picked":"Reprogram","floor":1},{"not_picked":["Rebound","Conserve Battery"],"picked":"All For One","floor":7},{"not_picked":["Compile Driver","Self Repair"],"picked":"Recycle","floor":10},{"not_picked":["Hyperbeam","Thunder Strike"],"picked":"Core Surge","floor":16},{"not_picked":["Chaos","Rebound+1"],"picked":"Streamline","floor":18},{"not_picked":["Leap","Beam Cell","Steam"],"picked":"SKIP","floor":22},{"not_picked":["Multi-Cast","Coolheaded"],"picked":"Reinforced Body+1","floor":23}],"player_experience":518791,"relics_obtained":[{"floor":7,"key":"Bird Faced Urn"},{"floor":9,"key":"Bag of Marbles"},{"floor":10,"key":"War Paint"},{"floor":13,"key":"Ice Cream"},{"floor":21,"key":"Du-Vu Doll"},{"floor":23,"key":"Juzu Bracelet"},{"floor":26,"key":"The Courier"}],"event_choices":[{"damage_healed":0,"gold_gain":0,"player_choice":"Bought 0 Potions","damage_taken":0,"max_hp_gain":0,"max_hp_loss":0,"event_name":"The Woman in Blue","floor":2,"gold_loss":0},{"damage_healed":0,"gold_gain":0,"player_choice":"Box","damage_taken":0,"relics_obtained":["StoneCalendar"],"max_hp_gain":0,"max_hp_loss":0,"event_name":"Big Fish","floor":4,"gold_loss":0,"cards_obtained":["Regret"]},{"cards_removed":["Regret"],"damage_healed":0,"gold_gain":0,"player_choice":"Card Removal","damage_taken":7,"max_hp_gain":0,"max_hp_loss":0,"event_name":"Golden Wing","floor":5,"gold_loss":0},{"damage_healed":0,"gold_gain":175,"player_choice":"AGREE","damage_taken":0,"max_hp_gain":0,"max_hp_loss":0,"event_name":"Liars Game","floor":11,"gold_loss":0,"cards_obtained":["Doubt"]},{"damage_healed":0,"gold_gain":0,"player_choice":"Ignored","damage_taken":0,"max_hp_gain":0,"max_hp_loss":0,"event_name":"Vampires","floor":19,"gold_loss":0},{"damage_healed":0,"gold_gain":0,"player_choice":"Relic","damage_taken":0,"max_hp_gain":0,"max_hp_loss":0,"event_name":"Wheel of Change","floor":21,"gold_loss":0},{"damage_healed":0,"gold_gain":0,"player_choice":"Simplicity","damage_taken":0,"max_hp_gain":0,"max_hp_loss":0,"event_name":"Back to Basics","floor":25,"gold_loss":0,"cards_upgraded":["Strike_B","Strike_B","Strike_B","Strike_B","Defend_B","Defend_B"]}],"is_beta":false,"boss_relics":[{"not_picked":["Ectoplasm","Sozu"],"picked":"Velvet Choker"}],"items_purged_floors":[12],"is_endless":false,"potions_floor_spawned":[1,10,18,23],"killed_by":"Book of Stabbing","ascension_level":9}}