{"host":"cv77zuuuekizn3ic","time":1610105265,"event":{"mods":["AchievementEnabler","BaseMod","Marisa£®ÏF”Í°°ƒß¿Ì…≥£©","Minty Spire (QoL Compilation)","StSLib","Waifu the Spire","everything is the same but u backflip on backflip","slay the spire mod where everything is the same but ironclad has a cowboy hat"],"gold_per_floor":[119,119,119,119,194,226,226,237,237,237,249,267,279,305,305,379,379,389,156,156,81,96,131,131,131,154,154,154],"floor_reached":27,"playtime":944,"items_purged":["Strike_R"],"score":528,"play_id":"aab7515e-e61d-462b-80a3-4e0ce83cf0b0","local_time":"20210108192745","is_ascension_mode":true,"campfire_choices":[{"data":"Body Slam","floor":7.0,"key":"SMITH"},{"data":"Armaments","floor":10.0,"key":"SMITH"},{"data":"Barricade","floor":15.0,"key":"SMITH"},{"data":"Second Wind","floor":25,"key":"SMITH"}],"circlet_count":0,"master_deck":["AscendersBane","Strike_R","Strike_R","Defend_R","Defend_R","Defend_R","Bash","Thunderclap","Barricade+1","Body Slam+1","Armaments+1","Pommel Strike","Shrug It Off","Immolate","Juggernaut","True Grit","Flame Barrier","Shockwave","Second Wind+1"],"relics":["Burning Blood","NeowsBlessing","Mango","Toy Ornithopter","Pantograph","Prayer Wheel","Mark of Pain","Centennial Puzzle","MutagenicStrength","Smiling Mask","Orichalcum"],"acts_visited":["Exordium","TheCity"],"potions_floor_usage":[23],"damage_taken":[{"damage":0.0,"enemies":"Small Slimes","floor":1.0,"turns":1.0},{"damage":0.0,"enemies":"Gremlin Nob","floor":6.0,"turns":1.0},{"damage":0.0,"enemies":"Jaw Worm","floor":8.0,"turns":1.0},{"damage":9.0,"enemies":"2 Louse","floor":11.0,"turns":2.0},{"damage":7.0,"enemies":"Looter","floor":12.0,"turns":3.0},{"damage":22.0,"enemies":"Exordium Wildlife","floor":13.0,"turns":5.0},{"damage":12.0,"enemies":"Lagavulin","floor":14.0,"turns":10.0},{"damage":32.0,"enemies":"Slime Boss","floor":16.0,"turns":8.0},{"damage":0.0,"enemies":"2 Thieves","floor":18.0,"turns":2.0},{"damage":28.0,"enemies":"3 Byrds","floor":22.0,"turns":4.0},{"damage":27,"enemies":"Slavers","floor":23,"turns":4},{"damage":48,"enemies":"Book of Stabbing","floor":27,"turns":6}],"seed_played":"3731243591721797063","potions_obtained":[{"floor":11.0,"key":"DuplicationPotion"},{"floor":12.0,"key":"ElixirPotion"}],"is_trial":false,"path_per_floor":["M","?","?","?","?","E","R","M","T","R","M","M","M","E","R","B",null,"M","$","?","?","M","E","?","R","T","E"],"character_chosen":"IRONCLAD","items_purchased":["Centennial Puzzle"],"campfire_rested":0,"item_purchase_floors":[19],"current_hp_per_floor":[74,74,67,46,35,41,41,47,47,47,44,43,27,21,21,20,72,83,83,83,83,61,45,45,45,45,0,0],"gold":154,"neow_bonus":"THREE_ENEMY_KILL","is_daily":false,"chose_seed":false,"campfire_upgraded":4,"win_rate":0.0,"timestamp":1610105265,"path_taken":["M","?","?","?","?","E","R","M","T","R","M","M","M","E","R","BOSS","M","$","?","?","M","E","?","R","T","E"],"items_purchased_type":["Relic"],"build_version":"2020-12-22","purchased_purges":1,"victory":false,"max_hp_per_floor":[75,75,75,89,89,89,89,89,89,89,89,89,89,89,89,89,89,89,89,89,89,89,89,89,89,89,89,89],"card_choices":[{"not_picked":["Twin Strike","Iron Wave"],"picked":"Thunderclap","floor":1.0},{"not_picked":["Whirlwind","Perfected Strike"],"picked":"Body Slam","floor":6.0},{"not_picked":["Iron Wave","Warcry"],"picked":"Armaments","floor":8.0},{"not_picked":["Warcry","Heavy Blade"],"picked":"Pommel Strike","floor":11.0},{"not_picked":["Rupture","Blood for Blood"],"picked":"Shrug It Off","floor":12.0},{"not_picked":["Burning Pact","Clothesline"],"picked":"Immolate","floor":13.0},{"not_picked":["Headbutt","Barricade","Heavy Blade"],"picked":"SKIP","floor":14.0},{"not_picked":["Double Tap","Immolate"],"picked":"Juggernaut","floor":16.0},{"not_picked":["Rage","Iron Wave","Uppercut"],"picked":"SKIP","floor":18.0},{"not_picked":["Entrench","Twin Strike","Iron Wave"],"picked":"SKIP","floor":18.0},{"not_picked":["Ghostly Armor","Cleave"],"picked":"True Grit","floor":22.0},{"not_picked":["Rupture","Anger"],"picked":"Flame Barrier","floor":22.0},{"not_picked":["Fire Breathing","Havoc"],"picked":"Shockwave","floor":23}],"player_experience":788201,"relics_obtained":[{"floor":6.0,"key":"Toy Ornithopter"},{"floor":9.0,"key":"Pantograph"},{"floor":14.0,"key":"Prayer Wheel"},{"floor":23,"key":"Smiling Mask"},{"floor":26,"key":"Orichalcum"}],"event_choices":[{"damage_healed":0.0,"max_hp_gain":0.0,"max_hp_loss":0.0,"gold_gain":0.0,"cards_transformed":["Defend_R"],"event_name":"Living Wall","player_choice":"Change","floor":2.0,"gold_loss":0.0,"damage_taken":0.0,"cards_obtained":["Barricade"]},{"cards_removed":["Strike_R"],"damage_healed":0.0,"max_hp_gain":0.0,"max_hp_loss":0.0,"gold_gain":0.0,"event_name":"Golden Wing","player_choice":"Card Removal","floor":3.0,"gold_loss":0.0,"damage_taken":7.0},{"damage_healed":0.0,"max_hp_gain":0.0,"max_hp_loss":0.0,"gold_gain":0.0,"event_name":"Scrap Ooze","player_choice":"Success","floor":4.0,"gold_loss":0.0,"damage_taken":35.0,"relics_obtained":["Mango"]},{"damage_healed":0.0,"max_hp_gain":0.0,"max_hp_loss":0.0,"gold_gain":75.0,"event_name":"World of Goop","player_choice":"Gather Gold","floor":5.0,"gold_loss":0.0,"damage_taken":11.0},{"damage_healed":0.0,"max_hp_gain":0.0,"max_hp_loss":0.0,"gold_gain":0.0,"event_name":"Drug Dealer","player_choice":"Inject Mutagens","floor":20.0,"gold_loss":0.0,"damage_taken":0.0,"relics_obtained":["MutagenicStrength"]},{"cards_removed":["Strike_R"],"damage_healed":0.0,"max_hp_gain":0.0,"max_hp_loss":0.0,"gold_gain":0.0,"event_name":"Beggar","player_choice":"Gave Gold","floor":21.0,"gold_loss":75.0,"damage_taken":0.0},{"damage_healed":0,"gold_gain":0,"player_choice":"Read","damage_taken":0,"max_hp_gain":0,"max_hp_loss":0,"event_name":"The Library","floor":24,"gold_loss":0,"cards_obtained":["Second Wind"]}],"is_beta":false,"boss_relics":[{"not_picked":["Calling Bell","Velvet Choker"],"picked":"Mark of Pain"}],"items_purged_floors":[19],"is_endless":false,"potions_floor_spawned":[11,12,16],"killed_by":"Book of Stabbing","ascension_level":20}}