{"host":"rqgzkpsifhykr0rp","time":1610075819,"event":{"mods":["BaseMod","Colored Map","Downfall","Minty Spire (QoL Compilation)","StSLib"],"gold_per_floor":[0,10,21,37,37,37,84,69,4,4,0,27,47,59,77,176,176,26,46,62,79,79,79,79,14,34,34,34,34],"floor_reached":27,"playtime":3011,"items_purged":[],"score":301,"play_id":"34fb7b0e-6754-400e-b2d2-873e11a9200e","local_time":"20210107221659","is_ascension_mode":true,"campfire_choices":[{"data":"Slimebound:Split","floor":1,"key":"SMITH"},{"floor":6,"key":"RECALL"},{"data":"Slimebound:GrowthPunch","floor":10,"key":"SMITH"},{"data":"Slimebound:GrowthPunch","floor":18,"key":"SMITH"},{"data":"Slimebound:Overexert","floor":23,"key":"SMITH"}],"circlet_count":0,"master_deck":["Slimebound:Strike_Slimebound","Slimebound:Strike_Slimebound","Slimebound:Defend_Slimebound","Slimebound:Defend_Slimebound","Slimebound:Split+1","Slimebound:CorrosiveSpit","Slimebound:Recollect","Slimebound:WasteNot","Slimebound:GrowthPunch+1","Pain","Slimebound:SpikyOuterGoop","Slimebound:GrowthPunch+1","Slimebound:AcidTongue","Slimebound:Teamwork","Slimebound:Recollect","Slimebound:SpikyOuterGoop","Slimebound:Teamwork","Slimebound:SlimeSpikes+1","Slimebound:SplitLeeching","Slimebound:Overexert+1","Slimebound:Teamwork","Slimebound:MassRepurpose","Slimebound:PressTheAttack","Slimebound:LeadByExample+1"],"relics":["Slimebound:AbsorbEndCombat","WarpedTongs","Potion Belt","Coffee Dripper","downfall:HeartBlessingRed","downfall:HeartBlessingBlue","Mummified Hand"],"acts_visited":["Exordium","TheCity"],"potions_floor_usage":[8,9,13,16,16,21,27,27],"damage_taken":[{"damage":22,"enemies":"Small Slimes","floor":2,"turns":5},{"damage":16,"enemies":"Cultist","floor":3,"turns":3},{"damage":16,"enemies":"Jaw Worm","floor":4,"turns":3},{"damage":26,"enemies":"downfall:FleeingMerchant","floor":8,"turns":4},{"damage":32,"enemies":"downfall:FleeingMerchant","floor":9,"turns":4},{"damage":23,"enemies":"downfall:FleeingMerchant","floor":11,"turns":4},{"damage":24,"enemies":"Lagavulin","floor":12,"turns":7},{"damage":27,"enemies":"Exordium Thugs","floor":13,"turns":5},{"damage":33,"enemies":"2 Fungi Beasts","floor":14,"turns":5},{"damage":21,"enemies":"3 Louse","floor":15,"turns":2},{"damage":69,"enemies":"downfall:Ironclad","floor":16,"turns":9},{"damage":42,"enemies":"Chosen","floor":19,"turns":7},{"damage":49,"enemies":"Spheric Guardian","floor":20,"turns":10},{"damage":25,"enemies":"3 Cultists","floor":21,"turns":5},{"damage":33,"enemies":"downfall:FleeingMerchant","floor":25,"turns":4},{"damage":61,"enemies":"Centurion and Healer","floor":26,"turns":8},{"damage":65,"enemies":"Gremlin Leader","floor":27,"turns":4}],"seed_played":"8087448893544108939","potions_obtained":[{"floor":3,"key":"Swift Potion"},{"floor":4,"key":"AttackPotion"},{"floor":12,"key":"Energy Potion"},{"floor":13,"key":"CultistPotion"},{"floor":14,"key":"Fruit Juice"},{"floor":16,"key":"SteroidPotion"},{"floor":20,"key":"hexamod:EctoCoolerPotion"},{"floor":21,"key":"Fire Potion"}],"is_trial":false,"path_per_floor":["R","M","M","M","?","R","T","$","$","R","$","E","M","M","M","B",null,"R","M","M","M","?","R","T","$","M","E"],"character_chosen":"SLIMEBOUND","items_purchased":["Fire Potion","Slimebound:PressTheAttack"],"campfire_rested":0,"item_purchase_floors":[9,25],"current_hp_per_floor":[60,56,58,60,60,60,60,52,52,52,51,53,48,35,30,27,60,70,66,47,42,42,42,42,43,30,0,0,0],"gold":34,"neow_bonus":"TRANSFORM_TWO_CARDS","is_daily":false,"chose_seed":false,"campfire_upgraded":4,"win_rate":0.0,"timestamp":1610075819,"path_taken":["R","M","M","M","?","R","T","?","$","R","$","E","M","?","M","BOSS","R","M","M","M","?","R","T","$","M","E"],"items_purchased_type":["Potion","Card"],"build_version":"2020-12-22","purchased_purges":0,"victory":false,"max_hp_per_floor":[60,60,60,60,60,60,60,60,60,60,60,60,60,60,60,60,60,70,70,70,70,70,70,70,70,70,75,75,75],"card_choices":[{"not_picked":["Slimebound:ComboTackle","Slimebound:TongueLash"],"picked":"Slimebound:GrowthPunch","floor":2},{"not_picked":["Slimebound:ViciousTackle","Slimebound:Schlurp","Slimebound:ServeAndProtect"],"picked":"SKIP","floor":3},{"not_picked":["Slimebound:BestDefense","Slimebound:Nibble","Slimebound:LeechingTouch"],"picked":"SKIP","floor":4},{"not_picked":["Slimebound:RallyTheTroops","Slimebound:Schlurp"],"picked":"Slimebound:SpikyOuterGoop","floor":8},{"not_picked":["Slimebound:SplitMire","Slimebound:SlimeSpikes"],"picked":"Slimebound:GrowthPunch","floor":9},{"not_picked":["Slimebound:RollThrough","Slimebound:SplitLeeching"],"picked":"Slimebound:AcidTongue","floor":11},{"not_picked":["Slimebound:RainOfGoop","Slimebound:ProtectTheBoss"],"picked":"Slimebound:Teamwork","floor":12},{"not_picked":["Slimebound:Schlurp","Slimebound:ServeAndProtect","Slimebound:Dissolve"],"picked":"SKIP","floor":13},{"not_picked":["Slimebound:LeechingTouch","Slimebound:LeadByExample"],"picked":"Slimebound:Recollect","floor":14},{"not_picked":["Slimebound:SplitBruiser","Slimebound:SlimeSpikes"],"picked":"Slimebound:SpikyOuterGoop","floor":15},{"not_picked":["Slimebound:PrepareCrush","Slimebound:TagTeam"],"picked":"Slimebound:Teamwork","floor":16},{"not_picked":["Slimebound:ComboTackle","Slimebound:FinishingTackle+1"],"picked":"Slimebound:SlimeSpikes+1","floor":19},{"not_picked":["Slimebound:SamplingLick+1","Slimebound:ComboTackle"],"picked":"Slimebound:SplitLeeching","floor":20},{"not_picked":["Slimebound:RollThrough","Slimebound:Dissolve","Slimebound:FinishingTackle"],"picked":"SKIP","floor":21},{"not_picked":["Slimebound:HauntingLick","Slimebound:SlimeBrawl"],"picked":"Slimebound:MassRepurpose","floor":25},{"not_picked":["Slimebound:SplitAcid+1","Slimebound:SplitLeeching"],"picked":"Slimebound:LeadByExample+1","floor":26}],"player_experience":329233,"relics_obtained":[{"floor":12,"key":"Potion Belt"},{"floor":24,"key":"Mummified Hand"}],"event_choices":[{"damage_healed":0,"gold_gain":0,"player_choice":"Rummage","damage_taken":0,"relics_obtained":["WarpedTongs"],"max_hp_gain":0,"max_hp_loss":0,"event_name":"Accursed Blacksmith","floor":5,"gold_loss":0,"cards_obtained":["Pain"]},{"damage_healed":0,"gold_gain":0,"cards_transformed":["Slimebound:Defend_Slimebound","Slimebound:Defend_Slimebound"],"player_choice":"Became Test Subject","damage_taken":0,"max_hp_gain":0,"max_hp_loss":0,"event_name":"Drug Dealer","floor":22,"gold_loss":0,"cards_obtained":["Slimebound:Overexert","Slimebound:Teamwork"]}],"is_beta":false,"boss_relics":[{"not_picked":["Cursed Key","Black Star"],"picked":"Coffee Dripper"}],"items_purged_floors":[],"is_endless":false,"potions_floor_spawned":[3,4,12,13,14,16,20,21],"killed_by":"Gremlin Leader","ascension_level":3}}