{"host":"i9h64q9gphvrup4n","time":1610147295,"event":{"mods":["2.2 Compatiblity","AchievementEnabler","Aspiration","Astrologer","Bard","BaseMod","Beaked The Cultist","BetterRewards","Colored Powertips","Conspire","Downfall","Gremlin Mod","Hermit","Hubris","Infinite Spire","Jorbs\u0027s Wanderer Trilogy","Minty Spire (QoL Compilation)","Replay The Spire","Shop Mod","StSLib","SuperFastMode","The Blackbeard","The Bladedancer","The Bug Knight","The Construct","The Cursed","The Disciple","The Hierophant","The Jungle","The Necromancer","The Runesmith","The Wild Card","slay the spire mod where everything is the same but ironclad has a cowboy hat","vexMod"],"gold_per_floor":[99,115,128,128,128,163,188,217,217,242,252,267,117,102,122,223,223,148,160,160,174,174,274,299,317,336,336,361,376,387,29,49,151,151,151,162,180,41,41,41,67,67,95,124,167,191,216,218,241,255],"floor_reached":51,"playtime":3199,"items_purged":[],"score":877,"play_id":"2efd0e62-f515-4784-8cda-bfca88751ace","local_time":"20210108170815","is_ascension_mode":true,"campfire_choices":[{"data":"Slimebound:Overexert","floor":1,"key":"SMITH"},{"floor":13,"key":"RECALL"},{"floor":27,"key":"REST"},{"floor":42,"key":"REST"}],"circlet_count":0,"master_deck":["Slimebound:Strike_Slimebound","Slimebound:Strike_Slimebound","Slimebound:Defend_Slimebound","Slimebound:Defend_Slimebound","Slimebound:Defend_Slimebound","Slimebound:Defend_Slimebound","Slimebound:Split","Slimebound:CorrosiveSpit","Slimebound:Overexert+1","Slimebound:GrowthPunch","Slimebound:LeechEnergy","Slimebound:SplitAcid","Slimebound:Teamwork","Slimebound:SplitAcid","Slimebound:SplitMire","Slimebound:SplitMire","Slimebound:Gluttony","Slimebound:ProtectTheBoss","Slimebound:MassFeed","Slimebound:PressTheAttack","Slimebound:FirmFortitude+1","Slimebound:Schlurp","Slimebound:LeechingTouch","Slimebound:Schlurp+1","Slimebound:SplitAcid+1","Slimebound:RainOfGoop","Slimebound:GrowthPunch","Slimebound:SlimeBarrage","Slimebound:AcidTongue","Slimebound:SplitAcid","Slimebound:LeechLife","Slimebound:RejuvenatingLick+1","Slimebound:HauntingLick","Slimebound:Schlurp+1","Slimebound:AcidTongue+1","Slimebound:TongueLash","Slimebound:LeechLife","Slimebound:SplitAcid","Slimebound:LevelUp+1","Slimebound:MegaLick","infinitespire:Punishment","Slimebound:LeechEnergy+1"],"relics":["Slimebound:AbsorbEndCombat","Runesmith:Nanobots","InkBottle","infinitespire:Beetle Shell","Gremlin Horn","aspiration:HatOfInfinitePower","downfall:HeartBlessingBlue","downfall:HeartBlessingGreen","Black Star","downfall:HeartBlessingRed","construct:FoamFinger","Enchiridion","Ancient Tea Set","Lizard Tail","infinitespire:Broken Mirror","Replay:Ringing Soul","Replay:Mystery Machine","infinitespire:Midas Blood","Omamori","ReplayTheSpireMod:Shallot"],"acts_visited":["Exordium","TheCity","TheBeyond"],"potions_floor_usage":[21,29,33,33,33,45,50,50],"damage_taken":[{"damage":14,"enemies":"Jaw Worm","floor":2,"turns":4},{"damage":4,"enemies":"Small Slimes","floor":3,"turns":3},{"damage":30,"enemies":"Gremlin Nob","floor":6,"turns":4},{"damage":14,"enemies":"conspire:MimicChest","floor":8,"turns":5},{"damage":14,"enemies":"Replay:BlueRogue","floor":10,"turns":6},{"damage":8,"enemies":"2 Louse","floor":11,"turns":2},{"damage":8,"enemies":"Blue Slaver","floor":12,"turns":3},{"damage":17,"enemies":"downfall:FleeingMerchant","floor":14,"turns":4},{"damage":18,"enemies":"Red Slaver","floor":15,"turns":3},{"damage":49,"enemies":"downfall:Silent","floor":16,"turns":8},{"damage":55,"enemies":"conspire:FuzzyDice","floor":19,"turns":4},{"damage":21,"enemies":"Shell Parasite","floor":21,"turns":3},{"damage":28,"enemies":"conspire:HollyBat","floor":25,"turns":8},{"damage":35,"enemies":"3 Cultists","floor":26,"turns":3},{"damage":32,"enemies":"Book of Stabbing","floor":28,"turns":5},{"damage":59,"enemies":"Shelled Parasite and Fungi","floor":29,"turns":5},{"damage":8,"enemies":"Snake Plant","floor":30,"turns":2},{"damage":11,"enemies":"downfall:FleeingMerchant","floor":31,"turns":4},{"damage":30,"enemies":"Snecko","floor":32,"turns":4},{"damage":64,"enemies":"downfall:Defect","floor":33,"turns":9},{"damage":4,"enemies":"3 Shapes","floor":36,"turns":3},{"damage":86,"enemies":"3 Darklings","floor":37,"turns":5},{"damage":20,"enemies":"downfall:FleeingMerchant","floor":38,"turns":4},{"damage":162,"enemies":"Giant Head","floor":43,"turns":10},{"damage":51,"enemies":"Writhing Mass","floor":44,"turns":5},{"damage":73,"enemies":"Nemesis","floor":45,"turns":6},{"damage":32,"enemies":"Sphere and 2 Shapes","floor":46,"turns":4},{"damage":45,"enemies":"3 Darklings","floor":47,"turns":5},{"damage":31,"enemies":"Spire Growth","floor":49,"turns":5},{"damage":50,"enemies":"downfall:Watcher","floor":50,"turns":9}],"seed_played":"-7441951162478996197","potions_obtained":[{"floor":2,"key":"Languid Potion"},{"floor":3,"key":"FearPotion"},{"floor":12,"key":"Strength Potion"},{"floor":21,"key":"Languid Potion"},{"floor":25,"key":"AttackPotion"},{"floor":30,"key":"LifebloodPotion"},{"floor":44,"key":"Energy Potion"},{"floor":45,"key":"BlessingOfTheForge"},{"floor":47,"key":"LiquidMemories"},{"floor":49,"key":"Dexterity Potion"}],"is_trial":false,"path_per_floor":["R","M","M","?","?","E","T","?","?","E","M","M","R","$","M","B",null,"R","M","?","M","?","?","T","M","M","R","E","M","M","$","M","B",null,"R","M","M","$","?","?","T","R","E","M","E","M","M","?","M","B",null],"character_chosen":"SLIMEBOUND","items_purchased":["Replay:Ringing Soul","Slimebound:SlimeBarrage","Slimebound:AcidTongue","Slimebound:AcidTongue+1","Slimebound:TongueLash"],"campfire_rested":2,"item_purchase_floors":[31,31,31,38,38],"current_hp_per_floor":[42,36,40,40,40,22,22,28,28,30,34,38,48,59,65,68,70,70,46,30,32,32,32,32,32,28,49,48,32,36,56,53,43,91,91,94,58,63,66,66,66,97,75,98,54,55,60,34,42,30],"gold":255,"neow_bonus":"THREE_RARE_CARDS","is_daily":false,"chose_seed":false,"campfire_upgraded":1,"win_rate":0.0,"timestamp":1610147295,"path_taken":["R","M","M","?","?","E","T","?","?","E","M","?","R","$","M","BOSS","R","M","?","M","?","?","T","M","M","R","E","M","M","$","M","BOSS","R","M","M","?","?","?","T","R","E","?","E","M","M","?","M","BOSS"],"items_purchased_type":["Relic","Card","Card","Card","Card"],"build_version":"2020-12-22","purchased_purges":0,"victory":true,"max_hp_per_floor":[60,60,60,60,60,60,60,60,60,60,60,60,70,70,70,70,70,70,70,70,73,73,73,73,73,73,73,76,79,79,82,85,91,91,91,94,100,103,106,106,106,106,112,112,115,118,121,124,127,127],"card_choices":[{"not_picked":["Slimebound:PrepareCrush","Slimebound:MassRepurpose"],"picked":"Slimebound:Overexert","floor":0},{"not_picked":["Slimebound:SlimeSpikes","Slimebound:ComboTackle"],"picked":"Slimebound:GrowthPunch","floor":2},{"not_picked":["Slimebound:LivingWall","Slimebound:SlimeBrawl"],"picked":"Slimebound:LeechEnergy","floor":3},{"not_picked":["Slimebound:SlimeSpikes","Slimebound:HauntingLick"],"picked":"Slimebound:SplitAcid","floor":6},{"not_picked":["Slimebound:SlimeSpikes","Slimebound:ItLooksTasty"],"picked":"Slimebound:Teamwork","floor":8},{"not_picked":["Slimebound:ItLooksTasty","Slimebound:SamplingLick"],"picked":"Slimebound:SplitAcid","floor":10},{"not_picked":["Slimebound:RollThrough","Slimebound:Dissolve"],"picked":"Slimebound:SplitMire","floor":11},{"not_picked":["Slimebound:SlimeTap","Slimebound:SamplingLick"],"picked":"Slimebound:SplitMire","floor":12},{"not_picked":["Slimebound:RollThrough","Slimebound:BestDefense"],"picked":"Slimebound:Gluttony","floor":14},{"not_picked":["Slimebound:RollThrough","Slimebound:SamplingLick"],"picked":"Slimebound:ProtectTheBoss","floor":15},{"not_picked":["Slimebound:OozeBath","Slimebound:CheckThePlaybook"],"picked":"Slimebound:MassFeed","floor":16},{"not_picked":["Slimebound:LeechingTouch","Slimebound:SplitLeeching"],"picked":"Slimebound:PressTheAttack","floor":19},{"not_picked":["Slimebound:ComboTackle+1","Slimebound:SplitAcid"],"picked":"Slimebound:FirmFortitude","floor":21},{"not_picked":["Slimebound:SlimeSpikes","Slimebound:ComboTackle+1"],"picked":"Slimebound:Schlurp","floor":25},{"not_picked":["Slimebound:SlimeSpikes+1","Slimebound:BestDefense"],"picked":"Slimebound:LeechingTouch","floor":26},{"not_picked":["Slimebound:RollThrough","Slimebound:FirmFortitude"],"picked":"Slimebound:Schlurp+1","floor":28},{"not_picked":["Slimebound:Chomp","Slimebound:Equalize"],"picked":"Slimebound:SplitAcid+1","floor":29},{"not_picked":["Slimebound:Grow+1","Slimebound:PressTheAttack"],"picked":"Slimebound:RainOfGoop","floor":30},{"not_picked":["Slimebound:DisruptingSlam","Slimebound:Chomp+1"],"picked":"Slimebound:GrowthPunch","floor":31},{"not_picked":["Slimebound:FinishingTackle","Slimebound:SlimeTap"],"picked":"Slimebound:SplitAcid","floor":32},{"not_picked":["Slimebound:RallyTheTroops","Slimebound:DuplicatedForm"],"picked":"Slimebound:LeechLife","floor":33},{"not_picked":["Slimebound:RollThrough","Slimebound:GoopSpray+1"],"picked":"Slimebound:RejuvenatingLick+1","floor":36},{"not_picked":["Slimebound:ForwardTackle+1","Slimebound:PressTheAttack"],"picked":"Slimebound:HauntingLick","floor":37},{"not_picked":["Slimebound:Replication","Slimebound:LeechingTouch"],"picked":"Slimebound:Schlurp+1","floor":38},{"not_picked":["Slimebound:SlimeSpikes","Slimebound:Gluttony+1"],"picked":"Slimebound:LeechLife","floor":43},{"not_picked":["Slimebound:ViciousTackle+1","Slimebound:RollThrough","Slimebound:ComboTackle+1"],"picked":"SKIP","floor":44},{"not_picked":["Slimebound:RollThrough+1","Slimebound:CheckThePlaybook"],"picked":"Slimebound:SplitAcid","floor":45},{"not_picked":["Slimebound:SamplingLick+1","Slimebound:RollThrough+1"],"picked":"Slimebound:LevelUp+1","floor":46},{"not_picked":["Slimebound:GrowthPunch","Slimebound:GoopSpray+1"],"picked":"Slimebound:MegaLick","floor":47},{"not_picked":["infinitespire:Oblivion","infinitespire:Fortify"],"picked":"infinitespire:Punishment","floor":48},{"not_picked":["Slimebound:DisruptingSlam","Slimebound:LeechingTouch"],"picked":"Slimebound:LeechEnergy+1","floor":49}],"player_experience":701999,"relics_obtained":[{"floor":5,"key":"Runesmith:Nanobots"},{"floor":6,"key":"InkBottle"},{"floor":8,"key":"infinitespire:Beetle Shell"},{"floor":10,"key":"aspiration:HatOfInfinitePower"},{"floor":18,"key":"construct:FoamFinger"},{"floor":20,"key":"Enchiridion"},{"floor":24,"key":"Ancient Tea Set"},{"floor":28,"key":"Lizard Tail"},{"floor":28,"key":"infinitespire:Broken Mirror"},{"floor":41,"key":"Replay:Mystery Machine"},{"floor":43,"key":"infinitespire:Midas Blood"},{"floor":43,"key":"Omamori"},{"floor":45,"key":"ReplayTheSpireMod:Shallot"}],"event_choices":[{"damage_healed":0,"gold_gain":0,"player_choice":"Relic","damage_taken":0,"max_hp_gain":0,"max_hp_loss":0,"event_name":"Wheel of Change","floor":18,"gold_loss":0},{"cards_removed":["Slimebound:Tackle"],"damage_healed":0,"gold_gain":0,"player_choice":"Purged","damage_taken":0,"max_hp_gain":0,"max_hp_loss":0,"event_name":"Purifier","floor":40,"gold_loss":0}],"is_beta":false,"boss_relics":[{"not_picked":["SlaversCollar","Replay:Grab Bag"],"picked":"Black Star"},{"not_picked":["Snecko Eye","Velvet Choker","infinitespire:Cupcake"]}],"items_purged_floors":[],"is_endless":false,"potions_floor_spawned":[2,3,12,15,21,25,30,44,45,47,49],"ascension_level":1}}