{"host":"8ohk72e3leaymhq4","time":1610098814,"event":{"mods":["ATMod(阿瑾Mod)","Act Like it!","BaseMod","BetterRewards","Colored Powertips","Downfall","Hallownest","Hunter 猎人","Infinite Spire","LagranYue(拉格朗・月)","Lobotomy","LobotomyExtend","Marisa（F雨　魔理沙）","Mimic Mod","Minty Spire (QoL Compilation)","Nova Terra(诺娃・泰拉)","Relic Stats","Remilia（蕾米莉亚）","Replay The Spire","Reworked Bosses","Shop Mod","Spicy Shops","StSLib","Td1madao Mod","The Administrix","The Bug Knight","WarShipGirlsR/战舰少女R mod","Youmu（魂魄妖梦）","Yuri Mod","[IsaacMod]以撒尖塔","【遗物卡牌】REMEMod","篝火指南"],"gold_per_floor":[114,126,301,313,323,323,323],"floor_reached":6,"playtime":781,"items_purged":[],"score":38,"play_id":"c844b8d0-edcb-4aba-84d3-6a4487a2c2a1","local_time":"20210108174014","is_ascension_mode":false,"campfire_choices":[],"circlet_count":0,"master_deck":["HollowMod:NailStrikeStart","HollowMod:NailStrikeStart","HollowMod:NailStrikeStart","HollowMod:NailStrikeStart","HollowMod:QuickDashStart","HollowMod:QuickDashStart","HollowMod:QuickDashStart","HollowMod:QuickDashStart","HollowMod:FocusHealStart","HollowMod:PogoStrike","AT_FamilyPortrait","CrumblingArmor","HollowMod:LifebloodCocoon","UniverseFragment","HollowMod:FallenFury","Doubt","OldLady","HollowMod:SiblingsSouls","PunishingBird","HollowMod:CornifersMapStart"],"relics":["HollowMod:VesselMask","HushsDoor","REME_ComplimentaryCards","AT_ATBox","PillsDrop","LagranYue:RandomDrawCardRelic","CogitoBucket","LetterFromLob"],"acts_visited":["Exordium"],"potions_floor_usage":[],"damage_taken":[{"damage":6,"enemies":"Jaw Worm","floor":1,"turns":3},{"damage":12,"enemies":"infinitespire:Voidling","floor":2,"turns":6},{"damage":8,"enemies":"Small Slimes","floor":4,"turns":3},{"damage":5,"enemies":"2 Fungi Beasts","floor":5,"turns":3},{"damage":100,"enemies":"Gremlin Nob","floor":6,"turns":1}],"seed_played":"-8393454113651017755","potions_obtained":[{"floor":1,"key":"DistilledChaos"},{"floor":2,"key":"DuplicationPotion"},{"floor":5,"key":"GamblersBrew"}],"is_trial":false,"path_per_floor":["M","M","?","M","M","E"],"character_chosen":"THE_BUGKNIGHT","items_purchased":[],"campfire_rested":0,"item_purchase_floors":[],"current_hp_per_floor":[75,63,63,58,53,0,0],"gold":323,"neow_bonus":"","is_daily":false,"chose_seed":false,"campfire_upgraded":0,"win_rate":0.0,"timestamp":1610098814,"path_taken":["M","M","?","?","M","E"],"items_purchased_type":[],"build_version":"2020-12-22","purchased_purges":0,"victory":false,"max_hp_per_floor":[75,75,75,78,78,78,78],"relic_stats":{"counters":[5,16],"obtain_stats":[{"KeepersGift":0,"CogitoBucket":0,"AT_ATBox":0,"LagranYue:RandomDrawCardRelic":0,"PillsDrop":0,"HollowMod:VesselMask":0,"LetterFromLob":1,"HushsDoor":0,"REME_ComplimentaryCards":0},{"KeepersGift":0,"CogitoBucket":0,"AT_ATBox":0,"LagranYue:RandomDrawCardRelic":0,"PillsDrop":0,"HollowMod:VesselMask":0,"LetterFromLob":1,"HushsDoor":0,"REME_ComplimentaryCards":0},{"KeepersGift":0,"CogitoBucket":0,"AT_ATBox":0,"LagranYue:RandomDrawCardRelic":0,"PillsDrop":0,"HollowMod:VesselMask":0,"LetterFromLob":3,"HushsDoor":0,"REME_ComplimentaryCards":0}]},"card_choices":[{"not_picked":["Scorched","Woodsman"],"picked":"CrumblingArmor","floor":1},{"not_picked":["HollowMod:ShapeofUnn","HollowMod:CoiledNail"],"picked":"HollowMod:LifebloodCocoon","floor":1},{"not_picked":["Scorched","Rudolta"],"picked":"UniverseFragment","floor":2},{"not_picked":["HollowMod:CornifersMapStart","HollowMod:SiblingsSouls"],"picked":"HollowMod:FallenFury","floor":2},{"not_picked":["Woodsman","CherryBlossoms"],"picked":"OldLady","floor":4},{"not_picked":["HollowMod:SharpenedShadows","HollowMod:TaintedHusks"],"picked":"HollowMod:SiblingsSouls","floor":4},{"not_picked":["Murderer","SpiderBud"],"picked":"PunishingBird","floor":5},{"not_picked":["HollowMod:GoodIntentions","HollowMod:SoulEater"],"picked":"HollowMod:CornifersMapStart","floor":5}],"player_experience":27251,"relics_obtained":[{"floor":1,"key":"LetterFromLob"}],"event_choices":[{"damage_healed":0,"gold_gain":175,"player_choice":"AGREE","damage_taken":0,"max_hp_gain":0,"max_hp_loss":0,"event_name":"Liars Game","floor":3,"gold_loss":0,"cards_obtained":["Doubt"]}],"is_beta":false,"boss_relics":[],"items_purged_floors":[],"is_endless":false,"potions_floor_spawned":[1,2,5],"killed_by":"Gremlin Nob","ascension_level":0}}