{"host":"sgwqwgbtco1nn2mb","time":1610124420,"event":{"mods":["ATMod(°¢èªMod)","BaseMod","Hermit","KinomotoSakuraMod(Ä¾Ö®±¾Ó£)","Marisa£¨ìFÓê¡¡Ä§ÀíÉ³£©","Minty Spire (QoL Compilation)","MostiFishMod","Quick Restart","Replay The Spire","RumiaBox-Â¶Ã×æ«µÄÉñÃØºÐ×Ó","StSLib","The Marked","vexMod","¡¾¹¦ÄÜMod¡¿»ìãçÖ®»·ÐÞ¸´²¹¶¡","¡¾ÒÅÎï¿¨ÅÆ¡¿REMEMod"],"gold_per_floor":[109,127,137,137,155,185,185,220,220,220,395,395,415,86,86,190,190,203,203,217,142,142,142,169,169,169,204,216,232,251,267,267,363,363,381,730,745,763,738,768,778,811,811,828,838,798,829,841,841,841],"floor_reached":51,"playtime":2365,"items_purged":["ClowCardTheSword+1"],"score":1370,"play_id":"5938ac8f-6a5c-43d5-a1d4-92480c5ccb39","local_time":"20210109004700","is_ascension_mode":true,"campfire_choices":[{"data":"ClowCardTheVoice","floor":7,"key":"SMITH"},{"data":"ClowCardTheSong","floor":10,"key":"SMITH"},{"data":"ClowCardTheIllusion","floor":10,"key":"SMITH"},{"data":"ClowCardTheFlower","floor":15,"key":"SMITH"},{"data":"ClowCardTheErase","floor":15,"key":"SMITH"},{"data":"ClowCardTheDark","floor":23,"key":"SMITH"},{"data":"ClowCardTheDream","floor":23,"key":"SMITH"},{"data":"ClowCardTheGlow","floor":25,"key":"SMITH"},{"data":"ClowCardTheWatery","floor":25,"key":"SMITH"},{"data":"ClowCardTheFight","floor":49,"key":"SMITH"},{"data":"ClowCardTheLight","floor":49,"key":"SMITH"}],"circlet_count":0,"master_deck":["SakuraCardTheDark+","SakuraCardTheSong+","ClowCardTheSword+1","ClowCardTheSword+1","ClowCardTheSword+1","ClowCardTheShield","ClowCardTheShield","SpellCardSeal+1","SpellCardRelease","AT_LightSaberMaster+1","MostiFishMod:OneDayCity","ClowCardTheVoice+1","ClowCardTheErase+1","ClowCardTheIllusion+1","ClowCardTheFlower+1","ClowCardTheDream+1","ClowCardTheWatery+1","ClowCardTheGlow+1","ClowCardTheLock+1","ClowCardTheEarthy+1","ClowCardTheBig+1","ClowCardTheWave","ClowCardTheArrow","ClowCardTheMirror","ClowCardTheLight+1","MostiFishMod:EE1D","MostiFishMod:EE1D","MostiFishMod:EE1D+1","ClowCardTheBubbles","ClowCardTheVoice+1","ClowCardTheFirey","ClowCardTheVoice+1","ClowCardTheShot+1","ClowCardTheFight+1","ClowCardTheDream+1"],"relics":["KSMOD_SealedBook","KSMOD_SealedWand","DaveBox","AT_ATBox","REME_ComplimentaryCards","RhineSuit","Blood Vial","Divine Protection","Replay:Arrowhead","Counterbalance","Replay:Bottled Eggs","ChiXiaoBlade","vexMod:InvisibilityCloak","Mercury Hourglass","Replay:Bottled Steam","EE1DDrone","Old Coin","Lizard Tail","SSSystem","Bottled Lightning"],"acts_visited":["Exordium","TheCity","TheBeyond"],"potions_floor_usage":[13,16,16,20,29,36,36,50,50,50],"damage_taken":[{"damage":0,"enemies":"Small Slimes","floor":1,"turns":2},{"damage":0,"enemies":"2 Louse","floor":2,"turns":3},{"damage":0,"enemies":"Jaw Worm","floor":3,"turns":2},{"damage":0,"enemies":"2 Fungi Beasts","floor":5,"turns":3},{"damage":18,"enemies":"Gremlin Nob","floor":6,"turns":3},{"damage":0,"enemies":"3 Sentries","floor":8,"turns":3},{"damage":2,"enemies":"Gremlin Gang","floor":13,"turns":3},{"damage":0,"enemies":"Hexaghost","floor":16,"turns":8},{"damage":3,"enemies":"Spheric Guardian","floor":18,"turns":3},{"damage":0,"enemies":"2 Thieves","floor":20,"turns":3},{"damage":16,"enemies":"Book of Stabbing","floor":24,"turns":4},{"damage":0,"enemies":"Gremlin Leader","floor":27,"turns":3},{"damage":0,"enemies":"Cultist and Chosen","floor":28,"turns":6},{"damage":0,"enemies":"Snake Plant","floor":29,"turns":2},{"damage":0,"enemies":"Snecko","floor":30,"turns":3},{"damage":0,"enemies":"Centurion and Healer","floor":31,"turns":4},{"damage":0,"enemies":"Champ","floor":33,"turns":5},{"damage":3,"enemies":"3 Shapes","floor":35,"turns":3},{"damage":9,"enemies":"2 Orb Walkers","floor":36,"turns":4},{"damage":2,"enemies":"Orb Walker","floor":37,"turns":4},{"damage":0,"enemies":"Spire Growth","floor":38,"turns":3},{"damage":4,"enemies":"R_Hoarder","floor":40,"turns":5},{"damage":0,"enemies":"Jaw Worm Horde","floor":41,"turns":1},{"damage":0,"enemies":"Nemesis","floor":42,"turns":2},{"damage":0,"enemies":"Sphere and 2 Shapes","floor":44,"turns":3},{"damage":0,"enemies":"Maw","floor":45,"turns":3},{"damage":0,"enemies":"Reptomancer","floor":47,"turns":4},{"damage":0,"enemies":"Spire Growth","floor":48,"turns":1},{"damage":23,"enemies":"Time Eater","floor":50,"turns":7}],"seed_played":"-5274748969214109636","potions_obtained":[{"floor":5,"key":"Elixir"},{"floor":8,"key":"Languid Potion"},{"floor":16,"key":"REME_GoldPotion"},{"floor":20,"key":"REME_GoldPotion"},{"floor":24,"key":"Reflective Coating"},{"floor":28,"key":"DistilledChaos"},{"floor":33,"key":"Weak Potion"},{"floor":37,"key":"AttackPotion"},{"floor":41,"key":"LiquidBronze"},{"floor":44,"key":"SkillPotion"},{"floor":47,"key":"Block Potion"}],"is_trial":false,"path_per_floor":["M","M","M","?","M","E","R","E","T","R","?","?","M","$","R","B",null,"M","?","M","?","?","R","E","R","T","E","M","M","M","M","R","B",null,"M","?","M","M","?","E","M","E","T","M","M","?","E","M","R","B",null],"character_chosen":"KINOMOTOSAKURA","items_purchased":["Replay:Bottled Eggs"],"campfire_rested":0,"item_purchase_floors":[14],"current_hp_per_floor":[63,63,63,63,63,45,45,47,47,47,47,44,44,44,44,46,64,63,63,65,65,65,65,51,51,51,53,55,57,59,61,61,68,70,67,60,60,62,62,61,63,65,65,67,69,69,70,70,70,47],"gold":841,"neow_bonus":"UPGRADE_CARD","is_daily":false,"chose_seed":false,"campfire_upgraded":11,"win_rate":0.0,"timestamp":1610124420,"path_taken":["M","M","M","?","M","E","R","E","T","R","?","?","M","$","R","BOSS","M","?","M","?","?","R","E","R","T","E","M","M","M","?","R","BOSS","M","?","M","M","?","E","M","E","T","M","M","?","E","?","R","BOSS"],"items_purchased_type":["Relic"],"build_version":"2020-12-22","purchased_purges":1,"victory":true,"max_hp_per_floor":[70,70,70,70,70,70,70,70,70,70,70,70,70,70,70,70,70,70,70,70,70,70,70,70,70,70,70,70,70,70,70,70,70,70,70,70,70,70,70,70,70,70,70,70,70,70,70,70,70,70],"card_choices":[{"not_picked":["ClowCardTheLibra","ClowCardTheWave"],"picked":"ClowCardTheVoice","floor":1},{"not_picked":["ClowCardThePower","ClowCardTheWood"],"picked":"ClowCardTheErase","floor":2},{"not_picked":["ClowCardTheWatery","ClowCardTheFreeze","ClowCardTheMaze"],"picked":"SKIP","floor":3},{"not_picked":["ClowCardTheEarthy","ClowCardTheCloud"],"picked":"ClowCardTheSong","floor":5},{"not_picked":["ClowCardTheMirror","ClowCardTheErase"],"picked":"ClowCardTheIllusion","floor":6},{"not_picked":["ClowCardTheCloud","ClowCardTheIllusion","ClowCardTheLittle"],"picked":"SKIP","floor":8},{"not_picked":["ClowCardTheMaze","ClowCardTheFreeze"],"picked":"ClowCardTheFlower","floor":13},{"not_picked":["ClowCardTheDash","ClowCardTheThunder"],"picked":"ClowCardTheDark","floor":16},{"not_picked":["ClowCardTheMirror","ClowCardTheLibra"],"picked":"ClowCardTheDream","floor":18},{"not_picked":["ClowCardTheSilent+1","ClowCardTheFlower"],"picked":"ClowCardTheWatery","floor":20},{"not_picked":["ClowCardTheTime","ClowCardTheErase"],"picked":"ClowCardTheLock+1","floor":24},{"not_picked":["ClowCardTheFirey","ClowCardTheIllusion+1"],"picked":"ClowCardTheEarthy+1","floor":27},{"not_picked":["ClowCardTheWindy","ClowCardTheSand"],"picked":"ClowCardTheBig+1","floor":28},{"not_picked":["ClowCardTheCloud","ClowCardTheIllusion"],"picked":"ClowCardTheWave","floor":29},{"not_picked":["ClowCardTheCloud+1","ClowCardTheEarthy"],"picked":"ClowCardTheArrow","floor":30},{"not_picked":["ClowCardTheVoice","ClowCardTheFloat"],"picked":"ClowCardTheMirror","floor":31},{"not_picked":["ClowCardTheDark","ClowCardTheTwin"],"picked":"ClowCardTheLight","floor":33},{"not_picked":["ClowCardTheArrow","ClowCardTheCloud+1"],"picked":"ClowCardTheBubbles","floor":35},{"not_picked":["ClowCardTheArrow+1","ClowCardTheLoop"],"picked":"ClowCardTheVoice+1","floor":36},{"not_picked":["ClowCardTheArrow+1","ClowCardTheLock+1","ClowCardTheLibra+1"],"picked":"SKIP","floor":37},{"not_picked":["ClowCardThePower+1","ClowCardTheSand+1"],"picked":"ClowCardTheFirey","floor":38},{"not_picked":["ClowCardTheRain","ClowCardTheFloat"],"picked":"ClowCardTheVoice","floor":40},{"not_picked":["ClowCardTheGlow+1","ClowCardTheSong"],"picked":"ClowCardTheShot+1","floor":41},{"not_picked":["ClowCardTheLoop+1","ClowCardTheFlower+1"],"picked":"ClowCardTheFight","floor":42},{"not_picked":["ClowCardTheErase+1","ClowCardTheRain","ClowCardTheIllusion"],"picked":"SKIP","floor":44},{"not_picked":["ClowCardTheShadow","ClowCardTheTime","ClowCardTheRain"],"picked":"SKIP","floor":45},{"not_picked":["ClowCardTheLoop+1","ClowCardTheWatery"],"picked":"ClowCardTheDream+1","floor":47},{"not_picked":["ClowCardTheEarthy+1","ClowCardTheErase+1","ClowCardTheSong+1"],"picked":"SKIP","floor":48}],"player_experience":483761,"relics_obtained":[{"floor":6,"key":"Blood Vial"},{"floor":8,"key":"Divine Protection"},{"floor":9,"key":"Replay:Arrowhead"},{"floor":24,"key":"vexMod:InvisibilityCloak"},{"floor":26,"key":"Mercury Hourglass"},{"floor":27,"key":"Replay:Bottled Steam"},{"floor":36,"key":"Old Coin"},{"floor":40,"key":"Lizard Tail"},{"floor":42,"key":"SSSystem"},{"floor":47,"key":"Bottled Lightning"}],"event_choices":[{"damage_healed":0,"gold_gain":0,"player_choice":"Grow","damage_taken":0,"max_hp_gain":0,"max_hp_loss":0,"event_name":"Living Wall","floor":4,"gold_loss":0,"cards_upgraded":["SpellCardSeal"]},{"damage_healed":0,"gold_gain":175,"player_choice":"AGREE","damage_taken":0,"max_hp_gain":0,"max_hp_loss":0,"event_name":"Liars Game","floor":11,"gold_loss":0,"cards_obtained":["Doubt"]},{"damage_healed":0,"gold_gain":0,"player_choice":"Success","damage_taken":3,"relics_obtained":["Counterbalance"],"max_hp_gain":0,"max_hp_loss":0,"event_name":"Scrap Ooze","floor":12,"gold_loss":0},{"damage_healed":0,"gold_gain":0,"player_choice":"Ignored","damage_taken":0,"max_hp_gain":0,"max_hp_loss":0,"event_name":"Ghosts","floor":19,"gold_loss":0},{"cards_removed":["Doubt"],"damage_healed":0,"gold_gain":0,"player_choice":"Gave Gold","damage_taken":0,"max_hp_gain":0,"max_hp_loss":0,"event_name":"Beggar","floor":21,"gold_loss":75},{"damage_healed":0,"gold_gain":0,"cards_transformed":["ClowCardTheShield"],"player_choice":"Transformed","damage_taken":0,"max_hp_gain":0,"max_hp_loss":0,"event_name":"Transmorgrifier","floor":22,"gold_loss":0,"cards_obtained":["ClowCardTheGlow"]},{"cards_removed":["ClowCardTheShield"],"damage_healed":0,"gold_gain":0,"player_choice":"Elegance","damage_taken":0,"max_hp_gain":0,"max_hp_loss":0,"event_name":"Back to Basics","floor":32,"gold_loss":0},{"damage_healed":0,"gold_gain":0,"player_choice":"Fight","damage_taken":0,"max_hp_gain":0,"max_hp_loss":0,"event_name":"Mysterious Sphere","floor":36,"gold_loss":0},{"damage_healed":0,"gold_gain":0,"player_choice":"Upgraded Two","damage_taken":0,"max_hp_gain":0,"max_hp_loss":0,"event_name":"Designer","floor":46,"gold_loss":40,"cards_upgraded":["MostiFishMod:EE1D","ClowCardTheVoice"]}],"is_beta":false,"boss_relics":[{"not_picked":["SlaversCollar","Runic Pyramid"],"picked":"ChiXiaoBlade"},{"not_picked":["ReplayTheSpireMod:DimensionalGlitch","Sozu"],"picked":"EE1DDrone"}],"items_purged_floors":[14],"is_endless":false,"potions_floor_spawned":[5,8,16,20,24,28,33,37,41,44,47],"ascension_level":7}}