{"host":"6vv0uythevi5qk1w","time":1610075801,"event":{"mods":["ATMod(°¢èªMod)","Act Like it!","BaseMod","Gensokyo","Minty Spire (QoL Compilation)","Replay The Spire","StSLib"],"gold_per_floor":[115,115,127,171,87,113,113,143,191,33,187,527,527,565,565,692,692,753,753,793,302,367,367,519,290,313,313,23,23,23,86,86,557,557,842,842,930,975,497,497,603,603,677,713,713,772,1105,1123,1123,1164,1164,1164,45,139,198],"floor_reached":56,"playtime":4373,"items_purged":["Strike_G","Strike_G","ReplayTheSpireMod:Restless Dread"],"score":2089,"play_id":"70d21e40-7165-43c4-b519-d9ca525051eb","local_time":"20210108111641","is_ascension_mode":true,"campfire_choices":[{"data":"AT_FamilyPortrait","floor":7.0,"key":"SMITH"},{"data":"Tactician","floor":23.0,"key":"SMITH"},{"data":"Calculated Gamble","floor":27.0,"key":"SMITH"},{"data":"AT_EssenceShift","floor":30,"key":"SMITH"},{"floor":32,"key":"RECALL"},{"data":"AT_FocusSwordFire","floor":40,"key":"SMITH"},{"data":"Wraith Form v2","floor":42,"key":"SMITH"},{"data":"Pot Of Greed","floor":49,"key":"SMITH"},{"data":"Pot Of Greed","floor":52,"key":"SMITH"}],"circlet_count":0,"master_deck":["AscendersBane","Strike_G","Strike_G","Defend_G","Defend_G+1","Defend_G+1","AT_FamilyPortrait+1","Calculated Gamble+1","AT_EssenceShift+1","Doppelganger","Tactician+1","Wraith Form v2+1","AT_WindFlip","AT_FocusSwordFire+1","AT_ThistleTea+1","Sickly","Pot Of Greed+1","Pot Of Greed+1","Hallucinations","Night Terror+1","Gensokyo:GreaterSplit","Doubt","ReplayTheSpireMod:Restless Dread"],"relics":["Ring of the Snake","AT_ATBox","Replay:Towering Pillar of Hats","Gensokyo:Justice","Gremlin Horn","Smiling Mask","Eternal Feather","AT_MibuBalloonWealth","Medical Kit","The Courier","Replay:Rubber Ducky","Happy Flower","Replay:Drink Me","Replay:WaspNest","Byrd Skull","AT_ImmortalShieldbow","Mercury Hourglass","ClockworkSouvenir","OrangePellets","Nunchaku","Anchor","Replay:Grab Bag","Coffee Dripper","Philosopher\u0027s Stone","Runic Pyramid","Chemical X","ReplayTheSpireMod:EnergyBall","CeramicFish","Singing Bowl","Replay:Wax Seal","Gensokyo:EmptyGrave","Ring of Fangs","Ring of Greed","Golden Egg","Replay:Bandana","Grinning Jar","AT_Kusabimaru","Bag of Preparation","TheAbacus","Replay:Kaleidoscope","Snake Skull","Ornamental Fan","AT_RedTearstoneRing","AT_BladeRuinedKing","Durian"],"acts_visited":["Exordium","Gensokyo:Gensokyo","Gensokyo:Gensokyoer","TheEnding"],"potions_floor_usage":[55,55],"damage_taken":[{"damage":0.0,"enemies":"Gensokyo:3_Fairies","floor":1.0,"turns":4.0},{"damage":0.0,"enemies":"Gensokyo:Python","floor":3.0,"turns":3.0},{"damage":21.0,"enemies":"Gensokyo:Aya","floor":6.0,"turns":7.0},{"damage":15.0,"enemies":"Gensokyo:Mamizou","floor":8.0,"turns":7.0},{"damage":0.0,"enemies":"Gensokyo:Cirno","floor":11.0,"turns":5.0},{"damage":12.0,"enemies":"Gensokyo:Gryphon","floor":12.0,"turns":5.0},{"damage":3.0,"enemies":"Gensokyo:VengefulSpirit","floor":14.0,"turns":4.0},{"damage":0.0,"enemies":"Gensokyo:Reimu","floor":16.0,"turns":8.0},{"damage":0.0,"enemies":"Gensokyo:2_Gloops","floor":18.0,"turns":3.0},{"damage":0.0,"enemies":"Gensokyo:CosmicMonolith","floor":20.0,"turns":1.0},{"damage":5.0,"enemies":"Gensokyo:Slime_Group","floor":22.0,"turns":5.0},{"damage":0.0,"enemies":"Gensokyo:Reisen","floor":24.0,"turns":7.0},{"damage":0,"enemies":"Gensokyo:Chomper_and_Gloop","floor":31,"turns":4},{"damage":19,"enemies":"Gensokyo:Eiki","floor":33,"turns":8},{"damage":0,"enemies":"Gensokyo:3_Boulders","floor":35,"turns":4},{"damage":0,"enemies":"Gensokyo:3_Bats","floor":37,"turns":2},{"damage":0,"enemies":"Gensokyo:AtlasGolem","floor":38,"turns":3},{"damage":3,"enemies":"Gensokyo:Kasen","floor":41,"turns":4},{"damage":0,"enemies":"Gensokyo:Sharpion","floor":44,"turns":3},{"damage":0,"enemies":"Gensokyo:SeedOfUnknown","floor":47,"turns":3},{"damage":11,"enemies":"Gensokyo:Scarlet_Devils","floor":50,"turns":9},{"damage":0,"enemies":"Shield and Spear","floor":54,"turns":4},{"damage":0,"enemies":"The Heart","floor":55,"turns":5}],"seed_played":"-2313313352884800234","potions_obtained":[{"floor":1.0,"key":"Explosive Potion"},{"floor":4.0,"key":"Fire Potion"},{"floor":11.0,"key":"BlessingOfTheForge"},{"floor":18.0,"key":"Strength Potion"},{"floor":31,"key":"Poison Potion"},{"floor":41,"key":"CultistPotion"}],"is_trial":false,"path_per_floor":["M","?","M","?","?","E","R","E","T","COS","E","M","?","M","R","B",null,"M","?","M","$","M","R","E","COS","T","R","$","?","R","M","R","B",null,"M","?","M","M","COS","R","E","R","T","M","?","?","M","?","R","B",null,"R","$","E","B",null],"character_chosen":"THE_SILENT","items_purchased":["Byrd Skull","AT_ImmortalShieldbow","OrangePellets","Nunchaku","Bag of Preparation","TheAbacus","Replay:Kaleidoscope","Snake Skull","Ornamental Fan","AT_RedTearstoneRing","AT_BladeRuinedKing","Elixir"],"campfire_rested":0,"item_purchase_floors":[21,21,28,28,53,53,53,53,53,53,53,53],"current_hp_per_floor":[45,45,45,28,70,49,49,34,34,34,34,22,8,5,14,14,43,43,43,43,43,41,47,47,47,47,52,52,52,52,52,52,33,47,47,47,52,52,52,52,49,52,52,54,50,50,50,50,50,39,47,50,50,57,57],"gold":198,"neow_bonus":"ONE_RARE_RELIC","is_daily":false,"chose_seed":false,"campfire_upgraded":8,"win_rate":0.0,"timestamp":1610075801,"path_taken":["M","?","M","?","?","E","R","E","T","COS","E","?","?","M","R","BOSS","M","?","M","$","M","R","E","COS","T","R","$","?","R","?","R","BOSS","M","?","?","M","COS","R","E","R","T","M","?","?","?","?","R","BOSS","R","$","E","BOSS"],"items_purchased_type":["Relic","Relic","Relic","Relic","Relic","Relic","Relic","Relic","Relic","Relic","Relic","Potion"],"build_version":"2020-12-22","purchased_purges":3,"victory":true,"max_hp_per_floor":[70,70,70,70,70,70,70,70,70,70,70,70,70,70,70,70,53,53,49,49,49,52,52,52,52,52,52,52,52,52,52,52,52,52,52,52,52,52,52,52,52,52,52,54,50,50,50,50,50,50,50,50,50,57,57],"card_choices":[{"not_picked":["ReplayTheSpireMod:Tripwire","PiercingWail","Flying Knee"],"picked":"SKIP","floor":1.0},{"not_picked":["Backstab","AT_TwilightShroud","Hidden Blade"],"picked":"SKIP","floor":3.0},{"not_picked":["Bane","Deadly Poison"],"picked":"Calculated Gamble","floor":4.0},{"not_picked":["Bane","AT_WindFlip"],"picked":"AT_EssenceShift","floor":6.0},{"not_picked":["Backflip","Tactician"],"picked":"Doppelganger","floor":8.0},{"not_picked":["Dagger Throw","Draining Mist","Hidden Blade"],"picked":"SKIP","floor":11.0},{"not_picked":["Crippling Poison","Backflip","Underhanded Strike"],"picked":"SKIP","floor":12.0},{"not_picked":["Cloak And Dagger","PiercingWail"],"picked":"Tactician","floor":14.0},{"not_picked":["Storm of Steel","Envenom"],"picked":"Wraith Form v2","floor":16.0},{"not_picked":["Blur","Bouncing Flask","ReplayTheSpireMod:Exploit Weakness"],"picked":"SKIP","floor":18.0},{"not_picked":["ReplayTheSpireMod:Speed Training","Cloak And Dagger","Quick Slash"],"picked":"SKIP","floor":20.0},{"not_picked":["Dagger Spray+1","Blur","Cloak And Dagger+1"],"picked":"SKIP","floor":22.0},{"not_picked":["Finisher+1","Blade Dance+1"],"picked":"AT_WindFlip","floor":24.0},{"not_picked":["Cloak And Dagger","Flying Knee","PiercingWail"],"picked":"SKIP","floor":31},{"not_picked":["Poisoned Stab+1","Hidden Blade+1"],"picked":"AT_FocusSwordFire","floor":35},{"not_picked":["Outmaneuver+1","Slice","Toxin Wave"],"picked":"SKIP","floor":37},{"not_picked":["Underhanded Strike","Hidden Blade"],"picked":"AT_ThistleTea+1","floor":38},{"not_picked":["ReplayTheSpireMod:Exploit Weakness","Flechettes+1","Well Laid Plans+1"],"picked":"SKIP","floor":41},{"not_picked":["AT_ArcaneSupremacy","Poisoned Stab+1","Caltrops"],"picked":"Singing Bowl","floor":44},{"not_picked":["Riddle With Holes","Catalyst+1"],"picked":"Night Terror","floor":47},{"not_picked":["Dagger Throw","Underhanded Strike","Dagger Spray"],"picked":"Singing Bowl","floor":54}],"player_experience":344616,"relics_obtained":[{"floor":4.0,"key":"Gremlin Horn"},{"floor":6.0,"key":"Smiling Mask"},{"floor":8.0,"key":"Eternal Feather"},{"floor":9.0,"key":"AT_MibuBalloonWealth"},{"floor":11.0,"key":"The Courier"},{"floor":24.0,"key":"Mercury Hourglass"},{"floor":41,"key":"CeramicFish"},{"floor":43,"key":"Singing Bowl"},{"floor":46,"key":"Ring of Fangs"},{"floor":46,"key":"Ring of Greed"},{"floor":46,"key":"Golden Egg"},{"floor":46,"key":"Replay:Bandana"},{"floor":54,"key":"Durian"}],"event_choices":[],"is_beta":false,"boss_relics":[{"not_picked":["Snecko Scales","Ring of the Serpent"],"picked":"Replay:Drink Me"},{"not_picked":["SacredBark","Fusion Hammer"],"picked":"Replay:Grab Bag"},{"not_picked":["Cursed Key","Velvet Choker"],"picked":"Coffee Dripper"},{"not_picked":["ChewingGum","Runic Dome"],"picked":"Philosopher\u0027s Stone"},{"not_picked":["Astrolabe","Empty Cage"],"picked":"Runic Pyramid"}],"items_purged_floors":[21,28,53],"is_endless":false,"potions_floor_spawned":[1,11,18,31,35,38,41],"ascension_level":11}}