{"host":"uu8qcv8llpcbwyus","time":1610094216,"event":{"mods":["100% Spire Juice","BaseMod","CapriCore","Conspire","Downfall","Hubris","Marisa（霧雨　魔理沙）","Minty Spire (QoL Compilation)","Reimu（博??梦）","Remilia（蕾米莉?）","Replay The Spire","StSLib","The Administrix","The Animator","The Gatherer","The Immortal","The Servant 0.9.4","TheSwordswoman","WarShipGirlsR/??少女R mod","Yakumo Yukari mod"],"gold_per_floor":[109,127,87,87,187,213,229,244,294,294,313,313,344,375,375,500,500,532,532,263,311,335,335,335,393,393,393,293,293,339,369,9,148,148,175,175,206,51,84,84,175,175,224,224,297,297,172,172,172,226],"floor_reached":51,"playtime":1841,"items_purged":["Moonworks:Strike","Moonworks:Strike","Moonworks:Defend","Moonworks:MiracleRedBeanIceCream"],"score":806,"play_id":"395f09b3-f130-4547-80bf-e497488f9abc","local_time":"20210108002336","is_ascension_mode":true,"campfire_choices":[{"data":"hubris:DuctTapeCard","floor":10,"key":"SMITH"},{"data":"Moonworks:LulusLuckyEgg","floor":15,"key":"SMITH"},{"data":"Moonworks:EvilMastermind","floor":23,"key":"SMITH"},{"data":"Moonworks:IntelligenceOfficer","floor":27,"key":"SMITH"},{"data":"Moonworks:TreasureThief","floor":29,"key":"SMITH"},{"data":"Moonworks:AwakeningOfTalent","floor":32,"key":"SMITH"},{"data":"Thinking Ahead","floor":40,"key":"SMITH"},{"data":"Moonworks:SealedMemories","floor":42,"key":"SMITH"},{"data":"Moonworks:AccelHyper","floor":44,"key":"SMITH"},{"data":"Moonworks:StiffCrystal","floor":46,"key":"SMITH"},{"data":"Moonworks:JonathanRush","floor":49,"key":"SMITH"}],"circlet_count":0,"master_deck":["Moonworks:Defend","Moonworks:Ambush","Moonworks:LongDistanceShot","Moonworks:IndiscriminateFireSupport+1","Moonworks:ScrambledEve","Moonworks:StiffCrystal+1","hubris:DuctTapeCard+2","Moonworks:Flamethrower","Moonworks:JonathanRush","Moonworks:TreasureThief+1","Moonworks:LulusLuckyEgg+1","Moonworks:WindyEnchantment","Moonworks:EvilMastermind+1","Moonworks:JonathanRush","Moonworks:IntelligenceOfficer+1","Moonworks:TacticalRetreat+1","Moonworks:AwakeningOfTalent+1","Moonworks:AccelHyper+1","Moonworks:SealedMemories+1","Thinking Ahead+1","Moonworks:JonathanRush+1"],"relics":["Moonworks:BrokenBomb","Moonworks:Homemark","PaintedHorse:ReiMu","hubris:DuctTape","Potion Belt","Replay:Bandana","hubris:ScarierMask","Kunai","Chemical X","Bronze Scales","Red Mask","hubris:SlimyHat","Onion Ring","Sozu","Oddly Smooth Stone","CatCart","ScarletDevilRocket","hubris:Icosahedron"],"acts_visited":["Exordium","TheCity","TheBeyond"],"potions_floor_usage":[25],"damage_taken":[{"damage":3,"enemies":"2 Louse","floor":1,"turns":3},{"damage":0,"enemies":"Small Slimes","floor":2,"turns":1},{"damage":14,"enemies":"Gremlin Nob","floor":6,"turns":3},{"damage":7,"enemies":"Jaw Worm","floor":7,"turns":3},{"damage":0,"enemies":"Lots of Slimes","floor":8,"turns":1},{"damage":6,"enemies":"Blue Slaver","floor":11,"turns":3},{"damage":2,"enemies":"3 Sentries","floor":13,"turns":3},{"damage":4,"enemies":"Gremlin Gang","floor":14,"turns":2},{"damage":0,"enemies":"Slime Boss","floor":16,"turns":5},{"damage":0,"enemies":"3 Byrds","floor":18,"turns":3},{"damage":0,"enemies":"Masked Bandits","floor":21,"turns":1},{"damage":0,"enemies":"Book of Stabbing","floor":25,"turns":3},{"damage":2,"enemies":"Shell Parasite","floor":30,"turns":3},{"damage":0,"enemies":"Snecko","floor":31,"turns":3},{"damage":8,"enemies":"Champ","floor":33,"turns":6},{"damage":0,"enemies":"3 Shapes","floor":35,"turns":2},{"damage":0,"enemies":"Orb Walker","floor":37,"turns":2},{"damage":18,"enemies":"4 Shapes","floor":39,"turns":1},{"damage":0,"enemies":"Orin","floor":41,"turns":5},{"damage":0,"enemies":"Transient","floor":45,"turns":5},{"damage":4,"enemies":"Awakened One","floor":50,"turns":4}],"seed_played":"3697035205463850377","potions_obtained":[{"floor":7,"key":"Block Potion"},{"floor":8,"key":"Elixir"},{"floor":11,"key":"GamblersBrew"},{"floor":16,"key":"Explosive Potion"},{"floor":25,"key":"SkillPotion"},{"floor":30,"key":"Reflective Coating"}],"is_trial":false,"path_per_floor":["M","M","?","?","?","E","M","M","T","R","M","?","E","M","R","B",null,"M","$","$","?","T","R","?","E","T","R","$","R","M","M","R","B",null,"M","?","M","$","M","R","?","R","T","R","M","R","$","?","R","B",null],"character_chosen":"THE_STARBREAKER","items_purchased":["Kunai","Chemical X","Bronze Scales","Moonworks:JonathanRush","Oddly Smooth Stone"],"campfire_rested":0,"item_purchase_floors":[19,19,20,20,38],"current_hp_per_floor":[57,57,57,52,52,38,31,31,31,31,25,25,23,19,19,19,60,60,30,30,30,30,30,30,30,30,30,30,30,28,28,28,20,60,60,60,60,60,42,42,42,42,42,42,42,42,42,42,42,38],"gold":226,"neow_bonus":"TRANSFORM_CARD","is_daily":false,"chose_seed":false,"campfire_upgraded":11,"win_rate":0.0,"timestamp":1610094216,"path_taken":["M","M","?","?","?","E","M","?","T","R","M","?","E","M","R","BOSS","M","?","$","?","?","R","?","E","T","R","$","R","M","M","R","BOSS","M","?","M","$","M","R","?","R","T","R","M","R","$","?","R","BOSS"],"items_purchased_type":["Relic","Relic","Relic","Card","Relic"],"build_version":"2020-12-22","purchased_purges":4,"victory":true,"max_hp_per_floor":[60,60,60,60,60,60,60,60,60,60,60,60,60,60,60,60,60,60,60,60,60,60,60,60,60,60,60,60,60,60,60,60,60,60,60,60,60,60,60,60,60,60,60,60,60,60,60,60,60,60],"card_choices":[{"not_picked":["Moonworks:EvilSpyWorkPreparation","Moonworks:SakisCookie"],"picked":"Moonworks:IndiscriminateFireSupport","floor":1},{"not_picked":["Moonworks:NicePresent","Moonworks:DeployBits"],"picked":"Moonworks:ScrambledEve","floor":2},{"not_picked":["Moonworks:ExtendedPhotonRifle","Moonworks:SakisCookie"],"picked":"Moonworks:StiffCrystal","floor":6},{"not_picked":["Moonworks:FinalBattle","Moonworks:Assault"],"picked":"Moonworks:Flamethrower","floor":7},{"not_picked":["Moonworks:Assault","Moonworks:RagingMadness"],"picked":"Moonworks:JonathanRush","floor":8},{"not_picked":["Moonworks:ImOnFire","Moonworks:IndiscriminateFireSupport"],"picked":"Moonworks:TreasureThief","floor":11},{"not_picked":["Moonworks:MiracleRedBeanIceCream","Moonworks:Bloodlust"],"picked":"Moonworks:LulusLuckyEgg","floor":13},{"not_picked":["Moonworks:NicePresent","Moonworks:UnluckyCharm"],"picked":"Moonworks:WindyEnchantment","floor":14},{"not_picked":["Moonworks:MetallicMonocoque","Moonworks:FinalBattle"],"picked":"Moonworks:EvilMastermind","floor":16},{"not_picked":["Moonworks:IndiscriminateFireSupport","Moonworks:Flamethrower","Moonworks:SakisCookie"],"picked":"SKIP","floor":18},{"not_picked":["Moonworks:SakisCookie","Moonworks:Assault"],"picked":"Moonworks:IntelligenceOfficer","floor":25},{"not_picked":["Moonworks:DevilHand","Moonworks:BigMagnum"],"picked":"Moonworks:TacticalRetreat+1","floor":30},{"not_picked":["Moonworks:LulusLuckyEgg","Moonworks:SakisCookie"],"picked":"Moonworks:AwakeningOfTalent","floor":31},{"not_picked":["Moonworks:RocketCannon","Moonworks:SubspaceTunnel"],"picked":"Moonworks:AccelHyper","floor":33},{"not_picked":["Moonworks:Dinner+1","Moonworks:BigMagnum"],"picked":"Moonworks:SealedMemories","floor":35},{"not_picked":["expansioncontent:Sear","expansioncontent:AwakenDeath"],"picked":"Thinking Ahead","floor":36},{"not_picked":["Moonworks:NicePresent","Moonworks:BeyondHell","Moonworks:IndiscriminateFireSupport+1"],"picked":"SKIP","floor":37},{"not_picked":["Moonworks:CompletionReward","Moonworks:EvilSpyWorkPreparation+1"],"picked":"Moonworks:JonathanRush","floor":39},{"not_picked":["Moonworks:Assault+1","Moonworks:EvilSpyWorkPreparation","Moonworks:JonathanRush+1"],"picked":"SKIP","floor":45}],"player_experience":1119734,"relics_obtained":[{"floor":6,"key":"hubris:DuctTape"},{"floor":9,"key":"Potion Belt"},{"floor":13,"key":"Replay:Bandana"},{"floor":21,"key":"Red Mask"},{"floor":25,"key":"hubris:SlimyHat"},{"floor":26,"key":"Onion Ring"},{"floor":41,"key":"CatCart"},{"floor":43,"key":"ScarletDevilRocket"}],"event_choices":[{"damage_healed":0,"gold_gain":0,"player_choice":"Donate","damage_taken":0,"relics_obtained":["PaintedHorse:ReiMu"],"max_hp_gain":0,"max_hp_loss":0,"event_name":"yidonshenshe","floor":3,"gold_loss":40},{"damage_healed":0,"gold_gain":100,"player_choice":"Pray","damage_taken":0,"max_hp_gain":0,"max_hp_loss":0,"event_name":"Golden Shrine","floor":5,"gold_loss":0},{"damage_healed":0,"gold_gain":0,"player_choice":"Bought 0 Potions","damage_taken":0,"max_hp_gain":0,"max_hp_loss":0,"event_name":"The Woman in Blue","floor":12,"gold_loss":0},{"damage_healed":0,"gold_gain":0,"player_choice":"Fought Bandits","damage_taken":0,"max_hp_gain":0,"max_hp_loss":0,"event_name":"Masked Bandits","floor":21,"gold_loss":0},{"damage_healed":0,"gold_gain":0,"player_choice":"Memory 1","damage_taken":0,"max_hp_gain":0,"max_hp_loss":0,"event_name":"SensoryStone","floor":36,"gold_loss":0},{"damage_healed":0,"gold_gain":0,"player_choice":"Fight","damage_taken":0,"max_hp_gain":0,"max_hp_loss":0,"event_name":"OrinTheCat","floor":41,"gold_loss":0}],"is_beta":false,"boss_relics":[{"not_picked":["Runic Pyramid","hubris:RunicObelisk"],"picked":"hubris:ScarierMask"},{"not_picked":["Moonworks:SBBomb","hubris:Backtick"],"picked":"Sozu"}],"items_purged_floors":[19,20,28,47],"is_endless":false,"potions_floor_spawned":[7,8,11,16,25,30,35,39,45],"ascension_level":1}}