{"host":"duxoyu97j36znyap","time":1610085766,"event":{"mods":["AlwaysNeverKeys","BaseMod","Bestiary","BetterRewards","Colored Map","DeckTracker","Filter the Spire","Googly Eyes","Minty Spire (QoL Compilation)","Permanent Neow","Rare Cards Sparkle","Relic Stats","StSLib"],"gold_per_floor":[117,117,132,132,142,142,177,193,248,266,298,298,323,398,398,499,499],"floor_reached":16,"playtime":572,"items_purged":[],"score":230,"play_id":"6479f6bc-d1c7-4cc5-bdba-d7fbb04aa5f9","local_time":"20210108010246","is_ascension_mode":true,"campfire_choices":[{"data":"Sweeping Beam","floor":6.0,"key":"SMITH"},{"data":"Doom and Gloom","floor":12,"key":"SMITH"},{"data":"Fusion","floor":15,"key":"SMITH"}],"circlet_count":0,"master_deck":["Strike_B","Strike_B","Strike_B","Strike_B","Defend_B","Defend_B","Defend_B","Defend_B","Zap+1","Dualcast+1","Self Repair","Glacier","Sweeping Beam+1","Blizzard","Doom and Gloom+1","Fusion+1","Multi-Cast"],"relics":["Black Star","Oddly Smooth Stone","Bottled Lightning","Blood Vial","Tiny Chest","Bottled Tornado","Calipers","Bottled Flame"],"acts_visited":["Exordium"],"potions_floor_usage":[],"damage_taken":[{"damage":6.0,"enemies":"Jaw Worm","floor":1.0,"turns":5.0},{"damage":0.0,"enemies":"2 Louse","floor":3.0,"turns":2.0},{"damage":7.0,"enemies":"Small Slimes","floor":5.0,"turns":4.0},{"damage":34.0,"enemies":"Gremlin Nob","floor":7.0,"turns":4.0},{"damage":9.0,"enemies":"3 Louse","floor":8.0,"turns":3.0},{"damage":0.0,"enemies":"Gremlin Gang","floor":10.0,"turns":1.0},{"damage":9,"enemies":"Lagavulin","floor":11,"turns":7},{"damage":20,"enemies":"3 Sentries","floor":13,"turns":7},{"damage":47,"enemies":"The Guardian","floor":16,"turns":10}],"seed_played":"3101466617238983448","potions_obtained":[{"floor":5.0,"key":"Regen Potion"},{"floor":8.0,"key":"FairyPotion"},{"floor":16,"key":"Explosive Potion"}],"is_trial":false,"path_per_floor":["M","?","M","?","M","R","E","M","T","M","E","R","E","?","R","B"],"character_chosen":"DEFECT","items_purchased":[],"campfire_rested":0,"item_purchase_floors":[],"current_hp_per_floor":[62,47,54,54,54,54,36,34,34,36,36,36,25,14,14,18,18],"gold":499,"neow_bonus":"BOSS_RELIC","is_daily":false,"chose_seed":false,"campfire_upgraded":3,"win_rate":0.0,"timestamp":1610085766,"path_taken":["M","?","M","?","M","R","E","M","T","M","E","R","E","?","R","BOSS"],"items_purchased_type":[],"build_version":"2020-12-22","purchased_purges":0,"victory":false,"max_hp_per_floor":[75,75,75,75,75,75,75,75,75,75,75,75,75,75,75,75,75],"relic_stats":{"Blood Vial":8,"counters":[9,43],"Tiny Chest":0,"Black Star":3,"obtain_stats":[{"Blood Vial":9,"Bottled Flame":13,"Calipers":13,"Oddly Smooth Stone":7,"Tiny Chest":11,"Black Star":0,"Bottled Lightning":7,"Bottled Tornado":11,"Cracked Core":0},{"Blood Vial":5,"Bottled Flame":8,"Calipers":8,"Oddly Smooth Stone":4,"Tiny Chest":7,"Black Star":0,"Bottled Lightning":4,"Bottled Tornado":7,"Cracked Core":0},{"Blood Vial":18,"Bottled Flame":33,"Calipers":33,"Oddly Smooth Stone":15,"Tiny Chest":26,"Black Star":0,"Bottled Lightning":15,"Bottled Tornado":26,"Cracked Core":0}]},"card_choices":[{"not_picked":["Barrage","Heatsinks"],"picked":"Self Repair","floor":1.0},{"not_picked":["Beam Cell","Gash"],"picked":"Glacier","floor":3.0},{"not_picked":["Aggregate","Turbo"],"picked":"Sweeping Beam","floor":5.0},{"not_picked":["Barrage","Conserve Battery"],"picked":"Blizzard","floor":7.0},{"not_picked":["Steam","Hello World"],"picked":"Doom and Gloom","floor":8.0},{"not_picked":["Lockon","Stack"],"picked":"Fusion","floor":10.0},{"not_picked":["Conserve Battery","Hologram"],"picked":"Multi-Cast","floor":11},{"not_picked":["Stack","Steam","Barrage"],"picked":"SKIP","floor":13}],"player_experience":554989,"relics_obtained":[{"floor":7.0,"key":"Oddly Smooth Stone"},{"floor":7.0,"key":"Bottled Lightning"},{"floor":9.0,"key":"Blood Vial"},{"floor":11,"key":"Tiny Chest"},{"floor":11,"key":"Bottled Tornado"},{"floor":13,"key":"Calipers"},{"floor":13,"key":"Bottled Flame"}],"event_choices":[{"damage_healed":0.0,"max_hp_gain":0.0,"max_hp_loss":0.0,"gold_gain":0.0,"event_name":"Shining Light","player_choice":"Entered Light","floor":2.0,"gold_loss":0.0,"damage_taken":15.0,"cards_upgraded":["Zap","Dualcast"]},{"damage_healed":0.0,"max_hp_gain":0.0,"max_hp_loss":0.0,"gold_gain":0.0,"event_name":"Liars Game","player_choice":"Ignored","floor":4.0,"gold_loss":0.0,"damage_taken":0.0},{"damage_healed":0,"gold_gain":75,"player_choice":"Gather Gold","damage_taken":11,"max_hp_gain":0,"max_hp_loss":0,"event_name":"World of Goop","floor":14,"gold_loss":0}],"is_beta":false,"boss_relics":[],"items_purged_floors":[],"is_endless":false,"potions_floor_spawned":[5,8,16],"killed_by":"The Guardian","ascension_level":7}}