{"host":"pi8b3ffzwvxqztac","time":1610133956,"event":{"mods":["BaseMod","Colored Map","Downfall","Minty Spire (QoL Compilation)","StSLib"],"gold_per_floor":[99,113,113,127,145,70,70,97,22,41,103,122,134,209,224,295,345,345,195,215,234,246,246,293,308,323,323,351,351,4,35,50,50,50,50],"floor_reached":33,"playtime":1842,"items_purged":[],"score":588,"play_id":"9603528f-a427-42af-b171-8d35c9eb7fb7","local_time":"20210109082556","is_ascension_mode":true,"campfire_choices":[{"floor":1.0,"key":"RECALL"},{"data":"Slimebound:CorrosiveSpit","floor":6.0,"key":"SMITH"},{"data":"Slimebound:Split","floor":9.0,"key":"SMITH"},{"data":"Slimebound:Equalize","floor":18.0,"key":"SMITH"},{"data":"Slimebound:MinionMaster","floor":23.0,"key":"SMITH"},{"floor":27.0,"key":"REST"},{"floor":29,"key":"REST"}],"circlet_count":0,"master_deck":["AscendersBane","Slimebound:Strike_Slimebound","Slimebound:Strike_Slimebound","Slimebound:Strike_Slimebound","Slimebound:Tackle","Slimebound:Defend_Slimebound","Slimebound:Defend_Slimebound","Slimebound:Defend_Slimebound","Slimebound:Defend_Slimebound","Slimebound:Split+1","Slimebound:CorrosiveSpit+1","expansioncontent:ManipulateTime","Slimebound:SplitBruiser","Slimebound:SplitMire+1","Slimebound:Recollect","Slimebound:TagTeam","Slimebound:LevelUp","Slimebound:SplitSpecialist","Slimebound:MinionMaster+1","Slimebound:Equalize+1","Slimebound:PressTheAttack","Slimebound:OneTwoCombo","Slimebound:MegaLick+1","Slimebound:GrowthPunch","Slimebound:RejuvenatingLick+1","Trip+1","Slimebound:MinionMaster","Slimebound:RejuvenatingLick+1"],"relics":["Slimebound:AbsorbEndCombat","downfall:HeartBlessingRed","Thread and Needle","downfall:HeartBlessingBlue","Strawberry","Tiny House","Orichalcum","Toxic Egg 2","Oddly Smooth Stone","Matryoshka"],"acts_visited":["Exordium","TheCity"],"potions_floor_usage":[32],"damage_taken":[{"damage":8.0,"enemies":"Jaw Worm","floor":2.0,"turns":5.0},{"damage":22.0,"enemies":"Small Slimes","floor":4.0,"turns":5.0},{"damage":8.0,"enemies":"Cultist","floor":5.0,"turns":3.0},{"damage":34.0,"enemies":"Gremlin Nob","floor":8.0,"turns":4.0},{"damage":29.0,"enemies":"Exordium Thugs","floor":10.0,"turns":3.0},{"damage":32.0,"enemies":"Lagavulin Event","floor":11.0,"turns":3.0},{"damage":20.0,"enemies":"Large Slime","floor":12.0,"turns":3.0},{"damage":24.0,"enemies":"2 Fungi Beasts","floor":13.0,"turns":3.0},{"damage":8.0,"enemies":"Exordium Wildlife","floor":15.0,"turns":2.0},{"damage":55.0,"enemies":"downfall:Silent","floor":16.0,"turns":8.0},{"damage":37.0,"enemies":"Shell Parasite","floor":20.0,"turns":3.0},{"damage":62.0,"enemies":"3 Byrds","floor":21.0,"turns":4.0},{"damage":31.0,"enemies":"Snake Plant","floor":22.0,"turns":3.0},{"damage":51.0,"enemies":"Shelled Parasite and Fungi","floor":25.0,"turns":4.0},{"damage":16.0,"enemies":"Cultist and Chosen","floor":26.0,"turns":3.0},{"damage":68,"enemies":"Slavers","floor":28,"turns":4},{"damage":20,"enemies":"downfall:FleeingMerchant","floor":30,"turns":4},{"damage":82,"enemies":"Gremlin Leader","floor":31,"turns":6},{"damage":34,"enemies":"Snecko","floor":32,"turns":5},{"damage":37,"enemies":"downfall:Ironclad","floor":33,"turns":4}],"seed_played":"-1000561683181170559","potions_obtained":[{"floor":5.0,"key":"EntropicBrew"},{"floor":8.0,"key":"hexamod:EctoCoolerPotion"},{"floor":11.0,"key":"SpeedPotion"},{"floor":13.0,"key":"FearPotion"},{"floor":15.0,"key":"EssenceOfSteel"},{"floor":17.0,"key":"EssenceOfSteel"},{"floor":20.0,"key":"GamblersBrew"},{"floor":21.0,"key":"Energy Potion"},{"floor":31,"key":"Slimebound:SlimedPotion"},{"floor":32,"key":"SpeedPotion"}],"is_trial":false,"path_per_floor":["R","M","?","M","M","R","T","E","R","M","?","M","M","?","M","B",null,"R","?","M","M","M","R","T","M","M","R","E","R","$","E","M","B"],"character_chosen":"SLIMEBOUND","items_purchased":["Slimebound:RejuvenatingLick+1","Oddly Smooth Stone","Trip+1"],"campfire_rested":2,"item_purchase_floors":[30,30,30],"current_hp_per_floor":[49,51,56,46,50,50,50,30,40,39,34,36,38,38,38,19,67,67,91,80,52,41,41,41,24,40,67,33,60,70,26,24,0,0,0],"gold":50,"neow_bonus":"RANDOM_COLORLESS","is_daily":false,"chose_seed":false,"campfire_upgraded":4,"win_rate":0.0,"timestamp":1610133956,"path_taken":["R","M","?","M","M","R","T","E","R","M","?","M","M","?","M","BOSS","R","?","M","M","M","R","T","M","M","R","E","R","$","E","M","BOSS"],"items_purchased_type":["Card","Relic","Card"],"build_version":"2020-12-22","purchased_purges":0,"victory":false,"max_hp_per_floor":[54,54,59,59,59,59,59,59,69,69,76,76,76,76,76,76,81,81,91,91,91,91,91,91,91,91,91,91,91,91,91,91,91,91,91],"card_choices":[{"not_picked":["Discovery","Trip"],"picked":"expansioncontent:ManipulateTime","floor":0.0},{"not_picked":["Slimebound:ViciousTackle","Slimebound:Schlurp","Slimebound:RollThrough"],"picked":"SKIP","floor":2.0},{"not_picked":["Slimebound:LeechingTouch","Slimebound:AcidTongue"],"picked":"Slimebound:SplitBruiser","floor":4.0},{"not_picked":["Slimebound:PressTheAttack","Slimebound:RollThrough"],"picked":"Slimebound:SplitMire","floor":5.0},{"not_picked":["Slimebound:ProtectTheBoss","Slimebound:DivideAndConquer"],"picked":"Slimebound:Recollect","floor":8.0},{"not_picked":["Slimebound:SpikyOuterGoop","Slimebound:SplitLeeching","Slimebound:RollThrough"],"picked":"SKIP","floor":10.0},{"not_picked":["Slimebound:SlimeSpikes","Slimebound:SamplingLick"],"picked":"Slimebound:TagTeam","floor":11.0},{"not_picked":["Slimebound:FlameTackle","Slimebound:SplitMire"],"picked":"Slimebound:LevelUp","floor":12.0},{"not_picked":["Slimebound:SplitBruiser","Slimebound:SpikyOuterGoop"],"picked":"Slimebound:SplitSpecialist","floor":13.0},{"not_picked":["Slimebound:RainOfGoop","Slimebound:AcidTongue","Slimebound:SplitBruiser"],"picked":"SKIP","floor":15.0},{"not_picked":["Slimebound:DouseInSlime","Slimebound:Overexert"],"picked":"Slimebound:MinionMaster","floor":16.0},{"not_picked":["Slimebound:ProtectTheBoss","Slimebound:SplitMire"],"picked":"Slimebound:Equalize","floor":17.0},{"not_picked":["Slimebound:FinishingTackle","Slimebound:SplitBruiser","Slimebound:SpikyOuterGoop+1"],"picked":"SKIP","floor":20.0},{"not_picked":["Slimebound:DivideAndConquer","Slimebound:SplitLeeching"],"picked":"Slimebound:PressTheAttack","floor":21.0},{"not_picked":["Slimebound:ViciousTackle","Slimebound:SplitMire"],"picked":"Slimebound:OneTwoCombo","floor":22.0},{"not_picked":["Slimebound:GoopSpray","Slimebound:FinishingTackle"],"picked":"Slimebound:MegaLick+1","floor":25.0},{"not_picked":["Slimebound:Chomp","Slimebound:SamplingLick","Slimebound:AcidTongue"],"picked":"SKIP","floor":26.0},{"not_picked":["Slimebound:Grow","Slimebound:AcidTongue","Slimebound:FinishingTackle"],"picked":"SKIP","floor":28},{"not_picked":["Slimebound:LeechEnergy","Slimebound:GoopSpray+1"],"picked":"Slimebound:GrowthPunch","floor":30},{"not_picked":["Slimebound:TagTeam","Slimebound:ViciousTackle"],"picked":"Slimebound:MinionMaster","floor":31},{"not_picked":["Slimebound:SamplingLick+1","Slimebound:LivingWall+1"],"picked":"Slimebound:RejuvenatingLick+1","floor":32}],"player_experience":482777,"relics_obtained":[{"floor":8.0,"key":"Thread and Needle"},{"floor":24.0,"key":"Orichalcum"},{"floor":28,"key":"Toxic Egg 2"},{"floor":31,"key":"Matryoshka"}],"event_choices":[{"damage_healed":0.0,"max_hp_gain":5.0,"max_hp_loss":0.0,"gold_gain":0.0,"event_name":"Big Fish","player_choice":"Donut","floor":3.0,"gold_loss":0.0,"damage_taken":0.0}],"is_beta":false,"boss_relics":[{"not_picked":["Philosopher\u0027s Stone","Cursed Key"],"picked":"Tiny House"}],"items_purged_floors":[],"is_endless":false,"potions_floor_spawned":[5,8,11,13,15,20,21,31,32],"killed_by":"downfall:Ironclad","ascension_level":17}}