{"host":"4q8tqz186r0pap1a","time":1610086391,"event":{"mods":["ATMod(阿瑾Mod)","Act Like it!","Arknights The Spire","BaseMod","Bestiary","Block Reminder","Colored Powertips","Curses Come First","Dota2Spire","Downfall","Gensokyo","Gold Saver","GungeonMod","Hallownest","Highlight Path","Hubris","Hunter 猎人","Jedi Mod","KinomotoSakuraMod(木之本樱)","KomeijiMod","Minty Spire (QoL Compilation)","Nova Terra(诺娃・泰拉)","Pale of the Ancients","Quarter Circle Forward PUNCH!","Red Circlet Mod","Relic Stats","Replay The Spire","Shop Mod","Spicy Shops","StSLib","The Bug Knight","The Construct","The Cursed","The Marked","TheWitcher","WarShipGirlsR/战舰少女R mod","Yakumo Yukari mod","Yuyuko","[IsaacMod]以撒尖塔","[功能]功能增强和修复MOD","[地精首领爬塔]The Maniac","vexMod","【功能Mod】混沌之环修复补丁","【功能Mod】聪明的最终Boss","【遗物卡牌】REMEMod","残留之物"],"gold_per_floor":[111,111,121,121,121,156,156,173,173,207,240,272,300,300,300,868,868,898,929,919,456,456,560,615,722,798,857,914,914,914,1023,1023,1695,1695,1746,1746,1437,1437,1437,1488,1488,1547,1615,1615,1612,1612,1609,1609,1609,2263,2288,2288],"floor_reached":51,"playtime":6378,"items_purged":["HollowMod:QuickDashStart","HollowMod:QuickDashStart","Parasite","Pain"],"score":4372,"play_id":"769e05a7-1d57-4f6c-a7dd-a5dd42a7d9c5","local_time":"20210108141311","daily_mods":["Vintage","Heirloom","Time Dilation","Flight","Lethality","Terminal"],"is_ascension_mode":true,"campfire_choices":[{"data":"HollowMod:SoulEater","floor":15,"key":"SMITH"},{"data":"HollowMod:MawleksShell","floor":32,"key":"SMITH"},{"data":"Gensokyo:MissMary","floor":44,"key":"SMITH"},{"data":"Pot Of Greed","floor":49,"key":"SMITH"}],"circlet_count":0,"master_deck":["AscendersBane","HollowMod:NailStrikeStart","HollowMod:NailStrikeStart","HollowMod:NailStrikeStart","HollowMod:NailStrikeStart","HollowMod:QuickDashStart","HollowMod:QuickDashStart","HollowMod:FocusHealStart","HollowMod:PogoStrike","construct:Supernova+1","HollowMod:DoubleDash","HollowMod:MawleksShell+1","HollowMod:NewGlowingWomb+1","hexamod:FirstSeal","Poisoned Strike+1","REME_MawOfCthun","REME_MagicPocketWatch","HollowMod:InfectedAttack","HollowMod:TaintedHusks","HollowMod:SoulEater+1","hexamod:WildfireWeapon","HollowMod:NewInfectedGuardian+1","HollowMod:theNailsmith","HollowMod:SlysStrikes+1","HollowMod:HuntersJournal","HollowMod:HuntersJournal+1","Gensokyo:MissMary+1","HollowMod:CycloneSlash+1","hexamod:ThirdSeal","HollowMod:HowlingWraiths+1","Pot Of Greed+1","Pot Of Greed+1","Pot Of Greed+1","hexamod:ApocalypseNow","HollowMod:MantisMark","HollowMod:Weaversong+1","HollowMod:SlysStrikes+1","Pot Of Greed","CurseOfTheBell","HollowMod:SoulVessel","HollowMod:InfectedCysts+1","HollowMod:SoulMaster","hexamod:SixthSeal","HollowMod:AwokenDreamNail"],"relics":["HollowMod:VesselMask","qcfpunch:Spiky_Bracers","qcfpunch:White_Boots","qcfpunch:Handcuffs","qcfpunch:Army_Boots","qcfpunch:Chain_With_Nametags","qcfpunch:Combat_Fatigues","qcfpunch:Black_Training_Shirt","qcfpunch:Red_Gi","qcfpunch:Unceasing_Flame","qcfpunch:Wrestler\u0027s_Cloak","qcfpunch:Wild_Herbs_Ointment","qcfpunch:Red_Cyclone_Teachings","qcfpunch:Broken_Tusk","qcfpunch:Necklace_of_Skulls","qcfpunch:Lotus_Statue","qcfpunch:Red_Beret","qcfpunch:Green_Leotard","qcfpunch:Special_Ops_Insignia","AT_ATBox","REME_ComplimentaryCards","HushsDoor","SatanicBible","hubris:Potato","Peace Pipe","Strawberry","DemoMod:ChaffGrenade","vexMod:GhostlyGear","ReplayTheSpireMod:Shallot","Gremlin Food","REME_CardOfGreed","MerchantsRug","DeathBook","Dream Catcher","vexMod:MemoryStick","Dota2Spire:HeartOfTarrasque","vexMod:TimeEaterHat","DemoMod:JetPack","ReplayTheSpireMod:ShopPack","DemoMod:GlassGuonStoneRelic","Pen Nib","ThirstyCross","Dota2Spire:Vanguard","jedi:heavyjacket","AT_RedTearstoneRing","Anchor","PlaceholderMod:DeVermisMysteriis","GuppysTail","hubris:Towel","HollowMod:StagPassRelic","vexMod:BarristanHead","ChampionBelt","BelialBook","AT_MibuBalloonWealth","jedi:crownofsimplicity","AT_SunfireAegis","HollowMod:JonisBlessing","SnafuTest:CatRelic","hexamod:BolsterEngine","ClockworkSouvenir","Chemical X","StrikeDummy","Eternal Feather","HoshigumaDish","Dota2Spire:EchoSabre","vexMod:Spyglass","hubris:GlazedTorus","Replay:Baseball","AT_ChloranthyRing","Dota2Spire:LinkenSphere","Bag of Marbles","Grinning Jar","Nunchaku","AT_PhaseBoots","DemoMod:LamentConfigurum","NitorisBag","Dota2Spire:MaskOfMadness","Gremlin Horn","TheBattery","jedi:heavyjacket","Dota2Spire:PowerTreads","DemoMod:SevenLeafClover","Mummified Hand","Calling Bell","AT_ArchangelStaff","HollowMod:LumaflyLanternRelic","EdensBlessing","AT_LudenTempest","Electric Blood","SteamSale","HandDrill","ForgetMeNow","vexMod:FocusSash","qcfpunch:Not_Strongest_Fighting_Style_Guidebook","Tiny Chest","hubris:EmptyBottle","ReplayTheSpireMod:TigerMarble","hubris:Icosahedron","HornCleat","KyoryuNoHagoromo","AT_GuinsooRageblade","AT_BladeRuinedKing","hubris:SlimyHat","Dota2Spire:UrnOfShadows","vexMod:PaidLearning","hubris:DisguiseKit","BargainBundle","TuHaoJin","HowToJump","Sling","ReplayTheSpireMod:Ninjato","Frozen Eye","Bottled Lightning","AT_SilverBalance","DemoMod:Metronome"],"acts_visited":["Exordium","Gensokyo:Gensokyoer","Gensokyo:Gensokyoest"],"potions_floor_usage":[],"damage_taken":[{"damage":0,"enemies":"Small Slimes","floor":1,"turns":2},{"damage":0,"enemies":"Jaw Worm","floor":3,"turns":2},{"damage":0,"enemies":"Gremlin Nob","floor":6,"turns":2},{"damage":0,"enemies":"2 Louse","floor":8,"turns":1},{"damage":0,"enemies":"3 Sentries","floor":10,"turns":1},{"damage":0,"enemies":"Replay:BlueRogue","floor":11,"turns":3},{"damage":0,"enemies":"HollowMod:MossKnight","floor":12,"turns":3},{"damage":0,"enemies":"Replay:BlueRogue","floor":13,"turns":2},{"damage":0,"enemies":"Hexaghost","floor":16,"turns":6},{"damage":0,"enemies":"Gensokyo:Reisen","floor":18,"turns":6},{"damage":0,"enemies":"Gensokyo:Koishi","floor":19,"turns":2},{"damage":0,"enemies":"Gensokyo:Reisen","floor":23,"turns":1},{"damage":0,"enemies":"Gensokyo:Koishi","floor":24,"turns":2},{"damage":0,"enemies":"Gensokyo:Reisen","floor":25,"turns":1},{"damage":0,"enemies":"Gensokyo:Koishi","floor":27,"turns":2},{"damage":0,"enemies":"Gensokyo:Tenshi","floor":28,"turns":1},{"damage":0,"enemies":"Gensokyo:Reisen","floor":31,"turns":1},{"damage":0,"enemies":"Gensokyo:Kaguya","floor":33,"turns":4},{"damage":0,"enemies":"Gensokyo:Marisa","floor":35,"turns":1},{"damage":0,"enemies":"Gensokyo:Doremy","floor":40,"turns":1},{"damage":0,"enemies":"Gensokyo:Marisa","floor":42,"turns":1},{"damage":0,"enemies":"Gensokyo:Yuyuko","floor":50,"turns":2},{"damage":0,"enemies":"Gensokyo:Scarlet_Devils","floor":51,"turns":4}],"seed_played":"5916400758430701325","potions_obtained":[{"floor":1,"key":"LifebloodPotion"},{"floor":3,"key":"Explosive Potion"}],"is_trial":true,"path_per_floor":["M","$","M","$","?","E","?","M","T","E","E","E","E","?","R","B",null,"M","M","$","COS","$","E","E","E","T","E","M","?","$","E","R","B",null,"M","?","COS","$","?","E","?","M","T","R","$","?","$","?","R","B","B"],"character_chosen":"THE_BUGKNIGHT","items_purchased":["Strawberry","DemoMod:ChaffGrenade","vexMod:GhostlyGear","ReplayTheSpireMod:Shallot","Gremlin Food","REME_CardOfGreed","HollowMod:NewGlowingWomb","ChaosCard","MerchantsRug","Bomb","Dream Catcher","vexMod:MemoryStick","Dota2Spire:HeartOfTarrasque","vexMod:TimeEaterHat","DemoMod:JetPack","hexamod:FirstSeal","ReplayTheSpireMod:ShopPack","jedi:crownofsimplicity","AT_SunfireAegis","HollowMod:JonisBlessing","SnafuTest:CatRelic","hexamod:BolsterEngine","ClockworkSouvenir","HollowMod:HuntersJournal","StrikeDummy","Eternal Feather","HoshigumaDish","Dota2Spire:EchoSabre","vexMod:Spyglass","HollowMod:CycloneSlash","AT_SpeedBoots","DemoMod:LamentConfigurum","NitorisBag","Dota2Spire:MaskOfMadness","Gremlin Horn","TheBattery","ForgetMeNow","vexMod:FocusSash","qcfpunch:Not_Strongest_Fighting_Style_Guidebook","Tiny Chest","hubris:EmptyBottle","AT_BladeRuinedKing","hubris:SlimyHat","Dota2Spire:UrnOfShadows","vexMod:PaidLearning","hubris:DisguiseKit","BargainBundle","TuHaoJin","HowToJump","Sling","ReplayTheSpireMod:Ninjato","Frozen Eye","Bottled Lightning","HollowMod:InfectedCysts"],"campfire_rested":0,"item_purchase_floors":[2,2,2,2,2,2,2,2,2,2,4,4,4,4,4,4,4,20,20,20,20,20,20,20,22,22,22,22,22,22,30,30,30,30,30,30,38,38,38,38,38,45,45,45,45,45,45,47,47,47,47,47,47,47],"current_hp_per_floor":[4,10,9,16,15,14,13,12,11,10,9,8,7,6,5,4,3,6,5,4,3,2,2,2,2,2,2,2,2,2,2,4,3,2,2,2,1,1,1,1,1,1,1,4,1,1,1,1,1,1,2,2],"gold":2288,"neow_bonus":"","is_daily":false,"chose_seed":false,"campfire_upgraded":4,"win_rate":0.0,"timestamp":1610086391,"path_taken":["M","$","M","$","?","E","?","?","T","E","E","E","E","?","R","BOSS","M","M","$","COS","$","E","E","E","T","E","M","?","$","E","R","BOSS","M","?","COS","$","?","E","?","?","T","R","$","?","$","?","R","BOSS","BOSS"],"items_purchased_type":["Relic","Relic","Relic","Relic","Relic","Relic","Card","Card","Relic","Card","Relic","Relic","Relic","Relic","Relic","Card","Relic","Relic","Relic","Relic","Relic","Relic","Relic","Card","Relic","Relic","Relic","Relic","Relic","Card","Relic","Relic","Relic","Relic","Relic","Relic","Relic","Relic","Relic","Relic","Relic","Relic","Relic","Relic","Relic","Relic","Relic","Relic","Relic","Relic","Relic","Relic","Relic","Card"],"build_version":"2020-12-22","purchased_purges":4,"victory":false,"max_hp_per_floor":[4,10,9,16,15,14,13,12,11,10,9,8,7,6,5,4,3,6,5,4,3,2,5,4,3,2,5,4,3,2,5,4,3,2,5,2,1,1,1,4,3,6,5,4,1,1,1,1,1,4,4,4],"relic_stats":{"Peace Pipe":0,"Dream Catcher":0,"Nunchaku":[6],"Gremlin Horn":[8,19],"counters":[23,51],"Mummified Hand":[23],"Eternal Feather":7,"Tiny Chest":0,"Pen Nib":[15],"HandDrill":[0],"Chemical X":[1],"obtain_stats":[{"ThirstyCross":7,"vexMod:MemoryStick":4,"Dota2Spire:PowerTreads":31,"AT_ATBox":0,"qcfpunch:Special_Ops_Insignia":0,"HollowMod:LumaflyLanternRelic":34,"qcfpunch:Red_Beret":0,"Sling":47,"qcfpunch:Lotus_Statue":0,"DemoMod:LamentConfigurum":30,"Diplopia":28,"TuHaoJin":47,"HandDrill":37,"qcfpunch:Red_Cyclone_Teachings":0,"Electric Blood":36,"KeepersGift":0,"MerchantsRug":2,"AT_RedTearstoneRing":10,"Dota2Spire:UrnOfShadows":45,"BelialBook":18,"HollowMod:JonisBlessing":20,"HoshigumaDish":22,"Eternal Feather":22,"Pen Nib":6,"SteamSale":37,"qcfpunch:Combat_Fatigues":0,"vexMod:GhostlyGear":2,"AT_SpeedBoots":30,"qcfpunch:Broken_Tusk":0,"HushsDoor":0,"StrikeDummy":22,"qcfpunch:Spiky_Bracers":0,"GuppysTail":13,"Dota2Spire:EchoSabre":22,"Dota2Spire:Vanguard":8,"TheBattery":30,"hubris:EmptyBottle":38,"qcfpunch:Wild_Herbs_Ointment":0,"DeathBook":3,"Chemical X":21,"hubris:GlazedTorus":23,"AT_ChloranthyRing":25,"qcfpunch:Black_Training_Shirt":0,"jedi:crownofsimplicity":20,"hubris:Towel":14,"KyoryuNoHagoromo":43,"SnafuTest:CatRelic":20,"Bottled Lightning":47,"AT_SunfireAegis":20,"hexamod:BolsterEngine":20,"REME_ComplimentaryCards":0,"Dota2Spire:MaskOfMadness":30,"Gremlin Horn":30,"AT_MibuBalloonWealth":19,"HollowMod:VesselMask":0,"DemoMod:GlassGuonStoneRelic":6,"qcfpunch:Unceasing_Flame":0,"HollowMod:StagPassRelic":16,"AT_ArchangelStaff":34,"SatanicBible":0,"HornCleat":42,"DemoMod:Metronome":50,"qcfpunch:Red_Gi":0,"Strawberry":2,"qcfpunch:Handcuffs":0,"qcfpunch:Chain_With_Nametags":0,"AT_GuinsooRageblade":43,"DemoMod:ChaffGrenade":2,"vexMod:TimeEaterHat":4,"AT_SilverBalance":50,"AT_PhaseBoots":51,"Dota2Spire:HeartOfTarrasque":4,"vexMod:PaidLearning":45,"jedi:heavyjacket":9,"NitorisBag":30,"Replay:Baseball":24,"AT_LudenTempest":35,"ReplayTheSpireMod:Shallot":2,"ForgetMeNow":38,"ReplayTheSpireMod:TigerMarble":40,"Grinning Jar":27,"EdensBlessing":34,"qcfpunch:Not_Strongest_Fighting_Style_Guidebook":38,"PlaceholderMod:DeVermisMysteriis":12,"jedi:command_boss":36,"hubris:SlimyHat":45,"vexMod:Spyglass":22,"ClockworkSouvenir":20,"DemoMod:SevenLeafClover":33,"Frozen Eye":19,"Dream Catcher":4,"Nunchaku":28,"ChampionBelt":17,"hubris:Icosahedron":41,"qcfpunch:Green_Leotard":0,"Mummified Hand":33,"qcfpunch:Necklace_of_Skulls":0,"Tiny Chest":38,"qcfpunch:Wrestler\u0027s_Cloak":0,"DemoMod:JetPack":4,"Gremlin Food":2,"qcfpunch:Army_Boots":0,"hubris:DisguiseKit":45,"BargainBundle":45,"ReplayTheSpireMod:Ninjato":47,"HowToJump":47,"AT_BladeRuinedKing":45,"vexMod:FocusSash":38,"qcfpunch:White_Boots":0,"Peace Pipe":1,"Calling Bell":34,"Anchor":11,"vexMod:BarristanHead":16,"Dota2Spire:LinkenSphere":26,"Bag of Marbles":27,"REME_CardOfGreed":2,"hubris:Potato":0,"ReplayTheSpireMod:ShopPack":4},{"ThirstyCross":3,"vexMod:MemoryStick":2,"Dota2Spire:PowerTreads":17,"AT_ATBox":0,"qcfpunch:Special_Ops_Insignia":0,"HollowMod:LumaflyLanternRelic":18,"qcfpunch:Red_Beret":0,"Sling":21,"qcfpunch:Lotus_Statue":0,"DemoMod:LamentConfigurum":16,"Diplopia":16,"TuHaoJin":21,"HandDrill":19,"qcfpunch:Red_Cyclone_Teachings":0,"Electric Blood":19,"KeepersGift":0,"MerchantsRug":1,"AT_RedTearstoneRing":5,"Dota2Spire:UrnOfShadows":21,"BelialBook":10,"HollowMod:JonisBlessing":11,"HoshigumaDish":11,"Eternal Feather":11,"Pen Nib":3,"SteamSale":19,"qcfpunch:Combat_Fatigues":0,"vexMod:GhostlyGear":1,"AT_SpeedBoots":16,"qcfpunch:Broken_Tusk":0,"HushsDoor":0,"StrikeDummy":11,"qcfpunch:Spiky_Bracers":0,"GuppysTail":8,"Dota2Spire:EchoSabre":11,"Dota2Spire:Vanguard":4,"TheBattery":16,"hubris:EmptyBottle":19,"qcfpunch:Wild_Herbs_Ointment":0,"DeathBook":2,"Chemical X":11,"hubris:GlazedTorus":12,"AT_ChloranthyRing":14,"qcfpunch:Black_Training_Shirt":0,"jedi:crownofsimplicity":11,"hubris:Towel":8,"KyoryuNoHagoromo":21,"SnafuTest:CatRelic":11,"Bottled Lightning":21,"AT_SunfireAegis":11,"hexamod:BolsterEngine":11,"REME_ComplimentaryCards":0,"Dota2Spire:MaskOfMadness":16,"Gremlin Horn":16,"AT_MibuBalloonWealth":11,"HollowMod:VesselMask":0,"DemoMod:GlassGuonStoneRelic":3,"qcfpunch:Unceasing_Flame":0,"HollowMod:StagPassRelic":9,"AT_ArchangelStaff":18,"SatanicBible":0,"HornCleat":21,"DemoMod:Metronome":22,"qcfpunch:Red_Gi":0,"Strawberry":1,"qcfpunch:Handcuffs":0,"qcfpunch:Chain_With_Nametags":0,"AT_GuinsooRageblade":21,"DemoMod:ChaffGrenade":1,"vexMod:TimeEaterHat":2,"AT_SilverBalance":22,"AT_PhaseBoots":23,"Dota2Spire:HeartOfTarrasque":2,"vexMod:PaidLearning":21,"jedi:heavyjacket":4,"NitorisBag":16,"Replay:Baseball":13,"AT_LudenTempest":19,"ReplayTheSpireMod:Shallot":1,"ForgetMeNow":19,"ReplayTheSpireMod:TigerMarble":20,"Grinning Jar":15,"EdensBlessing":18,"qcfpunch:Not_Strongest_Fighting_Style_Guidebook":19,"PlaceholderMod:DeVermisMysteriis":7,"jedi:command_boss":19,"hubris:SlimyHat":21,"vexMod:Spyglass":11,"ClockworkSouvenir":11,"DemoMod:SevenLeafClover":18,"Frozen Eye":10,"Dream Catcher":2,"Nunchaku":16,"ChampionBelt":9,"hubris:Icosahedron":20,"qcfpunch:Green_Leotard":0,"Mummified Hand":18,"qcfpunch:Necklace_of_Skulls":0,"Tiny Chest":19,"qcfpunch:Wrestler\u0027s_Cloak":0,"DemoMod:JetPack":2,"Gremlin Food":1,"qcfpunch:Army_Boots":0,"hubris:DisguiseKit":21,"BargainBundle":21,"ReplayTheSpireMod:Ninjato":21,"HowToJump":21,"AT_BladeRuinedKing":21,"vexMod:FocusSash":19,"qcfpunch:White_Boots":0,"Peace Pipe":1,"Calling Bell":18,"Anchor":6,"vexMod:BarristanHead":9,"Dota2Spire:LinkenSphere":14,"Bag of Marbles":15,"REME_CardOfGreed":1,"hubris:Potato":0,"ReplayTheSpireMod:ShopPack":2},{"ThirstyCross":6,"vexMod:MemoryStick":4,"Dota2Spire:PowerTreads":38,"AT_ATBox":0,"qcfpunch:Special_Ops_Insignia":0,"HollowMod:LumaflyLanternRelic":42,"qcfpunch:Red_Beret":0,"Sling":45,"qcfpunch:Lotus_Statue":0,"DemoMod:LamentConfigurum":37,"Diplopia":37,"TuHaoJin":45,"HandDrill":43,"qcfpunch:Red_Cyclone_Teachings":0,"Electric Blood":43,"KeepersGift":0,"MerchantsRug":2,"AT_RedTearstoneRing":8,"Dota2Spire:UrnOfShadows":45,"BelialBook":28,"HollowMod:JonisBlessing":30,"HoshigumaDish":30,"Eternal Feather":30,"Pen Nib":6,"SteamSale":43,"qcfpunch:Combat_Fatigues":0,"vexMod:GhostlyGear":2,"AT_SpeedBoots":37,"qcfpunch:Broken_Tusk":0,"HushsDoor":0,"StrikeDummy":30,"qcfpunch:Spiky_Bracers":0,"GuppysTail":16,"Dota2Spire:EchoSabre":30,"Dota2Spire:Vanguard":7,"TheBattery":37,"hubris:EmptyBottle":43,"qcfpunch:Wild_Herbs_Ointment":0,"DeathBook":4,"Chemical X":30,"hubris:GlazedTorus":31,"AT_ChloranthyRing":34,"qcfpunch:Black_Training_Shirt":0,"jedi:crownofsimplicity":30,"hubris:Towel":16,"KyoryuNoHagoromo":45,"SnafuTest:CatRelic":30,"Bottled Lightning":45,"AT_SunfireAegis":30,"hexamod:BolsterEngine":30,"REME_ComplimentaryCards":0,"Dota2Spire:MaskOfMadness":37,"Gremlin Horn":37,"AT_MibuBalloonWealth":30,"HollowMod:VesselMask":0,"DemoMod:GlassGuonStoneRelic":6,"qcfpunch:Unceasing_Flame":0,"HollowMod:StagPassRelic":22,"AT_ArchangelStaff":42,"SatanicBible":0,"HornCleat":45,"DemoMod:Metronome":47,"qcfpunch:Red_Gi":0,"Strawberry":2,"qcfpunch:Handcuffs":0,"qcfpunch:Chain_With_Nametags":0,"AT_GuinsooRageblade":45,"DemoMod:ChaffGrenade":2,"vexMod:TimeEaterHat":4,"AT_SilverBalance":47,"AT_PhaseBoots":49,"Dota2Spire:HeartOfTarrasque":4,"vexMod:PaidLearning":45,"jedi:heavyjacket":7,"NitorisBag":37,"Replay:Baseball":33,"AT_LudenTempest":43,"ReplayTheSpireMod:Shallot":2,"ForgetMeNow":43,"ReplayTheSpireMod:TigerMarble":44,"Grinning Jar":36,"EdensBlessing":42,"qcfpunch:Not_Strongest_Fighting_Style_Guidebook":43,"PlaceholderMod:DeVermisMysteriis":14,"jedi:command_boss":43,"hubris:SlimyHat":45,"vexMod:Spyglass":30,"ClockworkSouvenir":30,"DemoMod:SevenLeafClover":42,"Frozen Eye":28,"Dream Catcher":4,"Nunchaku":37,"ChampionBelt":22,"hubris:Icosahedron":44,"qcfpunch:Green_Leotard":0,"Mummified Hand":42,"qcfpunch:Necklace_of_Skulls":0,"Tiny Chest":43,"qcfpunch:Wrestler\u0027s_Cloak":0,"DemoMod:JetPack":4,"Gremlin Food":2,"qcfpunch:Army_Boots":0,"hubris:DisguiseKit":45,"BargainBundle":45,"ReplayTheSpireMod:Ninjato":45,"HowToJump":45,"AT_BladeRuinedKing":45,"vexMod:FocusSash":43,"qcfpunch:White_Boots":0,"Peace Pipe":2,"Calling Bell":42,"Anchor":11,"vexMod:BarristanHead":22,"Dota2Spire:LinkenSphere":34,"Bag of Marbles":35,"REME_CardOfGreed":2,"hubris:Potato":0,"ReplayTheSpireMod:ShopPack":4}]},"card_choices":[{"not_picked":[],"picked":"ChaosCard","floor":0},{"not_picked":["HollowMod:NewJinnsSoul","hexamod:CatchUp"],"picked":"HollowMod:DoubleDash","floor":1},{"not_picked":["HollowMod:SoulSplash","hexamod:HeatShield"],"picked":"HollowMod:MawleksShell","floor":1},{"not_picked":["HollowMod:MawleksShell","hexamod:ShieldOfDarkness"],"picked":"Bomb","floor":3},{"not_picked":["hexamod:PhantomFireball","hexamod:ThermalTransfer","hexamod:NecessarySacrifice"],"picked":"SKIP","floor":3},{"not_picked":["AT_BreakingExtremeWeapon","ReplayTheSpireMod:Brewmster"],"picked":"Poisoned Strike","floor":4},{"not_picked":["REME_FirmDetermination","expansioncontent:ChargeUp"],"picked":"REME_MawOfCthun","floor":4},{"not_picked":["expansioncontent:BronzeBeam","PanicButton"],"picked":"REME_MagicPocketWatch","floor":4},{"not_picked":["HollowMod:InfectedCysts","Bomb"],"picked":"HollowMod:InfectedAttack","floor":6},{"not_picked":["hexamod:ShieldOfDarkness","hexamod:RainOfEmbers","hexamod:NightmareGuise"],"picked":"SKIP","floor":8},{"not_picked":["hexamod:NightmareStrike","HollowMod:GoodIntentions","HollowMod:SiblingsSouls"],"picked":"SKIP","floor":8},{"not_picked":["Bomb","HollowMod:HornetsHelp"],"picked":"HollowMod:TaintedHusks","floor":10},{"not_picked":["HollowMod:GoodIntentions","hexamod:SkipABeat","HollowMod:AbyssShriek"],"picked":"SKIP","floor":11},{"not_picked":["HollowMod:GreatSlash","hexamod:NightmareGuise"],"picked":"HollowMod:SoulEater","floor":12},{"not_picked":["HollowMod:ShadowDash","hexamod:SwordOfDarkness"],"picked":"hexamod:WildfireWeapon","floor":13},{"not_picked":["HollowMod:MidwifesHunger","HollowMod:VoidDash"],"picked":"HollowMod:NewInfectedGuardian","floor":16},{"not_picked":["HollowMod:ElderbugsWisdom","hexamod:GiftsFromTheDead"],"picked":"HollowMod:theNailsmith","floor":16},{"not_picked":["hexamod:UnlimitedPower","HollowMod:theNailsmith"],"picked":"HollowMod:SlysStrikes","floor":16},{"not_picked":["hexamod:HexaLevel","HollowMod:VengefulVoid","HollowMod:RecoilStrike"],"picked":"SKIP","floor":18},{"not_picked":["hexamod:AdvancingGuard","HollowMod:HornetsHelp"],"picked":"HollowMod:HuntersJournal","floor":19},{"not_picked":["HollowMod:NewGlowingWomb","hexamod:StepThrough","hexamod:RecurringNightmare"],"picked":"SKIP","floor":23},{"not_picked":["hexamod:NecessarySacrifice","HollowMod:FallenFury"],"picked":"hexamod:ThirdSeal","floor":24},{"not_picked":["HollowMod:InfectedAttack","HollowMod:ZotesMagnificence"],"picked":"HollowMod:HowlingWraiths+1","floor":25},{"not_picked":["hexamod:SoulSteal","hexamod:BacktrackSmack"],"picked":"hexamod:ApocalypseNow","floor":27},{"not_picked":["hexamod:InspiringFlames","HollowMod:RecoilStrike","HollowMod:MonarchWings"],"picked":"SKIP","floor":28},{"not_picked":["hexamod:SpectersWail","hexamod:AdvancingGuard"],"picked":"HollowMod:MantisMark","floor":31},{"not_picked":["HollowMod:HornetsHelp","hexamod:VolcanoVisage"],"picked":"HollowMod:Weaversong","floor":33},{"not_picked":["HollowMod:VoidDash","hexamod:WildfireWeapon"],"picked":"HollowMod:SlysStrikes","floor":33},{"not_picked":["HollowMod:LifebloodCocoon+1","HollowMod:SiblingsSouls","HollowMod:HowlingWraiths"],"picked":"SKIP","floor":35},{"not_picked":["hexamod:ThermalTransfer+1","hexamod:GhostOfSpirePast","HollowMod:LifebloodCocoon+1"],"picked":"SKIP","floor":35},{"not_picked":["hexamod:NightmareStrike+1","hexamod:FirstSeal"],"picked":"HollowMod:SoulVessel","floor":40},{"not_picked":["HollowMod:NewJinnsSoul","HollowMod:MantisMark","HollowMod:WraithStrike"],"picked":"SKIP","floor":42},{"not_picked":["HollowMod:MidwifesHunger","HollowMod:ZotesMagnificence","HollowMod:LifebloodCore"],"picked":"SKIP","floor":43},{"not_picked":["HollowMod:SlysStrikes","hexamod:Toasty","hexamod:TimeWarp"],"picked":"HollowMod:SoulMaster","floor":50},{"not_picked":["HollowMod:LifebloodCore","hexamod:CrushingStance","hexamod:UnleashSpirits"],"picked":"hexamod:SixthSeal","floor":50},{"not_picked":["hexamod:TimeOfNeed","HollowMod:HornetsHelp","hexamod:TimeWarp"],"picked":"HollowMod:AwokenDreamNail","floor":50}],"player_experience":132959,"relics_obtained":[{"floor":1,"key":"Peace Pipe"},{"floor":3,"key":"DeathBook"},{"floor":6,"key":"Pen Nib"},{"floor":8,"key":"Dota2Spire:Vanguard"},{"floor":9,"key":"jedi:heavyjacket"},{"floor":10,"key":"AT_RedTearstoneRing"},{"floor":11,"key":"Anchor"},{"floor":12,"key":"PlaceholderMod:DeVermisMysteriis"},{"floor":13,"key":"GuppysTail"},{"floor":16,"key":"HollowMod:StagPassRelic"},{"floor":16,"key":"vexMod:BarristanHead"},{"floor":18,"key":"BelialBook"},{"floor":19,"key":"AT_MibuBalloonWealth"},{"floor":23,"key":"hubris:GlazedTorus"},{"floor":24,"key":"Replay:Baseball"},{"floor":25,"key":"AT_ChloranthyRing"},{"floor":26,"key":"Dota2Spire:LinkenSphere"},{"floor":27,"key":"Grinning Jar"},{"floor":28,"key":"Diplopia"},{"floor":31,"key":"Dota2Spire:PowerTreads"},{"floor":33,"key":"DemoMod:SevenLeafClover"},{"floor":33,"key":"Mummified Hand"},{"floor":34,"key":"AT_ArchangelStaff"},{"floor":34,"key":"HollowMod:LumaflyLanternRelic"},{"floor":34,"key":"EdensBlessing"},{"floor":35,"key":"AT_LudenTempest"},{"floor":40,"key":"ReplayTheSpireMod:TigerMarble"},{"floor":42,"key":"HornCleat"},{"floor":43,"key":"KyoryuNoHagoromo"},{"floor":43,"key":"AT_GuinsooRageblade"},{"floor":50,"key":"AT_SilverBalance"},{"floor":50,"key":"DemoMod:Metronome"}],"event_choices":[{"damage_healed":0,"gold_gain":0,"player_choice":"Fled","damage_taken":0,"max_hp_gain":0,"max_hp_loss":0,"event_name":"Scrap Ooze","floor":5,"gold_loss":0}],"is_beta":false,"boss_relics":[{"not_picked":["REME_ChargedStone","Black Star"],"picked":"ChampionBelt"},{"not_picked":[]},{"not_picked":["Velvet Choker","hubris:HollowSoul"],"picked":"Calling Bell"},{"not_picked":[]}],"items_purged_floors":[20,20,45,47],"is_endless":true,"potions_floor_spawned":[1,3,6,8,10,11,11,11,12,12,13,16,18,19,23,24,24,24,27,27,31,33,33,40,42,50],"killed_by":"Gensokyo:Scarlet_Devils","ascension_level":20}}