{"host":"k653q14gphaoox56","time":1610116020,"event":{"mods":["BaseMod","Colored Map","Conspire","DeckTracker","Hubris","Infinite Spire","Minty Spire (QoL Compilation)","Replay The Spire","StSLib"],"gold_per_floor":[113,113,125,75,75,93,107,107,107,107,139,156,184,184,184,288,288,305,317,317,317],"floor_reached":20,"playtime":1416,"items_purged":["Strike_R"],"score":234,"play_id":"a3b25422-d37c-4041-8e4c-8758404c337b","local_time":"20210108092700","is_ascension_mode":false,"campfire_choices":[{"data":"hubris:InfiniteBlow","floor":10,"key":"SMITH"},{"data":"hubris:InfiniteBlow+1","floor":15,"key":"SMITH"}],"circlet_count":0,"master_deck":["Strike_R","Strike_R","Strike_R","Defend_R+1","Defend_R","Defend_R","Defend_R","Bash","Heavy Blade","Metallicize+1","Pommel Strike","hubris:InfiniteBlow+2","Pommel Strike","Heavy Blade","Thunderclap","Fire Breathing","Heavy Blade","Feed","CurseOfTheBell","Thunderclap","Headbutt"],"relics":["Replay:M_StaffOfTheSnake","conspire:BottledYoYo","Replay:Bottled Flurry","Tiny Chest","Iron Hammer","infinitespire:Cubic Diamond","Calling Bell","Boot","hubris:IronBody","infinitespire:Lychee Nut"],"acts_visited":["TheCity"],"potions_floor_usage":[11,11,16,16,16,19,20],"damage_taken":[{"damage":6,"enemies":"Cultist","floor":1,"turns":3},{"damage":0,"enemies":"Small Slimes","floor":3,"turns":4},{"damage":0,"enemies":"2 Louse","floor":6,"turns":2},{"damage":6,"enemies":"Blue Slaver","floor":7,"turns":5},{"damage":14,"enemies":"Nightmare","floor":11,"turns":14},{"damage":12,"enemies":"3 Louse","floor":12,"turns":3},{"damage":20,"enemies":"Lagavulin","floor":13,"turns":6},{"damage":0,"enemies":"Fading Forest","floor":16,"turns":11},{"damage":14,"enemies":"Chosen","floor":18,"turns":5},{"damage":40,"enemies":"conspire:FuzzyDice","floor":19,"turns":6},{"damage":30,"enemies":"conspire:MimicChest","floor":20,"turns":5}],"seed_played":"94017862281967863","potions_obtained":[{"floor":7,"key":"SkillPotion"},{"floor":8,"key":"infinitespire:BlackPotion"},{"floor":8,"key":"LiquidMemories"},{"floor":11,"key":"HeartOfIron"},{"floor":12,"key":"SpeedPotion"},{"floor":13,"key":"GamblersBrew"},{"floor":18,"key":"PowerPotion"}],"is_trial":false,"path_per_floor":["M","?","M","?","AVR","M","M","?","T","R","NM","M","E","?","R","B",null,"M","M","?"],"character_chosen":"IRONCLAD","items_purchased":[],"campfire_rested":0,"item_purchase_floors":[],"current_hp_per_floor":[80,64,70,70,70,76,76,76,76,76,68,62,48,48,48,48,60,51,21,0,0],"gold":317,"neow_bonus":"THREE_CARDS","is_daily":false,"chose_seed":false,"campfire_upgraded":2,"win_rate":0.0,"timestamp":1610116020,"path_taken":["M","?","M","?","AVR","M","M","?","T","R","NM","?","E","?","R","BOSS","M","M","?"],"items_purchased_type":[],"build_version":"2020-12-22","purchased_purges":1,"victory":false,"max_hp_per_floor":[80,80,80,80,80,80,80,80,80,80,80,80,80,80,80,80,60,63,67,67,67],"card_choices":[{"not_picked":["True Grit","Warcry"],"picked":"Heavy Blade","floor":0},{"not_picked":["hubris:ReadiedAction","Disarm"],"picked":"Metallicize","floor":1},{"not_picked":["True Grit","Replay:Undeath\u0027s Touch"],"picked":"Pommel Strike","floor":3},{"not_picked":["Replay:Many Hands","hubris:ReadiedAction"],"picked":"Pommel Strike","floor":6},{"not_picked":["ReplayTheSpireMod:Strike From Hell","Thunderclap"],"picked":"Heavy Blade","floor":7},{"not_picked":["Havoc","Anger"],"picked":"Thunderclap","floor":11},{"not_picked":["Shrug It Off","Life Link"],"picked":"Fire Breathing","floor":12},{"not_picked":["Second Wind","Fire Breathing"],"picked":"Heavy Blade","floor":13},{"not_picked":["Night Terror","conspire:Purge"],"picked":"Feed","floor":16},{"not_picked":["Clothesline+1","ReplayTheSpireMod:Stacked"],"picked":"Thunderclap","floor":18},{"not_picked":["Body Slam","Havoc"],"picked":"Headbutt","floor":19}],"player_experience":128612,"relics_obtained":[{"floor":9,"key":"Replay:Bottled Flurry"},{"floor":11,"key":"Tiny Chest"},{"floor":13,"key":"Iron Hammer"},{"floor":17,"key":"Boot"},{"floor":17,"key":"hubris:IronBody"},{"floor":17,"key":"infinitespire:Lychee Nut"}],"event_choices":[{"damage_healed":0,"gold_gain":0,"player_choice":"Entered Light","damage_taken":16,"max_hp_gain":0,"max_hp_loss":0,"event_name":"Shining Light","floor":2,"gold_loss":0,"cards_upgraded":["Defend_R","Metallicize"]},{"cards_removed":["Strike_R"],"damage_healed":0,"gold_gain":0,"player_choice":"Card Removal","damage_taken":0,"max_hp_gain":0,"max_hp_loss":0,"event_name":"The Cleric","floor":4,"gold_loss":50},{"damage_healed":0,"gold_gain":0,"player_choice":"Got Potions","damage_taken":0,"max_hp_gain":0,"max_hp_loss":0,"event_name":"Lab","floor":8,"gold_loss":0}],"is_beta":false,"boss_relics":[{"not_picked":["Black Star","Painkiller Herb"],"picked":"Calling Bell"}],"items_purged_floors":[5],"is_endless":true,"potions_floor_spawned":[7,11,12,13,18],"killed_by":"conspire:MimicChest","ascension_level":0}}