{"host":"msmkw03x1o7nq45i","time":1610094554,"event":{"mods":["BaseMod","Bestiary","Colored Powertips","GifTheSpireLib","Highlight Path","Minty Spire (QoL Compilation)","Random Character Button","StSLib","everything is the same but u backflip on backflip"],"gold_per_floor":[118,118,143,167,186,226,226,270,270,270,295,370,370,41,41,170,170,193,193,208,208,208,208,208,208],"floor_reached":24,"playtime":1321,"items_purged":[],"score":306,"play_id":"4e9b0e44-5fa2-441e-b4db-265ae73fde52","local_time":"20210108102914","is_ascension_mode":true,"campfire_choices":[{"data":"Sweeping Beam","floor":7,"key":"SMITH"},{"data":"Beam Cell","floor":10,"key":"SMITH"},{"floor":13,"key":"REST"},{"data":"Zap","floor":15,"key":"SMITH"},{"floor":23,"key":"REST"}],"circlet_count":0,"master_deck":["AscendersBane","Strike_B","Strike_B","Strike_B+1","Strike_B","Defend_B","Defend_B","Defend_B","Defend_B","Zap+1","Dualcast","Ball Lightning","Compile Driver+1","Sweeping Beam+1","Cold Snap","Beam Cell+1","PanicButton","Echo Form","Self Repair","Hologram","Writhe","Pain"],"relics":["Cracked Core","Golden Idol","Whetstone","Strawberry","Lantern","Eternal Feather","Inserter","Kunai","WarpedTongs"],"acts_visited":["Exordium","TheCity"],"potions_floor_usage":[6,24,24],"damage_taken":[{"damage":7,"enemies":"Small Slimes","floor":1,"turns":4},{"damage":1,"enemies":"2 Louse","floor":3,"turns":2},{"damage":1,"enemies":"Cultist","floor":4,"turns":3},{"damage":10,"enemies":"3 Louse","floor":5,"turns":3},{"damage":19,"enemies":"3 Sentries","floor":6,"turns":6},{"damage":25,"enemies":"Gremlin Nob","floor":8,"turns":4},{"damage":0,"enemies":"2 Fungi Beasts","floor":11,"turns":2},{"damage":20,"enemies":"Hexaghost","floor":16,"turns":9},{"damage":8,"enemies":"3 Byrds","floor":18,"turns":4},{"damage":31,"enemies":"2 Thieves","floor":20,"turns":3},{"damage":66,"enemies":"Book of Stabbing","floor":24,"turns":5}],"seed_played":"1418770475421065977","potions_obtained":[{"floor":3,"key":"Energy Potion"},{"floor":5,"key":"ColorlessPotion"},{"floor":6,"key":"Fire Potion"},{"floor":18,"key":"Explosive Potion"}],"is_trial":false,"path_per_floor":["M","?","M","M","M","E","R","E","T","R","M","?","R","$","R","B",null,"M","?","M","?","?","R","E"],"character_chosen":"DEFECT","items_purchased":["PanicButton","Eternal Feather"],"campfire_rested":2,"item_purchase_floors":[14,14],"current_hp_per_floor":[68,68,67,66,56,37,37,19,19,19,19,8,32,32,41,21,68,60,60,29,29,29,65,0,0],"gold":208,"neow_bonus":"TEN_PERCENT_HP_BONUS","is_daily":false,"chose_seed":false,"campfire_upgraded":3,"win_rate":0.0,"timestamp":1610094554,"path_taken":["M","?","M","M","M","E","R","E","T","R","M","?","R","$","R","BOSS","M","?","M","?","?","R","E"],"items_purchased_type":["Card","Relic"],"build_version":"2020-12-22","purchased_purges":0,"victory":false,"max_hp_per_floor":[82,76,76,76,76,76,76,83,83,83,83,83,83,83,83,83,83,83,83,83,83,83,83,83,83],"card_choices":[{"not_picked":["Force Field","Stack"],"picked":"Ball Lightning","floor":1},{"not_picked":["Conserve Battery","Redo"],"picked":"Compile Driver","floor":3},{"not_picked":["Steam","Static Discharge"],"picked":"Sweeping Beam","floor":4},{"not_picked":["Double Energy","Beam Cell"],"picked":"Cold Snap","floor":5},{"not_picked":["Loop","Amplify","Darkness"],"picked":"SKIP","floor":6},{"not_picked":["Leap","Compile Driver"],"picked":"Beam Cell","floor":8},{"not_picked":["Turbo","Scrape","Blizzard"],"picked":"SKIP","floor":11},{"not_picked":["Seek","Rainbow"],"picked":"Echo Form","floor":16},{"not_picked":["Stack","Heatsinks"],"picked":"Self Repair","floor":18},{"not_picked":["Gash","Beam Cell"],"picked":"Hologram","floor":20}],"player_experience":358356,"relics_obtained":[{"floor":6,"key":"Whetstone"},{"floor":8,"key":"Strawberry"},{"floor":9,"key":"Lantern"}],"event_choices":[{"damage_healed":0,"gold_gain":0,"player_choice":"Lose Max HP","damage_taken":0,"relics_obtained":["Golden Idol"],"max_hp_gain":0,"max_hp_loss":6,"event_name":"Golden Idol","floor":2,"gold_loss":0},{"damage_healed":0,"gold_gain":75,"player_choice":"Gather Gold","damage_taken":11,"max_hp_gain":0,"max_hp_loss":0,"event_name":"World of Goop","floor":12,"gold_loss":0},{"damage_healed":0,"gold_gain":0,"player_choice":"Ignored","damage_taken":0,"max_hp_gain":0,"max_hp_loss":0,"event_name":"Vampires","floor":19,"gold_loss":0},{"damage_healed":0,"gold_gain":0,"player_choice":"Opened","damage_taken":0,"relics_obtained":["Kunai"],"max_hp_gain":0,"max_hp_loss":0,"event_name":"The Mausoleum","floor":21,"gold_loss":0,"cards_obtained":["Writhe"]},{"damage_healed":0,"gold_gain":0,"player_choice":"Rummage","damage_taken":0,"relics_obtained":["WarpedTongs"],"max_hp_gain":0,"max_hp_loss":0,"event_name":"Accursed Blacksmith","floor":22,"gold_loss":0,"cards_obtained":["Pain"]}],"is_beta":false,"boss_relics":[{"not_picked":["Snecko Eye","Runic Pyramid"],"picked":"Inserter"}],"items_purged_floors":[],"is_endless":false,"potions_floor_spawned":[3,5,6,18],"killed_by":"Book of Stabbing","ascension_level":10}}