{"host":"6ct3sqwo9phh600z","time":1610105462,"event":{"mods":["AchievementEnabler","BaseMod","Colored Map","Custom Start","Minty Spire (QoL Compilation)","Quick Restart","StSLib","SuperFastMode"],"gold_per_floor":[119,199,209,209,209,253,253,6,29,49,49,14,89,89,89,220,220,241,241,241,161,161,195,195,215,215,238,238,158,176,194,194,315,315,339,672,894,894,894,894,455,455,455,307,319,330,346,11,11,11],"floor_reached":51,"playtime":1471,"items_purged":["Strike_G","Strike_G","Strike_G","Defend_G"],"score":1069,"play_id":"6fa1499b-e3ae-4fc8-bf5e-80ac084fc34f","local_time":"20210108203102","is_ascension_mode":true,"campfire_choices":[{"data":"Infinite Blades","floor":7.0,"key":"SMITH"},{"data":"Accuracy","floor":11.0,"key":"SMITH"},{"data":"Accuracy","floor":15.0,"key":"SMITH"},{"data":"After Image","floor":24.0,"key":"SMITH"},{"data":"Storm of Steel","floor":28.0,"key":"SMITH"},{"data":"Blade Dance","floor":32.0,"key":"SMITH"},{"data":"Tools of the Trade","floor":40.0,"key":"SMITH"},{"data":"Calculated Gamble","floor":42.0,"key":"SMITH"},{"data":"Blade Dance","floor":49.0,"key":"SMITH"}],"circlet_count":0,"master_deck":["AscendersBane","Defend_G","Defend_G","Defend_G","Defend_G","Survivor","Neutralize","Calculated Gamble+1","Infinite Blades+1","Storm of Steel+1","Acrobatics","Accuracy+1","Accuracy+1","After Image+1","Backstab+1","Blade Dance+1","Dark Shackles","Backflip+1","Reflex","Tools of the Trade+1","Accuracy+1","Blade Dance+1","Reflex+1"],"relics":["Ring of the Serpent","NeowsBlessing","The Courier","Juzu Bracelet","Lantern","Centennial Puzzle","Sozu","Red Mask","Bottled Flame","Membership Card","Bottled Lightning","Eternal Feather","Akabeko","Bottled Tornado","HandDrill","Lizard Tail","Sundial","Unceasing Top"],"acts_visited":["Exordium","TheCity","TheBeyond"],"potions_floor_usage":[],"damage_taken":[{"damage":0.0,"enemies":"Cultist","floor":1.0,"turns":1.0},{"damage":0.0,"enemies":"Jaw Worm","floor":3.0,"turns":1.0},{"damage":0.0,"enemies":"Lagavulin","floor":6.0,"turns":1.0},{"damage":0.0,"enemies":"2 Louse","floor":10.0,"turns":2.0},{"damage":13.0,"enemies":"The Guardian","floor":16.0,"turns":6.0},{"damage":13.0,"enemies":"2 Thieves","floor":18.0,"turns":4.0},{"damage":11.0,"enemies":"Masked Bandits","floor":23.0,"turns":3.0},{"damage":0.0,"enemies":"Chosen","floor":25.0,"turns":2.0},{"damage":1.0,"enemies":"Snecko","floor":27.0,"turns":3.0},{"damage":2.0,"enemies":"Snake Plant","floor":30.0,"turns":3.0},{"damage":0.0,"enemies":"3 Cultists","floor":31.0,"turns":3.0},{"damage":1.0,"enemies":"Automaton","floor":33.0,"turns":6.0},{"damage":2.0,"enemies":"3 Shapes","floor":35.0,"turns":4.0},{"damage":0.0,"enemies":"3 Darklings","floor":39.0,"turns":2.0},{"damage":0.0,"enemies":"4 Shapes","floor":45.0,"turns":4.0},{"damage":0.0,"enemies":"Transient","floor":46.0,"turns":5.0},{"damage":0.0,"enemies":"Maw","floor":47.0,"turns":4.0},{"damage":38,"enemies":"Awakened One","floor":50,"turns":6}],"seed_played":"6884456380976799043","potions_obtained":[{"floor":1.0,"key":"SmokeBomb"},{"floor":3.0,"key":"Weak Potion"}],"is_trial":false,"path_per_floor":["M","T","M","?","?","E","R","$","T","M","R","?","?","?","R","B",null,"M","$","?","$","?","?","R","M","T","M","R","$","M","M","R","B",null,"M","?","?","?","M","R","$","R","T","$","M","M","M","$","R","B",null],"character_chosen":"THE_SILENT","items_purchased":["Accuracy","Accuracy","Lantern","Blade Dance","Membership Card","Bottled Lightning","Eternal Feather","Akabeko","Blade Dance","HandDrill","Lizard Tail","Sundial","Unceasing Top"],"campfire_rested":0,"item_purchase_floors":[8,8,8,21,41,41,41,41,44,44,48,48,48],"current_hp_per_floor":[63,63,63,46,46,46,46,46,46,46,46,63,52,52,52,39,62,49,49,70,70,70,59,59,59,59,58,58,58,56,56,56,55,66,64,64,64,64,64,64,64,70,70,70,70,70,70,70,70,32],"gold":11,"neow_bonus":"THREE_ENEMY_KILL","is_daily":false,"chose_seed":false,"campfire_upgraded":9,"win_rate":0.0,"timestamp":1610105462,"path_taken":["M","?","M","?","?","E","R","$","T","M","R","?","?","?","R","BOSS","M","$","?","$","?","?","R","M","T","M","R","$","M","M","R","BOSS","M","?","?","?","M","R","$","R","T","?","M","M","M","$","R","BOSS"],"items_purchased_type":["Card","Card","Relic","Card","Relic","Relic","Relic","Relic","Card","Relic","Relic","Relic","Relic"],"build_version":"2020-12-22","purchased_purges":4,"victory":true,"max_hp_per_floor":[70,70,70,70,70,70,70,70,70,70,70,70,70,70,70,70,70,70,70,70,70,70,70,70,70,70,70,70,70,70,70,70,70,70,70,70,70,70,70,70,70,70,70,70,70,70,70,70,70,70],"card_choices":[{"not_picked":["Finisher","Dodge and Roll"],"picked":"Calculated Gamble","floor":1.0},{"not_picked":["Footwork","Outmaneuver"],"picked":"Infinite Blades","floor":3.0},{"not_picked":["Bullet Time","Heel Hook"],"picked":"Acrobatics","floor":6.0},{"not_picked":["Sucker Punch","Leg Sweep","Flying Knee"],"picked":"SKIP","floor":10.0},{"not_picked":["Envenom","Grand Finale"],"picked":"After Image","floor":16.0},{"not_picked":["Outmaneuver+1","Concentrate"],"picked":"Backstab+1","floor":18.0},{"not_picked":["Calculated Gamble","Deflect+1"],"picked":"Backflip+1","floor":23.0},{"not_picked":["Masterful Stab+1","Escape Plan+1","PiercingWail"],"picked":"SKIP","floor":25.0},{"not_picked":["Accuracy","Slice"],"picked":"Reflex","floor":27.0},{"not_picked":["Underhanded Strike","Crippling Poison","Finisher+1"],"picked":"SKIP","floor":30.0},{"not_picked":["Dagger Throw","PiercingWail","Expertise"],"picked":"SKIP","floor":31.0},{"not_picked":["Doppelganger","Corpse Explosion"],"picked":"Tools of the Trade","floor":33.0},{"not_picked":["Sucker Punch","Flying Knee"],"picked":"Accuracy+1","floor":35.0},{"not_picked":["Flying Knee","Crippling Poison+1","Masterful Stab"],"picked":"SKIP","floor":45.0},{"not_picked":["Dagger Spray+1","Eviscerate+1"],"picked":"Reflex+1","floor":46.0},{"not_picked":["Acrobatics","Finisher+1","Leg Sweep"],"picked":"SKIP","floor":47.0}],"player_experience":225874,"relics_obtained":[{"floor":2.0,"key":"The Courier"},{"floor":6.0,"key":"Juzu Bracelet"},{"floor":9.0,"key":"Centennial Puzzle"},{"floor":23.0,"key":"Red Mask"},{"floor":26.0,"key":"Bottled Flame"},{"floor":43.0,"key":"Bottled Tornado"}],"event_choices":[{"damage_healed":0.0,"max_hp_gain":0.0,"max_hp_loss":0.0,"gold_gain":0.0,"event_name":"Golden Idol","player_choice":"Take Damage","floor":4.0,"gold_loss":0.0,"damage_taken":17.0,"relics_obtained":["Golden Idol"]},{"damage_healed":0.0,"max_hp_gain":0.0,"max_hp_loss":0.0,"gold_gain":0.0,"cards_transformed":["Strike_G"],"event_name":"Living Wall","player_choice":"Change","floor":5.0,"gold_loss":0.0,"damage_taken":0.0,"cards_obtained":["Storm of Steel"]},{"damage_healed":17.0,"max_hp_gain":0.0,"max_hp_loss":0.0,"gold_gain":0.0,"event_name":"The Cleric","player_choice":"Healed","floor":12.0,"gold_loss":35.0,"damage_taken":0.0},{"damage_healed":0.0,"max_hp_gain":0.0,"max_hp_loss":0.0,"gold_gain":75.0,"event_name":"World of Goop","player_choice":"Gather Gold","floor":13.0,"gold_loss":0.0,"damage_taken":11.0},{"cards_removed":["Strike_G"],"damage_healed":0.0,"max_hp_gain":0.0,"max_hp_loss":0.0,"gold_gain":0.0,"event_name":"Bonfire Elementals","player_choice":"Offered Basic","floor":14.0,"gold_loss":0.0,"damage_taken":0.0},{"damage_healed":23.0,"max_hp_gain":0.0,"max_hp_loss":0.0,"gold_gain":0.0,"event_name":"The Library","player_choice":"Heal","floor":20.0,"gold_loss":0.0,"damage_taken":0.0},{"damage_healed":0.0,"max_hp_gain":0.0,"max_hp_loss":0.0,"gold_gain":0.0,"event_name":"Match and Keep!","player_choice":"1 cards matched","floor":22.0,"gold_loss":0.0,"damage_taken":0.0,"cards_obtained":["Dark Shackles"]},{"damage_healed":0.0,"max_hp_gain":0.0,"max_hp_loss":0.0,"gold_gain":0.0,"event_name":"Masked Bandits","player_choice":"Fought Bandits","floor":23.0,"gold_loss":0.0,"damage_taken":0.0},{"damage_healed":0.0,"max_hp_gain":0.0,"max_hp_loss":0.0,"gold_gain":333.0,"event_name":"The Moai Head","player_choice":"Gave Idol","floor":36.0,"relics_lost":["Golden Idol"],"gold_loss":0.0,"damage_taken":0.0},{"damage_healed":0.0,"max_hp_gain":0.0,"max_hp_loss":0.0,"gold_gain":222.0,"event_name":"Tomb of Lord Red Mask","player_choice":"Wore Mask","floor":37.0,"gold_loss":0.0,"damage_taken":0.0},{"damage_healed":0.0,"max_hp_gain":0.0,"max_hp_loss":0.0,"gold_gain":0.0,"event_name":"Mysterious Sphere","player_choice":"Ignored","floor":38.0,"gold_loss":0.0,"damage_taken":0.0}],"is_beta":false,"boss_relics":[{"not_picked":["Black Star","Busted Crown"],"picked":"Sozu"},{"not_picked":["Tiny House","Velvet Choker"],"picked":"Ring of the Serpent"}],"items_purged_floors":[21,29,41,44],"is_endless":false,"potions_floor_spawned":[1,3,6,18,23,27,35,46],"ascension_level":11}}