{"host":"gsmj583br51y3r1c","time":1610095044,"event":{"mods":["AchievementEnabler","BaseMod","Colored Map","Dark Map","Downfall","Hermit","Highlight Path","Hubris","Infinite Spire","Marisa????????","Minty Spire (QoL Compilation)","Permanent Neow","Quick Restart","StSLib","The Bug Knight","The Cursed","The Disciple","The Marked","The Mystic","The Runesmith","The Servant 0.9.4","everything is the same but u backflip on backflip"],"gold_per_floor":[368,378,73,90,90,90,165,179,179,84,100,113,125,138,138,234,234,252,252,146,164,29,29,29],"floor_reached":23,"playtime":3394,"items_purged":["Defend_P"],"score":235,"play_id":"0f3b42f6-6a75-43ed-ba04-5e95d743722c","local_time":"20210108103724","is_ascension_mode":false,"campfire_choices":[{"data":"Study","floor":6,"key":"SMITH"},{"data":"Nirvana","floor":15,"key":"SMITH"}],"circlet_count":0,"master_deck":["Strike_P","Strike_P","Strike_P","Strike_P","Defend_P","Defend_P","Defend_P","Eruption","Vigilance","FlyingSleeves","Evaluate","SandsOfTime","Conclude","Vengeance","ClearTheMind","ClearTheMind","Study+1","FlurryOfBlows","Protect","FlurryOfBlows","JustLucky","LikeWater","Meditate","Worship","Wireheading","Nirvana+1","Brilliance","FlyingSleeves+1","expansioncontent:GoopSpray","Wireheading","Nirvana","TalkToTheHand","MentalFortress"],"relics":["PureWater","Orrery","Blood Vial","Philosopher\u0027s Stone"],"acts_visited":["Exordium","TheCity"],"potions_floor_usage":[8,16,18,18,21],"damage_taken":[{"damage":0,"enemies":"2 Louse","floor":1,"turns":2},{"damage":5,"enemies":"Small Slimes","floor":2,"turns":5},{"damage":0,"enemies":"Cultist","floor":4,"turns":2},{"damage":0,"enemies":"Looter","floor":8,"turns":3},{"damage":2,"enemies":"Exordium Thugs","floor":11,"turns":5},{"damage":6,"enemies":"Large Slime","floor":12,"turns":3},{"damage":0,"enemies":"2 Fungi Beasts","floor":13,"turns":2},{"damage":5,"enemies":"Looter","floor":14,"turns":3},{"damage":0,"enemies":"The Guardian","floor":16,"turns":8},{"damage":43,"enemies":"3 Byrds","floor":18,"turns":5},{"damage":18,"enemies":"Shell Parasite","floor":21,"turns":5},{"damage":22,"enemies":"Nightmare","floor":23,"turns":5}],"seed_played":"-6897392080713291143","potions_obtained":[{"floor":4,"key":"Swift Potion"},{"floor":8,"key":"DuplicationPotion"},{"floor":12,"key":"Guardian:BlockOnCardUsePotion"},{"floor":13,"key":"GamblersBrew"},{"floor":14,"key":"SkillPotion"}],"is_trial":false,"path_per_floor":["M","M","$","M","?","R","?","M","T","$","M","M","M","M","R","B",null,"M","?","$","M","$","NM"],"character_chosen":"WATCHER","items_purchased":["Orrery","Study","FlurryOfBlows","JustLucky","LikeWater","Regen Potion","Wireheading","TalkToTheHand","MentalFortress"],"campfire_rested":0,"item_purchase_floors":[3,3,3,10,10,20,20,22,22],"current_hp_per_floor":[51,46,46,46,70,70,63,63,63,63,63,59,61,58,58,60,72,29,17,17,15,15,0,0],"gold":29,"neow_bonus":"TWO_FIFTY_GOLD","is_daily":false,"chose_seed":false,"campfire_upgraded":2,"win_rate":0.0,"timestamp":1610095044,"path_taken":["M","M","$","M","?","R","?","M","T","$","M","M","M","?","R","BOSS","M","?","?","M","$","NM"],"items_purchased_type":["Relic","Card","Card","Card","Card","Potion","Card","Card","Card"],"build_version":"2020-12-22","purchased_purges":1,"victory":false,"max_hp_per_floor":[72,72,72,72,72,72,72,72,72,72,72,72,72,72,72,72,72,72,72,72,72,72,72,72],"card_choices":[{"not_picked":["JustLucky","WheelKick"],"picked":"FlyingSleeves","floor":1},{"not_picked":["Prostrate","FlyingSleeves"],"picked":"Evaluate","floor":2},{"not_picked":["CutThroughFate","ClearTheMind"],"picked":"SandsOfTime","floor":3},{"not_picked":["CutThroughFate","SignatureMove"],"picked":"Conclude","floor":3},{"not_picked":["CrushJoints","Scrawl"],"picked":"Vengeance","floor":3},{"not_picked":["SashWhip","Nirvana"],"picked":"ClearTheMind","floor":3},{"not_picked":["Vengeance","WheelKick"],"picked":"ClearTheMind","floor":3},{"not_picked":["WreathOfFlame","Pray"],"picked":"Protect","floor":4},{"not_picked":["Protect","Prostrate"],"picked":"FlurryOfBlows","floor":8},{"not_picked":["InnerPeace","JustLucky"],"picked":"Meditate","floor":11},{"not_picked":["CrushJoints","MasterReality"],"picked":"Worship","floor":12},{"not_picked":["BowlingBash","ClearTheMind"],"picked":"Wireheading","floor":13},{"not_picked":["WindmillStrike","BowlingBash"],"picked":"Nirvana","floor":14},{"not_picked":["MasterReality","Alpha"],"picked":"Brilliance","floor":16},{"not_picked":["Indignation","Evaluate"],"picked":"FlyingSleeves+1","floor":18},{"not_picked":["ClearTheMind","Halt+1"],"picked":"Nirvana","floor":21}],"player_experience":346821,"relics_obtained":[{"floor":9,"key":"Blood Vial"}],"event_choices":[{"damage_healed":24,"gold_gain":0,"player_choice":"Banana","damage_taken":0,"max_hp_gain":0,"max_hp_loss":0,"event_name":"Big Fish","floor":5,"gold_loss":0},{"damage_healed":0,"gold_gain":75,"player_choice":"Touch","damage_taken":7,"max_hp_gain":0,"max_hp_loss":0,"event_name":"FaceTrader","floor":7,"gold_loss":0},{"damage_healed":0,"gold_gain":0,"player_choice":"CARD ","damage_taken":12,"max_hp_gain":0,"max_hp_loss":0,"event_name":"Knowing Skull","floor":19,"potions_obtained":[],"gold_loss":0,"cards_obtained":["expansioncontent:GoopSpray"]}],"is_beta":false,"boss_relics":[{"not_picked":["hubris:CrackedHourglass","hubris:TerracottaHorce"],"picked":"Philosopher\u0027s Stone"}],"items_purged_floors":[3],"is_endless":false,"potions_floor_spawned":[4,8,12,13,14],"killed_by":"Nightmare","ascension_level":0}}