{"host":"xe18zxp7krnsfrwn","time":1610081794,"event":{"mods":["BaseMod","BetterRewards","Colored Map","Downfall","Hubris","Infinite Spire","Minty Spire (QoL Compilation)","Replay The Spire","StSLib","The Animator","The Elementalist","The Runesmith","The Saiyan"],"gold_per_floor":[119,119,119,151,167,167,200,200,225,242,28,28,58,87,87,192,192,210,137,137,137,156,156,185,185,185,215,246,230,230,251,251,364,364,383,383,211,211,231,269,288,292,292],"floor_reached":42,"playtime":4879,"items_purged":["hubris:Gluttony"],"score":548,"play_id":"d9aad61b-a281-46df-a144-15ef90d7894c","local_time":"20210107205634","is_ascension_mode":false,"campfire_choices":[{"data":"animator:Berserker","floor":6,"key":"SMITH"},{"data":"animator:YachiyoNanami","floor":15,"key":"SMITH"},{"data":"animator:Boros","floor":23,"key":"SMITH"},{"data":"infinitespire:UltimateForm","floor":32,"key":"SMITH"}],"circlet_count":0,"master_deck":["animator:Strike_Konosuba","animator:Defend_Konosuba+1","animator:Strike+1","animator:Strike","animator:Defend","animator:Defend","animator:Kazuma","animator:Aqua","animator:Berserker+1","animator:Vanir","animator:YunYun","animator:Caster","animator:Sora","animator:Elesis","animator:YachiyoNanami+1","animator:Boros+1","animator:Alexander","animator:Kaijin","animator:Lu","animator:Chris","animator:OrikoMikuni","animator:Jibril","animator:Ciel","animator:Jibril","infinitespire:UltimateForm+1","animator:Wiz","animator:Shiro","animator:HigakiRinne","animator:TanyaDegurechaff","animator:Tatsumaki","animator:DolaSchwi+1"],"relics":["animator:TheMissingPiece","animator:CursedBlade","Potion Belt","Vajra","ReplayTheSpireMod:CursedCoin","ChewingGum","hubris:BottledHeart","Nloth\u0027s Gift","Sundial","Blue Doll","infinitespire:Eraser","Velvet Choker","Nunchaku"],"acts_visited":["Exordium","TheCity","TheBeyond"],"potions_floor_usage":[13,13,16,16,27,27,33,33,33,40,42],"damage_taken":[{"damage":0,"enemies":"2 Louse","floor":1,"turns":5},{"damage":0,"enemies":"Small Slimes","floor":4,"turns":4},{"damage":0,"enemies":"Cultist","floor":5,"turns":4},{"damage":14,"enemies":"Gremlin Nob","floor":7,"turns":3},{"damage":2,"enemies":"Exordium Wildlife","floor":10,"turns":4},{"damage":0,"enemies":"Red Slaver","floor":13,"turns":2},{"damage":2,"enemies":"Looter","floor":14,"turns":2},{"damage":25,"enemies":"Slime Boss","floor":16,"turns":12},{"damage":0,"enemies":"Chosen","floor":18,"turns":4},{"damage":0,"enemies":"Shell Parasite","floor":22,"turns":5},{"damage":0,"enemies":"Sentry and Sphere","floor":24,"turns":4},{"damage":0,"enemies":"Shelled Parasite and Fungi","floor":27,"turns":6},{"damage":0,"enemies":"Nightmare","floor":28,"turns":7},{"damage":0,"enemies":"Centurion and Healer","floor":31,"turns":4},{"damage":0,"enemies":"hubris:MusketHawk","floor":33,"turns":6},{"damage":0,"enemies":"3 Shapes","floor":35,"turns":3},{"damage":0,"enemies":"3 Darklings","floor":39,"turns":6},{"damage":0,"enemies":"R_Hoarder","floor":40,"turns":7},{"damage":0,"enemies":"Maw","floor":41,"turns":6},{"damage":10,"enemies":"Writhing Mass","floor":42,"turns":3}],"seed_played":"-3939321035471289612","potions_obtained":[{"floor":7,"key":"Explosive Potion"},{"floor":10,"key":"LifebloodPotion"},{"floor":12,"key":"animator:FalseLifePotion"},{"floor":12,"key":"Flashbang"},{"floor":12,"key":"animator:FalseLifePotion"},{"floor":14,"key":"Milkshake"},{"floor":18,"key":"sneckomod:MuddlingPotion"},{"floor":24,"key":"PowerPotion"},{"floor":27,"key":"Milkshake"},{"floor":28,"key":"Adrenaline Potion"},{"floor":33,"key":"LifebloodPotion"},{"floor":35,"key":"AttackPotion"},{"floor":41,"key":"SteroidPotion"}],"is_trial":false,"path_per_floor":["M","?","?","M","M","R","E","?","T","M","$","?","M","M","R","B",null,"M","$","?","?","M","R","M","?","T","M","NM","$","AVR","M","R","B",null,"M","?","$","?","M","E","M","M"],"character_chosen":"THE_ANIMATOR","items_purchased":["animator:Sora","ReplayTheSpireMod:CursedCoin","Dream Catcher","animator:Kaijin","animator:Jibril","animator:TanyaDegurechaff"],"campfire_rested":0,"item_purchase_floors":[11,11,11,19,29,37],"current_hp_per_floor":[66,66,66,66,66,66,53,47,47,47,47,47,47,47,47,24,67,67,67,1,1,1,1,1,1,1,1,1,1,1,1,1,1,1,1,1,1,1,1,1,1,0,0],"gold":292,"neow_bonus":"BOSS_RELIC","is_daily":false,"chose_seed":false,"campfire_upgraded":4,"win_rate":0.0,"timestamp":1610081794,"path_taken":["M","?","?","M","M","R","E","?","T","?","$","?","M","M","R","BOSS","M","$","?","?","?","R","M","?","T","M","NM","?","AVR","M","R","BOSS","M","?","$","?","M","E","?","M"],"items_purchased_type":["Card","Relic","Relic","Card","Card","Card"],"build_version":"2020-12-22","purchased_purges":1,"victory":false,"max_hp_per_floor":[66,66,66,66,66,66,67,67,67,67,67,67,67,67,67,67,67,67,67,1,1,1,1,1,1,1,1,1,1,1,1,1,1,1,1,1,1,1,1,1,1,1,1],"card_choices":[{"not_picked":["animator:Geryuganshoop","animator:Raven"],"picked":"animator:Berserker","floor":1},{"not_picked":["animator:Chung","animator:Hakurou"],"picked":"animator:Vanir","floor":4},{"not_picked":["animator:SilverFang","animator:IrohaTamaki","animator:Illya"],"picked":"SKIP","floor":5},{"not_picked":["animator:Kazuma","animator:Verdia"],"picked":"animator:YunYun","floor":7},{"not_picked":["animator:SuzuneAmano","animator:Alexander"],"picked":"animator:Caster","floor":10},{"not_picked":["animator:YuiTsuruno","animator:Geryuganshoop"],"picked":"animator:Elesis","floor":13},{"not_picked":["animator:Kazuma","animator:Caster"],"picked":"animator:YachiyoNanami","floor":14},{"not_picked":["animator:HomuraAkemi","animator:Sora"],"picked":"animator:Boros","floor":16},{"not_picked":["animator:Archer","animator:ShinjiMatou"],"picked":"animator:Alexander","floor":18},{"not_picked":["animator:Ain","animator:Ara+1"],"picked":"animator:Lu","floor":22},{"not_picked":["animator:Chung","animator:Archer"],"picked":"animator:Chris","floor":24},{"not_picked":["animator:DolaStephanie","animator:Shuna+1"],"picked":"animator:Ciel","floor":27},{"not_picked":["animator:ShinjiMatou","animator:Raven","animator:DolaCouronne"],"picked":"SKIP","floor":31},{"not_picked":["animator:Shiro","animator:Sora"],"picked":"animator:Wiz","floor":33},{"not_picked":["animator:YachiyoNanami","animator:Ara"],"picked":"animator:Shiro","floor":35},{"not_picked":["animator:Millim","animator:Berserker"],"picked":"animator:Tatsumaki","floor":39},{"not_picked":["animator:SilverFang+1","animator:Ara"],"picked":"animator:DolaSchwi+1","floor":41}],"player_experience":458780,"relics_obtained":[{"floor":7,"key":"Potion Belt"},{"floor":9,"key":"Vajra"},{"floor":26,"key":"Sundial"},{"floor":28,"key":"Blue Doll"},{"floor":40,"key":"Nunchaku"}],"event_choices":[{"damage_healed":0,"gold_gain":0,"player_choice":"Damaged","damage_taken":6,"max_hp_gain":0,"max_hp_loss":0,"event_name":"Wheel of Change","floor":8,"gold_loss":0},{"damage_healed":0,"gold_gain":0,"player_choice":"Got Potions","damage_taken":0,"max_hp_gain":0,"max_hp_loss":0,"event_name":"Lab","floor":12,"gold_loss":0},{"damage_healed":0,"gold_gain":0,"player_choice":"Traded Relic","damage_taken":0,"relics_obtained":["Nloth\u0027s Gift"],"max_hp_gain":0,"max_hp_loss":0,"event_name":"N\u0027loth","floor":21,"relics_lost":["Dream Catcher"],"gold_loss":0},{"damage_healed":0,"gold_gain":0,"cards_transformed":["animator:Defend","animator:Strike"],"player_choice":"Became Test Subject","damage_taken":0,"max_hp_gain":0,"max_hp_loss":0,"event_name":"Drug Dealer","floor":25,"gold_loss":0,"cards_obtained":["animator:OrikoMikuni","animator:Jibril"]},{"damage_healed":0,"gold_gain":0,"player_choice":"Embrace Madness","damage_taken":0,"max_hp_gain":0,"max_hp_loss":0,"event_name":"Winding Halls","floor":36,"gold_loss":0,"cards_obtained":["animator:HigakiRinne"]},{"damage_healed":0,"gold_gain":0,"player_choice":"Ignored","damage_taken":0,"max_hp_gain":0,"max_hp_loss":0,"event_name":"SecretPortal","floor":38,"gold_loss":0}],"is_beta":false,"boss_relics":[{"not_picked":["Sozu","Philosopher\u0027s Stone"],"picked":"ChewingGum"},{"not_picked":["Kintsugi","ReplayTheSpireMod:SealedPack"],"picked":"Velvet Choker"}],"items_purged_floors":[11],"is_endless":true,"potions_floor_spawned":[7,10,14,18,24,27,28,33,35,41],"killed_by":"Writhing Mass","ascension_level":0}}