{"host":"zksvs3x2ysy9npnz","time":1610076104,"event":{"mods":["Aspiration","BaseMod","Beaked The Cultist","BetterRewards","Clockwork Mod","Colored Map","Conspire","Downfall","Duelist Mod","Ekko","Halation","Highlight Path","Hubris","Hunter ??","Infinite Spire","Jedi Mod","JesterMod","Minty Spire (QoL Compilation)","Permanent Neow","Quick Restart","Relic Stats","Replay The Spire","Retaliation","Shade Mod","Shop Mod","StSLib"],"gold_per_floor":[99,99,99,199,199,199,199,124,124,152,152,181,181,212,224,326,326,326,443,443,462,482,513,513,513,513,548,559,592,442,461,480,575,575,575,593,609,139,239,239,239,254,281,281,301,301,333,34,48,48,48,77,77,77,77,77],"floor_reached":55,"playtime":5400,"items_purged":["hexamod:InspiringFlames","hexamod:Strike"],"score":965,"play_id":"d5a7827b-55f6-411d-af8b-855df040fad5","local_time":"20210108042144","is_ascension_mode":true,"campfire_choices":[{"floor":1,"key":"RECALL"},{"data":"hexamod:AdvancingGuard","floor":8,"key":"SMITH"},{"data":"hexamod:AdvancingGuard","floor":11,"key":"SMITH"},{"data":"hexamod:TimeWarp","floor":13,"key":"SMITH"},{"data":"hexamod:HexaLevel","floor":18,"key":"SMITH"},{"data":"infinitespire:Gouge","floor":26,"key":"SMITH"},{"data":"infinitespire:Collect","floor":30,"key":"SMITH"},{"data":"hexamod:VolcanoVisage","floor":35,"key":"SMITH"},{"floor":44,"key":"REST"},{"data":"infinitespire:Collect","floor":46,"key":"SMITH"},{"floor":54,"key":"REST"}],"circlet_count":0,"master_deck":["hexamod:Strike","hexamod:Strike","hexamod:Strike","hexamod:Defend+1","hexamod:Defend","hexamod:Defend","hexamod:Defend","hexamod:Sear","hexamod:Float","hexamod:AdvancingGuard+1","hexamod:AdvancingGuard+1","hexamod:TimeWarp+1","hexamod:VolcanoVisage","hexamod:ThermalTransfer+1","hexamod:HexaLevel+1","hexamod:PowerFromBeyond+1","infinitespire:Gouge+1","infinitespire:Collect+1","hexamod:Hexaguard+1","hexamod:EmpoweredFlame+1","hexamod:VolcanoVisage+1","Conserve Battery","infinitespire:Collect+1","ReplayTheSpireMod:Calculation Training+1"],"relics":["hexamod:SpiritBrand","downfall:HeartsMalice","hubris:Icosahedron","halation:EternalFortune","Bag of Marbles","downfall:HeartBlessingRed","hubris:64BitClover","hexamod:SoulConsumer","infinitespire:PuzzleCube","hubris:Backtick","beaked:MendingPlumage","Garlic","Dream Catcher","jedi:cryingmask","Turnip","downfall:HeartBlessingGreen","downfall:HeartBlessingBlue","Centennial Puzzle","aspiration:DefectSkillbook","conspire:TreasureMap","aspiration:EmptySkull","MerchantsRug","Replay:Kaleidoscope","Gremlin Food","jedi:HeartOfTheCards","Pet Ghost","Vajra","jedi:crownofsimplicity","ClockworkSouvenir","infinitespire:FocusingShard","ReplayFunnel","aspiration:FaultyCoupler"],"acts_visited":["Exordium","TheCity","TheBeyond","TheEnding"],"potions_floor_usage":[23,23,27,55,55,55],"damage_taken":[{"damage":0,"enemies":"Jaw Worm","floor":6,"turns":1},{"damage":0,"enemies":"2 Louse","floor":9,"turns":1},{"damage":0,"enemies":"Gremlin Nob","floor":10,"turns":1},{"damage":9,"enemies":"Lagavulin","floor":12,"turns":7},{"damage":9,"enemies":"Gremlin Nob","floor":14,"turns":5},{"damage":0,"enemies":"Small Slimes","floor":15,"turns":3},{"damage":11,"enemies":"downfall:Silent","floor":16,"turns":9},{"damage":15,"enemies":"3 Byrds","floor":19,"turns":5},{"damage":11,"enemies":"Centurion and Healer","floor":21,"turns":7},{"damage":20,"enemies":"Snake Plant","floor":22,"turns":4},{"damage":45,"enemies":"Gremlin Leader","floor":23,"turns":7},{"damage":6,"enemies":"Slavers","floor":27,"turns":6},{"damage":0,"enemies":"Snecko","floor":28,"turns":7},{"damage":1,"enemies":"Nightmare","floor":29,"turns":7},{"damage":0,"enemies":"Centurion and Healer","floor":31,"turns":6},{"damage":6,"enemies":"Snake Plant","floor":32,"turns":4},{"damage":12,"enemies":"downfall:Ironclad","floor":33,"turns":7},{"damage":5,"enemies":"Orb Walker","floor":36,"turns":3},{"damage":0,"enemies":"3 Darklings","floor":37,"turns":6},{"damage":0,"enemies":"downfall:FleeingMerchant","floor":38,"turns":4},{"damage":11,"enemies":"infinitespire:Three Voidlings","floor":39,"turns":4},{"damage":122,"enemies":"Nightmare_Alpha","floor":39,"turns":11},{"damage":0,"enemies":"Jaw Worm Horde","floor":42,"turns":4},{"damage":13,"enemies":"Nightmare","floor":43,"turns":7},{"damage":0,"enemies":"Transient","floor":45,"turns":5},{"damage":23,"enemies":"Reptomancer","floor":47,"turns":5},{"damage":0,"enemies":"downfall:FleeingMerchant","floor":48,"turns":4},{"damage":0,"enemies":"4 Shapes","floor":49,"turns":5},{"damage":0,"enemies":"downfall:Defect","floor":50,"turns":5},{"damage":35,"enemies":"downfall:CharBossMerchant","floor":52,"turns":5},{"damage":110,"enemies":"downfall:NeowBoss","floor":55,"turns":41}],"seed_played":"-2727461463493769007","potions_obtained":[{"floor":10,"key":"EssenceOfSteel"},{"floor":15,"key":"DistilledChaos"},{"floor":16,"key":"jedi:tentaclejuice"},{"floor":23,"key":"DistilledChaos"},{"floor":29,"key":"hexamod:DoubleChargePotion"},{"floor":33,"key":"Energy Potion"},{"floor":45,"key":"Adrenaline Potion"}],"is_trial":false,"path_per_floor":["R","?","?","?","?","M","T","R","M","E","R","E","R","E","M","B",null,"R","M","?","M","M","E","T","AVR","R","E","M","NM","R","M","M","B",null,"R","M","M","$","?","?","T","M","NM","R","M","R","E","$","M","B",null,"E","$","R","B"],"character_chosen":"THE_SPIRIT","items_purchased":["conspire:TreasureMap","aspiration:EmptySkull","MerchantsRug","jedi:crownofsimplicity","ClockworkSouvenir","infinitespire:FocusingShard"],"campfire_rested":2,"item_purchase_floors":[38,38,38,48,48,48],"current_hp_per_floor":[70,70,70,70,73,73,73,73,73,73,73,64,64,58,58,50,79,79,79,56,69,66,55,55,55,55,75,82,82,92,92,89,92,92,92,92,92,92,21,21,21,50,77,92,92,92,91,92,92,92,92,75,75,92,0,0],"gold":77,"neow_bonus":"THREE_ENEMY_KILL","is_daily":false,"chose_seed":false,"campfire_upgraded":8,"win_rate":0.0,"timestamp":1610076104,"path_taken":["R","?","?","?","?","M","T","R","M","E","R","E","R","E","M","BOSS","R","M","?","M","M","E","T","AVR","R","E","M","NM","R","?","M","BOSS","R","M","M","$","?","?","T","?","NM","R","M","R","E","$","M","BOSS","E","$","R","BOSS"],"items_purchased_type":["Relic","Relic","Relic","Relic","Relic","Relic"],"build_version":"2020-12-22","purchased_purges":2,"victory":false,"max_hp_per_floor":[70,70,70,70,73,73,73,73,73,73,73,73,73,76,76,79,79,79,79,79,79,79,82,82,82,82,82,82,82,92,92,92,92,92,92,92,92,92,92,92,92,92,92,92,92,92,92,92,92,92,92,92,92,92,92,92],"relic_stats":{"Dream Catcher":2,"Centennial Puzzle":[27],"counters":[31,192],"Turnip":[6],"obtain_stats":[{"ReplayFunnel":49,"Vajra":47,"downfall:HeartBlessingGreen":30,"Pet Ghost":43,"ClockworkSouvenir":48,"Dream Catcher":25,"Centennial Puzzle":31,"hubris:Icosahedron":3,"hubris:Backtick":17,"aspiration:DefectSkillbook":34,"downfall:HeartBlessingBlue":30,"jedi:cryingmask":27,"hexamod:SpiritBrand":0,"aspiration:FaultyCoupler":52,"Gremlin Food":40,"MerchantsRug":38,"conspire:TreasureMap":38,"downfall:HeartBlessingRed":8,"hubris:64BitClover":10,"downfall:HeartsMalice":0,"infinitespire:FocusingShard":48,"Replay:Kaleidoscope":39,"jedi:crownofsimplicity":48,"jedi:HeartOfTheCards":41,"aspiration:EmptySkull":38,"halation:EternalFortune":5,"Turnip":29,"Bag of Marbles":7,"Garlic":23,"hexamod:SoulConsumer":12,"beaked:MendingPlumage":17,"infinitespire:PuzzleCube":14},{"ReplayFunnel":28,"Vajra":26,"downfall:HeartBlessingGreen":14,"Pet Ghost":24,"ClockworkSouvenir":27,"Dream Catcher":11,"Centennial Puzzle":15,"hubris:Icosahedron":0,"hubris:Backtick":7,"aspiration:DefectSkillbook":17,"downfall:HeartBlessingBlue":14,"jedi:cryingmask":12,"hexamod:SpiritBrand":0,"aspiration:FaultyCoupler":30,"Gremlin Food":22,"MerchantsRug":20,"conspire:TreasureMap":20,"downfall:HeartBlessingRed":1,"hubris:64BitClover":3,"downfall:HeartsMalice":0,"infinitespire:FocusingShard":27,"Replay:Kaleidoscope":22,"jedi:crownofsimplicity":27,"jedi:HeartOfTheCards":22,"aspiration:EmptySkull":20,"halation:EternalFortune":0,"Turnip":14,"Bag of Marbles":1,"Garlic":11,"hexamod:SoulConsumer":4,"beaked:MendingPlumage":7,"infinitespire:PuzzleCube":5},{"ReplayFunnel":141,"Vajra":132,"downfall:HeartBlessingGreen":67,"Pet Ghost":122,"ClockworkSouvenir":136,"Dream Catcher":47,"Centennial Puzzle":73,"hubris:Icosahedron":0,"hubris:Backtick":24,"aspiration:DefectSkillbook":84,"downfall:HeartBlessingBlue":67,"jedi:cryingmask":53,"hexamod:SpiritBrand":0,"aspiration:FaultyCoupler":151,"Gremlin Food":111,"MerchantsRug":96,"conspire:TreasureMap":96,"downfall:HeartBlessingRed":0,"hubris:64BitClover":0,"downfall:HeartsMalice":0,"infinitespire:FocusingShard":136,"Replay:Kaleidoscope":111,"jedi:crownofsimplicity":136,"jedi:HeartOfTheCards":111,"aspiration:EmptySkull":96,"halation:EternalFortune":0,"Turnip":67,"Bag of Marbles":0,"Garlic":47,"hexamod:SoulConsumer":7,"beaked:MendingPlumage":24,"infinitespire:PuzzleCube":12}]},"card_choices":[{"not_picked":["hexamod:HeatMetal","hexamod:NightmareStrike"],"picked":"hexamod:AdvancingGuard","floor":6},{"not_picked":["hexamod:Haunt","hexamod:Again"],"picked":"hexamod:InspiringFlames","floor":9},{"not_picked":["hexamod:SpectersWail","hexamod:SwordOfDarkness"],"picked":"hexamod:AdvancingGuard","floor":10},{"not_picked":["hexamod:SpectersWail","hexamod:ThermalTransfer"],"picked":"hexamod:TimeWarp","floor":12},{"not_picked":["hexamod:EtherealExpedition","hexamod:Haunt"],"picked":"hexamod:VolcanoVisage","floor":14},{"not_picked":["hexamod:BacktrackSmack","hexamod:NightmareStrike"],"picked":"hexamod:ThermalTransfer","floor":15},{"not_picked":["hexamod:GhostflameInferno","hexamod:ApocalypticArmor"],"picked":"hexamod:HexaLevel","floor":16},{"not_picked":["hexamod:NecessarySacrifice","hexamod:HauntingEcho"],"picked":"hexamod:PowerFromBeyond+1","floor":19},{"not_picked":["hexamod:GhostShield","hexamod:HauntingEcho","hexamod:NightmareGuise"],"picked":"SKIP","floor":21},{"not_picked":["hexamod:WildfireWeapon","hexamod:NightmareGuise+1","hexamod:SpectersWail"],"picked":"SKIP","floor":22},{"not_picked":["hexamod:BacktrackSmack","hexamod:GhostShield+1","hexamod:Rewind+1"],"picked":"SKIP","floor":23},{"not_picked":["hexamod:FastForward","hexamod:GhostShield+1"],"picked":"hexamod:Hexaguard+1","floor":27},{"not_picked":["hexamod:Hexaguard","hexamod:HauntingEcho","hexamod:SpectersWail+1"],"picked":"SKIP","floor":28},{"not_picked":["hexamod:Hexaguard","hexamod:HauntingEcho","hexamod:SpectersWail+1"],"picked":"SKIP","floor":28},{"not_picked":["hexamod:Rewind","hexamod:CatchUp","hexamod:Hexaguard"],"picked":"SKIP","floor":29},{"not_picked":["hexamod:NightmareStrike","hexamod:RainOfEmbers"],"picked":"hexamod:EmpoweredFlame+1","floor":31},{"not_picked":["hexamod:Hexaguard+1","hexamod:RainOfEmbers+1","hexamod:NightmareGuise"],"picked":"SKIP","floor":32},{"not_picked":["hexamod:TimeOfNeed","hexamod:CrushingStance"],"picked":"hexamod:VolcanoVisage","floor":33},{"not_picked":["Hologram","Sweeping Beam+1","hexamod:ShieldOfDarkness+1","hexamod:PhantomCloak+1"],"picked":"SKIP","floor":36},{"not_picked":["Sweeping Beam","Ball Lightning","Doom and Gloom"],"picked":"Conserve Battery","floor":37},{"not_picked":["hexamod:InspiringFlames+1","Beam Cell","conspire:Rain","FTL"],"picked":"SKIP","floor":38},{"not_picked":["infinitespire:SevenWalls","ReplayTheSpireMod:Book of Names"],"picked":"infinitespire:Collect","floor":39},{"not_picked":["Steam+1","Core Surge","hexamod:NightmareGuise","BasicCrystalCard+1"],"picked":"SKIP","floor":42},{"not_picked":["hexamod:HeatMetal","hexamod:Rewind+1","hexamod:GiftsFromTheDead","hexamod:GhostLash+1"],"picked":"SKIP","floor":43},{"not_picked":["hexamod:NightmareGuise","hexamod:NightmareStrike+1","Machine Learning"],"picked":"ReplayTheSpireMod:Calculation Training+1","floor":44},{"not_picked":["Recycle","hexamod:SwordOfDarkness","hexamod:SuperheatedStrike+1","hexamod:NightmareGuise+1"],"picked":"SKIP","floor":45},{"not_picked":["Genetic Algorithm+1","hexamod:SuperheatedStrike+1","hexamod:CatchUp","hexamod:InspiringFlames+1"],"picked":"SKIP","floor":47},{"not_picked":["hexamod:HauntingEcho+1","Cold Snap","Turbo","hexamod:AdvancingGuard"],"picked":"SKIP","floor":48},{"not_picked":["jedi:markofdeath+1","conspire:Rain","hexamod:NightmareGuise","Darkness+1"],"picked":"SKIP","floor":49},{"not_picked":["hexamod:GhostShield","Rebound+1","Barrage+1","hexamod:GhostflameBarrier+1"],"picked":"SKIP","floor":52}],"player_experience":1834554,"relics_obtained":[{"floor":7,"key":"Bag of Marbles"},{"floor":10,"key":"hubris:64BitClover"},{"floor":12,"key":"hexamod:SoulConsumer"},{"floor":14,"key":"halation:EternalFortune"},{"floor":14,"key":"infinitespire:PuzzleCube"},{"floor":16,"key":"halation:EternalFortune"},{"floor":23,"key":"halation:EternalFortune"},{"floor":23,"key":"Garlic"},{"floor":27,"key":"jedi:cryingmask"},{"floor":29,"key":"Turnip"},{"floor":31,"key":"Centennial Puzzle"},{"floor":39,"key":"Replay:Kaleidoscope"},{"floor":40,"key":"Gremlin Food"},{"floor":41,"key":"jedi:HeartOfTheCards"},{"floor":43,"key":"Pet Ghost"},{"floor":47,"key":"Vajra"},{"floor":49,"key":"ReplayFunnel"},{"floor":52,"key":"aspiration:FaultyCoupler"}],"event_choices":[],"is_beta":false,"boss_relics":[{"not_picked":["aspiration:RitualDagger","jedi:hotpepper"],"picked":"hubris:Backtick"},{"not_picked":["hubris:GrandSneckoEye","Replay:Wanted Poster"],"picked":"aspiration:DefectSkillbook"}],"items_purged_floors":[25,48],"is_endless":false,"potions_floor_spawned":[10,15,16,21,23,29,33,36,42,45,47],"killed_by":"downfall:NeowBoss","ascension_level":1}}