{"host":"gg","time":1610075167,"event":{"mods":["BaseMod","Colored Map","Googly Eyes","Minty Spire (QoL Compilation)","Permanent Neow","Relic Stats","The IronCluck"],"gold_per_floor":[114,114,125,125,125,152,181,16,91,109,109,109],"floor_reached":11,"playtime":388,"items_purged":["Defend_P"],"score":142,"play_id":"6344915d-38bd-44c6-a05d-ebd0d5de4b77","local_time":"20210107190607","is_ascension_mode":true,"campfire_choices":[],"circlet_count":0,"master_deck":["AscendersBane","Strike_P","Strike_P","Strike_P","Strike_P","Defend_P","Defend_P","Eruption+1","Vigilance","Tantrum","CutThroughFate","FearNoEvil","BattleHymn","TalkToTheHand"],"relics":["Fusion Hammer","Calipers","Odd Mushroom","Blue Candle"],"acts_visited":["Exordium"],"potions_floor_usage":[],"damage_taken":[{"damage":11,"enemies":"Jaw Worm","floor":1,"turns":3},{"damage":0,"enemies":"Small Slimes","floor":3,"turns":2},{"damage":17,"enemies":"Lagavulin","floor":6,"turns":4},{"damage":8,"enemies":"The Mushroom Lair","floor":7,"turns":4},{"damage":11,"enemies":"2 Louse","floor":10,"turns":2},{"damage":15,"enemies":"3 Sentries","floor":11,"turns":1}],"seed_played":"302395589098217275","potions_obtained":[{"floor":10,"key":"SteroidPotion"}],"is_trial":false,"path_per_floor":["M","?","M","?","?","E","?","$","T","M","E"],"character_chosen":"WATCHER","items_purchased":["TalkToTheHand"],"campfire_rested":0,"item_purchase_floors":[8],"current_hp_per_floor":[50,55,55,55,48,31,23,23,23,12,0,0],"gold":109,"neow_bonus":"BOSS_RELIC","is_daily":false,"chose_seed":false,"campfire_upgraded":0,"win_rate":0.0,"timestamp":1610075167,"path_taken":["M","?","M","?","?","E","?","?","T","M","E"],"items_purchased_type":["Card"],"build_version":"2020-12-18","purchased_purges":1,"victory":false,"max_hp_per_floor":[68,73,73,73,73,73,73,73,73,73,73,73],"relic_stats":{"counters":[6,16],"Blue Candle":[0],"obtain_stats":[{"Calipers":6,"Blue Candle":9,"Fusion Hammer":0,"PureWater":0,"Odd Mushroom":7},{"Calipers":3,"Blue Candle":4,"Fusion Hammer":0,"PureWater":0,"Odd Mushroom":4},{"Calipers":9,"Blue Candle":13,"Fusion Hammer":0,"PureWater":0,"Odd Mushroom":13}]},"card_choices":[{"not_picked":["Evaluate","Halt"],"picked":"Tantrum","floor":1},{"not_picked":["CrushJoints","BowlingBash"],"picked":"CutThroughFate","floor":3},{"not_picked":["SashWhip","WindmillStrike"],"picked":"FearNoEvil","floor":6},{"not_picked":["EmptyFist","Protect"],"picked":"BattleHymn","floor":7},{"not_picked":["FlyingSleeves","FollowUp","JustLucky"],"picked":"SKIP","floor":10}],"player_experience":1088915,"relics_obtained":[{"floor":6,"key":"Calipers"},{"floor":7,"key":"Odd Mushroom"},{"floor":9,"key":"Blue Candle"}],"event_choices":[{"damage_healed":0,"gold_gain":0,"player_choice":"Donut","damage_taken":0,"max_hp_gain":5,"max_hp_loss":0,"event_name":"Big Fish","floor":2,"gold_loss":0},{"damage_healed":0,"gold_gain":0,"player_choice":"Grow","damage_taken":0,"max_hp_gain":0,"max_hp_loss":0,"event_name":"Living Wall","floor":4,"gold_loss":0,"cards_upgraded":["Eruption"]},{"cards_removed":["Defend_P"],"damage_healed":0,"gold_gain":0,"player_choice":"Card Removal","damage_taken":7,"max_hp_gain":0,"max_hp_loss":0,"event_name":"Golden Wing","floor":5,"gold_loss":0},{"damage_healed":0,"gold_gain":0,"player_choice":"Fought Mushrooms","damage_taken":0,"max_hp_gain":0,"max_hp_loss":0,"event_name":"Mushrooms","floor":7,"gold_loss":0}],"is_beta":true,"boss_relics":[],"items_purged_floors":[8],"is_endless":false,"potions_floor_spawned":[10],"killed_by":"3 Sentries","ascension_level":20}}