{"host":"qfskrnw3pl1q86j0","time":1610138204,"event":{"mods":["BaseMod","Block Reminder","Hermit","Marisa????????","Minty Spire (QoL Compilation)","Quick Restart","Random Character Button","Relic Stats","StSLib","The Poker Player","slay the spire mod where everything is the same but ironclad has a cowboy hat"],"gold_per_floor":[117,37,37,54,68,68,93,93,93,110,110,126,158,177,177,278,278,288,213,312,325,344,370,370,396,396,396,411,50,50,60,60,60,60],"floor_reached":33,"playtime":1077,"items_purged":["Defend_G"],"score":329,"play_id":"56fde8d2-15eb-46a3-baf6-455c332c307c","local_time":"20210108213644","is_ascension_mode":false,"campfire_choices":[{"data":"Neutralize","floor":6,"key":"SMITH"},{"data":"Dagger Throw","floor":8,"key":"SMITH"},{"data":"Glass Knife","floor":15,"key":"SMITH"},{"data":"Malaise","floor":24,"key":"SMITH"},{"data":"Terror","floor":27,"key":"SMITH"},{"data":"Leg Sweep","floor":30,"key":"SMITH"},{"data":"Doppelganger","floor":32,"key":"SMITH"}],"circlet_count":0,"master_deck":["Strike_G+1","Strike_G+1","Strike_G","Strike_G","Defend_G","Defend_G","Defend_G","Defend_G","Survivor","Neutralize+1","Terror+1","Leg Sweep+1","Dagger Throw+1","Sucker Punch+1","Backflip","All Out Attack","Glass Knife+1","Malaise+1","Well Laid Plans+1","Doppelganger+1"],"relics":["Ring of the Snake","Unceasing Top","Frozen Egg 2","Pear","Pen Nib","Busted Crown","CeramicFish","Bottled Lightning","Chemical X"],"acts_visited":["Exordium","TheCity"],"potions_floor_usage":[13,23,23,33],"damage_taken":[{"damage":2,"enemies":"Cultist","floor":1,"turns":5},{"damage":0,"enemies":"Small Slimes","floor":4,"turns":3},{"damage":0,"enemies":"Jaw Worm","floor":5,"turns":3},{"damage":7,"enemies":"Lagavulin","floor":7,"turns":6},{"damage":9,"enemies":"Looter","floor":10,"turns":3},{"damage":0,"enemies":"Exordium Thugs","floor":12,"turns":4},{"damage":5,"enemies":"3 Sentries","floor":13,"turns":5},{"damage":4,"enemies":"3 Louse","floor":14,"turns":2},{"damage":0,"enemies":"Slime Boss","floor":16,"turns":5},{"damage":0,"enemies":"Shell Parasite","floor":18,"turns":5},{"damage":0,"enemies":"Chosen","floor":21,"turns":3},{"damage":4,"enemies":"Centurion and Healer","floor":22,"turns":6},{"damage":20,"enemies":"Slavers","floor":23,"turns":6},{"damage":0,"enemies":"Snake Plant","floor":25,"turns":2},{"damage":4,"enemies":"3 Cultists","floor":28,"turns":4},{"damage":5,"enemies":"Sentry and Sphere","floor":31,"turns":4},{"damage":52,"enemies":"Champ","floor":33,"turns":16}],"seed_played":"6930053271079281326","potions_obtained":[{"floor":1,"key":"Dexterity Potion"},{"floor":5,"key":"Explosive Potion"},{"floor":10,"key":"Energy Potion"},{"floor":22,"key":"PowerPotion"},{"floor":25,"key":"DuplicationPotion"}],"is_trial":false,"path_per_floor":["M","$","?","M","M","R","E","R","T","M","?","M","E","M","R","B",null,"M","?","?","M","M","E","R","M","T","R","M","$","R","M","R","B"],"character_chosen":"THE_SILENT","items_purchased":["Terror","Chemical X","Doppelganger"],"campfire_rested":0,"item_purchase_floors":[2,29,29],"current_hp_per_floor":[61,61,48,48,48,48,41,41,51,42,42,42,37,33,33,33,73,73,73,73,73,69,49,49,49,49,49,45,45,45,40,40,0,0],"gold":60,"neow_bonus":"ONE_RARE_RELIC","is_daily":false,"chose_seed":false,"campfire_upgraded":7,"win_rate":0.0,"timestamp":1610138204,"path_taken":["M","?","?","M","M","R","E","R","T","M","?","M","E","M","R","BOSS","M","?","?","M","M","E","R","M","T","R","M","$","R","?","R","BOSS"],"items_purchased_type":["Card","Relic","Card"],"build_version":"2020-12-22","purchased_purges":1,"victory":false,"max_hp_per_floor":[63,63,63,63,63,63,63,63,73,73,73,73,73,73,73,73,73,73,73,73,73,73,73,73,73,73,73,73,73,73,73,73,73,73],"relic_stats":{"Busted Crown":14,"counters":[17,82],"CeramicFish":18,"Pen Nib":[11],"Chemical X":[5],"obtain_stats":[{"Pear":9,"Busted Crown":17,"CeramicFish":23,"Pen Nib":13,"Bottled Lightning":26,"Chemical X":29,"Frozen Egg 2":7,"Unceasing Top":0,"Ring of the Snake":0},{"Pear":4,"Busted Crown":9,"CeramicFish":13,"Pen Nib":7,"Bottled Lightning":14,"Chemical X":15,"Frozen Egg 2":4,"Unceasing Top":0,"Ring of the Snake":0},{"Pear":17,"Busted Crown":36,"CeramicFish":56,"Pen Nib":29,"Bottled Lightning":58,"Chemical X":62,"Frozen Egg 2":17,"Unceasing Top":0,"Ring of the Snake":0}],"Unceasing Top":[3],"Ring of the Snake":[34]},"card_choices":[{"not_picked":["Reflex","Prepared","Heel Hook"],"picked":"SKIP","floor":1},{"not_picked":["Backflip","Heel Hook"],"picked":"Leg Sweep","floor":4},{"not_picked":["Acrobatics","Riddle With Holes"],"picked":"Dagger Throw","floor":5},{"not_picked":["Dodge and Roll","Cloak And Dagger"],"picked":"Sucker Punch","floor":7},{"not_picked":["Deflect","Flying Knee"],"picked":"Backflip","floor":10},{"not_picked":["Underhanded Strike","Prepared"],"picked":"All Out Attack","floor":12},{"not_picked":["Storm of Steel","Flechettes"],"picked":"Glass Knife","floor":13},{"not_picked":["Acrobatics","Infinite Blades+1","Deadly Poison"],"picked":"SKIP","floor":14},{"not_picked":["Grand Finale","Night Terror"],"picked":"Malaise","floor":16},{"not_picked":["Deflect"],"picked":"SKIP","floor":18},{"not_picked":["Choke+1"],"picked":"SKIP","floor":21},{"not_picked":["Accuracy+1"],"picked":"SKIP","floor":22},{"not_picked":["All Out Attack"],"picked":"SKIP","floor":23},{"not_picked":[],"picked":"Well Laid Plans+1","floor":25},{"not_picked":["Dodge and Roll"],"picked":"SKIP","floor":28},{"not_picked":["Flying Knee"],"picked":"SKIP","floor":31}],"player_experience":939900,"relics_obtained":[{"floor":7,"key":"Frozen Egg 2"},{"floor":9,"key":"Pear"},{"floor":13,"key":"Pen Nib"},{"floor":23,"key":"CeramicFish"},{"floor":26,"key":"Bottled Lightning"}],"event_choices":[{"damage_healed":0,"gold_gain":0,"player_choice":"Entered Light","damage_taken":13,"max_hp_gain":0,"max_hp_loss":0,"event_name":"Shining Light","floor":3,"gold_loss":0,"cards_upgraded":["Strike_G","Strike_G"]},{"damage_healed":0,"gold_gain":0,"player_choice":"Grow","damage_taken":0,"max_hp_gain":0,"max_hp_loss":0,"event_name":"Living Wall","floor":11,"gold_loss":0,"cards_upgraded":["Sucker Punch"]},{"cards_removed":["Strike_G"],"damage_healed":0,"gold_gain":0,"player_choice":"Gave Gold","damage_taken":0,"max_hp_gain":0,"max_hp_loss":0,"event_name":"Beggar","floor":19,"gold_loss":75},{"damage_healed":0,"gold_gain":99,"player_choice":"Stole From Cult","damage_taken":0,"max_hp_gain":0,"max_hp_loss":0,"event_name":"Nest","floor":20,"gold_loss":0}],"is_beta":false,"boss_relics":[{"not_picked":["Fusion Hammer","Philosopher\u0027s Stone"],"picked":"Busted Crown"}],"items_purged_floors":[29],"is_endless":false,"potions_floor_spawned":[1,5,10,12,22,25],"killed_by":"Champ","ascension_level":0}}