{"host":"l60rmjjsfi0fipmi","time":1610066683,"event":{"mods":["BaseMod","Colored Map","DeckTracker","Highlight Path","Minty Spire (QoL Compilation)"],"gold_per_floor":[111,24,24,124,142,142,142,154,177,30,41,41,51,66,66,161,161,181,37,33,50,50,50,62,62,62,95,105,30,49,64,64,64,64],"floor_reached":33,"playtime":2049,"items_purged":["Bite"],"score":311,"play_id":"37cb5825-9ae2-48a0-9a6f-fbd9e7a4780f","local_time":"20210107194443","is_ascension_mode":false,"campfire_choices":[{"data":"Clothesline","floor":6,"key":"SMITH"},{"data":"Spot Weakness","floor":12,"key":"SMITH"},{"data":"True Grit","floor":15,"key":"SMITH"},{"floor":23,"key":"REST"},{"floor":32,"key":"REST"}],"circlet_count":0,"master_deck":["Bash+1","Thunderclap","Clothesline+1","Battle Trance","Spot Weakness+1","Anger","Seeing Red","Carnage","True Grit+1","Impervious","Warcry","Carnage","Anger","Sever Soul","Evolve","Body Slam","Second Wind","Offering","Body Slam","Shockwave","Armaments","Iron Wave+1","Shrug It Off","Demon Form","Iron Wave+1","Disarm","True Grit+1","Bite","Bite","Bite","Bite"],"relics":["Burning Blood","Strawberry","HandDrill","Pandora\u0027s Box","Orrery","Boot","Lizard Tail"],"acts_visited":["Exordium","TheCity"],"potions_floor_usage":[16,27,28,30,33],"damage_taken":[{"damage":5,"enemies":"Small Slimes","floor":1,"turns":4},{"damage":3,"enemies":"2 Louse","floor":5,"turns":3},{"damage":4,"enemies":"Cultist","floor":8,"turns":3},{"damage":14,"enemies":"Blue Slaver","floor":11,"turns":4},{"damage":21,"enemies":"Exordium Wildlife","floor":13,"turns":4},{"damage":9,"enemies":"Red Slaver","floor":14,"turns":3},{"damage":43,"enemies":"The Guardian","floor":16,"turns":16},{"damage":6,"enemies":"Chosen","floor":18,"turns":4},{"damage":19,"enemies":"2 Thieves","floor":20,"turns":4},{"damage":41,"enemies":"Snecko","floor":21,"turns":6},{"damage":15,"enemies":"Chosen and Byrds","floor":24,"turns":6},{"damage":51,"enemies":"Gremlin Leader","floor":27,"turns":9},{"damage":36,"enemies":"Centurion and Healer","floor":28,"turns":6},{"damage":50,"enemies":"Sentry and Sphere","floor":30,"turns":8},{"damage":9,"enemies":"Snake Plant","floor":31,"turns":6},{"damage":77,"enemies":"Automaton","floor":33,"turns":8}],"seed_played":"2835861684180421572","potions_obtained":[{"floor":5,"key":"DistilledChaos"},{"floor":13,"key":"Block Potion"},{"floor":14,"key":"DistilledChaos"},{"floor":20,"key":"Dexterity Potion"},{"floor":27,"key":"DistilledChaos"},{"floor":28,"key":"Fruit Juice"}],"is_trial":false,"path_per_floor":["M","$","?","?","M","R","?","M","T","$","M","R","M","M","R","B",null,"M","$","M","M","?","R","M","?","T","E","M","$","M","M","R","B"],"character_chosen":"IRONCLAD","items_purchased":["Clothesline","Battle Trance","HandDrill","Orrery"],"campfire_rested":2,"item_purchase_floors":[2,2,10,19],"current_hp_per_floor":[80,80,77,77,80,80,85,85,92,92,84,84,71,70,70,35,92,92,92,79,46,46,73,66,66,66,33,14,14,32,35,64,0,0],"gold":64,"neow_bonus":"UPGRADE_CARD","is_daily":false,"chose_seed":false,"campfire_upgraded":3,"win_rate":0.0,"timestamp":1610066683,"path_taken":["M","$","?","?","?","R","?","M","T","?","M","R","M","M","R","BOSS","M","$","M","M","?","R","?","?","T","E","M","$","M","M","R","BOSS"],"items_purchased_type":["Card","Card","Relic","Relic"],"build_version":"2020-12-22","purchased_purges":1,"victory":false,"max_hp_per_floor":[80,80,80,80,80,80,85,85,92,92,92,92,92,92,92,92,92,92,92,92,92,92,92,92,92,92,92,97,97,97,97,97,97,97],"card_choices":[{"not_picked":["Body Slam","Hemokinesis"],"picked":"Thunderclap","floor":1},{"not_picked":["Sword Boomerang","Headbutt"],"picked":"Spot Weakness","floor":5},{"not_picked":["Pommel Strike","Warcry"],"picked":"Anger","floor":8},{"not_picked":["Twin Strike","Entrench"],"picked":"Seeing Red","floor":11},{"not_picked":["Barricade","Clothesline"],"picked":"Carnage","floor":13},{"not_picked":["Uppercut","Shrug It Off"],"picked":"True Grit","floor":14},{"not_picked":["Double Tap","Barricade"],"picked":"Impervious","floor":16},{"not_picked":["Thunderclap","Hemokinesis+1","Anger"],"picked":"SKIP","floor":18},{"not_picked":["Anger","Twin Strike+1"],"picked":"Shockwave","floor":19},{"not_picked":["Pummel","Iron Wave"],"picked":"Armaments","floor":19},{"not_picked":["Combust","True Grit"],"picked":"Iron Wave+1","floor":19},{"not_picked":["Twin Strike","Headbutt"],"picked":"Shrug It Off","floor":19},{"not_picked":["Whirlwind+1","Iron Wave"],"picked":"Demon Form","floor":19},{"not_picked":["Clothesline","Headbutt"],"picked":"Iron Wave+1","floor":20},{"not_picked":["Twin Strike","Limit Break"],"picked":"Disarm","floor":21},{"not_picked":["Sever Soul+1","Armaments"],"picked":"True Grit+1","floor":24},{"not_picked":["Carnage","Sword Boomerang","Heavy Blade"],"picked":"SKIP","floor":27},{"not_picked":["Body Slam+1","Iron Wave","Twin Strike"],"picked":"SKIP","floor":28},{"not_picked":["Dark Embrace","Sword Boomerang","Pommel Strike"],"picked":"SKIP","floor":30},{"not_picked":["Infernal Blade","Pommel Strike","Reckless Charge"],"picked":"SKIP","floor":31}],"player_experience":266962,"relics_obtained":[{"floor":9,"key":"Strawberry"},{"floor":26,"key":"Boot"},{"floor":27,"key":"Lizard Tail"}],"event_choices":[{"damage_healed":0,"gold_gain":0,"player_choice":"Success","damage_taken":3,"relics_obtained":["Blood Vial"],"max_hp_gain":0,"max_hp_loss":0,"event_name":"Scrap Ooze","floor":3,"gold_loss":0},{"damage_healed":0,"gold_gain":100,"player_choice":"Gold","damage_taken":0,"max_hp_gain":0,"max_hp_loss":0,"event_name":"Wheel of Change","floor":4,"gold_loss":0},{"damage_healed":0,"gold_gain":0,"player_choice":"Donut","damage_taken":0,"max_hp_gain":5,"max_hp_loss":0,"event_name":"Big Fish","floor":7,"gold_loss":0},{"damage_healed":0,"gold_gain":0,"player_choice":"Ignored","damage_taken":0,"max_hp_gain":0,"max_hp_loss":0,"event_name":"NoteForYourself","floor":22,"gold_loss":0},{"damage_healed":0,"gold_gain":0,"player_choice":"Became a vampire (Vial)","damage_taken":0,"max_hp_gain":0,"max_hp_loss":0,"event_name":"Vampires","floor":25,"relics_lost":["Blood Vial"],"gold_loss":0,"cards_obtained":["Bite","Bite","Bite","Bite","Bite"]}],"is_beta":false,"boss_relics":[{"not_picked":["Runic Cube","Tiny House"],"picked":"Pandora\u0027s Box"}],"items_purged_floors":[29],"is_endless":false,"potions_floor_spawned":[5,13,14,20,27,28],"killed_by":"Automaton","ascension_level":0}}