{"host":"ig7tc0uedzltt2sr","time":1610066326,"event":{"mods":["BaseMod","Better Twitch Integration","Block Reminder","Colored Map","Colored Powertips","Communication Mod","Current Relic Mod","GifTheSpireLib","HexUI Lib","Minty Spire (QoL Compilation)","Quick Restart","Random Character Button","Rare Cards Sparkle","Relic Sorter","Relic Stats","Slay the Relics Exporter","StSLib","SuperFastMode","Synergy Search","Twitch Decklist","Twitch Utils","everything is the same but u backflip on backflip","slay the spire mod where everything is the same but ironclad has a cowboy hat"],"gold_per_floor":[116,116,132,151,171,171,141,127,151,151,151,151],"floor_reached":11,"playtime":62,"items_purged":[],"score":65,"play_id":"9d8149fd-a0b7-4fcd-acef-c1f7acfbd01c","local_time":"20210107163846","is_ascension_mode":false,"campfire_choices":[{"data":"Bash","floor":6,"key":"SMITH"}],"circlet_count":0,"master_deck":["Strike_R","Strike_R","Strike_R","Strike_R","Strike_R","Defend_R","Defend_R","Defend_R","Defend_R","Bash+1","Disarm","Cleave","Infernal Blade","Battle Trance","Hemokinesis","Flex"],"relics":["Burning Blood","NeowsBlessing"],"acts_visited":["Exordium"],"potions_floor_usage":[],"damage_taken":[{"damage":0,"enemies":"2 Louse","floor":1,"turns":2},{"damage":0,"enemies":"Small Slimes","floor":3,"turns":1},{"damage":1,"enemies":"Jaw Worm","floor":4,"turns":2},{"damage":7,"enemies":"Blue Slaver","floor":5,"turns":5},{"damage":5,"enemies":"Looter","floor":7,"turns":4},{"damage":19,"enemies":"Exordium Thugs","floor":8,"turns":4},{"damage":67,"enemies":"Gremlin Nob","floor":11,"turns":5}],"seed_played":"-7545306340046236230","potions_obtained":[{"floor":3,"key":"BloodPotion"},{"floor":4,"key":"EssenceOfSteel"}],"is_trial":false,"path_per_floor":["M","?","M","M","M","R","M","M","T","$","E"],"character_chosen":"IRONCLAD","items_purchased":[],"campfire_rested":0,"item_purchase_floors":[],"current_hp_per_floor":[80,80,80,80,79,79,80,67,67,67,0,0],"gold":151,"neow_bonus":"THREE_ENEMY_KILL","is_daily":false,"chose_seed":false,"campfire_upgraded":1,"win_rate":0.0,"timestamp":1610066326,"path_taken":["M","?","M","M","M","R","M","M","T","$","E"],"items_purchased_type":[],"build_version":"2020-12-22","purchased_purges":0,"victory":false,"max_hp_per_floor":[80,80,80,80,80,80,80,80,80,80,80,80],"relic_stats":{"counters":[7,23],"obtain_stats":[{"NeowsBlessing":0,"Burning Blood":0},{"NeowsBlessing":0,"Burning Blood":0},{"NeowsBlessing":0,"Burning Blood":0}],"Burning Blood":19},"card_choices":[{"not_picked":["Headbutt","Bloodletting"],"picked":"Disarm","floor":1},{"not_picked":["Feel No Pain","Flex"],"picked":"Cleave","floor":3},{"not_picked":["Sword Boomerang","Shrug It Off"],"picked":"Infernal Blade","floor":4},{"not_picked":["Sword Boomerang","Clothesline"],"picked":"Battle Trance","floor":5},{"not_picked":["Armaments","Clash"],"picked":"Hemokinesis","floor":7},{"not_picked":["Whirlwind","Burning Pact"],"picked":"Flex","floor":8}],"player_experience":1464387,"relics_obtained":[],"event_choices":[{"damage_healed":0,"gold_gain":0,"player_choice":"Ignored","damage_taken":0,"max_hp_gain":0,"max_hp_loss":0,"event_name":"Golden Idol","floor":2,"gold_loss":0}],"is_beta":false,"boss_relics":[],"items_purged_floors":[],"is_endless":false,"potions_floor_spawned":[3,4],"killed_by":"Gremlin Nob","ascension_level":0}}