{"host":"ul7yvwhigba0nw36","time":1610124687,"event":{"mods":["AchievementEnabler","Act Like it!","Aspiration","BaseMod","Colored Map","Colored Powertips","Downfall","Gensokyo","Hermit","Highlight Path","Hubris","Infinite Spire","Minty Spire (QoL Compilation)","Random Character Button","Replay The Spire","StSLib","The Construct","The Cursed","The Disciple","The Necromancer"],"gold_per_floor":[115,212,230,230,2,30,45,45,45,45,65,65,100,100,100,195,195,209,89,89,105,105,105,105,136,136,136,153,164,176,176,176],"floor_reached":31,"playtime":1354,"items_purged":["Strike_W","Strike_W"],"score":288,"play_id":"47886cd5-35ce-4aba-a690-f1ede6e0c938","local_time":"20210108165127","is_ascension_mode":false,"campfire_choices":[{"data":"Bone_Armory","floor":8,"key":"SMITH"},{"data":"Summon_Undead","floor":12,"key":"SMITH"},{"data":"Bone_Armory","floor":15,"key":"SMITH"},{"floor":23,"key":"REST"},{"floor":27,"key":"REST"}],"circlet_count":0,"master_deck":["Strike_W","Strike_W","Defend_W","Defend_W","Defend_W","Defend_W","Negative_Energy_Arrows","Bone_Wall","Shade_Step","Death_Coil","Siphon_Strength","Finger_Of_Death","Bone_Armory+1","Summon_Undead+1","Summon_Undead_Army","Pot Of Greed","Pot Of Greed","Blood_Whip","Bone_Armory+1","Grasp_Heart","Scare+1","Negative_Energy_Sphere+1","Vampiric_Strike+1","Bone_Bullets+1"],"relics":["Vampire_Amulet","NeowsBlessing","Potion Belt","Lantern","hubris:FunFungus","Pantograph","hubris:Icosahedron","Grinning Jar","Philosopher\u0027s Stone","Gensokyo:LionMask","Torii","Replay:Kaleidoscope","infinitespire:Joker Card"],"acts_visited":["Exordium","Gensokyo:Gensokyo"],"potions_floor_usage":[16,25,31,31],"damage_taken":[{"damage":0,"enemies":"Gensokyo:3_Fairies","floor":1,"turns":1},{"damage":0,"enemies":"Gensokyo:2_Kodama","floor":3,"turns":1},{"damage":0,"enemies":"Gensokyo:Cirno","floor":6,"turns":2},{"damage":4,"enemies":"Gensokyo:Gryphon","floor":7,"turns":4},{"damage":6,"enemies":"Gensokyo:Kitsune","floor":11,"turns":3},{"damage":5,"enemies":"Gensokyo:Aya","floor":13,"turns":5},{"damage":35,"enemies":"Gensokyo:Yukari","floor":16,"turns":10},{"damage":20,"enemies":"Gensokyo:AngelMirror","floor":18,"turns":4},{"damage":4,"enemies":"Gensokyo:CosmicMonolith","floor":21,"turns":4},{"damage":51,"enemies":"Gensokyo:Tenshi","floor":25,"turns":4},{"damage":31,"enemies":"Gensokyo:Slime_Group","floor":28,"turns":5},{"damage":15,"enemies":"Gensokyo:Swordslinger","floor":29,"turns":4},{"damage":4,"enemies":"Gensokyo:Chomper_and_Gloop","floor":30,"turns":4},{"damage":22,"enemies":"Gensokyo:Slime_Group","floor":31,"turns":2}],"seed_played":"-1796977646683745330","potions_obtained":[{"floor":3,"key":"SkillPotion"},{"floor":6,"key":"DistilledChaos"},{"floor":21,"key":"SpeedPotion"},{"floor":25,"key":"FearPotion"},{"floor":29,"key":"Adrenaline Potion"}],"is_trial":false,"path_per_floor":["M","?","M","$","$","E","M","R","T","?","M","R","E","?","R","B",null,"M","?","$","M","?","R","?","E","T","R","M","M","M","M"],"character_chosen":"NECROMANCER","items_purchased":["Lantern","Torii"],"campfire_rested":2,"item_purchase_floors":[5,20],"current_hp_per_floor":[75,45,49,49,49,49,47,47,47,47,49,49,46,46,46,38,75,61,61,35,33,33,55,63,23,23,45,21,13,16,0,0],"gold":176,"neow_bonus":"THREE_ENEMY_KILL","is_daily":false,"chose_seed":false,"campfire_upgraded":3,"win_rate":0.0,"timestamp":1610124687,"path_taken":["M","?","?","?","$","E","M","R","T","?","M","R","E","?","R","BOSS","M","?","?","M","?","R","?","E","T","R","?","?","M","M"],"items_purchased_type":["Relic","Relic"],"build_version":"2020-12-22","purchased_purges":2,"victory":false,"max_hp_per_floor":[75,75,75,75,75,75,75,75,75,75,75,75,75,75,75,75,75,75,75,75,75,75,75,75,75,75,75,75,75,75,75,75],"card_choices":[{"not_picked":["Bone_Spikes","Toxic_Smoke_Screen"],"picked":"Shade_Step","floor":1},{"not_picked":["Summon_Lich","Life_Drain"],"picked":"Death_Coil","floor":2},{"not_picked":["Negative_Energy_Mist","Vampiric_Strike"],"picked":"Siphon_Strength","floor":2},{"not_picked":["Vampiric_Strike","Bone_Prison"],"picked":"Finger_Of_Death","floor":3},{"not_picked":["Blood_Curse","Bone_Spikes"],"picked":"Bone_Armory","floor":6},{"not_picked":["Corrupt","Reap_The_Weak"],"picked":"Summon_Undead","floor":7},{"not_picked":["Blood_Curse","Violent_Necrosis"],"picked":"Summon_Undead_Army","floor":11},{"not_picked":["Death_March_Dance","Summon_Death_Knight"],"picked":"Blood_Whip","floor":13},{"not_picked":["Requiem","Hellfire"],"picked":"Grasp_Heart","floor":16},{"not_picked":["Necromantic_Selection+1","Toxic_Smoke_Screen"],"picked":"Scare+1","floor":18},{"not_picked":["Blood_Whip","Pandemic+1","Finger_Of_Death+1"],"picked":"SKIP","floor":21},{"not_picked":["Shade_Step+1","Necromantic_Selection"],"picked":"Negative_Energy_Sphere+1","floor":25},{"not_picked":["Scare","Negative_Energy_Bomb"],"picked":"Vampiric_Strike+1","floor":28},{"not_picked":["Slay_Living","Necrotic_Claws","Consume_Illness+1"],"picked":"SKIP","floor":29},{"not_picked":["Bone_Armor","Toxic_Smoke_Screen+1"],"picked":"Bone_Bullets+1","floor":30}],"player_experience":431156,"relics_obtained":[{"floor":2,"key":"Potion Belt"},{"floor":6,"key":"hubris:FunFungus"},{"floor":9,"key":"Pantograph"},{"floor":13,"key":"Grinning Jar"},{"floor":25,"key":"Replay:Kaleidoscope"},{"floor":26,"key":"infinitespire:Joker Card"}],"event_choices":[],"is_beta":false,"boss_relics":[{"not_picked":["Painkiller Herb","aspiration:RunicSpoon"],"picked":"Philosopher\u0027s Stone"}],"items_purged_floors":[5,20],"is_endless":false,"potions_floor_spawned":[3,6,21,25,29],"killed_by":"Gensokyo:Slime_Group","ascension_level":0}}