{"host":"8fup84v061vi31le","time":1610095652,"event":{"mods":["Aspiration","BaseMod","Better Match","Better Third Choice","Minty Spire (QoL Compilation)","Shop Mod","Spicy Shops","StSLib"],"gold_per_floor":[115,40,40,53,69,69,95,117,129,158,170,201,224,255,267,279,279],"floor_reached":16,"playtime":596,"items_purged":["Strike_R"],"score":154,"play_id":"64227d6a-4565-47d5-b916-d2b8473f19de","local_time":"20210108164732","is_ascension_mode":true,"campfire_choices":[{"data":"Defend_R","floor":6,"key":"SMITH"},{"data":"Impervious","floor":15,"key":"SMITH"}],"circlet_count":0,"master_deck":["Strike_R","Strike_R","Strike_R","Strike_R","Defend_R","Defend_R","Defend_R","Defend_R+1","Bash","Impervious+1","Body Slam+1"],"relics":["Burning Blood","MawBank","Eternal Feather"],"acts_visited":["Exordium"],"potions_floor_usage":[7,16],"damage_taken":[{"damage":6,"enemies":"Cultist","floor":1,"turns":3},{"damage":4,"enemies":"Small Slimes","floor":4,"turns":4},{"damage":2,"enemies":"2 Louse","floor":5,"turns":4},{"damage":20,"enemies":"3 Sentries","floor":7,"turns":6},{"damage":8,"enemies":"Blue Slaver","floor":8,"turns":4},{"damage":12,"enemies":"Large Slime","floor":10,"turns":5},{"damage":0,"enemies":"Looter","floor":12,"turns":3},{"damage":21,"enemies":"Exordium Thugs","floor":13,"turns":7},{"damage":0,"enemies":"Large Slime","floor":14,"turns":6},{"damage":59,"enemies":"Slime Boss","floor":16,"turns":7}],"seed_played":"-1245731480041844313","potions_obtained":[{"floor":1,"key":"AttackPotion"},{"floor":12,"key":"PowerPotion"},{"floor":13,"key":"GamblersBrew"}],"is_trial":false,"path_per_floor":["M","$","?","M","M","R","E","M","T","M","$","M","M","M","R","B"],"character_chosen":"IRONCLAD","items_purchased":[],"campfire_rested":0,"item_purchase_floors":[],"current_hp_per_floor":[72,72,72,74,78,78,64,62,62,56,56,62,47,53,59,0,0],"gold":279,"neow_bonus":"ONE_RANDOM_RARE_CARD","is_daily":false,"chose_seed":false,"campfire_upgraded":2,"win_rate":0.0,"timestamp":1610095652,"path_taken":["M","?","?","?","M","R","E","M","T","M","$","M","M","M","R","BOSS"],"items_purchased_type":[],"build_version":"2020-12-22","purchased_purges":1,"victory":false,"max_hp_per_floor":[80,80,80,80,80,80,80,80,80,80,80,80,80,80,80,80,80],"card_choices":[{"not_picked":["Combust","Perfected Strike"],"picked":"Body Slam","floor":1},{"not_picked":["Headbutt","Rupture","Intimidate"],"picked":"SKIP","floor":4},{"not_picked":["Limit Break","True Grit","Rupture"],"picked":"SKIP","floor":5},{"not_picked":["Clash","Body Slam","Thunderclap"],"picked":"SKIP","floor":7},{"not_picked":["Anger","Sword Boomerang","Reckless Charge"],"picked":"SKIP","floor":8},{"not_picked":["Wild Strike","Headbutt","Dark Embrace"],"picked":"SKIP","floor":10},{"not_picked":["Searing Blow","Headbutt","Uppercut"],"picked":"SKIP","floor":12},{"not_picked":["Wild Strike","Rage","Second Wind"],"picked":"SKIP","floor":13},{"not_picked":["Heavy Blade","Berserk","Carnage"],"picked":"SKIP","floor":14}],"player_experience":152638,"relics_obtained":[{"floor":7,"key":"MawBank"},{"floor":9,"key":"Eternal Feather"}],"event_choices":[{"damage_healed":0,"gold_gain":0,"player_choice":"Forge","damage_taken":0,"max_hp_gain":0,"max_hp_loss":0,"event_name":"Accursed Blacksmith","floor":3,"gold_loss":0,"cards_upgraded":["Body Slam"]}],"is_beta":false,"boss_relics":[],"items_purged_floors":[2],"is_endless":false,"potions_floor_spawned":[1,12,13],"killed_by":"Slime Boss","ascension_level":9}}