{"host":"aj7el8l5kufbk20z","time":1610083075,"event":{"mods":["AchievementEnabler","BaseMod","Colored Map","Colored Powertips","Curses Come First","Highlight Path","Minty Spire (QoL Compilation)","Quick Restart","Rare Cards Sparkle","Relic Stats","StSLib","SuperFastMode"],"gold_per_floor":[122,134,146,176,16,16,16,16],"floor_reached":7,"playtime":251,"items_purged":[],"score":59,"play_id":"e7c9632d-77f6-481c-9ab6-01ca37b63b53","local_time":"20210108131755","is_ascension_mode":true,"campfire_choices":[{"data":"Armaments","floor":6,"key":"SMITH"}],"circlet_count":0,"master_deck":["AscendersBane","Strike_R","Strike_R","Strike_R","Strike_R","Defend_R+1","Defend_R","Defend_R","Defend_R+1","Bash","Heavy Blade","Armaments+1","Magnetism"],"relics":["Burning Blood","MawBank"],"acts_visited":["Exordium"],"potions_floor_usage":[],"damage_taken":[{"damage":16,"enemies":"Jaw Worm","floor":1,"turns":6},{"damage":5,"enemies":"2 Louse","floor":4,"turns":3},{"damage":27,"enemies":"3 Sentries","floor":7,"turns":5}],"seed_played":"-138979578656190349","potions_obtained":[{"floor":4,"key":"ElixirPotion"}],"is_trial":false,"path_per_floor":["M","?","?","M","$","R","E"],"character_chosen":"IRONCLAD","items_purchased":["Magnetism"],"campfire_rested":0,"item_purchase_floors":[5],"current_hp_per_floor":[62,46,39,40,40,40,13,13],"gold":16,"neow_bonus":"RANDOM_COMMON_RELIC","is_daily":false,"chose_seed":false,"campfire_upgraded":1,"win_rate":0.0,"timestamp":1610083075,"path_taken":["M","?","?","M","$","R","E"],"items_purchased_type":["Card"],"build_version":"2020-12-22","purchased_purges":0,"victory":false,"max_hp_per_floor":[80,80,80,80,80,80,80,80],"relic_stats":{"counters":[3,14],"MawBank":60,"obtain_stats":[{"MawBank":0,"Burning Blood":0},{"MawBank":0,"Burning Blood":0},{"MawBank":0,"Burning Blood":0}],"Burning Blood":12},"card_choices":[{"not_picked":["Cleave","Sword Boomerang"],"picked":"Heavy Blade","floor":1},{"not_picked":["Infernal Blade","Body Slam"],"picked":"Armaments","floor":4}],"player_experience":326343,"relics_obtained":[],"event_choices":[{"damage_healed":0,"gold_gain":0,"player_choice":"Entered Light","damage_taken":16,"max_hp_gain":0,"max_hp_loss":0,"event_name":"Shining Light","floor":2,"gold_loss":0,"cards_upgraded":["Defend_R","Defend_R"]},{"cards_removed":["Strike_R"],"damage_healed":0,"gold_gain":0,"player_choice":"Card Removal","damage_taken":7,"max_hp_gain":0,"max_hp_loss":0,"event_name":"Golden Wing","floor":3,"gold_loss":0}],"is_beta":false,"boss_relics":[],"items_purged_floors":[],"is_endless":false,"potions_floor_spawned":[4],"killed_by":"3 Sentries","ascension_level":10}}