{"host":"hfxp6ue4pvwo3fit","time":1610103960,"event":{"mods":["AchievementEnabler","BaseMod","Colored Map","Colored Powertips","Highlight Path","Minty Spire (QoL Compilation)","Relic Stats","StSLib","SuperFastMode"],"gold_per_floor":[115,115,127,127,41,71,83,115,153,165,195,224,236,213,225,311,323,347,373,385,397,397],"floor_reached":21,"playtime":441,"items_purged":[],"score":383,"play_id":"b0edc4f8-5cd7-4b0c-a8f4-00086947ed2a","local_time":"20210108050600","is_ascension_mode":true,"campfire_choices":[{"floor":7,"key":"REST"},{"data":"Zap","floor":10,"key":"SMITH"},{"data":"Defragment","floor":13,"key":"SMITH"},{"data":"Scrape","floor":15,"key":"SMITH"}],"circlet_count":0,"master_deck":["AscendersBane","Defend_B","Defend_B","Defend_B","Defend_B","Zap+1","Dualcast","Panache","Beam Cell","Defragment+1","Scrape+1","Cold Snap","Ball Lightning","Ball Lightning","Steam","Biased Cognition","Gash","Hologram","Bite","Bite","Bite","Bite","Bite"],"relics":["Cracked Core","MawBank","Potion Belt","Black Star"],"acts_visited":["Exordium","TheCity"],"potions_floor_usage":[12,16],"damage_taken":[{"damage":16,"enemies":"2 Louse","floor":1,"turns":4},{"damage":1,"enemies":"Small Slimes","floor":3,"turns":3},{"damage":45,"enemies":"3 Sentries","floor":6,"turns":9},{"damage":0,"enemies":"Cultist","floor":8,"turns":3},{"damage":3,"enemies":"2 Fungi Beasts","floor":11,"turns":3},{"damage":13,"enemies":"Large Slime","floor":12,"turns":5},{"damage":14,"enemies":"Hexaghost","floor":16,"turns":6},{"damage":41,"enemies":"2 Thieves","floor":18,"turns":4},{"damage":16,"enemies":"Shell Parasite","floor":19,"turns":4},{"damage":13,"enemies":"Snake Plant","floor":21,"turns":1}],"seed_played":"1806776780663376020","potions_obtained":[{"floor":1,"key":"LiquidBronze"},{"floor":8,"key":"Fire Potion"},{"floor":12,"key":"Energy Potion"},{"floor":18,"key":"PotionOfCapacity"}],"is_trial":false,"path_per_floor":["M","?","M","?","$","E","R","M","T","R","M","M","R","?","R","B",null,"M","M","?","M"],"character_chosen":"DEFECT","items_purchased":["Scrape"],"campfire_rested":1,"item_purchase_floors":[5],"current_hp_per_floor":[48,53,52,52,52,7,29,29,29,29,26,13,13,32,32,18,62,21,5,5,0,0],"gold":397,"neow_bonus":"RANDOM_COLORLESS_2","is_daily":false,"chose_seed":false,"campfire_upgraded":3,"win_rate":0.0,"timestamp":1610103960,"path_taken":["M","?","M","?","$","E","R","M","T","R","?","M","R","?","R","BOSS","M","M","?","M"],"items_purchased_type":["Card"],"build_version":"2020-12-22","purchased_purges":0,"victory":false,"max_hp_per_floor":[71,76,76,76,76,76,76,76,76,76,76,76,76,76,76,76,76,76,76,53,53,53],"relic_stats":{"counters":[10,42],"Black Star":0,"MawBank":180,"obtain_stats":[{"Potion Belt":9,"Black Star":17,"Cracked Core":0,"MawBank":6},{"Potion Belt":4,"Black Star":7,"Cracked Core":0,"MawBank":3},{"Potion Belt":19,"Black Star":33,"Cracked Core":0,"MawBank":16}]},"card_choices":[{"not_picked":["Secret Technique","Thinking Ahead"],"picked":"Panache","floor":0},{"not_picked":["Go for the Eyes","Barrage"],"picked":"Beam Cell","floor":1},{"not_picked":["White Noise","Cold Snap"],"picked":"Defragment","floor":3},{"not_picked":["Rebound","Capacitor"],"picked":"Cold Snap","floor":6},{"not_picked":["Stack","Meteor Strike"],"picked":"Ball Lightning","floor":8},{"not_picked":["Coolheaded","Recycle"],"picked":"Ball Lightning","floor":11},{"not_picked":["Streamline","Fusion"],"picked":"Steam","floor":12},{"not_picked":["Rainbow","Thunder Strike"],"picked":"Biased Cognition","floor":16},{"not_picked":["Darkness","Hologram"],"picked":"Gash","floor":18},{"not_picked":["Lockon","Turbo"],"picked":"Hologram","floor":19}],"player_experience":486608,"relics_obtained":[{"floor":6,"key":"MawBank"},{"floor":9,"key":"Potion Belt"}],"event_choices":[{"damage_healed":0,"gold_gain":0,"player_choice":"Donut","damage_taken":0,"max_hp_gain":5,"max_hp_loss":0,"event_name":"Big Fish","floor":2,"gold_loss":0},{"cards_removed":["Shame"],"damage_healed":0,"gold_gain":0,"player_choice":"Removed Curses","damage_taken":0,"max_hp_gain":0,"max_hp_loss":0,"event_name":"Fountain of Cleansing","floor":4,"gold_loss":0},{"damage_healed":19,"gold_gain":0,"player_choice":"Healed","damage_taken":0,"max_hp_gain":0,"max_hp_loss":0,"event_name":"The Cleric","floor":14,"gold_loss":35},{"damage_healed":0,"gold_gain":0,"player_choice":"Became a vampire","damage_taken":0,"max_hp_gain":0,"max_hp_loss":23,"event_name":"Vampires","floor":20,"gold_loss":0,"cards_obtained":["Bite","Bite","Bite","Bite","Bite"]}],"is_beta":false,"boss_relics":[{"not_picked":["Empty Cage","Sozu"],"picked":"Black Star"}],"items_purged_floors":[],"is_endless":false,"potions_floor_spawned":[1,8,12,18],"killed_by":"Snake Plant","ascension_level":20}}