{"host":"96dqtlax74dz00hw","time":1610074881,"event":{"mods":["Bard","BaseMod","Colored Powertips","Minty Spire (QoL Compilation)","Permanent Neow","Rare Cards Sparkle","StSLib","The Cursed","The Disciple","The IronCluck","The Problem Sleuth"],"gold_per_floor":[116,135,135,149,159,159,192,192,192,192,192,208,15,29,29,130,130,147,165,115,135,12,12,39,54,54,54,79,79,349,52,52,52,52],"floor_reached":33,"playtime":1922,"items_purged":["TheCursedMod:Defend_TheCursed"],"score":285,"play_id":"ce5bf437-e6cc-4bd6-947a-0dd0eceede4a","local_time":"20210107190121","is_ascension_mode":false,"campfire_choices":[{"data":"TheCursedMod:CursedWand","floor":6,"key":"SMITH"},{"data":"TheCursedMod:CleanUpWorkshop","floor":8,"key":"SMITH"},{"data":"TheCursedMod:CleanUpWorkshop","floor":10,"key":"SMITH"},{"data":"TheCursedMod:CursedStaff","floor":15,"key":"SMITH"},{"data":"TheCursedMod:WearCloak","floor":23,"key":"SMITH"},{"data":"TheCursedMod:BloodBarrier","floor":32,"key":"SMITH"}],"circlet_count":0,"master_deck":["TheCursedMod:Strike_TheCursed","TheCursedMod:Strike_TheCursed","TheCursedMod:Strike_TheCursed","TheCursedMod:Strike_TheCursed+1","TheCursedMod:Defend_TheCursed","TheCursedMod:Defend_TheCursed+1","TheCursedMod:Defend_TheCursed+1","TheCursedMod:CursedWand+1","TheCursedMod:CleanUpWorkshop+1","TheCursedMod:Dregs","TheCursedMod:CursedStaff+1","TheCursedMod:SurpriseAttack","TheCursedMod:Stretching","TheCursedMod:CleanUpWorkshop+1","TheCursedMod:WearCloak+1","TheCursedMod:Wield","TheCursedMod:WearCloak+1","TheCursedMod:SoulReap","TheCursedMod:SurpriseAttack","TheCursedMod:DemonSword","TheCursedMod:CircleOfCorruption+1","TheCursedMod:StunningStrike","TheCursedMod:CursedBlade","TheCursedMod:SurpriseAttack","TheCursedMod:PrepareRite+1","TheCursedMod:HellsGateOpen+1","TheCursedMod:HellfireBreathing","TheCursedMod:BloodBarrier+1"],"relics":["TheCursedMod:BlackMagic101","Bag of Preparation","HornCleat","TheCursedMod:MagicCandle","War Paint","Black Star","CaptainsWheel","Turnip","Unceasing Top","Eternal Feather","Pen Nib","Toy Ornithopter"],"acts_visited":["Exordium","TheCity"],"potions_floor_usage":[24,25,28],"damage_taken":[{"damage":2,"enemies":"Cultist","floor":1,"turns":5},{"damage":0,"enemies":"2 Louse","floor":2,"turns":2},{"damage":0,"enemies":"Jaw Worm","floor":4,"turns":2},{"damage":4,"enemies":"Lots of Slimes","floor":5,"turns":6},{"damage":17,"enemies":"Lagavulin","floor":7,"turns":7},{"damage":0,"enemies":"Exordium Thugs","floor":12,"turns":5},{"damage":0,"enemies":"Looter","floor":14,"turns":3},{"damage":35,"enemies":"Hexaghost","floor":16,"turns":13},{"damage":0,"enemies":"2 Thieves","floor":18,"turns":3},{"damage":5,"enemies":"3 Byrds","floor":19,"turns":5},{"damage":18,"enemies":"Snake Plant","floor":21,"turns":5},{"damage":4,"enemies":"Book of Stabbing","floor":24,"turns":4},{"damage":0,"enemies":"Snecko","floor":25,"turns":4},{"damage":14,"enemies":"Gremlin Leader","floor":28,"turns":7},{"damage":35,"enemies":"Automaton","floor":33,"turns":6}],"seed_played":"-2496461882551788545","potions_obtained":[{"floor":2,"key":"CultistPotion"},{"floor":12,"key":"AttackPotion"},{"floor":16,"key":"Ancient Potion"},{"floor":28,"key":"BlessingOfTheForge"}],"is_trial":false,"path_per_floor":["M","M","?","M","M","R","E","R","T","R","?","M","$","M","R","B",null,"M","M","?","M","$","R","E","M","T","$","E","?","?","$","R","B"],"character_chosen":"THE_CURSED","items_purchased":["War Paint","TheCursedMod:SoulReap","TheCursedMod:CursedBlade","TheCursedMod:HellfireBreathing","TheCursedMod:BloodBarrier","Toy Ornithopter"],"campfire_rested":0,"item_purchase_floors":[13,13,22,31,31,31],"current_hp_per_floor":[73,73,73,73,69,69,52,52,52,52,37,37,37,42,42,12,75,75,70,70,52,52,52,48,53,53,53,46,46,19,19,34,0,0],"gold":52,"neow_bonus":"RANDOM_COMMON_RELIC","is_daily":false,"chose_seed":false,"campfire_upgraded":6,"win_rate":0.0,"timestamp":1610074881,"path_taken":["M","?","?","M","?","R","E","R","T","R","?","M","?","?","R","BOSS","M","M","?","M","?","R","E","M","T","$","E","?","?","$","R","BOSS"],"items_purchased_type":["Relic","Card","Card","Card","Card","Relic"],"build_version":"2020-12-22","purchased_purges":1,"victory":false,"max_hp_per_floor":[75,75,75,75,75,75,75,75,75,75,75,75,75,75,75,75,75,75,75,75,75,75,75,75,75,75,75,75,75,75,75,75,75,75],"card_choices":[{"not_picked":["TheCursedMod:VitalStrike","TheCursedMod:Obscuration"],"picked":"TheCursedMod:CursedStaff","floor":1},{"not_picked":["TheCursedMod:SpitefulStrike","TheCursedMod:Wield"],"picked":"TheCursedMod:SurpriseAttack","floor":2},{"not_picked":["TheCursedMod:CursedMace","TheCursedMod:CursedBlade"],"picked":"TheCursedMod:WearCloak","floor":4},{"not_picked":["TheCursedMod:SpitefulStrike","TheCursedMod:VitalStrike"],"picked":"TheCursedMod:Wield","floor":5},{"not_picked":["TheCursedMod:CircleOfCorruption","TheCursedMod:SpreadPlague"],"picked":"TheCursedMod:WearCloak","floor":7},{"not_picked":["TheCursedMod:SpitefulStrike","TheCursedMod:VitalStrike","TheCursedMod:RavingStaff"],"picked":"SKIP","floor":12},{"not_picked":["TheCursedMod:DoubleShield","TheCursedMod:SpitefulStrike"],"picked":"TheCursedMod:SurpriseAttack","floor":14},{"not_picked":["TheCursedMod:DemonicPact","TheCursedMod:DarkBarrier"],"picked":"TheCursedMod:DemonSword","floor":16},{"not_picked":["TheCursedMod:CircleOfFlame","TheCursedMod:Mangle"],"picked":"TheCursedMod:CircleOfCorruption+1","floor":18},{"not_picked":["TheCursedMod:FuryStrike","TheCursedMod:CursedMace","TheCursedMod:RavingStaff+1"],"picked":"SKIP","floor":19},{"not_picked":["TheCursedMod:Torture","TheCursedMod:CursedMace"],"picked":"TheCursedMod:StunningStrike","floor":21},{"not_picked":["TheCursedMod:ParallelWorld","TheCursedMod:CircleOfCorruption"],"picked":"TheCursedMod:SurpriseAttack","floor":24},{"not_picked":["TheCursedMod:FleshFromBone+1","TheCursedMod:SpitefulStrike"],"picked":"TheCursedMod:PrepareRite+1","floor":25},{"not_picked":["TheCursedMod:CursedMace","TheCursedMod:WearCloak"],"picked":"TheCursedMod:HellsGateOpen+1","floor":28}],"player_experience":853500,"relics_obtained":[{"floor":7,"key":"HornCleat"},{"floor":9,"key":"TheCursedMod:MagicCandle"},{"floor":24,"key":"CaptainsWheel"},{"floor":24,"key":"Turnip"},{"floor":26,"key":"Unceasing Top"},{"floor":28,"key":"Eternal Feather"},{"floor":28,"key":"Pen Nib"}],"event_choices":[{"damage_healed":0,"gold_gain":0,"player_choice":"2 cards matched","damage_taken":0,"max_hp_gain":0,"max_hp_loss":0,"event_name":"Match and Keep!","floor":3,"gold_loss":0,"cards_obtained":["TheCursedMod:Stretching","TheCursedMod:CleanUpWorkshop"]},{"damage_healed":0,"gold_gain":0,"player_choice":"Entered Light","damage_taken":15,"max_hp_gain":0,"max_hp_loss":0,"event_name":"Shining Light","floor":11,"gold_loss":0,"cards_upgraded":["TheCursedMod:Defend_TheCursed","TheCursedMod:Strike_TheCursed"]},{"damage_healed":0,"gold_gain":0,"player_choice":"Bet on Owner","damage_taken":0,"max_hp_gain":0,"max_hp_loss":0,"event_name":"The Joust","floor":20,"gold_loss":50},{"damage_healed":0,"gold_gain":0,"player_choice":"Ignored","damage_taken":0,"max_hp_gain":0,"max_hp_loss":0,"event_name":"Cursed Tome","floor":29,"gold_loss":0},{"damage_healed":0,"gold_gain":270,"player_choice":"GOLD GOLD GOLD ","damage_taken":27,"max_hp_gain":0,"max_hp_loss":0,"event_name":"Knowing Skull","floor":30,"potions_obtained":[],"gold_loss":0,"cards_obtained":[]}],"is_beta":false,"boss_relics":[{"not_picked":["Ectoplasm","SacredBark"],"picked":"Black Star"}],"items_purged_floors":[22],"is_endless":false,"potions_floor_spawned":[2,12,16,19,28],"killed_by":"Automaton","ascension_level":0}}