{"host":"axbb6sj12fvt0d3b","time":1610146223,"event":{"mods":["AchievementEnabler","BaseMod","Better Altar","Better Match","Better Note","Better Sensory Stone","Better Skull","Better Third Choice","BetterRewards","Colored Map","Conspire","Downfall","Hermit","Highlight Path","Infinite Spire","Mimic Mod","Minty Spire (QoL Compilation)","Replay The Spire","Shop Mod","Spicy Shops","StSLib","The Cursed","The Jungle","The Runesmith","The Sage"],"gold_per_floor":[116,133,94,109,122,86,111,125,151,151,4,18,33,33,33,33,33,33,33],"floor_reached":18,"playtime":1161,"items_purged":[],"score":164,"play_id":"da1aaaaf-0e6a-4e22-b4e9-f0a59a8124f4","local_time":"20210108165023","is_ascension_mode":false,"campfire_choices":[{"floor":10,"key":"REST"},{"floor":17,"key":"REST"}],"circlet_count":0,"master_deck":["Strike_G","Strike_G","Strike_G","Strike_G","Strike_G","Defend_G","Defend_G","Defend_G","Defend_G","Defend_G","Survivor","Neutralize","Slice","Noxious Fumes","Backstab","Dagger Spray","Deadly Poison","Blade Dance","Dodge and Roll","Infinite Blades","Poisoned Stab","expansioncontent:CaCaw"],"relics":["Ring of the Snake","betterThird:SlimedRelic","Pen Nib","Replay:Mystery Machine","Lantern"],"acts_visited":["Exordium"],"potions_floor_usage":[7,18],"damage_taken":[{"damage":1,"enemies":"Cultist","floor":1,"turns":5},{"damage":0,"enemies":"2 Louse","floor":2,"turns":3},{"damage":2,"enemies":"Small Slimes","floor":4,"turns":3},{"damage":4,"enemies":"Blue Slaver","floor":5,"turns":4},{"damage":14,"enemies":"Lagavulin","floor":7,"turns":6},{"damage":19,"enemies":"Exordium Thugs","floor":8,"turns":5},{"damage":0,"enemies":"Large Slime","floor":12,"turns":4},{"damage":0,"enemies":"Gremlin Gang","floor":13,"turns":4}],"seed_played":"-6951127366951519858","potions_obtained":[{"floor":2,"key":"Flashbang"},{"floor":7,"key":"BlessingOfTheForge"},{"floor":8,"key":"PowerPotion"}],"is_trial":false,"path_per_floor":["M","M","$","M","M","?","E","M","T","R","$","M","M","PTL","PTL","?","R","B"],"character_chosen":"THE_SILENT","items_purchased":["Backstab","Lantern"],"campfire_rested":2,"item_purchase_floors":[3,11],"current_hp_per_floor":[76,76,76,74,70,59,45,26,26,49,49,49,49,49,49,49,72,0,0],"gold":33,"neow_bonus":"TEN_PERCENT_HP_BONUS","is_daily":false,"chose_seed":false,"campfire_upgraded":0,"win_rate":0.0,"timestamp":1610146223,"path_taken":["M","?","$","M","M","?","E","M","T","R","$","M","M","PTL","PTL","?","R","BOSS"],"items_purchased_type":["Card","Relic"],"build_version":"2020-12-22","purchased_purges":0,"victory":false,"max_hp_per_floor":[77,77,77,77,77,77,77,77,77,77,77,77,77,77,77,77,77,77,77],"card_choices":[{"not_picked":["Bouncing Flask","Dodge and Roll"],"picked":"Slice","floor":1},{"not_picked":["Hidden Blade","PiercingWail"],"picked":"Noxious Fumes","floor":2},{"not_picked":["ReplayTheSpireMod:The Works","conspire:PoisonWeapons"],"picked":"Dagger Spray","floor":4},{"not_picked":["Quick Slash","Dagger Throw"],"picked":"Deadly Poison","floor":5},{"not_picked":["Dodge and Roll","All Out Attack"],"picked":"Blade Dance","floor":7},{"not_picked":["Atom Bomb","Bane"],"picked":"Dodge and Roll","floor":8},{"not_picked":["Finisher","Masterful Stab"],"picked":"Infinite Blades","floor":12},{"not_picked":["conspire:DoublingDagger","PiercingWail"],"picked":"Poisoned Stab","floor":13},{"not_picked":["expansioncontent:ManipulateTime","expansioncontent:PolyBeam"],"picked":"expansioncontent:CaCaw","floor":16}],"player_experience":118427,"relics_obtained":[{"floor":7,"key":"Pen Nib"},{"floor":9,"key":"Replay:Mystery Machine"}],"event_choices":[{"damage_healed":0,"gold_gain":0,"player_choice":"Slimed","damage_taken":11,"max_hp_gain":0,"max_hp_loss":0,"event_name":"betterThird:BetterGoop","floor":6,"gold_loss":36},{"damage_healed":0,"gold_gain":1,"player_choice":"1","damage_taken":0,"max_hp_gain":0,"max_hp_loss":0,"event_name":"betterStone:BetterStone","floor":16,"gold_loss":0}],"is_beta":false,"boss_relics":[],"items_purged_floors":[],"is_endless":false,"potions_floor_spawned":[2,7,8],"killed_by":"The Guardian","ascension_level":0}}