{"host":"fjaupvxe7fzqrf4j","time":1610087824,"event":{"mods":["ATMod(°¢èªMod)","BaseMod","Minty Spire (QoL Compilation)","StSLib"],"gold_per_floor":[409,409,684,697,246,378,707,834,888,900,1237,1378,612,746,746,921,971,981,981,1007,922,922,1049,1174,1300,1300,1426,1426,1551,756,883,883,1059,1059,1075,302,5,5,5,130,265,400,400,527,652,782,519,647,647,847,947,947,947,51,280,380],"floor_reached":57,"playtime":1258,"items_purged":["Regret","BowlingBash","LessonLearned","EmptyFist","AT_OneInchPunch+1"],"score":4606,"play_id":"f1e7c590-ab80-4805-9d01-86568c9b4609","local_time":"20210108143704","daily_mods":["SealedDeck","Heirloom","Time Dilation","Flight","Elite Swarm"],"is_ascension_mode":true,"campfire_choices":[{"floor":10.0,"key":"REST"},{"data":"ForeignInfluence","floor":15.0,"key":"SMITH"},{"data":"Ragnarok","floor":28.0,"key":"SMITH"},{"data":"Adaptation","floor":32.0,"key":"SMITH"},{"floor":49.0,"key":"RECALL"},{"data":"AT_ChampionStep","floor":53.0,"key":"SMITH"}],"circlet_count":0,"master_deck":["AscendersBane","Crescendo","Meditate","Consecrate+1","Crescendo","TalkToTheHand+1","FearNoEvil+1","AT_ChampionStep+1","ForeignInfluence+1","Scrawl","Vault","WheelKick","Ragnarok+1","Scrawl","Omniscience+1","Apotheosis+1","InnerPeace","Prostrate","MentalFortress+1","Adaptation+1","Scrawl","Omniscience"],"relics":["PureWater","AT_ATBox","Old Coin","AT_TheCollector","Pantograph","MealTicket","The Courier","MawBank","Du-Vu Doll","Smiling Mask","Bag of Preparation","Bronze Scales","Orichalcum","AT_SeraphEmbrace","FossilizedHelix","Calipers","Tiny House","AT_BladeRuinedKing","AT_SilvercatRing","PreservedInsect","Toy Ornithopter","Unceasing Top","Incense Burner","White Beast Statue","StoneCalendar","Lee\u0027s Waffle","AT_SunfireAegis","Strawberry","Damaru","VioletLotus","Medical Kit","AT_ChloranthyRing","Akabeko","Bottled Lightning","Lantern","Vajra","AT_SpeedBoots","Torii","Thread and Needle","Ancient Tea Set","AT_BellowingDragoncrestRing","Turnip","AT_ForceNature","TheAbacus","Anchor","Blue Candle","Gambling Chip","Pen Nib","Eternal Feather","AT_Manta","Nunchaku"],"acts_visited":["Exordium","TheCity","TheBeyond","TheEnding"],"potions_floor_usage":[56],"damage_taken":[{"damage":12.0,"enemies":"Jaw Worm","floor":1.0,"turns":2.0},{"damage":0.0,"enemies":"Small Slimes","floor":4.0,"turns":1.0},{"damage":0.0,"enemies":"Lagavulin","floor":6.0,"turns":2.0},{"damage":10.0,"enemies":"3 Sentries","floor":7.0,"turns":2.0},{"damage":0.0,"enemies":"Gremlin Nob","floor":8.0,"turns":2.0},{"damage":2.0,"enemies":"3 Sentries","floor":11.0,"turns":3.0},{"damage":0.0,"enemies":"Lagavulin","floor":12.0,"turns":1.0},{"damage":0.0,"enemies":"Gremlin Nob","floor":14.0,"turns":1.0},{"damage":4.0,"enemies":"The Guardian","floor":16.0,"turns":2.0},{"damage":0.0,"enemies":"Chosen","floor":18.0,"turns":1.0},{"damage":0.0,"enemies":"Gremlin Leader","floor":23.0,"turns":1.0},{"damage":0.0,"enemies":"Slavers","floor":24.0,"turns":1.0},{"damage":0.0,"enemies":"Book of Stabbing","floor":25.0,"turns":2.0},{"damage":0.0,"enemies":"Gremlin Leader","floor":27.0,"turns":1.0},{"damage":0.0,"enemies":"Slavers","floor":29.0,"turns":1.0},{"damage":0.0,"enemies":"Gremlin Leader","floor":31.0,"turns":1.0},{"damage":0.0,"enemies":"Collector","floor":33.0,"turns":2.0},{"damage":0.0,"enemies":"Orb Walker","floor":35.0,"turns":1.0},{"damage":0.0,"enemies":"Giant Head","floor":40.0,"turns":3.0},{"damage":0.0,"enemies":"Reptomancer","floor":41.0,"turns":1.0},{"damage":0.0,"enemies":"Nemesis","floor":42.0,"turns":1.0},{"damage":0.0,"enemies":"Giant Head","floor":44.0,"turns":1.0},{"damage":0.0,"enemies":"Mind Bloom Boss Battle","floor":45.0,"turns":1.0},{"damage":0.0,"enemies":"Reptomancer","floor":46.0,"turns":2.0},{"damage":0.0,"enemies":"Nemesis","floor":48.0,"turns":1.0},{"damage":0.0,"enemies":"Donu and Deca","floor":50.0,"turns":1.0},{"damage":0.0,"enemies":"Time Eater","floor":51.0,"turns":2.0},{"damage":0,"enemies":"Shield and Spear","floor":55,"turns":1},{"damage":4,"enemies":"The Heart","floor":56,"turns":5}],"seed_played":"2481070866739042958","potions_obtained":[{"floor":1.0,"key":"Dexterity Potion"},{"floor":6.0,"key":"EntropicBrew"},{"floor":12.0,"key":"CultistPotion"}],"is_trial":true,"path_per_floor":["M","?","?","M","$","E","E","E","T","R","E","E","$","E","R","B",null,"M","?","T","?","?","E","E","E","T","E","R","E","$","E","R","B",null,"M","$","$","?","$","E","E","E","T","E","?","E","$","E","R","B","B",null,"R","$","E","B",null],"character_chosen":"WATCHER","items_purchased":["AT_TheCollector","AttackPotion","Bag of Preparation","Bronze Scales","Orichalcum","AT_ArchangelStaff","FossilizedHelix","PowerPotion","Lee\u0027s Waffle","Apotheosis","InnerPeace","AT_SunfireAegis","Strawberry","Prostrate","MentalFortress","Adaptation","Medical Kit","AT_ChloranthyRing","Akabeko","Bottled Lightning","Lantern","Vajra","AT_SpeedBoots","TheAbacus","Anchor","Gambling Chip","Pen Nib","Eternal Feather","AT_Manta"],"campfire_rested":1,"item_purchase_floors":[5,5,13,13,13,13,13,13,30,30,30,30,30,30,30,30,36,36,36,36,36,37,37,47,47,54,54,54,54],"current_hp_per_floor":[49,29,29,29,29,29,19,19,19,39,37,37,52,52,52,64,72,72,72,72,72,72,72,72,72,72,72,72,72,87,87,87,87,87,87,87,87,87,87,87,87,87,87,87,87,87,87,87,87,87,87,87,87,87,87,87],"gold":380,"neow_bonus":"","is_daily":false,"chose_seed":false,"campfire_upgraded":4,"win_rate":0.0,"timestamp":1610087824,"path_taken":["M","?","?","?","$","E","E","E","T","R","E","E","?","E","R","BOSS","M","?","?","?","?","E","E","E","T","E","R","E","$","E","R","BOSS","M","$","$","?","?","E","E","E","T","E","?","E","$","E","R","BOSS","BOSS","R","$","E","BOSS"],"items_purchased_type":["Relic","Potion","Relic","Relic","Relic","Relic","Relic","Potion","Relic","Card","Card","Relic","Relic","Card","Card","Card","Relic","Relic","Relic","Relic","Relic","Relic","Relic","Relic","Relic","Relic","Relic","Relic","Relic"],"build_version":"2020-12-22","purchased_purges":5,"victory":true,"max_hp_per_floor":[68,68,68,68,68,68,68,68,68,68,68,68,68,68,68,68,73,73,73,73,73,73,73,73,73,73,73,73,73,87,87,87,87,87,87,87,87,87,87,87,87,87,87,87,87,87,87,87,87,87,87,87,87,87,87,87],"card_choices":[{"not_picked":["Fasting2","ThirdEye"],"picked":"ForeignInfluence","floor":1.0},{"not_picked":["AT_RealFormLess","BowlingBash","Swivel"],"picked":"SKIP","floor":4.0},{"not_picked":["MasterReality","Judgement","SpiritShield"],"picked":"SKIP","floor":6.0},{"not_picked":["DevaForm","AT_MachinaRedman"],"picked":"Scrawl","floor":7.0},{"not_picked":["Judgement","Wish"],"picked":"Vault","floor":8.0},{"not_picked":["Wish","AT_MachinaRedman","Devotion"],"picked":"SKIP","floor":11.0},{"not_picked":["Establishment","Judgement","ConjureBlade"],"picked":"SKIP","floor":12.0},{"not_picked":["DeusExMachina","Wish","Blasphemy"],"picked":"SKIP","floor":14.0},{"not_picked":["Prostrate","Meditate"],"picked":"WheelKick","floor":18.0},{"not_picked":["MasterReality","SpiritShield","Alpha"],"picked":"SKIP","floor":23.0},{"not_picked":["Devotion","Alpha"],"picked":"Ragnarok","floor":24.0},{"not_picked":["Establishment","SpiritShield"],"picked":"Scrawl","floor":25.0},{"not_picked":["Judgement","DeusExMachina"],"picked":"Omniscience","floor":27.0},{"not_picked":["Wish","Judgement"],"picked":"LessonLearned","floor":29.0},{"not_picked":["AT_ChampionKick","SpiritShield","ConjureBlade"],"picked":"SKIP","floor":31.0},{"not_picked":["Vault","Establishment"],"picked":"Scrawl","floor":33.0},{"not_picked":["AT_SoftenMuscles","Crescendo","WreathOfFlame"],"picked":"SKIP","floor":35.0},{"not_picked":["DeusExMachina","Wish"],"picked":"Omniscience","floor":40.0},{"not_picked":["MasterReality","AT_RealColorLess","Alpha"],"picked":"SKIP","floor":41.0},{"not_picked":["AT_IrregularMenstruation","Blasphemy","SpiritShield"],"picked":"SKIP","floor":42.0},{"not_picked":["MasterReality","Devotion","AT_IrregularMenstruation"],"picked":"SKIP","floor":44.0},{"not_picked":["AT_ChampionKick","MasterReality","Ragnarok"],"picked":"SKIP","floor":46.0},{"not_picked":["MasterReality","ConjureBlade","Vault"],"picked":"SKIP","floor":48.0},{"not_picked":["ConjureBlade","DeusExMachina","Judgement"],"picked":"SKIP","floor":55}],"player_experience":365175,"relics_obtained":[{"floor":6.0,"key":"Pantograph"},{"floor":7.0,"key":"MealTicket"},{"floor":8.0,"key":"The Courier"},{"floor":9.0,"key":"MawBank"},{"floor":11.0,"key":"Du-Vu Doll"},{"floor":12.0,"key":"Smiling Mask"},{"floor":14.0,"key":"Calipers"},{"floor":20.0,"key":"AT_BladeRuinedKing"},{"floor":23.0,"key":"PreservedInsect"},{"floor":24.0,"key":"Toy Ornithopter"},{"floor":25.0,"key":"Unceasing Top"},{"floor":26.0,"key":"Incense Burner"},{"floor":27.0,"key":"White Beast Statue"},{"floor":29.0,"key":"StoneCalendar"},{"floor":31.0,"key":"Damaru"},{"floor":40.0,"key":"Torii"},{"floor":41.0,"key":"Thread and Needle"},{"floor":42.0,"key":"Ancient Tea Set"},{"floor":44.0,"key":"AT_BellowingDragoncrestRing"},{"floor":45.0,"key":"Turnip"},{"floor":46.0,"key":"AT_ForceNature"},{"floor":48.0,"key":"Blue Candle"},{"floor":55,"key":"Nunchaku"}],"event_choices":[{"damage_healed":0.0,"max_hp_gain":0.0,"max_hp_loss":0.0,"gold_gain":0.0,"event_name":"Shining Light","player_choice":"Entered Light","floor":2.0,"gold_loss":0.0,"damage_taken":20.0,"cards_upgraded":["Consecrate","AT_OneInchPunch"]},{"damage_healed":0.0,"max_hp_gain":0.0,"max_hp_loss":0.0,"gold_gain":275.0,"event_name":"Golden Shrine","player_choice":"Desecrate","floor":3.0,"gold_loss":0.0,"damage_taken":0.0,"cards_obtained":["Regret"]},{"damage_healed":0.0,"max_hp_gain":0.0,"max_hp_loss":0.0,"gold_gain":0.0,"event_name":"Ghosts","player_choice":"Ignored","floor":19.0,"gold_loss":0.0,"damage_taken":0.0},{"damage_healed":0.0,"max_hp_gain":0.0,"max_hp_loss":0.0,"gold_gain":0.0,"event_name":"Addict","player_choice":"Obtained Relic","floor":21.0,"gold_loss":85.0,"damage_taken":0.0,"relics_obtained":["AT_SilvercatRing"]},{"damage_healed":0.0,"max_hp_gain":0.0,"max_hp_loss":0.0,"gold_gain":0.0,"event_name":"Vampires","player_choice":"Ignored","floor":22.0,"gold_loss":0.0,"damage_taken":0.0},{"damage_healed":0.0,"max_hp_gain":0.0,"max_hp_loss":0.0,"gold_gain":0.0,"event_name":"Lab","player_choice":"Got Potions","floor":38.0,"gold_loss":0.0,"damage_taken":0.0},{"damage_healed":0.0,"max_hp_gain":0.0,"max_hp_loss":0.0,"gold_gain":0.0,"event_name":"MindBloom","player_choice":"Fight","floor":45.0,"gold_loss":0.0,"damage_taken":0.0}],"is_beta":false,"boss_relics":[{"not_picked":["Velvet Choker","Busted Crown"],"picked":"Tiny House"},{"not_picked":["Coffee Dripper","AT_MortalBlade"],"picked":"VioletLotus"}],"items_purged_floors":[5,30,36,37,54],"is_endless":false,"potions_floor_spawned":[1,6,12,14,16,23,25,27,29,31,33,35,40,41,42,44,45,46,48,55],"ascension_level":20}}