{"host":"s41rn2jhghpwfrvz","time":1610120030,"event":{"mods":["BaseMod","Minty Spire (QoL Compilation)","Quick Restart","Relic Stats","SuperFastMode"],"gold_per_floor":[119,132,132,147,162,191,191,220,247,278,304,316,344,359,359,436,436,454,485,485,503,529,529,558,314,314,344,356,375,375,404,404,479,479,493,493,122,137,148,181,196,231,231,266,281,306,326,351,351,351,351,351,351,66,93,93],"floor_reached":57,"playtime":2053,"items_purged":["Gash","Sweeping Beam","Blade Dance"],"score":3559,"play_id":"c3fc7e5d-caa9-488b-bb2d-88ca9bebbfed","local_time":"20210108173350","daily_mods":["SealedDeck","Diverse","DeadlyEvents"],"is_ascension_mode":true,"campfire_choices":[{"data":"Flex","floor":15,"key":"SMITH"},{"data":"Limit Break","floor":23,"key":"SMITH"},{"data":"Turbo","floor":30,"key":"SMITH"},{"data":"Pommel Strike","floor":32,"key":"SMITH"},{"floor":49,"key":"RECALL"},{"data":"EmptyMind","floor":53,"key":"SMITH"}],"circlet_count":0,"master_deck":["AscendersBane","Sword Boomerang","EmptyMind+1","Protect+1","Pommel Strike+1","Flex+1","Limit Break+1","Burning Pact+1","Turbo+1","Prepared+1","Madness+1","Madness+1","Deep Breath+1"],"relics":["Burning Blood","Dream Catcher","Pen Nib","Boot","Potion Belt","White Beast Statue","Regal Pillow","Pantograph","Runic Pyramid","Red Mask","Oddly Smooth Stone","InkBottle","Lee\u0027s Waffle","Toxic Egg 2","War Paint","Self Forming Clay","Busted Crown","Bag of Preparation","Blood Vial","StrikeDummy","CaptainsWheel","Lizard Tail","Mango","Sling","Kunai"],"acts_visited":["Exordium","TheCity","TheBeyond","TheEnding"],"potions_floor_usage":[14,24,29,56,56,56,56,56],"damage_taken":[{"damage":0,"enemies":"Jaw Worm","floor":1,"turns":2},{"damage":0,"enemies":"Small Slimes","floor":2,"turns":3},{"damage":0,"enemies":"Cultist","floor":4,"turns":2},{"damage":0,"enemies":"Looter","floor":5,"turns":2},{"damage":40,"enemies":"Lagavulin","floor":6,"turns":6},{"damage":11,"enemies":"Gremlin Nob","floor":8,"turns":3},{"damage":10,"enemies":"3 Sentries","floor":10,"turns":3},{"damage":14,"enemies":"Gremlin Nob","floor":11,"turns":3},{"damage":9,"enemies":"2 Fungi Beasts","floor":12,"turns":3},{"damage":48,"enemies":"3 Sentries","floor":13,"turns":7},{"damage":1,"enemies":"3 Louse","floor":14,"turns":2},{"damage":18,"enemies":"Slime Boss","floor":16,"turns":6},{"damage":0,"enemies":"Spheric Guardian","floor":18,"turns":2},{"damage":0,"enemies":"Masked Bandits","floor":19,"turns":2},{"damage":12,"enemies":"3 Byrds","floor":21,"turns":3},{"damage":25,"enemies":"Slavers","floor":22,"turns":3},{"damage":8,"enemies":"Book of Stabbing","floor":24,"turns":3},{"damage":17,"enemies":"Gremlin Leader","floor":27,"turns":4},{"damage":37,"enemies":"Snecko","floor":28,"turns":4},{"damage":0,"enemies":"Snake Plant","floor":29,"turns":2},{"damage":4,"enemies":"Book of Stabbing","floor":31,"turns":3},{"damage":19,"enemies":"Collector","floor":33,"turns":4},{"damage":0,"enemies":"Orb Walker","floor":35,"turns":1},{"damage":0,"enemies":"3 Darklings","floor":38,"turns":1},{"damage":0,"enemies":"Spire Growth","floor":39,"turns":1},{"damage":0,"enemies":"Nemesis","floor":40,"turns":1},{"damage":0,"enemies":"Transient","floor":41,"turns":3},{"damage":0,"enemies":"Giant Head","floor":42,"turns":2},{"damage":0,"enemies":"Nemesis","floor":44,"turns":1},{"damage":0,"enemies":"Writhing Mass","floor":45,"turns":1},{"damage":0,"enemies":"Reptomancer","floor":46,"turns":1},{"damage":0,"enemies":"Sphere and 2 Shapes","floor":47,"turns":1},{"damage":0,"enemies":"Mind Bloom Boss Battle","floor":48,"turns":1},{"damage":0,"enemies":"Time Eater","floor":50,"turns":3},{"damage":0,"enemies":"Awakened One","floor":51,"turns":4},{"damage":0,"enemies":"Shield and Spear","floor":55,"turns":1},{"damage":23,"enemies":"The Heart","floor":56,"turns":5}],"seed_played":"-4468436486526200275","potions_obtained":[{"floor":8,"key":"ColorlessPotion"},{"floor":10,"key":"Block Potion"},{"floor":11,"key":"DuplicationPotion"},{"floor":12,"key":"FairyPotion"},{"floor":13,"key":"SpeedPotion"},{"floor":14,"key":"Energy Potion"},{"floor":19,"key":"DistilledChaos"},{"floor":24,"key":"ColorlessPotion"},{"floor":27,"key":"Regen Potion"},{"floor":28,"key":"SteroidPotion"},{"floor":29,"key":"Swift Potion"},{"floor":39,"key":"EntropicBrew"}],"is_trial":true,"path_per_floor":["M","M","?","M","M","E","?","E","T","E","E","M","E","M","R","B",null,"M","?","?","M","E","R","E","$","T","E","M","M","R","E","R","B",null,"M","?","$","M","M","E","M","E","T","E","M","E","M","?","R","B","B",null,"R","$","E","B",null],"character_chosen":"IRONCLAD","items_purchased":["Lee\u0027s Waffle","Bag of Preparation","Deep Breath+1","Sling"],"campfire_rested":0,"item_purchase_floors":[25,37,37,54],"current_hp_per_floor":[74,75,68,74,75,41,41,36,36,32,24,21,8,13,13,26,63,69,75,75,69,50,50,48,82,82,71,40,46,46,48,48,60,77,82,67,67,73,79,82,82,82,82,82,82,82,82,96,96,96,96,96,96,96,96,79],"gold":93,"neow_bonus":"","is_daily":false,"chose_seed":false,"campfire_upgraded":5,"win_rate":0.0,"timestamp":1610120030,"path_taken":["M","M","?","M","M","E","?","E","T","?","E","?","E","M","R","BOSS","M","?","?","?","?","R","E","$","T","E","M","M","R","E","R","BOSS","M","?","$","M","M","E","M","E","T","E","M","E","?","?","R","BOSS","BOSS","R","$","E","BOSS"],"items_purchased_type":["Relic","Relic","Card","Relic"],"build_version":"2020-12-22","purchased_purges":3,"victory":true,"max_hp_per_floor":[75,75,75,75,75,75,75,75,75,75,75,75,75,75,75,75,75,75,75,75,75,75,75,75,82,82,82,82,82,82,82,82,82,82,82,82,82,82,82,82,82,82,82,82,82,82,82,96,96,96,96,96,96,96,96,96],"relic_stats":{"Regal Pillow":0,"Lee\u0027s Waffle":34,"counters":[37,99],"Self Forming Clay":[39],"Pen Nib":[20],"Bag of Preparation":[28],"War Paint":["Protect","Burning Pact"],"Boot":[52],"Burning Blood":148,"Blood Vial":0,"Dream Catcher":0,"Lizard Tail":0,"Busted Crown":24,"Pantograph":50,"Kunai":[0],"obtain_stats":[{"Regal Pillow":11,"Mango":48,"Bag of Preparation":37,"Boot":8,"Sling":54,"Burning Blood":0,"Blood Vial":40,"Dream Catcher":6,"Lizard Tail":46,"Pantograph":13,"Red Mask":19,"Kunai":55,"Toxic Egg 2":26,"InkBottle":24,"Runic Pyramid":17,"Potion Belt":9,"Lee\u0027s Waffle":25,"Self Forming Clay":31,"Oddly Smooth Stone":22,"Pen Nib":7,"War Paint":27,"White Beast Statue":10,"CaptainsWheel":44,"Busted Crown":34,"StrikeDummy":42},{"Regal Pillow":8,"Mango":33,"Bag of Preparation":23,"Boot":6,"Sling":35,"Burning Blood":0,"Blood Vial":26,"Dream Catcher":5,"Lizard Tail":31,"Pantograph":10,"Red Mask":14,"Kunai":36,"Toxic Egg 2":17,"InkBottle":17,"Runic Pyramid":12,"Potion Belt":6,"Lee\u0027s Waffle":17,"Self Forming Clay":21,"Oddly Smooth Stone":16,"Pen Nib":5,"War Paint":18,"White Beast Statue":7,"CaptainsWheel":29,"Busted Crown":22,"StrikeDummy":28},{"Regal Pillow":24,"Mango":86,"Bag of Preparation":73,"Boot":18,"Sling":93,"Burning Blood":0,"Blood Vial":76,"Dream Catcher":15,"Lizard Tail":84,"Pantograph":34,"Red Mask":46,"Kunai":94,"Toxic Egg 2":55,"InkBottle":55,"Runic Pyramid":42,"Potion Belt":18,"Lee\u0027s Waffle":55,"Self Forming Clay":68,"Oddly Smooth Stone":52,"Pen Nib":15,"War Paint":59,"White Beast Statue":21,"CaptainsWheel":82,"Busted Crown":72,"StrikeDummy":81}],"InkBottle":[45]},"card_choices":[{"not_picked":["Perfected Strike","SashWhip","Sword Boomerang"],"picked":"SKIP","floor":1},{"not_picked":["Force Field","Dual Wield","Flying Knee"],"picked":"SKIP","floor":2},{"not_picked":["Dagger Throw","Havoc","BattleHymn"],"picked":"SKIP","floor":4},{"not_picked":["Noxious Fumes","Hemokinesis","FollowUp"],"picked":"SKIP","floor":5},{"not_picked":["Seek","Ball Lightning","Conserve Battery"],"picked":"SKIP","floor":6},{"not_picked":["Flex","Undo","Capacitor"],"picked":"SKIP","floor":8},{"not_picked":["Heavy Blade","Warcry","Underhanded Strike"],"picked":"SKIP","floor":10},{"not_picked":["CrushJoints","Twin Strike","ClearTheMind"],"picked":"SKIP","floor":11},{"not_picked":["Go for the Eyes","Sucker Punch","Prepared"],"picked":"SKIP","floor":12},{"not_picked":["Twin Strike","Havoc"],"picked":"Limit Break","floor":13},{"not_picked":["Beam Cell","Rebound","Blur"],"picked":"SKIP","floor":14},{"not_picked":["EmptyFist","PiercingWail","Loop"],"picked":"SKIP","floor":18},{"not_picked":["PiercingWail","Deadly Poison+1"],"picked":"Burning Pact","floor":19},{"not_picked":["Warcry","Melter"],"picked":"Turbo","floor":21},{"not_picked":["Heavy Blade","Cloak And Dagger","Uppercut"],"picked":"SKIP","floor":22},{"not_picked":["Dash","Compile Driver","Bullet Time"],"picked":"SKIP","floor":24},{"not_picked":["Dash","Power Through+1","Body Slam"],"picked":"SKIP","floor":27},{"not_picked":["Reckless Charge","Dropkick"],"picked":"Prepared+1","floor":28},{"not_picked":["Turbo+1","Twin Strike","Sentinel+1"],"picked":"SKIP","floor":29},{"not_picked":["Sweeping Beam","Blood for Blood","Study"],"picked":"SKIP","floor":31},{"not_picked":["Weave"],"picked":"SKIP","floor":35},{"not_picked":["Steam+1"],"picked":"SKIP","floor":38},{"not_picked":["Recycle+1"],"picked":"SKIP","floor":39},{"not_picked":["Undo+1"],"picked":"SKIP","floor":40},{"not_picked":["Intimidate+1"],"picked":"SKIP","floor":41},{"not_picked":["Carnage"],"picked":"SKIP","floor":42},{"not_picked":["Uppercut"],"picked":"SKIP","floor":44},{"not_picked":["Leap+1"],"picked":"SKIP","floor":45},{"not_picked":["Blood for Blood+1"],"picked":"SKIP","floor":46},{"not_picked":["Shrug It Off+1"],"picked":"SKIP","floor":47},{"not_picked":["Beam Cell+1"],"picked":"SKIP","floor":55}],"player_experience":1675391,"relics_obtained":[{"floor":6,"key":"Dream Catcher"},{"floor":7,"key":"Pen Nib"},{"floor":8,"key":"Boot"},{"floor":9,"key":"Potion Belt"},{"floor":10,"key":"White Beast Statue"},{"floor":11,"key":"Regal Pillow"},{"floor":13,"key":"Pantograph"},{"floor":19,"key":"Red Mask"},{"floor":22,"key":"Oddly Smooth Stone"},{"floor":24,"key":"InkBottle"},{"floor":26,"key":"Toxic Egg 2"},{"floor":27,"key":"War Paint"},{"floor":31,"key":"Self Forming Clay"},{"floor":40,"key":"Blood Vial"},{"floor":42,"key":"StrikeDummy"},{"floor":44,"key":"CaptainsWheel"},{"floor":46,"key":"Lizard Tail"},{"floor":48,"key":"Mango"},{"floor":55,"key":"Kunai"}],"event_choices":[{"cards_removed":["Static Discharge"],"damage_healed":0,"gold_gain":0,"player_choice":"Card Removal","damage_taken":7,"max_hp_gain":0,"max_hp_loss":0,"event_name":"Golden Wing","floor":3,"gold_loss":0},{"damage_healed":0,"gold_gain":0,"player_choice":"Relic","damage_taken":0,"max_hp_gain":0,"max_hp_loss":0,"event_name":"Wheel of Change","floor":7,"gold_loss":0},{"damage_healed":0,"gold_gain":0,"player_choice":"Fought Bandits","damage_taken":0,"max_hp_gain":0,"max_hp_loss":0,"event_name":"Masked Bandits","floor":19,"gold_loss":0},{"cards_removed":["Quick Slash"],"damage_healed":0,"gold_gain":0,"player_choice":"Elegance","damage_taken":0,"max_hp_gain":0,"max_hp_loss":0,"event_name":"Back to Basics","floor":20,"gold_loss":0},{"damage_healed":0,"gold_gain":0,"player_choice":"Embrace Madness","damage_taken":15,"max_hp_gain":0,"max_hp_loss":0,"event_name":"Winding Halls","floor":36,"gold_loss":0,"cards_obtained":["Madness","Madness"]},{"damage_healed":0,"gold_gain":0,"player_choice":"Fight","damage_taken":0,"max_hp_gain":0,"max_hp_loss":0,"event_name":"MindBloom","floor":48,"gold_loss":0}],"is_beta":false,"boss_relics":[{"not_picked":["Fusion Hammer","Astrolabe"],"picked":"Runic Pyramid"},{"not_picked":["Runic Cube","Runic Dome"],"picked":"Busted Crown"}],"items_purged_floors":[25,37,54],"is_endless":false,"potions_floor_spawned":[8,10,11,12,13,14,16,18,19,21,22,24,27,28,29,31,33,35,38,39,40,41,42,44,45,46,47,48,55],"ascension_level":20}}