{"host":"9ndbo4kgsfoemf7y","time":1610106451,"event":{"mods":["AchievementEnabler","BaseMod","Colored Map","DeckTracker","Keyboard Shortcuts","Minty Spire (QoL Compilation)","Permanent Neow","Quick Restart","Relic Stats","StSLib","SuperFastMode"],"gold_per_floor":[109,59,75,75,51,51,61,61,61,74,74,101,101,101,101,199,199,217,127,137,66,77,108,108,108,108,126,126,153,78,98,98,193,193,204,258,15,15,0,0,0,0,0,0,0,20,32,47,47,47],"floor_reached":51,"playtime":2168,"items_purged":["Defend_B","Defend_B"],"score":901,"play_id":"817e1d9d-7268-4108-9c7f-c54e547779ed","local_time":"20210108204731","is_ascension_mode":true,"campfire_choices":[{"data":"White Noise","floor":6.0,"key":"SMITH"},{"data":"Hologram","floor":8.0,"key":"SMITH"},{"data":"Chaos","floor":11.0,"key":"SMITH"},{"data":"Melter","floor":13.0,"key":"SMITH"},{"data":"Defragment","floor":15.0,"key":"SMITH"},{"data":"Buffer","floor":24.0,"key":"SMITH"},{"data":"Dualcast","floor":28.0,"key":"SMITH"},{"data":"Doom and Gloom","floor":32.0,"key":"SMITH"},{"data":"Loop","floor":40.0,"key":"SMITH"},{"data":"Madness","floor":42.0,"key":"SMITH"},{"data":"Madness","floor":44.0,"key":"SMITH"},{"data":"Double Energy","floor":49.0,"key":"SMITH"}],"circlet_count":0,"master_deck":["Defend_B","Zap","Dualcast+1","Sunder","Steam Power+1","Turbo","White Noise+1","Melter+1","Hologram+1","Glacier","Chaos+1","Defragment+1","Buffer+1","Redo+1","Go for the Eyes+1","Self Repair","White Noise+1","Stack+1","Rebound+1","Reinforced Body","Doom and Gloom+1","Electrodynamics","Loop+1","Coolheaded+1","Bandage Up","Madness+1","Madness+1","Double Energy+1","Chill+1","Compile Driver+1","Recycle","Beam Cell+1"],"relics":["Cracked Core","Question Card","Bottled Flame","MealTicket","Cursed Key","Bronze Scales","Bag of Preparation","Inserter","Prayer Wheel","Runic Capacitor","Red Mask"],"acts_visited":["Exordium","TheCity","TheBeyond"],"potions_floor_usage":[],"damage_taken":[{"damage":3.0,"enemies":"2 Louse","floor":1.0,"turns":2.0},{"damage":0.0,"enemies":"Small Slimes","floor":3.0,"turns":3.0},{"damage":9.0,"enemies":"Jaw Worm","floor":7.0,"turns":3.0},{"damage":0.0,"enemies":"Blue Slaver","floor":10.0,"turns":4.0},{"damage":14.0,"enemies":"Lagavulin","floor":12.0,"turns":8.0},{"damage":8.0,"enemies":"The Guardian","floor":16.0,"turns":9.0},{"damage":5.0,"enemies":"3 Byrds","floor":18.0,"turns":2.0},{"damage":0.0,"enemies":"Spheric Guardian","floor":20.0,"turns":1.0},{"damage":0.0,"enemies":"Snecko","floor":22.0,"turns":5.0},{"damage":24.0,"enemies":"Gremlin Leader","floor":23.0,"turns":6.0},{"damage":18.0,"enemies":"Centurion and Healer","floor":27.0,"turns":6.0},{"damage":22.0,"enemies":"Slavers","floor":29.0,"turns":4.0},{"damage":4.0,"enemies":"Shelled Parasite and Fungi","floor":31.0,"turns":3.0},{"damage":0.0,"enemies":"Collector","floor":33.0,"turns":10.0},{"damage":0.0,"enemies":"3 Darklings","floor":35.0,"turns":2.0},{"damage":51.0,"enemies":"2 Orb Walkers","floor":36.0,"turns":4.0},{"damage":31.0,"enemies":"Orb Walker","floor":46.0,"turns":3.0},{"damage":23.0,"enemies":"4 Shapes","floor":47.0,"turns":5.0},{"damage":0.0,"enemies":"Sphere and 2 Shapes","floor":48.0,"turns":3.0},{"damage":10,"enemies":"Awakened One","floor":50,"turns":11}],"seed_played":"7125335888902577609","potions_obtained":[{"floor":1.0,"key":"FocusPotion"},{"floor":16.0,"key":"EntropicBrew"},{"floor":20.0,"key":"EssenceOfDarkness"},{"floor":29.0,"key":"SteroidPotion"},{"floor":31.0,"key":"DistilledChaos"},{"floor":33.0,"key":"EntropicBrew"},{"floor":46.0,"key":"Fire Potion"},{"floor":48.0,"key":"Ancient Potion"}],"is_trial":false,"path_per_floor":["M","?","M","?","$","R","M","R","T","M","R","E","R","T","R","B",null,"M","?","M","$","M","E","R","T","T","M","R","E","$","M","R","B",null,"M","?","$","?","?","R","?","R","T","R","?","M","M","M","R","B",null],"character_chosen":"DEFECT","items_purchased":["Hologram","Self Repair","Runic Capacitor"],"campfire_rested":0,"item_purchase_floors":[5,21,37],"current_hp_per_floor":[51,51,51,51,51,51,42,42,42,42,42,28,28,28,28,20,61,56,56,56,71,75,58,58,58,58,47,47,32,47,50,50,57,71,71,27,42,42,42,42,33,33,33,33,66,42,30,37,37,38],"gold":47,"neow_bonus":"TRANSFORM_TWO_CARDS","is_daily":false,"chose_seed":false,"campfire_upgraded":12,"win_rate":0.0,"timestamp":1610106451,"path_taken":["M","?","M","?","?","R","M","R","T","M","R","E","R","?","R","BOSS","M","?","M","?","M","E","R","?","T","M","R","E","$","M","R","BOSS","M","?","$","?","?","R","?","R","T","R","?","M","M","M","R","BOSS"],"items_purchased_type":["Card","Card","Relic"],"build_version":"2020-12-22","purchased_purges":2,"victory":true,"max_hp_per_floor":[75,75,75,75,75,75,75,75,75,75,75,75,75,75,75,75,75,75,75,75,75,75,75,75,75,75,75,75,75,75,75,75,75,75,75,75,75,75,75,75,75,75,75,75,66,66,66,66,66,66],"relic_stats":{"Inserter":[12],"counters":[20,92],"Bronze Scales":[170],"MealTicket":45,"Prayer Wheel":3,"Bag of Preparation":[16],"Question Card":21,"Cursed Key":0,"obtain_stats":[{"Bottled Flame":12,"Inserter":34,"Bronze Scales":23,"MealTicket":14,"Prayer Wheel":36,"Bag of Preparation":29,"Runic Capacitor":37,"Red Mask":39,"Cracked Core":0,"Question Card":9,"Cursed Key":17},{"Bottled Flame":5,"Inserter":14,"Bronze Scales":10,"MealTicket":5,"Prayer Wheel":16,"Bag of Preparation":12,"Runic Capacitor":16,"Red Mask":16,"Cracked Core":0,"Question Card":3,"Cursed Key":6},{"Bottled Flame":20,"Inserter":66,"Bronze Scales":43,"MealTicket":20,"Prayer Wheel":72,"Bag of Preparation":53,"Runic Capacitor":72,"Red Mask":72,"Cracked Core":0,"Question Card":8,"Cursed Key":29}]},"card_choices":[{"not_picked":["Hello World","Leap"],"picked":"Turbo","floor":1.0},{"not_picked":["Scrape","Beam Cell"],"picked":"White Noise","floor":3.0},{"not_picked":["Sweeping Beam","Heatsinks"],"picked":"Glacier","floor":7.0},{"not_picked":["Gash","Beam Cell","Leap"],"picked":"Chaos","floor":10.0},{"not_picked":["Compile Driver","Gash","Rebound"],"picked":"Defragment","floor":12.0},{"not_picked":["Biased Cognition","Multi-Cast","Rainbow"],"picked":"Buffer","floor":16.0},{"not_picked":["Sunder+1","Cold Snap+1","Conserve Battery"],"picked":"Redo+1","floor":18.0},{"not_picked":["Stack","Rebound","Cold Snap"],"picked":"Go for the Eyes+1","floor":20.0},{"not_picked":["Conserve Battery","Stack","Recycle"],"picked":"White Noise+1","floor":22.0},{"not_picked":["Self Repair","Leap","Ball Lightning"],"picked":"Stack+1","floor":23.0},{"not_picked":["Stack","Rainbow","Cold Snap"],"picked":"Rebound+1","floor":27.0},{"not_picked":["Rebound","Static Discharge+1","Sunder+1"],"picked":"Reinforced Body","floor":29.0},{"not_picked":["Ball Lightning+1","Rebound+1","Hello World"],"picked":"Doom and Gloom","floor":31.0},{"not_picked":["Buffer","Biased Cognition","Fission"],"picked":"Electrodynamics","floor":33.0},{"not_picked":["Rebound+1","Gash+1","Redo+1"],"picked":"Loop","floor":35.0},{"not_picked":["Leap+1","Skim+1","Chill+1"],"picked":"Coolheaded+1","floor":36.0},{"not_picked":["Thinking Ahead","Deep Breath","Blind"],"picked":"Bandage Up","floor":38.0},{"not_picked":["Undo","Redo","Rebound+1"],"picked":"Double Energy","floor":46.0},{"not_picked":["Chill+1","Coolheaded","Hologram","Conserve Battery"],"picked":"SKIP","floor":46.0},{"not_picked":["Coolheaded","Hologram","Conserve Battery"],"picked":"Chill+1","floor":46.0},{"not_picked":["FTL","Cold Snap+1","Leap+1"],"picked":"Compile Driver+1","floor":47.0},{"not_picked":["All For One","Conserve Battery","Turbo"],"picked":"Recycle","floor":47.0},{"not_picked":["Sunder","Conserve Battery","Turbo+1"],"picked":"Beam Cell+1","floor":48.0},{"not_picked":["Hologram","Beam Cell","Turbo","Recycle"],"picked":"SKIP","floor":48.0}],"player_experience":784875,"relics_obtained":[{"floor":9.0,"key":"Question Card"},{"floor":12.0,"key":"Bottled Flame"},{"floor":14.0,"key":"MealTicket"},{"floor":23.0,"key":"Bronze Scales"},{"floor":29.0,"key":"Bag of Preparation"},{"floor":36.0,"key":"Prayer Wheel"}],"event_choices":[{"cards_removed":["Strike_B"],"damage_healed":0.0,"max_hp_gain":0.0,"max_hp_loss":0.0,"gold_gain":0.0,"event_name":"The Cleric","player_choice":"Card Removal","floor":2.0,"gold_loss":50.0,"damage_taken":0.0},{"damage_healed":0.0,"max_hp_gain":0.0,"max_hp_loss":0.0,"gold_gain":0.0,"cards_transformed":["Strike_B"],"event_name":"Living Wall","player_choice":"Change","floor":4.0,"gold_loss":0.0,"damage_taken":0.0,"cards_obtained":["Melter"]},{"cards_removed":["Defend_B"],"damage_healed":0.0,"max_hp_gain":0.0,"max_hp_loss":0.0,"gold_gain":0.0,"event_name":"Designer","player_choice":"Upgrade and Remove","floor":19.0,"gold_loss":90.0,"damage_taken":0.0,"cards_upgraded":["Steam Power"]},{"damage_healed":0.0,"max_hp_gain":0.0,"max_hp_loss":0.0,"gold_gain":0.0,"event_name":"Mysterious Sphere","player_choice":"Fight","floor":36.0,"gold_loss":0.0,"damage_taken":0.0},{"damage_healed":0.0,"max_hp_gain":0.0,"max_hp_loss":0.0,"gold_gain":0.0,"event_name":"SensoryStone","player_choice":"Memory 1","floor":38.0,"gold_loss":0.0,"damage_taken":0.0},{"damage_healed":0.0,"max_hp_gain":0.0,"max_hp_loss":0.0,"gold_gain":0.0,"event_name":"Tomb of Lord Red Mask","player_choice":"Paid","floor":39.0,"gold_loss":15.0,"damage_taken":0.0,"relics_obtained":["Red Mask"]},{"damage_healed":0.0,"max_hp_gain":0.0,"max_hp_loss":0.0,"gold_gain":0.0,"event_name":"Winding Halls","player_choice":"Embrace Madness","floor":41.0,"gold_loss":0.0,"damage_taken":9.0,"cards_obtained":["Madness","Madness"]},{"damage_healed":66.0,"max_hp_gain":0.0,"max_hp_loss":9.0,"gold_gain":0.0,"event_name":"The Moai Head","player_choice":"Heal","floor":45.0,"gold_loss":0.0,"damage_taken":0.0}],"is_beta":false,"boss_relics":[{"not_picked":["Ectoplasm","Calling Bell"],"picked":"Cursed Key"},{"not_picked":["Astrolabe","Runic Dome"],"picked":"Inserter"}],"items_purged_floors":[30,37],"is_endless":false,"potions_floor_spawned":[1,16,20,29,31,33,46,48],"ascension_level":5}}