{"host":"mydft8i2zzydgggw","time":1610139264,"event":{"mods":["AchievementEnabler","BaseMod","Colored Map","Colored Powertips","DeckTracker","Keyboard Shortcuts","Minty Spire (QoL Compilation)","Rare Cards Sparkle","StSLib","SuperFastMode","The Poker Player","everything is the same but u backflip on backflip"],"gold_per_floor":[110,130,130,146,161,161,198,220,220,240,262,262,262,262],"floor_reached":13,"playtime":192,"items_purged":[],"score":125,"play_id":"fda676f7-1125-4849-99f1-29ae6c558c4f","local_time":"20210109055424","is_ascension_mode":true,"campfire_choices":[{"data":"Zap","floor":6,"key":"SMITH"}],"circlet_count":0,"master_deck":["Strike_B","Strike_B","Strike_B","Strike_B","Defend_B","Defend_B","Defend_B","Defend_B","Zap+1","Dualcast","Beam Cell","Pain","Reinforced Body","Streamline","Conserve Battery","Buffer","Sunder","Leap"],"relics":["Cracked Core","NeowsBlessing","WarpedTongs","CeramicFish","PreservedInsect","Golden Idol"],"acts_visited":["Exordium"],"potions_floor_usage":[7,11,11],"damage_taken":[{"damage":0,"enemies":"2 Louse","floor":1,"turns":1},{"damage":0,"enemies":"Cultist","floor":2,"turns":1},{"damage":0,"enemies":"Small Slimes","floor":4,"turns":1},{"damage":3,"enemies":"Looter","floor":5,"turns":3},{"damage":23,"enemies":"Lagavulin","floor":7,"turns":4},{"damage":12,"enemies":"Gremlin Gang","floor":8,"turns":4},{"damage":22,"enemies":"Lots of Slimes","floor":10,"turns":4},{"damage":6,"enemies":"3 Louse","floor":11,"turns":2},{"damage":2,"enemies":"Gremlin Nob","floor":13,"turns":2}],"seed_played":"4824804763637491508","potions_obtained":[{"floor":2,"key":"SteroidPotion"},{"floor":5,"key":"AttackPotion"},{"floor":8,"key":"SteroidPotion"}],"is_trial":false,"path_per_floor":["M","M","?","M","M","R","E","M","T","M","M","?","E"],"character_chosen":"DEFECT","items_purchased":[],"campfire_rested":0,"item_purchase_floors":[],"current_hp_per_floor":[68,68,68,68,65,65,42,30,30,8,2,2,0,0],"gold":262,"neow_bonus":"THREE_ENEMY_KILL","is_daily":false,"chose_seed":false,"campfire_upgraded":1,"win_rate":0.0,"timestamp":1610139264,"path_taken":["M","M","?","M","M","R","E","M","T","?","M","?","E"],"items_purchased_type":[],"build_version":"2020-12-22","purchased_purges":0,"victory":false,"max_hp_per_floor":[75,75,75,75,75,75,75,75,75,75,75,69,69,69],"card_choices":[{"not_picked":["Undo","Turbo"],"picked":"Beam Cell","floor":1},{"not_picked":["Conserve Battery","Loop","Beam Cell"],"picked":"SKIP","floor":2},{"not_picked":["Melter","Aggregate"],"picked":"Reinforced Body","floor":4},{"not_picked":["Coolheaded","Rip and Tear"],"picked":"Streamline","floor":5},{"not_picked":["Barrage","Leap"],"picked":"Conserve Battery","floor":7},{"not_picked":["Conserve Battery","Undo"],"picked":"Buffer","floor":8},{"not_picked":["Turbo","Beam Cell"],"picked":"Sunder","floor":10},{"not_picked":["Turbo","Steam"],"picked":"Leap","floor":11}],"player_experience":151443,"relics_obtained":[{"floor":7,"key":"CeramicFish"},{"floor":9,"key":"PreservedInsect"}],"event_choices":[{"damage_healed":0,"gold_gain":0,"player_choice":"Rummage","damage_taken":0,"relics_obtained":["WarpedTongs"],"max_hp_gain":0,"max_hp_loss":0,"event_name":"Accursed Blacksmith","floor":3,"gold_loss":0,"cards_obtained":["Pain"]},{"damage_healed":0,"gold_gain":0,"player_choice":"Lose Max HP","damage_taken":0,"relics_obtained":["Golden Idol"],"max_hp_gain":0,"max_hp_loss":6,"event_name":"Golden Idol","floor":12,"gold_loss":0}],"is_beta":false,"boss_relics":[],"items_purged_floors":[],"is_endless":false,"potions_floor_spawned":[2,5,8],"killed_by":"Gremlin Nob","ascension_level":8}}