{"host":"312klq0911jlgvh2","time":1610136018,"event":{"mods":["100% Spire Juice","2.2 Compatiblity","AchievementEnabler","Act Like it!","Ascension Unlocker","Aspiration","Astrologer","BaseMod","Beaked The Cultist","Block Reminder","Chen","Clockwork Mod","Colored Powertips","Conspire","Custom Start","Downfall","Energized Spire","Evolution","Friendly Minions","Gensokyo","GifTheSpireLib","Gold Saver","GungeonMod","Halation","Hermit","HololiveMod","Hubris","Infinite Spire","Jedi Mod","Koishi","Marisa????????","Mimic Mod","Minty Spire (QoL Compilation)","Prisma Mod","Random Character Button","Reimu??????","Relic Sorter","Remilia??????","Replay The Spire","Retaliation","Spikes Relics","StSLib","Stuff the Spire","Synergy Search","The Animator","The Blue Laboratory","The Bug Knight","The Poker Player","TheArtist","TheVacant","Trackpad","vexMod","yUi"],"gold_per_floor":[390,61,79,95,170,202,214,179,227,245,279,298,54,54,54,151,151,168,168,168,179,191,220,231,90,126,126,138,238,251,251,251,351,351,361,361,361,361,371,391,417,417,494,519,538,538,342,356,356,356,356],"floor_reached":50,"playtime":2937,"items_purged":["HollowMod:QuickDashStart","HollowMod:SoulSplash","HollowMod:QuickDashStart","Sickly","HollowMod:CornifersMapStart","HollowMod:QuickDashStart"],"score":634,"play_id":"d6722f6d-fcc6-4316-89a1-b87b449d22a3","local_time":"20210108150018","is_ascension_mode":false,"campfire_choices":[{"data":"infinitespire:Starlight","floor":32,"key":"SMITH"},{"floor":49,"key":"DIG"}],"circlet_count":0,"master_deck":["HollowMod:NailStrikeStart+1","HollowMod:NailStrikeStart+1","HollowMod:QuickDashStart","HollowMod:FocusHealStart","HollowMod:PogoStrike","HollowMod:LifebloodCocoon","HollowMod:CycloneSlash","HollowMod:MothsMistake","Flash of Steel","HollowMod:SiblingsSouls","HollowMod:GoodIntentions","HollowMod:BaldurShell","HollowMod:VengefulVoid","HollowMod:MantisMark","HollowMod:SoulVessel","HollowMod:theNailsmith","HollowMod:NewLittleFool+1","infinitespire:Collect","infinitespire:Gouge","infinitespire:Starlight+1","HollowMod:SoulStrike+1","HollowMod:MantisMark","HollowMod:GreatSlash","StuffTheSpire:PestControl","HollowMod:SharpenedNail+1","HollowMod:SoulStrike","HollowMod:HornetsHelp","HollowMod:AbyssShriek","infinitespire:FutureSight","HollowMod:DashSlash+1","HollowMod:GrimmsGift","HollowMod:DoubleDash+1","HollowMod:AbyssShriek"],"relics":["HollowMod:VesselMask","EVO:Axolotl","Membership Card","Bag of Marbles","MealTicket","Whetstone","DemoMod:GreenGuonStone","Ring of Peace","ReplayTheSpireMod:Ring of Addiction","SacredBark","White Beast Statue","aspiration:PoetsPen_weak","halation:Risk","Nloth\u0027s Gift","DemoMod:Metronome","PreservedInsect","Pantograph","CaptainsWheel","hubris:BottledRain","DemoMod:OrangeGuonStone","energizedSpire:OgreHead","beaked:SacredDeck","hubris:SlimyHat","hubris:MobiusCoin","Sundial","StuffTheSpire:GreaterSneckoEye","ReplayTheSpireMod:Lightbulb","BargainBundle","HollowMod:KingsBrand"],"acts_visited":["Exordium","TheCity","TheBeyond"],"potions_floor_usage":[11,11,11,16,16,16,18,22,29,29,29,50],"damage_taken":[{"damage":1,"enemies":"Small Slimes","floor":1,"turns":3},{"damage":0,"enemies":"conspire:RoseBush","floor":3,"turns":2},{"damage":5,"enemies":"Cultist","floor":4,"turns":4},{"damage":24,"enemies":"Replay:BlueRogue","floor":6,"turns":7},{"damage":28,"enemies":"Blue Slaver","floor":7,"turns":5},{"damage":10,"enemies":"Looter","floor":10,"turns":3},{"damage":19,"enemies":"Gremlin Nob","floor":11,"turns":4},{"damage":9,"enemies":"Large Slime","floor":12,"turns":5},{"damage":21,"enemies":"Slime Boss","floor":16,"turns":11},{"damage":8,"enemies":"Chosen","floor":18,"turns":6},{"damage":18,"enemies":"Shell Parasite","floor":21,"turns":4},{"damage":0,"enemies":"Cultist and Chosen","floor":22,"turns":4},{"damage":7,"enemies":"conspire:SneckoGhost","floor":23,"turns":5},{"damage":15,"enemies":"Centurion and Healer","floor":24,"turns":4},{"damage":0,"enemies":"Sentry and Sphere","floor":26,"turns":3},{"damage":29,"enemies":"Sentry and Sphere","floor":28,"turns":5},{"damage":0,"enemies":"Colosseum Slavers","floor":29,"turns":2},{"damage":0,"enemies":"Colosseum Nobs","floor":29,"turns":4},{"damage":12,"enemies":"Snake Plant","floor":30,"turns":3},{"damage":7,"enemies":"conspire:MysteriousRune","floor":33,"turns":5},{"damage":12,"enemies":"3 Shapes","floor":35,"turns":1},{"damage":7,"enemies":"3 Darklings","floor":39,"turns":3},{"damage":26,"enemies":"Spire Growth","floor":40,"turns":5},{"damage":0,"enemies":"Reptomancer","floor":41,"turns":5},{"damage":0,"enemies":"Nemesis","floor":44,"turns":3},{"damage":6,"enemies":"4 Shapes","floor":45,"turns":1},{"damage":7,"enemies":"3 Darklings","floor":48,"turns":4},{"damage":72,"enemies":"conspire:OrnateMirror","floor":50,"turns":4}],"seed_played":"-4789627553677113316","potions_obtained":[{"floor":3,"key":"Fire Potion"},{"floor":4,"key":"Dexterity Potion"},{"floor":6,"key":"blueLaboratory:FrostheartPotion"},{"floor":12,"key":"blueLaboratory:BubblePotion"},{"floor":14,"key":"Dexterity Potion"},{"floor":14,"key":"PowerPotion"},{"floor":16,"key":"blueLaboratory:BubblePotion"},{"floor":18,"key":"blueLaboratory:StoneskinPotion"},{"floor":21,"key":"blueLaboratory:PhilterOfMotion"},{"floor":22,"key":"hexamod:EctoCoolerPotion"},{"floor":23,"key":"Swift Potion"},{"floor":30,"key":"hexamod:EctoCoolerPotion"},{"floor":33,"key":"SpeedPotion"},{"floor":35,"key":"blueLaboratory:FruitPunch"}],"is_trial":false,"path_per_floor":["M","$","M","M","?","E","M","?","T","M","E","M","$","?","R","B",null,"M","AVR","?","M","M","E","M","$","MIM","?","M","?","M","T","R","B",null,"M","?","AVR","?","M","M","E","?","T","E","M","?","$","M","R","B"],"character_chosen":"THE_BUGKNIGHT","items_purchased":["HollowMod:CycloneSlash","HollowMod:MothsMistake","Membership Card","Flash of Steel","DemoMod:GreenGuonStone","HollowMod:MantisMark","PreservedInsect","ReplayTheSpireMod:Lightbulb","BargainBundle","HollowMod:AbyssShriek"],"campfire_rested":0,"item_purchase_floors":[2,2,2,2,13,13,25,47,47,47],"current_hp_per_floor":[74,74,74,75,64,50,34,52,52,42,23,20,35,35,35,24,75,67,67,67,49,49,70,58,73,71,51,42,62,56,56,56,49,67,55,55,55,55,48,37,63,61,61,61,53,33,48,41,41,0,0],"gold":356,"neow_bonus":"TRANSFORM_CARD","is_daily":false,"chose_seed":false,"campfire_upgraded":1,"win_rate":0.0,"timestamp":1610136018,"path_taken":["M","$","M","M","?","E","M","?","T","M","E","M","$","?","R","BOSS","M","AVR","?","M","M","E","M","$","MIM","?","M","?","M","?","R","BOSS","M","?","AVR","?","M","M","E","?","T","E","M","?","$","M","R","BOSS"],"items_purchased_type":["Card","Card","Relic","Card","Relic","Card","Relic","Relic","Relic","Card"],"build_version":"2020-12-22","purchased_purges":6,"victory":false,"max_hp_per_floor":[75,75,75,75,75,75,75,75,75,75,75,75,75,75,75,75,75,75,75,75,75,73,73,73,73,71,71,71,69,69,69,69,67,67,67,65,65,65,63,63,63,61,61,61,59,59,59,57,57,61,61],"card_choices":[{"not_picked":["HollowMod:ChannelNail","HollowMod:PureNailStrike"],"picked":"HollowMod:SoulSplash","floor":1},{"not_picked":["HollowMod:MonomonsArchive","HollowMod:ShapeofUnn"],"picked":"HollowMod:CornifersMapStart","floor":3},{"not_picked":["HollowMod:HowlingWraiths","HollowMod:SoulSplash"],"picked":"HollowMod:SiblingsSouls","floor":4},{"not_picked":["HollowMod:HowlingWraiths","HollowMod:DoubleDash"],"picked":"HollowMod:GoodIntentions","floor":6},{"not_picked":["HollowMod:VengefulSpirit","HollowMod:RecoilStrike"],"picked":"HollowMod:BaldurShell","floor":7},{"not_picked":["HollowMod:NewLittleFool","HollowMod:NewJinnsSoul"],"picked":"HollowMod:VengefulVoid","floor":10},{"not_picked":["HollowMod:SoulMaster","HollowMod:MothsMistake","HollowMod:HuntersJournal"],"picked":"SKIP","floor":11},{"not_picked":["HollowMod:GoodIntentions","HollowMod:SiblingsSouls","HollowMod:InfectedAttack"],"picked":"SKIP","floor":12},{"not_picked":["HollowMod:Weaversong","HollowMod:MidwifesHunger"],"picked":"HollowMod:theNailsmith","floor":16},{"not_picked":["HollowMod:CornifersMapStart","HollowMod:DoubleDash"],"picked":"HollowMod:NewLittleFool+1","floor":18},{"not_picked":["HollowMod:DescendingDark","HollowMod:SharpenedNail"],"picked":"HollowMod:SoulStrike+1","floor":21},{"not_picked":["HollowMod:VengefulVoid","HollowMod:CloakDash","HollowMod:BlackTendrils"],"picked":"SKIP","floor":22},{"not_picked":["HollowMod:SiblingsShadow","HollowMod:LifebloodCocoon+1"],"picked":"HollowMod:MantisMark","floor":23},{"not_picked":["HollowMod:SoulVessel","HollowMod:SoulShaman","HollowMod:InfectedAttack"],"picked":"SKIP","floor":24},{"not_picked":["HollowMod:LifebloodCocoon","HollowMod:SlysStrikes"],"picked":"HollowMod:GreatSlash","floor":26},{"not_picked":["HollowMod:InfectedCysts+1","HollowMod:LuriensSpire"],"picked":"HollowMod:SharpenedNail+1","floor":28},{"not_picked":["HollowMod:SharpenedNail","HollowMod:VengefulVoid"],"picked":"HollowMod:SoulStrike","floor":29},{"not_picked":["HollowMod:HerrahsAnger","HollowMod:MawleksShell+1","HollowMod:InfectedAttack+1"],"picked":"SKIP","floor":30},{"not_picked":["HollowMod:PaleKingsBlessing","HollowMod:SoulMaster"],"picked":"HollowMod:HornetsHelp","floor":33},{"not_picked":["HollowMod:BrokenVessel+1","HollowMod:NewGlowingWomb+1"],"picked":"HollowMod:AbyssShriek","floor":35},{"not_picked":["HollowMod:BaldurShell+1","HollowMod:CloakDash","HollowMod:HerrahsAnger"],"picked":"SKIP","floor":39},{"not_picked":["HollowMod:DoubleDash+1","HollowMod:VengefulVoid"],"picked":"HollowMod:DashSlash+1","floor":40},{"not_picked":["HollowMod:MonarchWings","HollowMod:LuriensSpire"],"picked":"HollowMod:GrimmsGift","floor":41},{"not_picked":["HollowMod:PerfectDash+1","HollowMod:CloakDash","HollowMod:PureVessel"],"picked":"SKIP","floor":44},{"not_picked":["HollowMod:SoulMaster","HollowMod:ShadowDash"],"picked":"HollowMod:DoubleDash+1","floor":45},{"not_picked":["HollowMod:SoulSplash","HollowMod:WraithStrike","HollowMod:SharpenedShadows"],"picked":"SKIP","floor":48}],"player_experience":545501,"relics_obtained":[{"floor":6,"key":"Bag of Marbles"},{"floor":9,"key":"MealTicket"},{"floor":11,"key":"Whetstone"},{"floor":14,"key":"Ring of Peace"},{"floor":14,"key":"ReplayTheSpireMod:Ring of Addiction"},{"floor":14,"key":"SacredBark"},{"floor":14,"key":"White Beast Statue"},{"floor":23,"key":"DemoMod:Metronome"},{"floor":26,"key":"Pantograph"},{"floor":29,"key":"CaptainsWheel"},{"floor":29,"key":"hubris:BottledRain"},{"floor":31,"key":"DemoMod:OrangeGuonStone"},{"floor":41,"key":"hubris:MobiusCoin"},{"floor":43,"key":"Sundial"},{"floor":46,"key":"StuffTheSpire:GreaterSneckoEye"},{"floor":49,"key":"HollowMod:KingsBrand"}],"event_choices":[{"damage_healed":0,"gold_gain":75,"player_choice":"Gather Gold","damage_taken":11,"max_hp_gain":0,"max_hp_loss":0,"event_name":"World of Goop","floor":5,"gold_loss":0},{"damage_healed":18,"gold_gain":0,"player_choice":"Healed","damage_taken":0,"max_hp_gain":0,"max_hp_loss":0,"event_name":"The Cleric","floor":8,"gold_loss":35},{"damage_healed":0,"gold_gain":0,"player_choice":"Traded Relic","damage_taken":0,"relics_obtained":["Nloth\u0027s Gift"],"max_hp_gain":0,"max_hp_loss":0,"event_name":"N\u0027loth","floor":20,"relics_lost":["ReplayFunnel"],"gold_loss":0},{"damage_healed":0,"gold_gain":0,"player_choice":"Fight","damage_taken":0,"max_hp_gain":0,"max_hp_loss":0,"event_name":"Colosseum","floor":29,"gold_loss":0},{"damage_healed":0,"gold_gain":0,"player_choice":"Fought Nobs","damage_taken":0,"max_hp_gain":0,"max_hp_loss":0,"event_name":"Colosseum","floor":29,"gold_loss":0},{"damage_healed":0,"gold_gain":0,"player_choice":"Ignored","damage_taken":0,"max_hp_gain":0,"max_hp_loss":0,"event_name":"Tomb of Lord Red Mask","floor":38,"gold_loss":0}],"is_beta":false,"boss_relics":[{"not_picked":["Empty Cage","RedLine:ReiMu"],"picked":"aspiration:PoetsPen_weak"},{"not_picked":["conspire:RoyalGoblet","ReplayTheSpireMod:DimensionalGlitch"],"picked":"energizedSpire:OgreHead"}],"items_purged_floors":[2,13,19,25,37,47],"is_endless":false,"potions_floor_spawned":[3,4,6,12,16,18,21,22,23,24,26,28,29,29,30,33,35,39,40,41,44,45,48],"killed_by":"conspire:OrnateMirror","ascension_level":0}}