{"host":"f6f8cjhjgha9mpdq","time":1610118788,"event":{"mods":["BaseMod","Minty Spire (QoL Compilation)","Permanent Neow","StSLib","SuperFastMode"],"gold_per_floor":[12,12,28,48,62,92,92,118,118,118,193,193,31,44,44,121,121,137,149,176,186,7,7,35,48,73,73,92,15,32,48,48,48,48],"floor_reached":33,"playtime":1224,"items_purged":["Strike_B","Strike_B"],"score":602,"play_id":"62b9f917-6170-4bee-8722-25f69a98eed9","local_time":"20210109001308","is_ascension_mode":true,"campfire_choices":[{"data":"Dualcast","floor":7,"key":"SMITH"},{"data":"White Noise","floor":10,"key":"SMITH"},{"data":"Zap","floor":12,"key":"SMITH"},{"data":"Coolheaded","floor":15,"key":"SMITH"},{"data":"Darkness","floor":23,"key":"SMITH"},{"data":"Defragment","floor":32,"key":"SMITH"}],"circlet_count":0,"master_deck":["AscendersBane","Defend_B","Defend_B","Zap+1","Dualcast+1","Ball Lightning","Defragment","Coolheaded+1","White Noise+1","Flash of Steel","Darkness+1","Biased Cognition","BootSequence","Defragment+1","Darkness","Force Field","Cold Snap","FTL","FTL","Core Surge","Coolheaded","Self Repair"],"relics":["Cracked Core","Mango","Nunchaku","Cables","Omamori","Coffee Dripper","Red Mask","DataDisk","Bag of Preparation"],"acts_visited":["TheCity"],"potions_floor_usage":[8,16,24,24,30,30],"damage_taken":[{"damage":7.0,"enemies":"Jaw Worm","floor":1.0,"turns":3.0},{"damage":1,"enemies":"Cultist","floor":3,"turns":3},{"damage":12,"enemies":"Small Slimes","floor":4,"turns":2},{"damage":3,"enemies":"2 Fungi Beasts","floor":5,"turns":4},{"damage":16,"enemies":"Lagavulin","floor":6,"turns":7},{"damage":10,"enemies":"3 Sentries","floor":8,"turns":7},{"damage":0,"enemies":"Large Slime","floor":14,"turns":4},{"damage":0,"enemies":"Slime Boss","floor":16,"turns":5},{"damage":25,"enemies":"3 Byrds","floor":18,"turns":4},{"damage":0,"enemies":"Chosen","floor":19,"turns":3},{"damage":23,"enemies":"Masked Bandits","floor":20,"turns":3},{"damage":6,"enemies":"Shelled Parasite and Fungi","floor":21,"turns":4},{"damage":0,"enemies":"Slavers","floor":24,"turns":5},{"damage":0,"enemies":"Chosen and Byrds","floor":25,"turns":4},{"damage":0,"enemies":"Centurion and Healer","floor":28,"turns":2},{"damage":19,"enemies":"Shelled Parasite and Fungi","floor":30,"turns":3},{"damage":0,"enemies":"Snecko","floor":31,"turns":3},{"damage":5,"enemies":"Collector","floor":33,"turns":2}],"seed_played":"-8413691425577972936","potions_obtained":[{"floor":1,"key":"CultistPotion"},{"floor":4,"key":"LiquidMemories"},{"floor":6,"key":"BlessingOfTheForge"},{"floor":14,"key":"GamblersBrew"},{"floor":20,"key":"EssenceOfSteel"},{"floor":25,"key":"SkillPotion"},{"floor":31,"key":"Ancient Potion"}],"is_trial":false,"path_per_floor":["M","?","M","M","M","E","R","E","T","R","?","R","$","M","R","B",null,"M","M","?","M","$","R","E","M","T","?","M","$","M","M","R","B"],"character_chosen":"DEFECT","items_purchased":["Flash of Steel","Darkness","Regen Potion"],"campfire_rested":0,"item_purchase_floors":[13,22,29],"current_hp_per_floor":[57,71,70,58,55,39,39,29,29,29,18,18,18,18,18,18,68,43,43,20,14,14,14,14,14,14,14,14,14,4,4,4,0,0],"gold":48,"neow_bonus":"REMOVE_TWO","is_daily":false,"chose_seed":false,"campfire_upgraded":6,"win_rate":0.0,"timestamp":1610118788,"path_taken":["M","?","?","M","M","E","R","E","T","R","?","R","$","M","R","BOSS","M","M","?","M","$","R","E","M","T","?","M","?","?","M","R","BOSS"],"items_purchased_type":["Card","Card","Potion"],"build_version":"2020-12-22","purchased_purges":2,"victory":false,"max_hp_per_floor":[71,85,85,85,85,85,85,85,85,85,85,85,85,85,85,85,85,85,85,85,85,85,85,85,85,85,85,85,85,85,85,85,85,85],"card_choices":[{"not_picked":["Steam","Fusion"],"picked":"Ball Lightning","floor":1},{"not_picked":["Steam","Stack","Streamline"],"picked":"SKIP","floor":3},{"not_picked":["Stack","Cold Snap"],"picked":"Defragment","floor":4},{"not_picked":["Conserve Battery","Static Discharge"],"picked":"Coolheaded","floor":5},{"not_picked":["Barrage","Sweeping Beam"],"picked":"White Noise","floor":6},{"not_picked":["Reprogram","Aggregate","Recycle"],"picked":"SKIP","floor":8},{"not_picked":["Reprogram","Scrape"],"picked":"Darkness","floor":14},{"not_picked":["Amplify","Meteor Strike"],"picked":"Biased Cognition","floor":16},{"not_picked":["Leap","Turbo"],"picked":"BootSequence","floor":18},{"not_picked":["Scrape","Go for the Eyes","Leap"],"picked":"SKIP","floor":19},{"not_picked":["Scrape","Go for the Eyes","Leap"],"picked":"SKIP","floor":19},{"not_picked":["Hologram+1","Go for the Eyes"],"picked":"Defragment","floor":21},{"not_picked":["Compile Driver","Hologram"],"picked":"Force Field","floor":24},{"not_picked":["Compile Driver","Reinforced Body"],"picked":"Cold Snap","floor":25},{"not_picked":["Steam","Loop"],"picked":"Core Surge","floor":28},{"not_picked":["Storm","Redo"],"picked":"Coolheaded","floor":30},{"not_picked":["Rebound","Gash+1"],"picked":"Self Repair","floor":31}],"player_experience":540173,"relics_obtained":[{"floor":6,"key":"Nunchaku"},{"floor":8,"key":"Cables"},{"floor":9,"key":"Omamori"},{"floor":20,"key":"Red Mask"},{"floor":24,"key":"DataDisk"},{"floor":26,"key":"Bag of Preparation"}],"event_choices":[{"damage_healed":0,"gold_gain":0,"player_choice":"Gave Potion","damage_taken":0,"relics_obtained":["Mango"],"max_hp_gain":0,"max_hp_loss":0,"event_name":"WeMeetAgain","floor":2,"gold_loss":0},{"damage_healed":0,"gold_gain":75,"player_choice":"Gather Gold","damage_taken":11,"max_hp_gain":0,"max_hp_loss":0,"event_name":"World of Goop","floor":11,"gold_loss":0},{"damage_healed":0,"gold_gain":0,"player_choice":"Fought Bandits","damage_taken":0,"max_hp_gain":0,"max_hp_loss":0,"event_name":"Masked Bandits","floor":20,"gold_loss":0},{"damage_healed":0,"gold_gain":0,"cards_transformed":["Strike_B","Defend_B"],"player_choice":"Became Test Subject","damage_taken":0,"max_hp_gain":0,"max_hp_loss":0,"event_name":"Drug Dealer","floor":27,"gold_loss":0,"cards_obtained":["FTL","FTL"]}],"is_beta":false,"boss_relics":[{"not_picked":["Pandora\u0027s Box","Runic Dome"],"picked":"Coffee Dripper"}],"items_purged_floors":[13,22],"is_endless":false,"potions_floor_spawned":[1,4,6,14,20,21,25,31],"killed_by":"Collector","ascension_level":14}}