{"host":"nc9kxycvldgbp2kx","time":1610115828,"event":{"mods":["2.2 Compatiblity","AchievementEnabler","AlwaysNeverKeys","BaseMod","Better Altar","Better Match","Better Note","Better Sensory Stone","Better Skull","Better Third Choice","Better Vampires","Block Reminder","Colored Powertips","Curses Come First","GifTheSpireLib","Highlight Path","Minty Spire (QoL Compilation)","Permanent Neow","Quick Restart","Random Character Button","Rare Cards Sparkle","Relic Sorter","Relic Stats","Spicy Shops","StSLib","Transform Curses"],"gold_per_floor":[215,215,215,230,118,118,146,159,184,184,219,238,413,413,413,413,413],"floor_reached":16,"playtime":2566,"items_purged":["Strike_B"],"score":108,"play_id":"f0ad24e3-f026-49d1-987d-80911262fb4f","local_time":"20210108152348","is_ascension_mode":false,"campfire_choices":[{"data":"Storm","floor":6.0,"key":"SMITH"},{"data":"Chill","floor":10.0,"key":"SMITH"},{"data":"Chill","floor":15.0,"key":"SMITH"}],"circlet_count":0,"master_deck":["Strike_B","Strike_B","Defend_B","Defend_B","Defend_B","Defend_B","Zap","Dualcast","Chill+1","Backstab+1","Storm+1","Coolheaded","Barrage","Chill+1","Redo","Doubt"],"relics":["Cracked Core","Potion Belt","Nunchaku","Lantern","Mercury Hourglass"],"acts_visited":["Exordium"],"potions_floor_usage":[],"damage_taken":[{"damage":1.0,"enemies":"Jaw Worm","floor":1.0,"turns":3.0},{"damage":0.0,"enemies":"2 Louse","floor":4.0,"turns":1.0},{"damage":25.0,"enemies":"Lagavulin","floor":7.0,"turns":7.0},{"damage":0.0,"enemies":"Small Slimes","floor":8.0,"turns":3.0},{"damage":2.0,"enemies":"3 Sentries","floor":11.0,"turns":8.0},{"damage":0.0,"enemies":"Blue Slaver","floor":12.0,"turns":2.0},{"damage":0,"enemies":"Hexaghost","floor":16,"turns":2}],"seed_played":"-2443387871334335067","potions_obtained":[{"floor":1.0,"key":"Regen Potion"},{"floor":11.0,"key":"EssenceOfSteel"},{"floor":12.0,"key":"Fire Potion"}],"is_trial":false,"path_per_floor":["M","?","?","M","$","R","E","M","T","R","E","M","?","?","R","B"],"character_chosen":"DEFECT","items_purchased":["Storm"],"campfire_rested":0,"item_purchase_floors":[5],"current_hp_per_floor":[74,65,58,58,58,58,33,33,33,33,31,31,31,31,31,31,31],"gold":413,"neow_bonus":"HUNDRED_GOLD","is_daily":false,"chose_seed":false,"campfire_upgraded":3,"win_rate":0.0,"timestamp":1610115828,"path_taken":["M","?","?","M","?","R","E","M","T","R","E","?","?","?","R","BOSS"],"items_purchased_type":["Card"],"build_version":"2020-12-22","purchased_purges":1,"victory":false,"max_hp_per_floor":[75,75,75,75,75,75,75,75,75,75,75,75,75,75,75,75,75],"relic_stats":{"Nunchaku":[1],"counters":[7,26],"obtain_stats":[{"Potion Belt":2,"Nunchaku":7,"Lantern":9,"Cracked Core":0,"Mercury Hourglass":11},{"Potion Belt":1,"Nunchaku":3,"Lantern":4,"Cracked Core":0,"Mercury Hourglass":5},{"Potion Belt":3,"Nunchaku":11,"Lantern":14,"Cracked Core":0,"Mercury Hourglass":22}],"Mercury Hourglass":[12]},"card_choices":[{"not_picked":["Rip and Tear","Skim"],"picked":"Chill","floor":1.0},{"not_picked":["Beam Cell","Streamline","Go for the Eyes"],"picked":"SKIP","floor":4.0},{"not_picked":["Double Energy","Stack"],"picked":"Coolheaded","floor":7.0},{"not_picked":["Rebound","Beam Cell"],"picked":"Barrage","floor":8.0},{"not_picked":["Beam Cell","Compile Driver"],"picked":"Chill","floor":11.0},{"not_picked":["Sweeping Beam","Rebound"],"picked":"Redo","floor":12.0}],"player_experience":272880,"relics_obtained":[{"floor":7.0,"key":"Nunchaku"},{"floor":9.0,"key":"Lantern"},{"floor":11.0,"key":"Mercury Hourglass"}],"event_choices":[{"cards_removed":["Strike_B"],"damage_healed":0.0,"max_hp_gain":0.0,"max_hp_loss":0.0,"gold_gain":0.0,"event_name":"Golden Wing","player_choice":"Card Removal","floor":3.0,"gold_loss":0.0,"damage_taken":7.0},{"damage_healed":0.0,"max_hp_gain":0.0,"max_hp_loss":0.0,"gold_gain":175.0,"event_name":"betterThird:BetterSerpent","player_choice":"AGREE","floor":13.0,"gold_loss":0.0,"damage_taken":238.0},{"damage_healed":0.0,"max_hp_gain":0.0,"max_hp_loss":0.0,"gold_gain":1.0,"event_name":"betterStone:BetterStone","player_choice":"1","floor":14.0,"gold_loss":0.0,"damage_taken":0.0}],"is_beta":false,"boss_relics":[],"items_purged_floors":[5],"is_endless":false,"potions_floor_spawned":[1,11,12],"killed_by":"Hexaghost","ascension_level":0}}