{"host":"r53pw7z744tg3fxg","time":1610148755,"event":{"mods":["AchievementEnabler","BaseMod","Colored Map","Colored Powertips","Highlight Path","Minty Spire (QoL Compilation)","Quick Restart","Transform Curses"],"gold_per_floor":[20,33,33,48,67,67,67,67,148,148,148],"floor_reached":10,"playtime":329,"items_purged":[],"score":90,"play_id":"45d26dc6-8d6b-427a-84db-755a79add561","local_time":"20210108163235","is_ascension_mode":true,"campfire_choices":[{"floor":6,"key":"REST"}],"circlet_count":0,"master_deck":["AscendersBane","Strike_P","Strike_P","Strike_P","Strike_P","Defend_P","Defend_P","Defend_P","Defend_P","Eruption","Vigilance","EmptyBody","BowlingBash","Decay","PathToVictory"],"relics":["PureWater","Calipers","InkBottle"],"acts_visited":["Exordium"],"potions_floor_usage":[],"damage_taken":[{"damage":9,"enemies":"Small Slimes","floor":1,"turns":6},{"damage":1,"enemies":"Cultist","floor":2,"turns":3},{"damage":8,"enemies":"Jaw Worm","floor":4,"turns":5},{"damage":25,"enemies":"Exordium Thugs","floor":5,"turns":6},{"damage":76,"enemies":"Lagavulin","floor":10,"turns":8}],"seed_played":"-7593971289907725626","potions_obtained":[],"is_trial":false,"path_per_floor":["M","M","?","M","M","R","?","$","T","E"],"character_chosen":"WATCHER","items_purchased":[],"campfire_rested":1,"item_purchase_floors":[],"current_hp_per_floor":[56,55,55,47,22,43,43,43,43,0,0],"gold":148,"neow_bonus":"ONE_RARE_RELIC","is_daily":false,"chose_seed":false,"campfire_upgraded":0,"win_rate":0.0,"timestamp":1610148755,"path_taken":["M","M","?","?","M","R","?","?","T","E"],"items_purchased_type":[],"build_version":"2020-12-22","purchased_purges":0,"victory":false,"max_hp_per_floor":[72,72,72,72,72,72,72,72,72,72,72],"card_choices":[{"not_picked":["EmptyFist","Protect"],"picked":"EmptyBody","floor":1},{"not_picked":["CrushJoints","ClearTheMind"],"picked":"BowlingBash","floor":2},{"not_picked":["Consecrate","BowlingBash"],"picked":"PathToVictory","floor":4},{"not_picked":["BowlingBash","EmptyBody","FlyingSleeves"],"picked":"SKIP","floor":5}],"player_experience":1216218,"relics_obtained":[{"floor":9,"key":"InkBottle"}],"event_choices":[{"damage_healed":0,"gold_gain":0,"player_choice":"Cursed","damage_taken":0,"max_hp_gain":0,"max_hp_loss":0,"event_name":"Wheel of Change","floor":3,"gold_loss":0,"cards_obtained":["Decay"]},{"damage_healed":0,"gold_gain":0,"player_choice":"Ignored","damage_taken":0,"max_hp_gain":0,"max_hp_loss":0,"event_name":"Shining Light","floor":7,"gold_loss":0}],"is_beta":false,"boss_relics":[],"items_purged_floors":[],"is_endless":false,"potions_floor_spawned":[],"killed_by":"Lagavulin","ascension_level":11}}