{"host":"tzyzz5n7hg2ni9q2","time":1610128046,"event":{"mods":["BaseMod","Minty Spire (QoL Compilation)","Quick Restart"],"gold_per_floor":[111,8,8,18,93,124,124,136,136,86,142,142,142,157,157,260,260,276,293,312,325,345,345,356,356,356,356,367,401,401,428,428,531,531,545,595,650,650,273,273,300,300,327,327,345,345,355,382,382,382,382,382,11,11,11],"floor_reached":54,"playtime":2002,"items_purged":["Strike_B"],"score":978,"play_id":"6e217cc4-1f11-46d0-9276-b0fa63c38b28","local_time":"20210108184726","is_ascension_mode":true,"campfire_choices":[{"data":"Defragment","floor":7,"key":"SMITH"},{"data":"Sweeping Beam","floor":13,"key":"SMITH"},{"data":"Zap","floor":15,"key":"SMITH"},{"data":"Dualcast","floor":23,"key":"SMITH"},{"data":"Capacitor","floor":25,"key":"SMITH"},{"data":"Undo","floor":27,"key":"SMITH"},{"data":"Coolheaded","floor":30,"key":"SMITH"},{"data":"Compile Driver","floor":32,"key":"SMITH"},{"floor":40,"key":"REST"},{"floor":42,"key":"REST"},{"floor":44,"key":"RECALL"},{"floor":49,"key":"REST"},{"data":"Defragment","floor":52,"key":"SMITH"}],"circlet_count":0,"master_deck":["Strike_B","Defend_B","Defend_B+1","Defend_B+1","Zap+1","Dualcast+1","Sweeping Beam+1","Defragment+1","Cold Snap+1","Self Repair","Coolheaded+1","Compile Driver+1","Ball Lightning+1","Reboot","Undo+1","Ball Lightning","Capacitor+1","Defragment+1","Madness","Madness","Creative AI"],"relics":["FrozenCore","NeowsBlessing","Torii","Pantograph","Ornamental Fan","GremlinMask","Sozu","Singing Bowl","Strawberry","War Paint","WingedGreaves","Bird Faced Urn","Lantern","Sling","The Courier","Ice Cream","Oddly Smooth Stone","Happy Flower","Whetstone"],"acts_visited":["Exordium","TheCity","TheBeyond","TheEnding"],"potions_floor_usage":[29,31],"damage_taken":[{"damage":0.0,"enemies":"Jaw Worm","floor":1.0,"turns":1.0},{"damage":0,"enemies":"Small Slimes","floor":4,"turns":1},{"damage":0,"enemies":"Lagavulin","floor":6,"turns":1},{"damage":0,"enemies":"2 Louse","floor":8,"turns":3},{"damage":34,"enemies":"Lagavulin Event","floor":11,"turns":7},{"damage":7,"enemies":"Red Slaver","floor":14,"turns":5},{"damage":2,"enemies":"Slime Boss","floor":16,"turns":8},{"damage":2,"enemies":"Shell Parasite","floor":18,"turns":5},{"damage":1,"enemies":"Spheric Guardian","floor":19,"turns":4},{"damage":9,"enemies":"Snake Plant","floor":20,"turns":3},{"damage":8,"enemies":"Snecko","floor":21,"turns":4},{"damage":12,"enemies":"Centurion and Healer","floor":22,"turns":7},{"damage":15,"enemies":"Snake Plant","floor":24,"turns":3},{"damage":6,"enemies":"Snecko","floor":28,"turns":5},{"damage":23,"enemies":"Slavers","floor":29,"turns":5},{"damage":10,"enemies":"Book of Stabbing","floor":31,"turns":6},{"damage":27,"enemies":"Automaton","floor":33,"turns":9},{"damage":9,"enemies":"Orb Walker","floor":35,"turns":4},{"damage":6,"enemies":"Mind Bloom Boss Battle","floor":36,"turns":7},{"damage":61,"enemies":"2 Orb Walkers","floor":37,"turns":6},{"damage":48,"enemies":"Nemesis","floor":41,"turns":7},{"damage":2,"enemies":"3 Shapes","floor":45,"turns":6},{"damage":26,"enemies":"Transient","floor":47,"turns":5},{"damage":43,"enemies":"Reptomancer","floor":48,"turns":7},{"damage":32,"enemies":"Donu and Deca","floor":50,"turns":13},{"damage":126,"enemies":"Shield and Spear","floor":54,"turns":8}],"seed_played":"4673233579470545444","potions_obtained":[{"floor":4,"key":"FocusPotion"},{"floor":6,"key":"SpeedPotion"},{"floor":14,"key":"Energy Potion"}],"is_trial":false,"path_per_floor":["M","$","?","M","?","E","R","M","T","?","?","?","R","M","R","B",null,"M","M","M","M","M","R","M","R","T","R","M","E","R","E","R","B",null,"M","?","?","?","$","R","E","R","T","R","M","?","M","E","R","B",null,"R","$","E"],"character_chosen":"DEFECT","items_purchased":["Defragment","Cold Snap","Lantern","Sling","Oddly Smooth Stone","Happy Flower","Whetstone"],"campfire_rested":3,"item_purchase_floors":[2,2,39,39,53,53,53],"current_hp_per_floor":[68,68,61,61,50,57,57,64,64,64,30,30,30,30,30,60,71,75,75,73,72,67,67,59,59,59,59,62,55,55,54,54,61,83,83,92,40,28,28,56,25,53,53,53,68,68,48,20,50,76,94,94,94,0,0],"gold":11,"neow_bonus":"THREE_ENEMY_KILL","is_daily":false,"chose_seed":false,"campfire_upgraded":9,"win_rate":0.0,"timestamp":1610128046,"path_taken":["M","$","?","M","?","E","R","M","T","?","?","?","R","?","R","BOSS","M","M","?","M","M","R","M","R","T","R","M","E","R","E","R","BOSS","M","?","?","?","$","R","E","R","T","R","M","?","?","E","R","BOSS","R","$","E"],"items_purchased_type":["Card","Card","Relic","Relic","Relic","Relic","Relic"],"build_version":"2020-12-22","purchased_purges":1,"victory":false,"max_hp_per_floor":[75,75,75,75,75,75,75,75,75,75,75,75,75,75,75,75,75,75,75,75,75,75,75,75,75,75,75,77,86,86,88,88,90,90,92,92,94,94,94,94,96,96,96,96,98,98,100,100,100,100,100,100,100,100,100],"card_choices":[{"not_picked":["Turbo","Streamline"],"picked":"Sweeping Beam","floor":1.0},{"not_picked":["Reprogram","Beam Cell"],"picked":"Self Repair","floor":4},{"not_picked":["Force Field","Redo"],"picked":"Coolheaded","floor":6},{"not_picked":["Go for the Eyes","Steam"],"picked":"Compile Driver","floor":8},{"not_picked":["Redo","Skim"],"picked":"Ball Lightning","floor":14},{"not_picked":["Meteor Strike","Fission"],"picked":"Reboot","floor":16},{"not_picked":["Cold Snap","Sweeping Beam+1","Go for the Eyes+1"],"picked":"SKIP","floor":18},{"not_picked":["Hologram","Beam Cell+1","Fusion+1"],"picked":"SKIP","floor":19},{"not_picked":["Rebound","Leap"],"picked":"Undo","floor":20},{"not_picked":["Streamline","Rebound","Barrage"],"picked":"SKIP","floor":21},{"not_picked":["Cold Snap+1","Sweeping Beam"],"picked":"Ball Lightning","floor":22},{"not_picked":["Turbo","Redo"],"picked":"Capacitor","floor":24},{"not_picked":["Ball Lightning+1","Multi-Cast","Tempest"],"picked":"Singing Bowl","floor":28},{"not_picked":["Redo","Lockon","Doom and Gloom"],"picked":"Singing Bowl","floor":29},{"not_picked":["Leap","Rebound","Go for the Eyes+1"],"picked":"Singing Bowl","floor":31},{"not_picked":["Thunder Strike","Rainbow","Hyperbeam"],"picked":"Singing Bowl","floor":33},{"not_picked":["Hologram+1","Beam Cell+1","Scrape+1"],"picked":"Singing Bowl","floor":35},{"not_picked":["Double Energy","Conserve Battery+1"],"picked":"Defragment","floor":36},{"not_picked":["Heatsinks+1","Coolheaded","Gash+1"],"picked":"Singing Bowl","floor":37},{"not_picked":["Sweeping Beam+1","Ball Lightning+1","Genetic Algorithm"],"picked":"Singing Bowl","floor":41},{"not_picked":["Beam Cell","Heatsinks+1","Compile Driver+1"],"picked":"Singing Bowl","floor":45},{"not_picked":["Sweeping Beam","Gash+1","Leap+1"],"picked":"Singing Bowl","floor":47},{"not_picked":["Compile Driver","Barrage"],"picked":"Creative AI","floor":48}],"player_experience":254095,"relics_obtained":[{"floor":6,"key":"Torii"},{"floor":9,"key":"Pantograph"},{"floor":11,"key":"Ornamental Fan"},{"floor":26,"key":"Singing Bowl"},{"floor":29,"key":"Strawberry"},{"floor":31,"key":"War Paint"},{"floor":36,"key":"WingedGreaves"},{"floor":37,"key":"Bird Faced Urn"},{"floor":41,"key":"The Courier"},{"floor":48,"key":"Ice Cream"}],"event_choices":[{"cards_removed":["Strike_B"],"damage_healed":0,"gold_gain":0,"player_choice":"Card Removal","damage_taken":7,"max_hp_gain":0,"max_hp_loss":0,"event_name":"Golden Wing","floor":3,"gold_loss":0},{"damage_healed":0,"gold_gain":75,"player_choice":"Gather Gold","damage_taken":11,"max_hp_gain":0,"max_hp_loss":0,"event_name":"World of Goop","floor":5,"gold_loss":0},{"cards_removed":["Strike_B"],"damage_healed":0,"gold_gain":0,"player_choice":"Card Removal","damage_taken":0,"max_hp_gain":0,"max_hp_loss":0,"event_name":"The Cleric","floor":10,"gold_loss":50},{"damage_healed":0,"gold_gain":0,"player_choice":"Searched \u00271\u0027 times","damage_taken":0,"max_hp_gain":0,"max_hp_loss":0,"event_name":"Dead Adventurer","floor":11,"gold_loss":0},{"damage_healed":0,"gold_gain":0,"player_choice":"Trade","damage_taken":0,"relics_obtained":["GremlinMask"],"max_hp_gain":0,"max_hp_loss":0,"event_name":"FaceTrader","floor":12,"gold_loss":0},{"damage_healed":0,"gold_gain":0,"player_choice":"Fight","damage_taken":0,"max_hp_gain":0,"max_hp_loss":0,"event_name":"MindBloom","floor":36,"gold_loss":0},{"damage_healed":0,"gold_gain":0,"player_choice":"Fight","damage_taken":0,"max_hp_gain":0,"max_hp_loss":0,"event_name":"Mysterious Sphere","floor":37,"gold_loss":0},{"damage_healed":0,"gold_gain":0,"player_choice":"Embrace Madness","damage_taken":12,"max_hp_gain":0,"max_hp_loss":0,"event_name":"Winding Halls","floor":38,"gold_loss":0,"cards_obtained":["Madness","Madness"]},{"cards_removed":["Defend_B"],"damage_healed":0,"gold_gain":0,"player_choice":"Removed Skill","damage_taken":0,"max_hp_gain":0,"max_hp_loss":0,"event_name":"Falling","floor":46,"gold_loss":0}],"is_beta":false,"boss_relics":[{"not_picked":["SlaversCollar","Runic Dome"],"picked":"Sozu"},{"not_picked":["Tiny House","SacredBark"],"picked":"FrozenCore"}],"items_purged_floors":[39],"is_endless":false,"potions_floor_spawned":[4,6,14,19,20,22,28,33,36,41],"killed_by":"Shield and Spear","ascension_level":6}}