{"host":"jpzdg3po3tjxdjri","time":1610139038,"event":{"mods":["BaseMod","Better Third Choice","Colored Map","Colored Powertips","Minty Spire (QoL Compilation)","StSLib"],"gold_per_floor":[113,130,58,70,83,117,117,133,133,163,181,181,192,207,207,285,285,304,304,304,33,48,48,79,16,43,71,71,71,84,96,96,174,174,189,206,206,224,16,16,49,49,49,49,23,23,38,38,38],"floor_reached":48,"playtime":1589,"items_purged":["Shame","Writhe"],"score":878,"play_id":"82f8948d-09bc-4793-b73a-489ada729ee5","local_time":"20210108205038","is_ascension_mode":true,"campfire_choices":[{"data":"Fiend Fire","floor":7,"key":"SMITH"},{"data":"Immolate","floor":12,"key":"SMITH"},{"data":"Inflame","floor":15,"key":"SMITH"},{"data":"Metallicize","floor":23,"key":"SMITH"},{"floor":29,"key":"REST"},{"data":"Feel No Pain","floor":32,"key":"SMITH"},{"data":"Perfected Strike","floor":40,"key":"SMITH"},{"floor":42,"key":"REST"},{"data":"Armaments","floor":44,"key":"SMITH"}],"circlet_count":0,"master_deck":["AscendersBane","Strike_R+1","Strike_R+1","Strike_R+1","Strike_R+1","Strike_R+1","Defend_R+1","Defend_R+1","Defend_R+1","Defend_R+1","Bash","Fiend Fire+1","Sentinel","Armaments+1","Fire Breathing","Metallicize","Immolate+1","Twin Strike+1","Perfected Strike","Flex","Metallicize+1","Inflame+1","Immolate","Pommel Strike","Perfected Strike+1","True Grit+1","True Grit+1","Pommel Strike","Inflame","Twin Strike","Dark Embrace","Wild Strike","Feel No Pain+1","Offering+1","Headbutt","Iron Wave","Parasite","Exhume+1","Perfected Strike","Fire Breathing","True Grit+1","Shrug It Off+1","Metallicize+1","Blood for Blood+1"],"relics":["Burning Blood","Strawberry","Bottled Flame","Smiling Mask","Philosopher\u0027s Stone","Eternal Feather","Toxic Egg 2","Membership Card","HornCleat","Toy Ornithopter","Whetstone","SacredBark","Anchor","Bottled Lightning","Frozen Egg 2"],"acts_visited":["Exordium","TheCity","TheBeyond"],"potions_floor_usage":[6,24,24,27,33,33,36,47,48],"damage_taken":[{"damage":1,"enemies":"Cultist","floor":1,"turns":4},{"damage":7,"enemies":"Small Slimes","floor":2,"turns":3},{"damage":9,"enemies":"Jaw Worm","floor":4,"turns":4},{"damage":5,"enemies":"Blue Slaver","floor":5,"turns":7},{"damage":20,"enemies":"Gremlin Nob","floor":6,"turns":4},{"damage":3,"enemies":"2 Fungi Beasts","floor":8,"turns":2},{"damage":0,"enemies":"Gremlin Gang","floor":11,"turns":1},{"damage":0,"enemies":"Exordium Wildlife","floor":13,"turns":2},{"damage":15,"enemies":"Large Slime","floor":14,"turns":6},{"damage":53,"enemies":"Hexaghost","floor":16,"turns":10},{"damage":21,"enemies":"2 Thieves","floor":18,"turns":3},{"damage":15,"enemies":"Chosen","floor":22,"turns":5},{"damage":11,"enemies":"Slavers","floor":24,"turns":3},{"damage":46,"enemies":"Book of Stabbing","floor":27,"turns":5},{"damage":0,"enemies":"3 Cultists","floor":30,"turns":3},{"damage":26,"enemies":"Snake Plant","floor":31,"turns":3},{"damage":58,"enemies":"Collector","floor":33,"turns":12},{"damage":15,"enemies":"Orb Walker","floor":35,"turns":3},{"damage":21,"enemies":"3 Darklings","floor":36,"turns":6},{"damage":41,"enemies":"Writhing Mass","floor":38,"turns":7},{"damage":45,"enemies":"Reptomancer","floor":41,"turns":6},{"damage":43,"enemies":"Maw","floor":47,"turns":10},{"damage":70,"enemies":"Giant Head","floor":48,"turns":7}],"seed_played":"-5020853430236152732","potions_obtained":[{"floor":2,"key":"Block Potion"},{"floor":6,"key":"Block Potion"},{"floor":11,"key":"Explosive Potion"},{"floor":24,"key":"DistilledChaos"},{"floor":27,"key":"Weak Potion"},{"floor":30,"key":"Dexterity Potion"},{"floor":35,"key":"GamblersBrew"},{"floor":36,"key":"ElixirPotion"},{"floor":47,"key":"ColorlessPotion"}],"is_trial":false,"path_per_floor":["M","M","$","M","M","E","R","M","T","?","M","R","M","M","R","B",null,"M","?","?","$","M","R","E","$","T","E","?","R","M","M","R","B",null,"M","M","?","M","$","R","E","R","T","R","$","?","M","E"],"character_chosen":"IRONCLAD","items_purchased":["Fire Breathing","Perfected Strike","True Grit+1","Membership Card","Inflame","Twin Strike","Perfected Strike","Anchor","Fire Breathing","True Grit+1","Block Potion"],"campfire_rested":2,"item_purchase_floors":[3,21,21,21,25,25,39,39,39,39,45],"current_hp_per_floor":[73,72,72,69,70,63,63,66,66,66,72,72,78,69,69,22,67,52,52,52,52,43,58,53,53,53,18,18,60,66,46,64,22,67,58,48,69,34,34,58,19,67,67,82,82,82,50,0,0],"gold":38,"neow_bonus":"ONE_RANDOM_RARE_CARD","is_daily":false,"chose_seed":false,"campfire_upgraded":7,"win_rate":0.0,"timestamp":1610139038,"path_taken":["M","M","$","M","M","E","R","M","T","?","M","R","M","M","R","BOSS","M","?","?","$","M","R","E","$","T","E","?","R","?","M","R","BOSS","M","M","?","M","$","R","E","R","T","R","$","?","M","E"],"items_purchased_type":["Card","Card","Card","Relic","Card","Card","Card","Relic","Card","Card","Potion"],"build_version":"2020-12-22","purchased_purges":2,"victory":false,"max_hp_per_floor":[75,75,75,75,75,82,82,82,82,82,82,82,82,82,82,82,82,82,82,82,82,82,82,82,82,82,82,82,82,82,82,82,82,82,82,82,82,82,82,82,82,82,82,82,82,82,82,82,82],"card_choices":[{"not_picked":["Body Slam","Anger"],"picked":"Sentinel","floor":1},{"not_picked":["Clash","Dropkick"],"picked":"Armaments","floor":2},{"not_picked":["Intimidate","Dual Wield"],"picked":"Metallicize","floor":4},{"not_picked":["Iron Wave","Rupture"],"picked":"Immolate","floor":5},{"not_picked":["True Grit","Rupture"],"picked":"Twin Strike","floor":6},{"not_picked":["Entrench","Wild Strike"],"picked":"Perfected Strike","floor":8},{"not_picked":["Armaments","Disarm"],"picked":"Flex","floor":11},{"not_picked":["Battle Trance","Uppercut"],"picked":"Metallicize","floor":13},{"not_picked":["Heavy Blade","Demon Form"],"picked":"Inflame","floor":14},{"not_picked":["Offering","Berserk"],"picked":"Immolate","floor":16},{"not_picked":["True Grit","Dual Wield+1"],"picked":"Pommel Strike","floor":18},{"not_picked":["Pummel","Entrench+1"],"picked":"True Grit+1","floor":22},{"not_picked":["Dual Wield+1","Rage+1"],"picked":"Pommel Strike","floor":24},{"not_picked":["Bloodletting+1","Barricade"],"picked":"Dark Embrace","floor":27},{"not_picked":["Anger+1","Searing Blow"],"picked":"Wild Strike","floor":30},{"not_picked":["Headbutt","Armaments+1"],"picked":"Feel No Pain","floor":31},{"not_picked":["Fiend Fire","Bludgeon"],"picked":"Offering+1","floor":33},{"not_picked":["Havoc+1","Sword Boomerang"],"picked":"Headbutt","floor":35},{"not_picked":["Spot Weakness+1","Clash+1"],"picked":"Iron Wave","floor":36},{"not_picked":["Dropkick","Searing Blow"],"picked":"Exhume+1","floor":38},{"not_picked":["Sever Soul","Infernal Blade+1"],"picked":"Shrug It Off+1","floor":41},{"not_picked":["Second Wind+1","Body Slam+1"],"picked":"Blood for Blood+1","floor":47}],"player_experience":825687,"relics_obtained":[{"floor":6,"key":"Strawberry"},{"floor":9,"key":"Bottled Flame"},{"floor":24,"key":"HornCleat"},{"floor":26,"key":"Toy Ornithopter"},{"floor":27,"key":"Whetstone"},{"floor":41,"key":"Bottled Lightning"},{"floor":43,"key":"Frozen Egg 2"}],"event_choices":[{"damage_healed":0,"gold_gain":30,"player_choice":"Searched \u00273\u0027 times","damage_taken":0,"relics_obtained":["Smiling Mask"],"max_hp_gain":0,"max_hp_loss":0,"event_name":"Dead Adventurer","floor":10,"gold_loss":0},{"damage_healed":0,"gold_gain":0,"player_choice":"Stole Relic","damage_taken":0,"relics_obtained":["Eternal Feather"],"max_hp_gain":0,"max_hp_loss":0,"event_name":"Addict","floor":19,"gold_loss":0,"cards_obtained":["Shame"]},{"damage_healed":0,"gold_gain":0,"player_choice":"Opened","damage_taken":0,"relics_obtained":["Toxic Egg 2"],"max_hp_gain":0,"max_hp_loss":0,"event_name":"The Mausoleum","floor":20,"gold_loss":0},{"damage_healed":0,"gold_gain":0,"player_choice":"Simplicity","damage_taken":0,"max_hp_gain":0,"max_hp_loss":8,"event_name":"betterThird:BetterWriting","floor":28,"gold_loss":0},{"damage_healed":21,"gold_gain":0,"player_choice":"Writhe","damage_taken":0,"max_hp_gain":0,"max_hp_loss":0,"event_name":"Winding Halls","floor":37,"gold_loss":0,"cards_obtained":["Writhe"]},{"damage_healed":0,"gold_gain":0,"player_choice":"Copied","damage_taken":0,"max_hp_gain":0,"max_hp_loss":0,"event_name":"Duplicator","floor":46,"gold_loss":0,"cards_obtained":["Metallicize"]}],"is_beta":false,"boss_relics":[{"not_picked":["Black Star","Runic Cube"],"picked":"Philosopher\u0027s Stone"},{"not_picked":["Velvet Choker","Runic Pyramid"],"picked":"SacredBark"}],"items_purged_floors":[21,39],"is_endless":false,"potions_floor_spawned":[2,6,11,14,16,24,27,30,31,35,36,47],"killed_by":"Giant Head","ascension_level":14}}