{"host":"17trt2gvjgnh9jmc","time":1610125839,"event":{"mods":["AchievementEnabler","BaseMod","Bestiary","Colored Map","Minty Spire (QoL Compilation)","Relic Stats"],"gold_per_floor":[113,213,225,235,252,252,286,73,98,129,129,129,129,148,148,148,148],"floor_reached":16,"playtime":1720,"items_purged":["Defend_R"],"score":116,"play_id":"62626cc0-9b35-4444-8bdc-347042db05d7","local_time":"20210108181039","is_ascension_mode":true,"campfire_choices":[{"data":"Iron Wave","floor":6,"key":"SMITH"},{"floor":11,"key":"REST"},{"data":"True Grit","floor":13,"key":"SMITH"},{"data":"True Grit","floor":15,"key":"SMITH"}],"circlet_count":0,"master_deck":["Strike_R","Strike_R","Strike_R","Strike_R","Defend_R","Defend_R","Defend_R+1","Bash","Battle Trance+1","Clash","Iron Wave+1","Hemokinesis","Cleave","True Grit+1","Seeing Red","Wild Strike","True Grit+1","Immolate"],"relics":["Burning Blood","War Paint","Potion Belt","Omamori","Bottled Lightning"],"acts_visited":["Exordium"],"potions_floor_usage":[16,16],"damage_taken":[{"damage":7,"enemies":"2 Louse","floor":1,"turns":3},{"damage":1,"enemies":"Cultist","floor":3,"turns":3},{"damage":0,"enemies":"Small Slimes","floor":4,"turns":3},{"damage":21,"enemies":"Blue Slaver","floor":5,"turns":4},{"damage":31,"enemies":"3 Sentries","floor":7,"turns":8},{"damage":24,"enemies":"Gremlin Nob","floor":10,"turns":4},{"damage":5,"enemies":"Looter","floor":14,"turns":4},{"damage":49,"enemies":"Hexaghost","floor":16,"turns":9}],"seed_played":"3583526260971240124","potions_obtained":[{"floor":4,"key":"Ancient Potion"},{"floor":5,"key":"Explosive Potion"},{"floor":10,"key":"SkillPotion"}],"is_trial":false,"path_per_floor":["M","?","M","M","M","R","E","$","T","E","R","T","R","M","R","B"],"character_chosen":"IRONCLAD","items_purchased":["True Grit","Seeing Red","Wild Strike"],"campfire_rested":1,"item_purchase_floors":[8,8,8],"current_hp_per_floor":[79,79,80,80,65,65,40,40,40,22,46,46,46,47,47,0,0],"gold":148,"neow_bonus":"REMOVE_CARD","is_daily":false,"chose_seed":false,"campfire_upgraded":3,"win_rate":0.0,"timestamp":1610125839,"path_taken":["M","?","M","?","M","R","E","$","T","E","R","?","R","?","R","BOSS"],"items_purchased_type":["Card","Card","Card"],"build_version":"2020-12-22","purchased_purges":1,"victory":false,"max_hp_per_floor":[80,80,80,80,80,80,80,80,80,80,80,80,80,80,80,80,80],"relic_stats":{"counters":[8,38],"War Paint":["Defend_R","Battle Trance"],"obtain_stats":[{"Potion Belt":9,"Omamori":10,"Bottled Lightning":12,"War Paint":7,"Burning Blood":0},{"Potion Belt":5,"Omamori":6,"Bottled Lightning":6,"War Paint":5,"Burning Blood":0},{"Potion Belt":21,"Omamori":25,"Bottled Lightning":25,"War Paint":21,"Burning Blood":0}],"Burning Blood":32},"card_choices":[{"not_picked":["Body Slam","Second Wind"],"picked":"Battle Trance","floor":1},{"not_picked":["Clothesline","Cleave"],"picked":"Clash","floor":3},{"not_picked":["Battle Trance","Perfected Strike"],"picked":"Iron Wave","floor":4},{"not_picked":["Evolve","Clash"],"picked":"Hemokinesis","floor":5},{"not_picked":["Pommel Strike","Combust"],"picked":"Cleave","floor":7},{"not_picked":["Dropkick","Flex"],"picked":"True Grit","floor":10},{"not_picked":["Body Slam","Havoc"],"picked":"Immolate","floor":14}],"player_experience":398098,"relics_obtained":[{"floor":7,"key":"War Paint"},{"floor":9,"key":"Potion Belt"},{"floor":10,"key":"Omamori"},{"floor":12,"key":"Bottled Lightning"}],"event_choices":[{"damage_healed":0,"gold_gain":100,"player_choice":"Gold","damage_taken":0,"max_hp_gain":0,"max_hp_loss":0,"event_name":"Wheel of Change","floor":2,"gold_loss":0}],"is_beta":false,"boss_relics":[],"items_purged_floors":[8],"is_endless":false,"potions_floor_spawned":[4,5,10],"killed_by":"Hexaghost","ascension_level":1}}