{"host":"txhhdwa0hqfs4jhb","time":1610123371,"event":{"mods":["AchievementEnabler","BaseMod","Better Third Choice","Filter the Spire","Minty Spire (QoL Compilation)","Relic Stats","StSLib","Thieving Mod"],"gold_per_floor":[113,113,113,53,78,78,78],"floor_reached":6,"playtime":149,"items_purged":[],"score":58,"play_id":"696ffd38-7c81-42da-b2ed-b04e84bd25b0","local_time":"20210108162931","is_ascension_mode":true,"campfire_choices":[],"circlet_count":0,"master_deck":["AscendersBane","Strike_B","Strike_B","Strike_B","Defend_B","Defend_B","Defend_B","Defend_B","Zap","Dualcast","Sweeping Beam","Consume","Leap"],"relics":["Inserter","Art of War","CeramicFish"],"acts_visited":["Exordium"],"potions_floor_usage":[],"damage_taken":[{"damage":9,"enemies":"2 Louse","floor":1,"turns":4},{"damage":23,"enemies":"Small Slimes","floor":5,"turns":4},{"damage":40,"enemies":"Gremlin Nob","floor":6,"turns":4}],"seed_played":"-2648370593720710147","potions_obtained":[{"floor":1,"key":"Strength Potion"}],"is_trial":false,"path_per_floor":["M","?","?","$","M","E"],"character_chosen":"DEFECT","items_purchased":["Consume"],"campfire_rested":0,"item_purchase_floors":[4],"current_hp_per_floor":[55,48,48,48,25,0,0],"gold":78,"neow_bonus":"BOSS_RELIC","is_daily":false,"chose_seed":false,"campfire_upgraded":0,"win_rate":0.0,"timestamp":1610123371,"path_taken":["M","?","?","$","?","E"],"items_purchased_type":["Card"],"build_version":"2020-12-22","purchased_purges":0,"victory":false,"max_hp_per_floor":[71,71,71,71,71,71,71],"relic_stats":{"Inserter":[6],"counters":[3,12],"CeramicFish":18,"Art of War":[2],"obtain_stats":[{"Inserter":0,"CeramicFish":4,"Art of War":3,"Cracked Core":0},{"Inserter":0,"CeramicFish":1,"Art of War":1,"Cracked Core":0},{"Inserter":0,"CeramicFish":4,"Art of War":4,"Cracked Core":0}]},"card_choices":[{"not_picked":["White Noise","Turbo"],"picked":"Sweeping Beam","floor":1},{"not_picked":["Turbo","Darkness"],"picked":"Leap","floor":5}],"player_experience":222202,"relics_obtained":[],"event_choices":[{"cards_removed":["Strike_B"],"damage_healed":0,"gold_gain":0,"player_choice":"Card Removal","damage_taken":7,"max_hp_gain":0,"max_hp_loss":0,"event_name":"Golden Wing","floor":2,"gold_loss":0},{"damage_healed":0,"gold_gain":0,"player_choice":"Gave Potion","damage_taken":0,"relics_obtained":["Art of War"],"max_hp_gain":0,"max_hp_loss":0,"event_name":"WeMeetAgain","floor":3,"gold_loss":0}],"is_beta":false,"boss_relics":[],"items_purged_floors":[],"is_endless":false,"potions_floor_spawned":[1],"killed_by":"Gremlin Nob","ascension_level":14}}