{"host":"o0q01dgb4z8zpo6o","time":1610068878,"event":{"mods":["BaseMod","GifTheSpireLib","Minty Spire (QoL Compilation)","Relic Stats","StSLib"],"gold_per_floor":[110,120,120,28,40,40,70,70,70],"floor_reached":8,"playtime":342,"items_purged":[],"score":90,"play_id":"0b41ea35-5336-4aa4-ad29-0b96cb312b4d","local_time":"20210107172118","is_ascension_mode":true,"campfire_choices":[{"data":"Madness","floor":6,"key":"SMITH"}],"circlet_count":0,"master_deck":["AscendersBane","Strike_B","Strike_B","Strike_B","Strike_B","Defend_B","Defend_B","Defend_B","Defend_B","Zap+1","Dualcast","Beam Cell","Steam","Madness+1","Rebound","BootSequence"],"relics":["Cracked Core","Unceasing Top","Odd Mushroom"],"acts_visited":["Exordium"],"potions_floor_usage":[7],"damage_taken":[{"damage":5.0,"enemies":"Small Slimes","floor":1.0,"turns":4.0},{"damage":1.0,"enemies":"Cultist","floor":2.0,"turns":3.0},{"damage":10,"enemies":"2 Louse","floor":5,"turns":2},{"damage":11,"enemies":"The Mushroom Lair","floor":7,"turns":3},{"damage":52,"enemies":"Gremlin Nob","floor":8,"turns":4}],"seed_played":"5905351389482270023","potions_obtained":[{"floor":2.0,"key":"Strength Potion"}],"is_trial":false,"path_per_floor":["M","M","?","$","M","R","?","E"],"character_chosen":"DEFECT","items_purchased":["Madness"],"campfire_rested":0,"item_purchase_floors":[4],"current_hp_per_floor":[59,58,58,58,48,48,37,0,0],"gold":70,"neow_bonus":"ONE_RARE_RELIC","is_daily":false,"chose_seed":false,"campfire_upgraded":1,"win_rate":0.0,"timestamp":1610068878,"path_taken":["M","M","?","$","?","R","?","E"],"items_purchased_type":["Card"],"build_version":"2020-12-22","purchased_purges":0,"victory":false,"max_hp_per_floor":[64,64,64,64,64,64,64,64,64],"relic_stats":{"counters":[5,16],"obtain_stats":[{"Odd Mushroom":7,"Cracked Core":0,"Unceasing Top":0},{"Odd Mushroom":4,"Cracked Core":0,"Unceasing Top":0},{"Odd Mushroom":12,"Cracked Core":0,"Unceasing Top":0}],"Unceasing Top":[5]},"card_choices":[{"not_picked":["Sweeping Beam","Coolheaded"],"picked":"Beam Cell","floor":1.0},{"not_picked":["Rebound","Compile Driver"],"picked":"Steam","floor":2.0},{"not_picked":["Undo","Redo"],"picked":"Rebound","floor":5},{"not_picked":["Streamline","Melter"],"picked":"BootSequence","floor":7}],"player_experience":1064041,"relics_obtained":[{"floor":7,"key":"Odd Mushroom"}],"event_choices":[{"damage_healed":0.0,"max_hp_gain":0.0,"max_hp_loss":0.0,"gold_gain":0.0,"event_name":"Upgrade Shrine","player_choice":"Upgraded","floor":3.0,"gold_loss":0.0,"damage_taken":0.0,"cards_upgraded":["Zap"]},{"damage_healed":0,"gold_gain":0,"player_choice":"Fought Mushrooms","damage_taken":0,"max_hp_gain":0,"max_hp_loss":0,"event_name":"Mushrooms","floor":7,"gold_loss":0}],"is_beta":false,"boss_relics":[],"items_purged_floors":[],"is_endless":false,"potions_floor_spawned":[2],"killed_by":"Gremlin Nob","ascension_level":19}}