{"host":"wvaiab5ya9pyia0u","time":1610132426,"event":{"mods":["2.2 Compatiblity","Act Like it!","Aspiration","Bard","BaseMod","Bestiary","BetterRewards","Challenge The Spire","Colored Powertips","Conspire","Custom Start","DeckTracker","Hermit","Highlight Path","Hubris","Humility","Infinite Spire","Lobotomy","Mimic Mod","Minty Spire (QoL Compilation)","Pale of the Ancients","Practice Mode","Quarter Circle Forward PUNCH!","Quick Restart","Rare Cards Sparkle","Replay The Spire","Reworked Bosses","SacredBarkPlus","Shop Mod","Spicy Shops","StSLib","The Blue Laboratory","The Construct","The Cursed","The Disciple","The Factory","The Hierophant","The Jungle","The Marked","The Mystic","The Runesmith","The Servant 0.9.4","TheBandit","Thieving Mod","Wandering Minibosses","everything is the same but u backflip on backflip","slay the spire mod where everything is the same but ironclad has a cowboy hat"],"gold_per_floor":[110,110,148,167,184,184,204,204,204,204,220,12,12,12,12,20,20],"floor_reached":16,"playtime":620,"items_purged":[],"score":90,"play_id":"bf373d6d-ed11-4445-8a47-ab4feec68292","local_time":"20210108200026","is_ascension_mode":false,"campfire_choices":[{"data":"ReplayTheSpireMod:Limb From Limb","floor":6,"key":"SMITH"},{"floor":10,"key":"REST"},{"data":"Regret","floor":13,"key":"PURGE"},{"data":"Abandon","floor":15,"key":"SMITH"}],"circlet_count":0,"master_deck":["Strike_R+1","Strike_R","Strike_R+1","Strike_R","Strike_R","Defend_R","Defend_R","Defend_R","Defend_R","Bash","Reckless Charge","ReplayTheSpireMod:Splinters","ReplayTheSpireMod:Limb From Limb+1","Headbutt","Abandon+1","Heavy Blade","Warcry","Armaments+1"],"relics":["Burning Blood","aspiration:Nostalgia","m_ScarletBlood","Red Skull","Du-Vu Doll","Peace Pipe","Replay:Bandana"],"acts_visited":["Exordium"],"potions_floor_usage":[],"damage_taken":[{"damage":14.0,"enemies":"Small Slimes","floor":1.0,"turns":6.0},{"damage":12,"enemies":"Jaw Worm","floor":4,"turns":3},{"damage":9,"enemies":"2 Louse","floor":5,"turns":3},{"damage":15,"enemies":"Looter","floor":7,"turns":2},{"damage":9,"enemies":"conspire:2 RoseBushes","floor":11,"turns":4},{"damage":59,"enemies":"The Guardian","floor":16,"turns":10}],"seed_played":"-5355621387925316536","potions_obtained":[{"floor":5,"key":"CultistPotion"},{"floor":7,"key":"BlessingOfTheForge"}],"is_trial":false,"path_per_floor":["M","?","?","M","M","R","M","?","T","R","M","$","R","?","R","B"],"character_chosen":"IRONCLAD","items_purchased":["Replay:Bandana","Armaments"],"campfire_rested":1,"item_purchase_floors":[12,12],"current_hp_per_floor":[72,72,72,66,63,63,54,38,38,62,59,59,59,59,59,0,0],"gold":20,"neow_bonus":"NOSTALGIA","is_daily":false,"chose_seed":false,"campfire_upgraded":2,"win_rate":0.0,"timestamp":1610132426,"path_taken":["M","?","?","M","M","R","M","?","T","R","M","$","R","?","R","BOSS"],"items_purchased_type":["Relic","Card"],"build_version":"2020-12-22","purchased_purges":0,"victory":false,"max_hp_per_floor":[80,80,80,80,80,80,80,80,80,80,80,80,80,80,80,80,80],"card_choices":[{"not_picked":["ReplayTheSpireMod:LeadingStrike","hubris:SharpeningStone"],"picked":"Reckless Charge","floor":1.0},{"not_picked":["Replay:Undeath\u0027s Touch","Seeing Red"],"picked":"ReplayTheSpireMod:Limb From Limb","floor":3},{"not_picked":["Twin Strike","Reckless Charge"],"picked":"Headbutt","floor":4},{"not_picked":["ReplayTheSpireMod:Muscle Training","Anger"],"picked":"Abandon","floor":5},{"not_picked":["Flex","Headbutt"],"picked":"Heavy Blade","floor":7},{"not_picked":["ReplayTheSpireMod:Limb From Limb","Perfected Strike"],"picked":"Warcry","floor":11}],"player_experience":230748,"relics_obtained":[{"floor":3,"key":"Du-Vu Doll"},{"floor":9,"key":"Peace Pipe"}],"event_choices":[{"damage_healed":0.0,"max_hp_gain":0.0,"max_hp_loss":0.0,"gold_gain":0.0,"event_name":"Big Fish","player_choice":"Box","floor":2.0,"gold_loss":0.0,"damage_taken":0.0,"relics_obtained":["Red Skull"],"cards_obtained":["Regret"]},{"damage_healed":0,"gold_gain":0,"player_choice":"Entered Light","damage_taken":16,"max_hp_gain":0,"max_hp_loss":0,"event_name":"Shining Light","floor":8,"gold_loss":0,"cards_upgraded":["Strike_R","Strike_R"]}],"is_beta":false,"boss_relics":[],"items_purged_floors":[],"is_endless":false,"potions_floor_spawned":[5,7],"killed_by":"The Guardian","ascension_level":0}}