{"host":"z8galgznf6llawpn","time":1610137137,"event":{"mods":["AchievementEnabler","Act Like it!","Aspiration","BaseMod","Colored Map","Conspire","Defuse TimeMaze Blight","Friendly Minions","GifTheSpireLib","Hubris","Infinite Spire","Minty Spire (QoL Compilation)","Permanent Neow","Replay The Spire","StSLib","Stuff the Spire","Unceasing Turn Reminder"],"gold_per_floor":[118,134,209,209,249,278,295,295,348,373,392,426,426,426,426,531,531,548,548,548,548,562,593,593,622,622,636,636,646,646,676,676,820,920,991,991,1073,1157,1243,1243,1359,1359,1437,1437,1437],"floor_reached":44,"playtime":4577,"items_purged":[],"score":775,"play_id":"588659a2-8ace-4543-83b7-e8d4267cf6eb","local_time":"20210108151857","is_ascension_mode":true,"campfire_choices":[{"floor":8.0,"key":"REST"},{"data":"Electrodynamics","floor":13.0,"key":"SMITH"},{"floor":15.0,"key":"REST"},{"data":"Hologram","floor":24.0,"key":"SMITH"},{"data":"Limit Break","floor":32.0,"key":"SMITH"},{"data":"ReplayTheSpireMod:Fabricate Wheel","floor":40.0,"key":"SMITH"},{"floor":42,"key":"REST"}],"circlet_count":0,"master_deck":["Strike_B+1","Strike_B+1","Strike_B+1","Strike_B+1","Defend_B+1","Defend_B+1","Defend_B+1","Defend_B+1","Zap+1","Dualcast","Fusion+1","Hologram+1","Electrodynamics+1","hubris:Ukulele","Machine Learning","Capacitor","Conserve Battery","Thunderclap+1","Limit Break+1","Flying Knee+1","StuffTheSpire:LaunchingStrike","Disarm","Burst","Panacea","Replay:BluntJabs+1","Fluid Movement+1","Meteor Strike","Footwork+1","hubris:DuctTapeCard"],"relics":["Cracked Core","Replay:Baseball","Boot","Potion Belt","Vajra","Bottled Tornado","Honey Jar","PrismaticShard","aspiration:HiddenCompartment","Thread and Needle","Geode","hubris:SlimyHat","infinitespire:EvilPickle","Replay:Wanted Poster","Prayer Wheel","StuffTheSpire:Expresso","hubris:DuctTape"],"acts_visited":["Exordium","TheCity","TheBeyond"],"potions_floor_usage":[41,41,41],"damage_taken":[{"damage":1.0,"enemies":"Jaw Worm","floor":1.0,"turns":3.0},{"damage":3.0,"enemies":"Small Slimes","floor":2.0,"turns":3.0},{"damage":17.0,"enemies":"conspire:MimicChest","floor":5.0,"turns":7.0},{"damage":32.0,"enemies":"Gremlin Nob","floor":6.0,"turns":5.0},{"damage":0.0,"enemies":"conspire:RoseBush","floor":7.0,"turns":3.0},{"damage":11.0,"enemies":"Lagavulin","floor":10.0,"turns":4.0},{"damage":3.0,"enemies":"Looter","floor":11.0,"turns":2.0},{"damage":8.0,"enemies":"Replay:BlueRogue","floor":12.0,"turns":4.0},{"damage":41.0,"enemies":"The Guardian","floor":16.0,"turns":11.0},{"damage":2.0,"enemies":"Shell Parasite","floor":18.0,"turns":3.0},{"damage":0.0,"enemies":"conspire:FuzzyDice","floor":22.0,"turns":3.0},{"damage":0.0,"enemies":"Gremlin Leader","floor":23.0,"turns":3.0},{"damage":19.0,"enemies":"Slavers","floor":25.0,"turns":3.0},{"damage":0.0,"enemies":"Centurion and Healer","floor":27.0,"turns":3.0},{"damage":1.0,"enemies":"conspire:HollyBat","floor":29.0,"turns":4.0},{"damage":0.0,"enemies":"conspire:Head Lice","floor":31.0,"turns":3.0},{"damage":25.0,"enemies":"Pondfish","floor":33.0,"turns":5.0},{"damage":0.0,"enemies":"3 Shapes","floor":35.0,"turns":2.0},{"damage":0.0,"enemies":"Orb Walker","floor":37.0,"turns":2.0},{"damage":0.0,"enemies":"Jaw Worm Horde","floor":38.0,"turns":2.0},{"damage":2.0,"enemies":"Sphere and 2 Shapes","floor":39.0,"turns":3.0},{"damage":61,"enemies":"Nightmare","floor":41,"turns":6},{"damage":0,"enemies":"4 Shapes","floor":44,"turns":1}],"seed_played":"-6781902613614368153","potions_obtained":[{"floor":2.0,"key":"Elixir"},{"floor":6.0,"key":"LiquidBronze"},{"floor":7.0,"key":"Fruit Juice"},{"floor":10.0,"key":"Toxic Potion"},{"floor":12.0,"key":"FocusPotion"},{"floor":22.0,"key":"SteroidPotion"},{"floor":23.0,"key":"LifebloodPotion"},{"floor":31.0,"key":"Weak Potion"},{"floor":33.0,"key":"PowerPotion"},{"floor":35.0,"key":"SkillPotion"}],"is_trial":false,"path_per_floor":["M","M","?","?","?","E","M","R","T","E","M","E","R","?","R","B",null,"M","?","?","?","M","E","R","E","T","M","?","M","?","E","R","B",null,"M","?","M","M","M","R","NM","R","T","M"],"character_chosen":"DEFECT","items_purchased":[],"campfire_rested":3,"item_purchase_floors":[],"current_hp_per_floor":[74,71,60,60,43,11,16,40,40,29,26,18,18,18,42,1,80,78,70,70,70,70,70,70,51,51,51,51,50,50,50,50,25,80,80,80,80,80,78,78,17,41,41,41,41],"gold":1437,"neow_bonus":"UPGRADE_CARD","is_daily":false,"chose_seed":false,"campfire_upgraded":4,"win_rate":0.0,"timestamp":1610137137,"path_taken":["M","M","?","?","?","E","?","R","T","E","M","E","R","?","R","BOSS","M","?","?","?","M","E","R","E","T","?","?","M","?","E","R","BOSS","M","?","M","M","M","R","NM","R","T","M"],"items_purchased_type":[],"build_version":"2020-12-22","purchased_purges":0,"victory":false,"max_hp_per_floor":[75,75,75,75,75,75,80,80,80,80,80,80,80,80,80,80,80,80,80,80,80,80,80,80,80,80,80,80,80,80,80,80,80,80,80,80,80,80,80,80,80,80,80,80,80],"card_choices":[{"not_picked":["Redo","Rebound"],"picked":"Fusion","floor":1.0},{"not_picked":["Steam","Cold Snap"],"picked":"Conserve Battery","floor":2.0},{"not_picked":["Stack","StuffTheSpire:Plugnplay"],"picked":"Hologram","floor":5.0},{"not_picked":["Coolheaded","Self Repair"],"picked":"Electrodynamics","floor":6.0},{"not_picked":["Skim","Force Field"],"picked":"hubris:Ukulele","floor":7.0},{"not_picked":["Fusion","BasicCrystalCard","Cold Snap"],"picked":"SKIP","floor":10.0},{"not_picked":["Static Discharge","Heatsinks","BasicCrystalCard"],"picked":"SKIP","floor":11.0},{"not_picked":["Force Field","StuffTheSpire:Plugnplay","StuffTheSpire:GlassShard"],"picked":"SKIP","floor":12.0},{"not_picked":["Electrodynamics","All For One"],"picked":"Machine Learning","floor":16.0},{"not_picked":["StuffTheSpire:Plugnplay","BasicCrystalCard","Hello World"],"picked":"Capacitor","floor":18.0},{"not_picked":["StuffTheSpire:LoadUp+1","Coolheaded+1","Steam+1"],"picked":"Conserve Battery","floor":19.0},{"not_picked":["StuffTheSpire:Injection+1","Consume","Gash"],"picked":"Thunderclap+1","floor":22.0},{"not_picked":["Redo","Replay:Battleflow","BowlingBash"],"picked":"Limit Break","floor":23.0},{"not_picked":["Shrug It Off+1","ReplayTheSpireMod:Reroute Power+1","conspire:ExplosiveBarrier+1"],"picked":"StuffTheSpire:Incantation+1","floor":25.0},{"not_picked":["ReplayReversal","CrushJoints+1","Wild Strike+1"],"picked":"Flying Knee+1","floor":27.0},{"not_picked":["WheelKick","Pray","Cleave"],"picked":"StuffTheSpire:LaunchingStrike","floor":29.0},{"not_picked":["Brutality","Headbutt","Sentinel"],"picked":"Disarm","floor":31.0},{"not_picked":["Phantasmal Killer","MasterReality","infinitespire:Neurotoxin"],"picked":"Burst","floor":33.0},{"not_picked":["ReplayTheSpireMod:Stacked","Static Discharge+1","Deflect"],"picked":"Panacea","floor":35.0},{"not_picked":["Indignation","Second Wind+1","Poisoned Stab+1"],"picked":"ReplayTheSpireMod:Fabricate Wheel","floor":37.0},{"not_picked":["StuffTheSpire:RockThrow+1","Concentrate+1","WaveOfTheHand"],"picked":"Replay:BluntJabs+1","floor":38.0},{"not_picked":["Perfected Strike","Replay:Bootleg Shield Generator+1","Madness+1"],"picked":"Fluid Movement+1","floor":39.0},{"not_picked":["Crescendo+1","Body Slam+1","True Grit"],"picked":"Footwork+1","floor":41}],"player_experience":346962,"relics_obtained":[{"floor":5.0,"key":"Replay:Baseball"},{"floor":6.0,"key":"Boot"},{"floor":9.0,"key":"Potion Belt"},{"floor":10.0,"key":"Vajra"},{"floor":12.0,"key":"Bottled Tornado"},{"floor":19.0,"key":"PrismaticShard"},{"floor":23.0,"key":"aspiration:HiddenCompartment"},{"floor":25.0,"key":"Thread and Needle"},{"floor":26.0,"key":"Geode"},{"floor":31.0,"key":"hubris:SlimyHat"},{"floor":41,"key":"StuffTheSpire:Expresso"},{"floor":43,"key":"hubris:DuctTape"}],"event_choices":[{"damage_healed":0.0,"max_hp_gain":0.0,"max_hp_loss":0.0,"gold_gain":75.0,"event_name":"World of Goop","player_choice":"Gather Gold","floor":3.0,"gold_loss":0.0,"damage_taken":11.0},{"damage_healed":0.0,"max_hp_gain":0.0,"max_hp_loss":0.0,"gold_gain":0.0,"event_name":"conspire:Investor","player_choice":"Leave","floor":14.0,"gold_loss":0.0,"damage_taken":0.0},{"damage_healed":0.0,"max_hp_gain":0.0,"max_hp_loss":0.0,"gold_gain":0.0,"event_name":"Back to Basics","player_choice":"Simplicity","floor":20.0,"gold_loss":0.0,"damage_taken":0.0,"cards_upgraded":["Strike_B","Strike_B","Strike_B","Strike_B","Defend_B","Defend_B","Defend_B","Defend_B"]},{"cards_removed":["Conserve Battery"],"damage_healed":0.0,"max_hp_gain":0.0,"max_hp_loss":0.0,"gold_gain":0.0,"event_name":"Purifier","player_choice":"Purged","floor":21.0,"gold_loss":0.0,"damage_taken":0.0},{"damage_healed":0.0,"max_hp_gain":0.0,"max_hp_loss":0.0,"gold_gain":0.0,"event_name":"Vampires","player_choice":"Ignored","floor":30.0,"gold_loss":0.0,"damage_taken":0.0},{"damage_healed":0.0,"max_hp_gain":0.0,"max_hp_loss":0.0,"gold_gain":0.0,"event_name":"Lab","player_choice":"Got Potions","floor":36.0,"gold_loss":0.0,"damage_taken":0.0}],"is_beta":false,"boss_relics":[{"not_picked":["Abe\u0027s Treasure","Calling Bell"],"picked":"Honey Jar"},{"not_picked":["hubris:TerracottaHorce","Busted Crown"],"picked":"Replay:Wanted Poster"}],"items_purged_floors":[],"is_endless":true,"potions_floor_spawned":[2,6,7,10,12,22,23,31,33,35,39],"killed_by":"4 Shapes","ascension_level":1}}