{"host":"ris23a35wgbcqmkd","time":1610113256,"event":{"mods":["AchievementEnabler","BaseMod","BetterRewards","Colored Map","Colored Powertips","Downfall","Hermit","Minty Spire (QoL Compilation)","Rare Cards Sparkle","Shop Mod","StSLib","The Cursed","The Necromancer","The Wild Card"],"gold_per_floor":[115,127,4,4,18,18,50,50,128,78,78,93,103,23,23,120,120,140,152,152,152,167,167,167],"floor_reached":23,"playtime":695,"items_purged":[],"score":191,"play_id":"3f54661b-dbd1-4402-966f-4445d0a1c689","local_time":"20210108134056","is_ascension_mode":false,"campfire_choices":[{"data":"Summon_Undead","floor":6,"key":"SMITH"},{"floor":11,"key":"REST"},{"data":"Summon_Undead_Army","floor":15,"key":"SMITH"}],"circlet_count":0,"master_deck":["Negative_Energy_Arrows","Bone_Wall","Summon_Undead+1","Detonate_Bones","Bone_Bullets+1","Bone_Armor","Corrupt","Summon_Lich","Summon_Undead_Army+1","Summon_Death_Knight","Slay_Living","Detonate_Bones","Grasp_Heart","Bone_Armory","Grasp_Heart","Shade_Step","Bone_Spikes+1","Summon_Undead+1","Bone_Bullets","Violent_Necrosis","Bone_Armor"],"relics":["Vampire_Amulet","NeowsBlessing","WarpedTongs","Dream Catcher","Mercury Hourglass","Pandora\u0027s Box"],"acts_visited":["Exordium","TheCity"],"potions_floor_usage":[16,23,23],"damage_taken":[{"damage":0,"enemies":"Small Slimes","floor":1,"turns":1},{"damage":0,"enemies":"Cultist","floor":2,"turns":1},{"damage":0,"enemies":"2 Louse","floor":5,"turns":1},{"damage":28,"enemies":"Lagavulin","floor":7,"turns":8},{"damage":2,"enemies":"Large Slime","floor":12,"turns":4},{"damage":12,"enemies":"Blue Slaver","floor":13,"turns":3},{"damage":29,"enemies":"Hexaghost","floor":16,"turns":8},{"damage":20,"enemies":"2 Thieves","floor":18,"turns":4},{"damage":12,"enemies":"3 Byrds","floor":19,"turns":3},{"damage":31,"enemies":"3 Cultists","floor":22,"turns":5},{"damage":64,"enemies":"Gremlin Leader","floor":23,"turns":5}],"seed_played":"-8793054912811236778","potions_obtained":[{"floor":7,"key":"Explosive Potion"},{"floor":13,"key":"ColorlessPotion"},{"floor":19,"key":"Block Potion"},{"floor":22,"key":"GamblersBrew"}],"is_trial":false,"path_per_floor":["M","M","$","?","M","R","E","?","T","?","R","M","M","$","R","B",null,"M","M","?","?","M","E"],"character_chosen":"NECROMANCER","items_purchased":["Detonate_Bones","Bone_Bullets","Summon_Undead_Army"],"campfire_rested":1,"item_purchase_floors":[3,3,14],"current_hp_per_floor":[75,75,75,75,75,75,60,45,45,45,67,69,61,61,61,36,75,65,65,65,65,55,0,0],"gold":167,"neow_bonus":"THREE_ENEMY_KILL","is_daily":false,"chose_seed":false,"campfire_upgraded":2,"win_rate":0.0,"timestamp":1610113256,"path_taken":["M","M","$","?","?","R","E","?","T","?","R","M","M","$","R","BOSS","M","M","?","?","M","E"],"items_purchased_type":["Card","Card","Card"],"build_version":"2020-12-22","purchased_purges":0,"victory":false,"max_hp_per_floor":[75,75,75,75,75,75,75,75,75,75,75,75,75,75,75,75,75,75,75,75,75,75,75,75],"card_choices":[{"not_picked":["Bone_Shift","Blood_Whip"],"picked":"Vampiric_Strike","floor":1},{"not_picked":["Negative_Energy_Shield","Death_Coil"],"picked":"Summon_Undead","floor":2},{"not_picked":["Blood_Curse","Strike_from_Beyond"],"picked":"Bone_Armor","floor":5},{"not_picked":["Negative_Energy_Shield","Necrotic_Claws"],"picked":"Corrupt","floor":7},{"not_picked":["Negative_Energy_Javelin","Shackles_Of_Pain"],"picked":"Summon_Lich","floor":12},{"not_picked":["Scare","Toxic_Smoke_Screen","Death_March_Dance"],"picked":"SKIP","floor":13},{"not_picked":["Requiem","Grasp_Heart"],"picked":"Summon_Death_Knight","floor":16},{"not_picked":["Deaths_Shadow","Blood_Curse"],"picked":"Bone_Spikes+1","floor":18},{"not_picked":["Corrupt","Negative_Energy_Javelin"],"picked":"Summon_Undead+1","floor":19},{"not_picked":["Negative_Energy_Mist","Blood_Curse"],"picked":"Bone_Armor","floor":22}],"player_experience":255849,"relics_obtained":[{"floor":7,"key":"Dream Catcher"},{"floor":9,"key":"Mercury Hourglass"}],"event_choices":[{"damage_healed":0,"gold_gain":0,"player_choice":"Rummage","damage_taken":0,"relics_obtained":["WarpedTongs"],"max_hp_gain":0,"max_hp_loss":0,"event_name":"Accursed Blacksmith","floor":4,"gold_loss":0,"cards_obtained":["Pain"]},{"damage_healed":0,"gold_gain":0,"player_choice":"Entered Light","damage_taken":15,"max_hp_gain":0,"max_hp_loss":0,"event_name":"Shining Light","floor":8,"gold_loss":0,"cards_upgraded":["Strike_W","Bone_Bullets"]},{"cards_removed":["Pain"],"damage_healed":0,"gold_gain":0,"player_choice":"Card Removal","damage_taken":0,"max_hp_gain":0,"max_hp_loss":0,"event_name":"The Cleric","floor":10,"gold_loss":50},{"cards_removed":["Acid_Javelin"],"damage_healed":0,"gold_gain":0,"player_choice":"Elegance","damage_taken":0,"max_hp_gain":0,"max_hp_loss":0,"event_name":"Back to Basics","floor":20,"gold_loss":0},{"damage_healed":0,"gold_gain":0,"cards_transformed":["Blood_for_Blood","Vampiric_Strike"],"player_choice":"Became Test Subject","damage_taken":0,"max_hp_gain":0,"max_hp_loss":0,"event_name":"Drug Dealer","floor":21,"gold_loss":0,"cards_obtained":["Bone_Bullets","Violent_Necrosis"]}],"is_beta":false,"boss_relics":[{"not_picked":["Tiny House","Fusion Hammer"],"picked":"Pandora\u0027s Box"}],"items_purged_floors":[],"is_endless":false,"potions_floor_spawned":[7,13,19,22],"killed_by":"Gremlin Leader","ascension_level":0}}