{"host":"ik8ww1p4uabx5gam","time":1610077023,"event":{"mods":["Always Whale","Aspiration","BaseMod","Better Third Choice","BetterRewards","Colored Map","Conspire","Energized Spire","FetchMod","Hubris","Infinite Spire","Ironclad Rager","Jedi Mod","Minty Spire (QoL Compilation)","Random Character Button","Replay The Spire","Shop Mod","Spicy Shops","Spikes Relics","StSLib","The Blue Laboratory","Wandering Minibosses","??????REMEMod"],"gold_per_floor":[116,154,154,3,0,27,39,71,71,106,119,134,134,154,154,154,154],"floor_reached":16,"playtime":639,"items_purged":[],"score":152,"play_id":"9ab8732f-bbbe-4dae-8bb9-8d1ff05cca86","local_time":"20210107213703","is_ascension_mode":true,"campfire_choices":[{"data":"conspire:DoublingDagger","floor":13,"key":"SMITH"},{"floor":15,"key":"DIG"}],"circlet_count":0,"master_deck":["Strike_G","Strike_G","Strike_G","Strike_G","Strike_G","Defend_G","Defend_G","Defend_G","Defend_G","Defend_G","Survivor","Neutralize","Echo Form","conspire:DoublingDagger+1","conspire:DoublingDagger","Enlightenment","Footwork","Blade Dance","Accuracy"],"relics":["Ring of the Snake","REME_ComplimentaryCards","Replay:PocketPolymizer","Mango","REME_HandOfSuture","StrikeDummy","hubris:TinFlute","jedi:bottledfury","Blue Candle","jedi:shrinkray"],"acts_visited":["Exordium"],"potions_floor_usage":[6,8,10],"damage_taken":[{"damage":2,"enemies":"Cultist","floor":1,"turns":6},{"damage":2,"enemies":"Lagavulin","floor":6,"turns":8},{"damage":0,"enemies":"Small Slimes","floor":7,"turns":2},{"damage":0,"enemies":"Gremlin Nob","floor":8,"turns":3},{"damage":23,"enemies":"Lagavulin","floor":10,"turns":11},{"damage":0,"enemies":"2 Louse","floor":11,"turns":2},{"damage":0,"enemies":"Large Slime","floor":12,"turns":4},{"damage":6,"enemies":"3 Louse","floor":14,"turns":7},{"damage":26,"enemies":"Hexaghost","floor":16,"turns":9}],"seed_played":"5144262809555350625","potions_obtained":[{"floor":1,"key":"SkillPotion"},{"floor":7,"key":"jedi:StrikingPotion"},{"floor":8,"key":"blueLaboratory:TrueEctoplasm"},{"floor":11,"key":"REME_GoldPotion"}],"is_trial":false,"path_per_floor":["M","?","?","$","?","E","M","E","T","E","M","M","R","M","R_BF","B"],"character_chosen":"THE_SILENT","items_purchased":["REME_HandOfSuture"],"campfire_rested":0,"item_purchase_floors":[4],"current_hp_per_floor":[61,50,50,50,56,54,54,54,54,31,31,31,31,25,25,0,0],"gold":154,"neow_bonus":"ONE_RARE_RELIC","is_daily":false,"chose_seed":false,"campfire_upgraded":1,"win_rate":0.0,"timestamp":1610077023,"path_taken":["M","?","?","$","?","E","M","E","T","E","M","M","R","M","R_BF","BOSS"],"items_purchased_type":["Relic"],"build_version":"2020-12-22","purchased_purges":0,"victory":false,"max_hp_per_floor":[63,77,77,77,83,83,83,83,83,83,83,83,83,83,83,83,83],"card_choices":[{"not_picked":["Quick Slash","Backflip"],"picked":"conspire:DoublingDagger","floor":1},{"not_picked":["PiercingWail","Finisher"],"picked":"conspire:DoublingDagger","floor":2},{"not_picked":["conspire:DoublingDagger","Dagger Throw","Acrobatics"],"picked":"SKIP","floor":6},{"not_picked":["Poisoned Stab","Terror","Dodge and Roll"],"picked":"SKIP","floor":7},{"not_picked":["Dagger Spray","Concentrate"],"picked":"Footwork","floor":8},{"not_picked":["infinitespire:Neurotoxin","ReplayTheSpireMod:The Works"],"picked":"Blade Dance","floor":10},{"not_picked":["ReplayTheSpireMod:Tripwire","Expertise"],"picked":"Accuracy","floor":11},{"not_picked":["Reflex","Masterful Stab","Dagger Throw"],"picked":"SKIP","floor":12},{"not_picked":["Dagger Spray","Dodge and Roll","Slice"],"picked":"SKIP","floor":14}],"player_experience":940107,"relics_obtained":[{"floor":2,"key":"Mango"},{"floor":6,"key":"StrikeDummy"},{"floor":8,"key":"hubris:TinFlute"},{"floor":9,"key":"jedi:bottledfury"},{"floor":10,"key":"Blue Candle"},{"floor":15,"key":"jedi:shrinkray"}],"event_choices":[{"damage_healed":0,"gold_gain":0,"player_choice":"Disagree","damage_taken":0,"max_hp_gain":0,"max_hp_loss":0,"event_name":"conspire:LoneGhost","floor":3,"gold_loss":0},{"damage_healed":0,"gold_gain":0,"player_choice":"RENOUNCE","damage_taken":3,"max_hp_gain":0,"max_hp_loss":0,"event_name":"betterThird:BetterSerpent","floor":5,"gold_loss":3,"cards_obtained":["Enlightenment"]}],"is_beta":false,"boss_relics":[],"items_purged_floors":[],"is_endless":false,"potions_floor_spawned":[1,7,8,11],"killed_by":"Hexaghost","ascension_level":1}}