{"host":"l0ccjemsrct3bo1s","time":1610080995,"event":{"mods":["Act Like it!","BaseMod","Gensokyo","Koishi","Lobotomy","LobotomyExtend","Marisa£®ÏF”Í°°ƒß¿Ì…≥£©","Minty Spire (QoL Compilation)","Reimu£®≤©¿ˆ¡È√Œ£©","Remilia£®¿Ÿ√◊¿Ú—«£©","RumiaBox-¬∂√◊Ê´µƒ…Ò√ÿ∫–◊”","StSLib","The Administrix","The Cursed","The Servant 0.9.4","Yakumo Yukari mod","Youmu£®ªÍ∆«—˝√Œ£©","Yuyuko"],"gold_per_floor":[109,109,109,135,135,169,195,195,195,214,229,255,255,255],"floor_reached":13,"playtime":402,"items_purged":[],"score":113,"play_id":"846f57c8-fb59-4d5e-a785-aa1d1b8d1e5d","local_time":"20210108124315","is_ascension_mode":true,"campfire_choices":[{"data":"HumanKnowledgeSword","floor":8,"key":"SMITH"}],"circlet_count":0,"master_deck":["Strike_YM","Strike_YM","Strike_YM","Defend_YM","Defend_YM","Defend_YM","Defend_YM","SlashOfPresentWorld","WheelOfPainOfLivingAndDead","QueenOfHatred","HumanKnowledgeSword+1","Wellcheers","DreamingCurrent","HumanKnowledgeSword","BeautyBeast","QueenBee","TwoHundredYojanaInOneSlash"],"relics":["HalfPhantom","CogitoBucket","LetterFromLob","Omamori","Ancient Tea Set","Golden Idol","Roukanken","Smiling Mask","Mummified Hand","Odd Mushroom"],"acts_visited":["Exordium"],"potions_floor_usage":[6],"damage_taken":[{"damage":1,"enemies":"2 Louse","floor":1,"turns":3},{"damage":20,"enemies":"3 Sentries","floor":6,"turns":7},{"damage":1,"enemies":"Small Slimes","floor":10,"turns":3},{"damage":12,"enemies":"Jaw Worm","floor":11,"turns":3},{"damage":1,"enemies":"The Mushroom Lair","floor":12,"turns":3},{"damage":101,"enemies":"Gremlin Nob","floor":13,"turns":5}],"seed_played":"7158377617550251292","potions_obtained":[{"floor":1,"key":"Explosive Potion"},{"floor":11,"key":"Strength Potion"}],"is_trial":false,"path_per_floor":["M","?","?","T","?","E","T","R","T","M","M","?","E"],"character_chosen":"YOUMU","items_purchased":[],"campfire_rested":0,"item_purchase_floors":[],"current_hp_per_floor":[67,60,57,57,57,49,49,49,49,57,69,69,0,0],"gold":255,"neow_bonus":"","is_daily":false,"chose_seed":false,"campfire_upgraded":1,"win_rate":0.0,"timestamp":1610080995,"path_taken":["M","?","?","?","?","E","?","R","T","?","M","?","E"],"items_purchased_type":[],"build_version":"2020-12-22","purchased_purges":0,"victory":false,"max_hp_per_floor":[75,75,75,75,69,69,69,69,69,69,69,69,69,69],"card_choices":[{"not_picked":["Laetitia","SpiderBud"],"picked":"QueenOfHatred","floor":1},{"not_picked":["SlashOfMeditation","SwordExtraction"],"picked":"HumanKnowledgeSword","floor":1},{"not_picked":["UniverseFragment","NakedNest"],"picked":"Wellcheers","floor":6},{"not_picked":["FlashingScatteredFlowers","DispleasureOfTheSevenHakus","LowerRealmReflectionSlash"],"picked":"SKIP","floor":6},{"not_picked":["MeatLantern","Scorched"],"picked":"DreamingCurrent","floor":10},{"not_picked":["ConstancyOfTheConventionalTruth","CrescentMoonSlash","SlashOfMeditation"],"picked":"SKIP","floor":10},{"not_picked":["ConstancyOfTheConventionalTruth","CrescentMoonSlash","SlashOfMeditation"],"picked":"SKIP","floor":10},{"not_picked":["SwordExtraction","ObsessionSword"],"picked":"HumanKnowledgeSword","floor":11},{"not_picked":["Bloodbath","Scorched"],"picked":"BeautyBeast","floor":11},{"not_picked":["FairyFestival","UniverseFragment"],"picked":"QueenBee","floor":12},{"not_picked":["CrescentMoonSlash","LifeCuttingSword"],"picked":"TwoHundredYojanaInOneSlash","floor":12}],"player_experience":368259,"relics_obtained":[{"floor":1,"key":"LetterFromLob"},{"floor":4,"key":"Ancient Tea Set"},{"floor":6,"key":"Roukanken"},{"floor":7,"key":"Smiling Mask"},{"floor":9,"key":"Mummified Hand"},{"floor":12,"key":"Odd Mushroom"}],"event_choices":[{"cards_removed":["Strike_YM"],"damage_healed":0,"gold_gain":0,"player_choice":"Card Removal","damage_taken":7,"max_hp_gain":0,"max_hp_loss":0,"event_name":"Golden Wing","floor":2,"gold_loss":0},{"damage_healed":0,"gold_gain":0,"player_choice":"Success","damage_taken":3,"relics_obtained":["Omamori"],"max_hp_gain":0,"max_hp_loss":0,"event_name":"Scrap Ooze","floor":3,"gold_loss":0},{"damage_healed":0,"gold_gain":0,"player_choice":"Lose Max HP","damage_taken":0,"relics_obtained":["Golden Idol"],"max_hp_gain":0,"max_hp_loss":6,"event_name":"Golden Idol","floor":5,"gold_loss":0},{"damage_healed":0,"gold_gain":0,"player_choice":"Fought Mushrooms","damage_taken":0,"max_hp_gain":0,"max_hp_loss":0,"event_name":"Mushrooms","floor":12,"gold_loss":0}],"is_beta":false,"boss_relics":[],"items_purged_floors":[],"is_endless":false,"potions_floor_spawned":[1,11],"killed_by":"Gremlin Nob","ascension_level":8}}