{"host":"o0q01dgb4z8zpo6o","time":1610145080,"event":{"mods":["BaseMod","GifTheSpireLib","Minty Spire (QoL Compilation)","Relic Stats","StSLib"],"gold_per_floor":[17,17,17,35,52,52,86,102,148,148,167,39,39,59,59,136,136,113,124,135,135,58,58,58,58],"floor_reached":24,"playtime":1401,"items_purged":["Strike_B"],"score":386,"play_id":"aa8c5e7b-5e47-4935-92a9-535e7e7c5c99","local_time":"20210108143120","is_ascension_mode":true,"campfire_choices":[{"data":"Static Discharge","floor":6,"key":"SMITH"},{"floor":10,"key":"REST"},{"data":"Barrage","floor":13,"key":"SMITH"},{"data":"Coolheaded","floor":15,"key":"SMITH"},{"floor":23,"key":"REST"}],"circlet_count":0,"master_deck":["AscendersBane","Strike_B+1","Strike_B+1","Defend_B","Defend_B","Defend_B","Defend_B","Zap","Dualcast","Static Discharge+1","Coolheaded+1","Defragment+1","Defragment+1","Loop+1","Barrage+1","Undo","Buffer+1","Electrodynamics+1","Leap+1","Shame","Capacitor+1"],"relics":["FrozenCore","Incense Burner","Frozen Egg 2","Whetstone","Ancient Tea Set"],"acts_visited":["Exordium","TheCity"],"potions_floor_usage":[7,16,18],"damage_taken":[{"damage":4,"enemies":"2 Louse","floor":1,"turns":3},{"damage":9,"enemies":"Jaw Worm","floor":4,"turns":4},{"damage":1,"enemies":"Cultist","floor":5,"turns":3},{"damage":22,"enemies":"Gremlin Nob","floor":7,"turns":4},{"damage":13,"enemies":"Gremlin Gang","floor":8,"turns":3},{"damage":2,"enemies":"Looter","floor":11,"turns":3},{"damage":5,"enemies":"2 Fungi Beasts","floor":14,"turns":3},{"damage":13,"enemies":"Hexaghost","floor":16,"turns":10},{"damage":11,"enemies":"2 Thieves","floor":18,"turns":4},{"damage":0,"enemies":"Spheric Guardian","floor":19,"turns":7},{"damage":43,"enemies":"Shelled Parasite and Fungi","floor":20,"turns":5},{"damage":26,"enemies":"Book of Stabbing","floor":24,"turns":4}],"seed_played":"2110295827830672736","potions_obtained":[{"floor":1,"key":"BlessingOfTheForge"},{"floor":3,"key":"Ancient Potion"},{"floor":8,"key":"AttackPotion"},{"floor":14,"key":"DistilledChaos"}],"is_trial":false,"path_per_floor":["M","?","?","M","M","R","E","M","T","R","M","$","R","M","R","B",null,"M","M","M","?","$","R","E"],"character_chosen":"DEFECT","items_purchased":["Barrage","Capacitor+1"],"campfire_rested":2,"item_purchase_floors":[12,22],"current_hp_per_floor":[60,60,60,51,50,50,28,15,15,36,34,34,34,29,29,16,57,46,46,3,3,3,24,0,0],"gold":58,"neow_bonus":"ONE_RARE_RELIC","is_daily":false,"chose_seed":false,"campfire_upgraded":3,"win_rate":0.0,"timestamp":1610145080,"path_taken":["M","?","?","M","M","R","E","M","T","R","M","$","R","?","R","BOSS","M","M","?","?","$","R","E"],"items_purchased_type":["Card","Card"],"build_version":"2020-12-22","purchased_purges":1,"victory":false,"max_hp_per_floor":[71,71,71,71,71,71,71,71,71,71,71,71,71,71,71,71,71,71,71,71,71,71,71,71,71],"relic_stats":{"counters":[12,53],"Whetstone":["Strike_B","Strike_B"],"obtain_stats":[{"Incense Burner":0,"Whetstone":9,"Frozen Egg 2":7,"Cracked Core":0,"Ancient Tea Set":21,"FrozenCore":17},{"Incense Burner":0,"Whetstone":5,"Frozen Egg 2":4,"Cracked Core":0,"Ancient Tea Set":11,"FrozenCore":8},{"Incense Burner":0,"Whetstone":17,"Frozen Egg 2":14,"Cracked Core":0,"Ancient Tea Set":49,"FrozenCore":33}],"FrozenCore":[8]},"card_choices":[{"not_picked":["Consume","Steam Power","Redo"],"picked":"SKIP","floor":1},{"not_picked":["Stack","Redo","Static Discharge"],"picked":"SKIP","floor":4},{"not_picked":["Blizzard","Barrage"],"picked":"Coolheaded","floor":5},{"not_picked":["Multi-Cast","Rebound"],"picked":"Defragment+1","floor":7},{"not_picked":["Leap","Hello World+1"],"picked":"Defragment+1","floor":8},{"not_picked":["Self Repair+1","Coolheaded"],"picked":"Loop+1","floor":11},{"not_picked":["Hologram","White Noise"],"picked":"Undo","floor":14},{"not_picked":["Meteor Strike","Core Surge"],"picked":"Buffer+1","floor":16},{"not_picked":["Rebound","Streamline","Redo"],"picked":"SKIP","floor":18},{"not_picked":["Rebound","Rip and Tear"],"picked":"Electrodynamics+1","floor":19},{"not_picked":["Beam Cell","Skim"],"picked":"Leap+1","floor":20}],"player_experience":1073502,"relics_obtained":[{"floor":7,"key":"Frozen Egg 2"},{"floor":9,"key":"Whetstone"}],"event_choices":[{"damage_healed":0,"gold_gain":0,"cards_transformed":["Strike_B"],"player_choice":"Change","damage_taken":0,"max_hp_gain":0,"max_hp_loss":0,"event_name":"Living Wall","floor":2,"gold_loss":0,"cards_obtained":["Static Discharge"]},{"damage_healed":0,"gold_gain":0,"player_choice":"Got Potions","damage_taken":0,"max_hp_gain":0,"max_hp_loss":0,"event_name":"Lab","floor":3,"gold_loss":0},{"damage_healed":0,"gold_gain":0,"player_choice":"Stole Relic","damage_taken":0,"relics_obtained":["Ancient Tea Set"],"max_hp_gain":0,"max_hp_loss":0,"event_name":"Addict","floor":21,"gold_loss":0,"cards_obtained":["Shame"]}],"is_beta":false,"boss_relics":[{"not_picked":["Fusion Hammer","Nuclear Battery"],"picked":"FrozenCore"}],"items_purged_floors":[12],"is_endless":false,"potions_floor_spawned":[1,5,8,11,14],"killed_by":"Book of Stabbing","ascension_level":19}}