{"host":"c3lc60y5x60jlt1y","time":1610123682,"event":{"mods":["AchievementEnabler","BaseMod","Bestiary","Colored Map","Minty Spire (QoL Compilation)","Quick Restart","StSLib","ojb\u0027s Info Mod"],"gold_per_floor":[118,118,15,15,15,56,80,124,148,148,148],"floor_reached":10,"playtime":2981,"items_purged":[],"score":78,"play_id":"45639ef6-f3bb-46e8-8fd2-10255cc1e837","local_time":"20210108183442","is_ascension_mode":true,"campfire_choices":[],"circlet_count":0,"master_deck":["Strike_B+1","Strike_B","Strike_B","Strike_B","Defend_B","Defend_B+1","Defend_B","Defend_B","Zap+1","Dualcast","Normality","Chrysalis+1","Static Discharge","Capacitor","Coolheaded","Seek","Self Repair","Self Repair"],"relics":["Cracked Core","FaceOfCleric","CeramicFish","War Paint","Lantern","Happy Flower"],"acts_visited":["Exordium"],"potions_floor_usage":[10],"damage_taken":[{"damage":15,"enemies":"Jaw Worm","floor":1,"turns":5},{"damage":24,"enemies":"3 Sentries","floor":6,"turns":6},{"damage":0,"enemies":"Cultist","floor":7,"turns":5},{"damage":2,"enemies":"Lagavulin","floor":8,"turns":10},{"damage":23,"enemies":"3 Sentries","floor":10,"turns":4}],"seed_played":"5774481664426534085","potions_obtained":[{"floor":6,"key":"Dexterity Potion"},{"floor":7,"key":"AttackPotion"}],"is_trial":false,"path_per_floor":["M","?","$","?","?","E","M","E","T","E"],"character_chosen":"DEFECT","items_purchased":["Capacitor","Coolheaded"],"campfire_rested":0,"item_purchase_floors":[3,3],"current_hp_per_floor":[60,60,60,45,33,10,11,17,17,0,0],"gold":148,"neow_bonus":"RANDOM_COLORLESS_2","is_daily":false,"chose_seed":false,"campfire_upgraded":0,"win_rate":0.0,"timestamp":1610123682,"path_taken":["M","?","?","?","?","E","M","E","T","E"],"items_purchased_type":["Card","Card"],"build_version":"2020-12-22","purchased_purges":0,"victory":false,"max_hp_per_floor":[75,75,75,75,75,76,77,78,78,78,78],"card_choices":[{"not_picked":["Mayhem","Panache"],"picked":"Chrysalis","floor":0},{"not_picked":["Streamline","Force Field"],"picked":"Static Discharge","floor":1},{"not_picked":["Go for the Eyes","Conserve Battery"],"picked":"Seek","floor":6},{"not_picked":["Redo","Cold Snap"],"picked":"Self Repair","floor":7},{"not_picked":["Turbo","Ball Lightning"],"picked":"Self Repair","floor":8}],"player_experience":7618237,"relics_obtained":[{"floor":6,"key":"War Paint"},{"floor":8,"key":"Lantern"},{"floor":9,"key":"Happy Flower"}],"event_choices":[{"damage_healed":0,"gold_gain":0,"player_choice":"Trade","damage_taken":0,"relics_obtained":["FaceOfCleric"],"max_hp_gain":0,"max_hp_loss":0,"event_name":"FaceTrader","floor":2,"gold_loss":0},{"damage_healed":0,"gold_gain":0,"player_choice":"Entered Light","damage_taken":15,"max_hp_gain":0,"max_hp_loss":0,"event_name":"Shining Light","floor":4,"gold_loss":0,"cards_upgraded":["Zap","Strike_B"]},{"damage_healed":0,"gold_gain":0,"player_choice":"Success","damage_taken":12,"relics_obtained":["CeramicFish"],"max_hp_gain":0,"max_hp_loss":0,"event_name":"Scrap Ooze","floor":5,"gold_loss":0}],"is_beta":false,"boss_relics":[],"items_purged_floors":[],"is_endless":false,"potions_floor_spawned":[6,7],"killed_by":"3 Sentries","ascension_level":1}}