{"host":"dw2ay8i719i7xlef","time":1610088901,"event":{"mods":["BaseMod","Minty Spire (QoL Compilation)"],"gold_per_floor":[117,136,147,165,165,190,190,200,200,200,200,233,249,269,269,346,346,361,372,386,397,414,449,449,474,474,474,49,49,49,61,61,137,137,152,171,171,189,189,189,224,236,236,236,267,292,292,292,292,292,292,292,38,64,64],"floor_reached":56,"playtime":29052,"items_purged":["Strike_P","Strike_P"],"score":2050,"play_id":"a0625476-60c6-40f3-946d-b6b5acb4d6f0","local_time":"20210108005501","is_ascension_mode":true,"campfire_choices":[{"floor":7.0,"key":"REST"},{"data":"CrushJoints","floor":11.0,"key":"SMITH"},{"data":"SashWhip","floor":15.0,"key":"SMITH"},{"data":"Blasphemy","floor":24.0,"key":"SMITH"},{"data":"CrushJoints","floor":30.0,"key":"SMITH"},{"data":"Protect","floor":32.0,"key":"SMITH"},{"data":"LessonLearned","floor":40.0,"key":"SMITH"},{"data":"1","floor":44,"key":"LIFT"},{"data":"2","floor":47,"key":"LIFT"},{"floor":49,"key":"RECALL"},{"data":"3","floor":52,"key":"LIFT"}],"circlet_count":0,"master_deck":["AscendersBane","Strike_P","Strike_P+1","Defend_P+1","Defend_P","Defend_P+1","Eruption","Vigilance+1","SashWhip+1","CrushJoints+1","EmptyFist+1","Protect+1","DeceiveReality+1","Vault+1","EmptyBody+1","Wireheading+1","Consecrate+1","Blasphemy+1","BowlingBash","EmptyMind","BattleHymn+1","CrushJoints+1","LessonLearned+1","Protect+1","Vault+1","Vault+1","ReachHeaven","EmptyMind+1"],"relics":["Sozu","InkBottle","Frozen Egg 2","Kunai","Eternal Feather","Snecko Eye","Regal Pillow","White Beast Statue","Bag of Marbles","CloakClasp","VioletLotus","Girya","Lantern","CaptainsWheel","Strange Spoon","War Paint"],"acts_visited":["Exordium","TheCity","TheBeyond","TheEnding"],"potions_floor_usage":[],"damage_taken":[{"damage":0.0,"enemies":"Cultist","floor":1.0,"turns":4.0},{"damage":2.0,"enemies":"2 Louse","floor":2.0,"turns":3.0},{"damage":0.0,"enemies":"Small Slimes","floor":3.0,"turns":2.0},{"damage":13.0,"enemies":"Exordium Thugs","floor":4.0,"turns":6.0},{"damage":10.0,"enemies":"Lagavulin","floor":6.0,"turns":7.0},{"damage":1.0,"enemies":"Blue Slaver","floor":8.0,"turns":5.0},{"damage":3.0,"enemies":"3 Sentries","floor":12.0,"turns":10.0},{"damage":0.0,"enemies":"Gremlin Gang","floor":13.0,"turns":9.0},{"damage":0.0,"enemies":"Looter","floor":14.0,"turns":3.0},{"damage":2.0,"enemies":"Hexaghost","floor":16.0,"turns":8.0},{"damage":0.0,"enemies":"Shell Parasite","floor":18.0,"turns":4.0},{"damage":9.0,"enemies":"2 Thieves","floor":19.0,"turns":4.0},{"damage":0.0,"enemies":"Cultist and Chosen","floor":20.0,"turns":3.0},{"damage":0.0,"enemies":"Snecko","floor":21.0,"turns":3.0},{"damage":0.0,"enemies":"Snake Plant","floor":22.0,"turns":2.0},{"damage":15.0,"enemies":"Book of Stabbing","floor":23.0,"turns":6.0},{"damage":14.0,"enemies":"Slavers","floor":25.0,"turns":5.0},{"damage":0.0,"enemies":"Cultist and Chosen","floor":31.0,"turns":5.0},{"damage":0.0,"enemies":"Champ","floor":33.0,"turns":9.0},{"damage":0.0,"enemies":"Orb Walker","floor":35.0,"turns":5.0},{"damage":1.0,"enemies":"3 Shapes","floor":36.0,"turns":7.0},{"damage":0.0,"enemies":"Transient","floor":38.0,"turns":6.0},{"damage":8.0,"enemies":"Nemesis","floor":41.0,"turns":5.0},{"damage":0,"enemies":"Sphere and 2 Shapes","floor":42,"turns":4},{"damage":0,"enemies":"Giant Head","floor":45,"turns":8},{"damage":0,"enemies":"Mind Bloom Boss Battle","floor":46,"turns":6},{"damage":2,"enemies":"Awakened One","floor":50,"turns":15},{"damage":0,"enemies":"Shield and Spear","floor":54,"turns":5},{"damage":54,"enemies":"The Heart","floor":55,"turns":12}],"seed_played":"6307984151992980346","potions_obtained":[],"is_trial":false,"path_per_floor":["M","M","M","M","?","E","R","M","T","?","R","E","M","M","R","B",null,"M","M","M","M","M","E","R","E","T","?","$","?","R","M","R","B",null,"M","M","?","M","?","R","E","M","T","R","E","?","R","?","R","B",null,"R","$","E","B",null],"character_chosen":"WATCHER","items_purchased":["CloakClasp","Protect","Strange Spoon"],"campfire_rested":1,"item_purchase_floors":[28,28,53],"current_hp_per_floor":[61,59,59,46,34,24,44,43,43,43,43,40,40,40,52,50,64,64,55,55,55,55,40,55,41,41,41,41,41,56,56,68,68,68,68,67,67,67,65,65,57,57,57,65,65,65,65,65,65,63,65,65,65,65,11],"gold":64,"neow_bonus":"BOSS_RELIC","is_daily":false,"chose_seed":false,"campfire_upgraded":6,"win_rate":0.0,"timestamp":1610088901,"path_taken":["M","M","M","M","?","E","R","M","T","?","R","E","M","M","R","BOSS","M","M","M","M","?","E","R","E","T","?","?","?","R","?","R","BOSS","M","M","?","M","?","R","E","M","T","R","E","?","R","?","R","BOSS","R","$","E","BOSS"],"items_purchased_type":["Relic","Card","Relic"],"build_version":"2020-12-22","purchased_purges":2,"victory":true,"max_hp_per_floor":[68,68,68,68,68,68,68,68,68,68,68,68,68,68,68,68,68,68,68,68,68,68,68,68,68,68,68,68,68,68,68,68,68,68,68,68,68,68,65,65,65,65,65,65,65,65,65,65,65,65,65,65,65,65,65],"card_choices":[{"not_picked":["Evaluate","Fasting2"],"picked":"SashWhip","floor":1.0},{"not_picked":["SignatureMove","Sanctity"],"picked":"CrushJoints","floor":2.0},{"not_picked":["WaveOfTheHand","Halt"],"picked":"EmptyFist","floor":3.0},{"not_picked":["EmptyBody","Evaluate"],"picked":"Protect","floor":4.0},{"not_picked":["WindmillStrike","Indignation"],"picked":"DeceiveReality","floor":6.0},{"not_picked":["Fasting2+1","Meditate"],"picked":"Vault","floor":8.0},{"not_picked":["Evaluate","Fasting2+1"],"picked":"EmptyBody","floor":12.0},{"not_picked":["CarveReality","BowlingBash"],"picked":"Wireheading+1","floor":13.0},{"not_picked":["SashWhip","BowlingBash"],"picked":"Consecrate","floor":14.0},{"not_picked":["Scrawl","DevaForm+1"],"picked":"Blasphemy","floor":16.0},{"not_picked":["Study+1","Worship"],"picked":"BowlingBash","floor":18.0},{"not_picked":["FollowUp","PathToVictory+1"],"picked":"EmptyMind","floor":19.0},{"not_picked":["CarveReality+1","EmptyBody"],"picked":"BattleHymn+1","floor":20.0},{"not_picked":["MentalFortress+1","Crescendo","SignatureMove+1"],"picked":"SKIP","floor":21.0},{"not_picked":["Pray","ForeignInfluence","Adaptation+1"],"picked":"SKIP","floor":22.0},{"not_picked":["Pray","FlurryOfBlows+1"],"picked":"CrushJoints","floor":23.0},{"not_picked":["Study+1","Fasting2+1","Crescendo"],"picked":"SKIP","floor":25.0},{"not_picked":["FlurryOfBlows+1","EmptyBody","WreathOfFlame"],"picked":"SKIP","floor":31.0},{"not_picked":["Judgement","DeusExMachina"],"picked":"Vault","floor":33.0},{"not_picked":["EmptyFist","FlyingSleeves","EmptyBody+1"],"picked":"SKIP","floor":35.0},{"not_picked":["MentalFortress+1","CarveReality","Nirvana+1"],"picked":"SKIP","floor":36.0},{"not_picked":["Worship+1","ForeignInfluence"],"picked":"ReachHeaven","floor":38.0},{"not_picked":["Fasting2+1","MentalFortress+1","Tantrum"],"picked":"SKIP","floor":41.0},{"not_picked":["Prostrate","FearNoEvil","JustLucky+1"],"picked":"SKIP","floor":42},{"not_picked":["Weave+1","Wallop"],"picked":"EmptyMind+1","floor":45},{"not_picked":["JustLucky","CutThroughFate+1","Consecrate+1"],"picked":"SKIP","floor":54}],"player_experience":1196525,"relics_obtained":[{"floor":6.0,"key":"Frozen Egg 2"},{"floor":9.0,"key":"Kunai"},{"floor":12.0,"key":"Eternal Feather"},{"floor":23.0,"key":"Regal Pillow"},{"floor":25.0,"key":"White Beast Statue"},{"floor":26.0,"key":"Bag of Marbles"},{"floor":41.0,"key":"Girya"},{"floor":45,"key":"Lantern"},{"floor":46,"key":"CaptainsWheel"},{"floor":54,"key":"War Paint"}],"event_choices":[{"damage_healed":0.0,"max_hp_gain":0.0,"max_hp_loss":0.0,"gold_gain":0.0,"event_name":"Scrap Ooze","player_choice":"Success","floor":5.0,"gold_loss":0.0,"damage_taken":12.0,"relics_obtained":["InkBottle"]},{"damage_healed":0.0,"max_hp_gain":0.0,"max_hp_loss":0.0,"gold_gain":0.0,"event_name":"Upgrade Shrine","player_choice":"Upgraded","floor":10.0,"gold_loss":0.0,"damage_taken":0.0,"cards_upgraded":["Vault"]},{"damage_healed":0.0,"max_hp_gain":0.0,"max_hp_loss":0.0,"gold_gain":0.0,"event_name":"The Library","player_choice":"Read","floor":27.0,"gold_loss":0.0,"damage_taken":0.0,"cards_obtained":["LessonLearned"]},{"damage_healed":0.0,"max_hp_gain":0.0,"max_hp_loss":0.0,"gold_gain":0.0,"event_name":"Match and Keep!","player_choice":"1 cards matched","floor":29.0,"gold_loss":0.0,"damage_taken":0.0,"cards_obtained":["Vault"]},{"damage_healed":0.0,"max_hp_gain":0.0,"max_hp_loss":0.0,"gold_gain":0.0,"event_name":"Match and Keep!","player_choice":"1 cards matched","floor":29.0,"gold_loss":0.0,"damage_taken":0.0,"cards_obtained":["Vault"]},{"cards_removed":["Defend_P"],"damage_healed":0.0,"max_hp_gain":0.0,"max_hp_loss":0.0,"gold_gain":0.0,"event_name":"Falling","player_choice":"Removed Skill","floor":37.0,"gold_loss":0.0,"damage_taken":0.0},{"damage_healed":0.0,"max_hp_gain":0.0,"max_hp_loss":3.0,"gold_gain":0.0,"event_name":"Winding Halls","player_choice":"Max HP","floor":39.0,"gold_loss":0.0,"damage_taken":0.0},{"damage_healed":0,"gold_gain":0,"player_choice":"Fight","damage_taken":0,"max_hp_gain":0,"max_hp_loss":0,"event_name":"MindBloom","floor":46,"gold_loss":0},{"damage_healed":0,"gold_gain":0,"player_choice":"Memory 1","damage_taken":0,"max_hp_gain":0,"max_hp_loss":0,"event_name":"SensoryStone","floor":48,"gold_loss":0}],"is_beta":false,"boss_relics":[{"not_picked":["Runic Pyramid","Coffee Dripper"],"picked":"Snecko Eye"},{"not_picked":["Velvet Choker","Tiny House"],"picked":"VioletLotus"}],"items_purged_floors":[28,53],"is_endless":false,"potions_floor_spawned":[3,6,8,14,19,20,22,23,25,31,33,35,36,38,41,42,45,46,54],"ascension_level":14}}