{"host":"0m7uut7ws4kj19nt","time":1610118290,"event":{"mods":["AchievementEnabler","BaseMod","Downfall","Minty Spire (QoL Compilation)","Replay The Spire","StSLib"],"gold_per_floor":[111,121,141,106,124,124,124,124,172,186,106,125,125,143,143,245,245,245,245,245],"floor_reached":19,"playtime":1612,"items_purged":[],"score":179,"play_id":"e89a2a3b-5b7a-49aa-9222-2af0fd8265b8","local_time":"20210108220450","is_ascension_mode":true,"campfire_choices":[{"data":"Sunder","floor":6,"key":"SMITH"},{"data":"Echo Form","floor":8,"key":"SMITH"},{"data":"Ball Lightning","floor":13,"key":"SMITH"},{"floor":15,"key":"REST"}],"circlet_count":0,"master_deck":["Zap","Dualcast","Echo Form+1","Leap","Sunder+1","Ball Lightning+1","Rebound","Coolheaded","Sweeping Beam","Consume","ReplayTheSpireMod:Omega Cannon","Chill","Reboot","Multi-Cast","Lockon","Gash","Static Discharge","Compile Driver","Creative AI"],"relics":["Cracked Core","PreservedInsect","The Courier","Pandora\u0027s Box"],"acts_visited":["Exordium","TheCity"],"potions_floor_usage":[16,18],"damage_taken":[{"damage":0,"enemies":"Cultist","floor":1,"turns":4},{"damage":6,"enemies":"Small Slimes","floor":2,"turns":5},{"damage":18,"enemies":"Jaw Worm","floor":3,"turns":4},{"damage":9,"enemies":"Red Slaver","floor":5,"turns":3},{"damage":0,"enemies":"2 Fungi Beasts","floor":7,"turns":1},{"damage":13,"enemies":"Looter","floor":10,"turns":3},{"damage":14,"enemies":"Blue Slaver","floor":12,"turns":3},{"damage":18,"enemies":"Exordium Thugs","floor":14,"turns":3},{"damage":24,"enemies":"Hexaghost","floor":16,"turns":9},{"damage":39,"enemies":"3 Byrds","floor":18,"turns":4},{"damage":38,"enemies":"Shell Parasite","floor":19,"turns":3}],"seed_played":"-8992112825940836483","potions_obtained":[{"floor":12,"key":"AttackPotion"},{"floor":14,"key":"Strength Potion"}],"is_trial":false,"path_per_floor":["M","M","M","?","M","R","M","R","T","M","?","M","R","M","R","B",null,"M","M"],"character_chosen":"DEFECT","items_purchased":[],"campfire_rested":1,"item_purchase_floors":[],"current_hp_per_floor":[75,69,51,69,60,60,60,60,60,47,47,33,33,15,37,13,75,36,0,0],"gold":245,"neow_bonus":"ONE_RANDOM_RARE_CARD","is_daily":false,"chose_seed":false,"campfire_upgraded":3,"win_rate":0.0,"timestamp":1610118290,"path_taken":["M","?","M","?","M","R","M","R","T","M","?","?","R","M","R","BOSS","M","M"],"items_purchased_type":[],"build_version":"2020-12-22","purchased_purges":0,"victory":false,"max_hp_per_floor":[75,75,75,75,75,75,75,75,75,75,75,75,75,75,75,75,75,75,75,75],"card_choices":[{"not_picked":["Steam","Rip and Tear"],"picked":"Leap","floor":1},{"not_picked":["Sweeping Beam","Force Field"],"picked":"Sunder","floor":2},{"not_picked":["BasicCrystalCard","Chill"],"picked":"Ball Lightning","floor":3},{"not_picked":["Beam Cell","Steam Power"],"picked":"Rebound","floor":5},{"not_picked":["Echo Form","BasicCrystalCard","Leap"],"picked":"SKIP","floor":7},{"not_picked":["Beam Cell","Stack"],"picked":"Coolheaded","floor":10},{"not_picked":["Gash","Leap"],"picked":"Sweeping Beam","floor":12},{"not_picked":["Gash","BootSequence"],"picked":"Consume","floor":14},{"not_picked":["Seek","Meteor Strike"],"picked":"ReplayTheSpireMod:Omega Cannon","floor":16},{"not_picked":["Conserve Battery","Redo","Coolheaded+1"],"picked":"SKIP","floor":18}],"player_experience":113014,"relics_obtained":[{"floor":9,"key":"PreservedInsect"}],"event_choices":[{"damage_healed":18,"gold_gain":0,"player_choice":"Healed","damage_taken":0,"max_hp_gain":0,"max_hp_loss":0,"event_name":"The Cleric","floor":4,"gold_loss":35},{"damage_healed":0,"gold_gain":0,"player_choice":"Paid Gold","damage_taken":0,"relics_obtained":["The Courier"],"max_hp_gain":0,"max_hp_loss":0,"event_name":"WeMeetAgain","floor":11,"gold_loss":80}],"is_beta":false,"boss_relics":[{"not_picked":["Cursed Key","Astrolabe"],"picked":"Pandora\u0027s Box"}],"items_purged_floors":[],"is_endless":false,"potions_floor_spawned":[7,12,14],"killed_by":"Shell Parasite","ascension_level":2}}