{"host":"ylxam20yo7j5dy26","time":1610103699,"event":{"mods":["ATMod(°¢èªMod)","Act Like it!","BaseMod","Conspire","Defuse TimeMaze Blight","Downfall","Gensokyo","Hallownest","Hubris","Infinite Spire","Lobotomy","Minty Spire (QoL Compilation)","Quick Restart","Replay The Spire","Spicy Shops","StSLib","The Cursed","UnlockEverythingMod","vexMod","¡¾ÒÅÎï¿¨ÅÆ¡¿REMEMod"],"gold_per_floor":[99,99,99,99,99,99,124,177,196,228,133,148,148,148,148,148,163,268,268,193,212,122,142,163,163,163,181,181,181,195,238,264,278,316,429,429,429,449,475,79,79,79,79,95,132,164,186,229,258,277,297,297],"floor_reached":53,"playtime":5702,"items_purged":["Regret"],"score":915,"play_id":"8cc6d17e-1282-4b18-a4b5-4993993f0645","local_time":"20210108190139","is_ascension_mode":false,"campfire_choices":[{"data":"AT_Dispersion","floor":1.0,"key":"SMITH"},{"data":"Well Laid Plans","floor":20.0,"key":"SMITH"},{"data":"hexamod:GhostOfSpireFuture+1","floor":37.0,"key":"SMITH"}],"circlet_count":0,"master_deck":["hexamod:Strike+1","hexamod:Strike+1","hexamod:Strike+1","hexamod:Strike+1","hexamod:Defend+1","hexamod:Defend+1","hexamod:Defend+1","hexamod:Sear+1","hexamod:Float+1","AT_Dispersion+1","Well Laid Plans+1","hexamod:NecessarySacrifice+1","hexamod:ShieldOfDarkness+1","hexamod:Firestarter+1","hexamod:TimeWarp+1","hexamod:InspiringFlames+1","hexamod:ShieldOfDarkness+1","hexamod:SpectersWail+1","hexamod:Rewind+1","hexamod:HauntingEcho+1","hexamod:ThermalTransfer+1","hexamod:GhostflameBarrier+1","hexamod:AdvancingGuard+1","hexamod:AdvancingGuard+1","hexamod:RadiantFlame+1","hexamod:GhostOfSpireFuture+2","hexamod:SixthSeal","hexamod:FastForward+1","ReplayTheSpireMod:Book of Names+1","hexamod:BacktrackSmack+1","hexamod:GhostOfSpirePast+1","hexamod:ThirdSeal","hexamod:TimeWarp+1","hexamod:AdvancingGuard+1","hexamod:AdvancingGuard+1","hexamod:HexaLevel+1","hexamod:HexaLevel+1","hexamod:Rewind+1","hexamod:FirstSeal","hexamod:FirstSeal","hexamod:FirstSeal","hexamod:BacktrackSmack+1","hexamod:BacktrackSmack+1","hexamod:FourthSeal","hexamod:GhostOfSpirePast+1","hexamod:SecondSeal","hexamod:SecondSeal","hexamod:ThirdSeal","Parasite","hexamod:VolcanoVisage+1"],"relics":["hexamod:SpiritBrand","AT_ATBox","REME_ComplimentaryCards","downfall:HeartsMalice","AT_ArcaneBoots","AT_BellowingDragoncrestRing","Cursed Key","downfall:HeartBlessingBlue","hexamod:TheBrokenSeal","Replay:Bottled Steam","hubris:Backtick","conspire:InfiniteJournal","AT_TimeSand","REME_HandOfSuture","ReplayFunnel","hexamod:TheBrokenSeal","hexamod:TheBrokenSeal"],"acts_visited":["Exordium","TheCity","TheBeyond"],"potions_floor_usage":[],"damage_taken":[{"damage":0.0,"enemies":"Small Slimes","floor":2.0,"turns":1.0},{"damage":0.0,"enemies":"Jaw Worm","floor":3.0,"turns":1.0},{"damage":0.0,"enemies":"conspire:RoseBush","floor":4.0,"turns":1.0},{"damage":0.0,"enemies":"Large Slime","floor":9.0,"turns":3.0},{"damage":2.0,"enemies":"Lagavulin","floor":10.0,"turns":6.0},{"damage":4.0,"enemies":"downfall:FleeingMerchant","floor":11.0,"turns":4.0},{"damage":0.0,"enemies":"3 Louse","floor":12.0,"turns":3.0},{"damage":0.0,"enemies":"Blue Slaver","floor":17.0,"turns":1.0},{"damage":19.0,"enemies":"downfall:Defect","floor":18.0,"turns":6.0},{"damage":10.0,"enemies":"Shell Parasite","floor":21.0,"turns":7.0},{"damage":12.0,"enemies":"downfall:FleeingMerchant","floor":22.0,"turns":4.0},{"damage":31.0,"enemies":"Snake Plant","floor":23.0,"turns":7.0},{"damage":47.0,"enemies":"3 Cultists","floor":24.0,"turns":7.0},{"damage":11.0,"enemies":"Centurion and Healer","floor":27.0,"turns":5.0},{"damage":0.0,"enemies":"Snecko","floor":30.0,"turns":4.0},{"damage":0.0,"enemies":"conspire:Head Lice","floor":31.0,"turns":7.0},{"damage":2.0,"enemies":"conspire:HollyBat","floor":32.0,"turns":8.0},{"damage":0.0,"enemies":"Chosen and Byrds","floor":33.0,"turns":5.0},{"damage":2.0,"enemies":"Centurion and Healer","floor":34.0,"turns":7.0},{"damage":6.0,"enemies":"downfall:Silent","floor":35.0,"turns":6.0},{"damage":42.0,"enemies":"3 Darklings","floor":38.0,"turns":7.0},{"damage":0.0,"enemies":"3 Shapes","floor":39.0,"turns":3.0},{"damage":9.0,"enemies":"downfall:FleeingMerchant","floor":40.0,"turns":4.0},{"damage":23,"enemies":"Spire Growth","floor":44,"turns":6},{"damage":6,"enemies":"Nemesis","floor":45,"turns":5},{"damage":0,"enemies":"Maw","floor":46,"turns":6},{"damage":7,"enemies":"Jaw Worm Horde","floor":47,"turns":4},{"damage":31,"enemies":"Writhing Mass","floor":48,"turns":7},{"damage":0,"enemies":"Maw","floor":49,"turns":5},{"damage":16,"enemies":"3 Darklings","floor":50,"turns":3},{"damage":13,"enemies":"Writhing Mass","floor":51,"turns":4},{"damage":0,"enemies":"downfall:Ironclad","floor":52,"turns":7}],"seed_played":"-3568662084219456528","potions_obtained":[{"floor":10.0,"key":"Weak Potion"},{"floor":12.0,"key":"DuplicationPotion"},{"floor":18.0,"key":"Weak Potion"},{"floor":21.0,"key":"SkillPotion"},{"floor":23.0,"key":"FairyPotion"},{"floor":23.0,"key":"LiquidMemories"},{"floor":24.0,"key":"Guardian:BlockOnCardUsePotion"},{"floor":24.0,"key":"Swift Potion"},{"floor":27.0,"key":"LifebloodPotion"},{"floor":34.0,"key":"Weak Potion"},{"floor":35.0,"key":"FairyPotion"},{"floor":35.0,"key":"FairyPotion"}],"is_trial":false,"path_per_floor":["R","M","M","M","?","?","T","T","M","E","$","M","?","PTL","PTL","?","M","B",null,"R","M","$","M","M","?","T","M","?","?","M","E","M","M","M","B",null,"R","M","M","$","?","?","T","M","E","M","M","M","M","M","M","B",null],"character_chosen":"THE_SPIRIT","items_purchased":["hexamod:Rewind","AT_TimeSand","REME_HandOfSuture"],"campfire_rested":0,"item_purchase_floors":[11,40,40],"current_hp_per_floor":[70,70,70,70,70,70,70,70,70,68,64,64,64,64,64,64,64,45,70,80,70,58,35,81,60,60,49,49,49,49,49,47,47,45,47,90,90,48,56,63,63,55,55,64,82,100,100,110,110,94,105,110],"gold":297,"neow_bonus":"THREE_ENEMY_KILL","is_daily":false,"chose_seed":false,"campfire_upgraded":3,"win_rate":0.0,"timestamp":1610103699,"path_taken":["R","M","M","M","?","?","T","?","?","E","$","M","?","PTL","PTL","?","M","BOSS","R","M","$","M","M","?","T","M","?","?","M","E","M","M","M","BOSS","R","M","M","$","?","?","T","M","E","?","?","M","M","M","M","BOSS"],"items_purchased_type":["Card","Relic","Relic"],"build_version":"2020-12-22","purchased_purges":1,"victory":true,"max_hp_per_floor":[70,70,70,70,70,70,70,70,70,70,70,70,70,70,70,70,70,70,70,80,80,80,80,90,90,90,90,90,90,90,90,90,90,90,90,90,90,90,90,90,90,90,90,90,90,100,100,110,110,110,110,110],"card_choices":[{"not_picked":["hexamod:Again","hexamod:HeatCrush"],"picked":"hexamod:NecessarySacrifice","floor":2.0},{"not_picked":["hexamod:PhantomFireball","hexamod:GhostShield"],"picked":"hexamod:ShieldOfDarkness","floor":3.0},{"not_picked":["hexamod:NightmareGuise","hexamod:HeatCrush"],"picked":"hexamod:Firestarter","floor":4.0},{"not_picked":["hexamod:RecurringNightmare","hexamod:ThermalTransfer"],"picked":"hexamod:InspiringFlames","floor":9.0},{"not_picked":["hexamod:RainOfEmbers","hexamod:Firestarter"],"picked":"hexamod:ShieldOfDarkness","floor":10.0},{"not_picked":["hexamod:HeatCrush","hexamod:GhostLash"],"picked":"hexamod:SpectersWail","floor":11.0},{"not_picked":["hexamod:PhantomFireball","hexamod:Firestarter","hexamod:NightmareStrike"],"picked":"SKIP","floor":12.0},{"not_picked":["hexamod:HeatMetal","hexamod:RainOfEmbers"],"picked":"hexamod:HauntingEcho","floor":17.0},{"not_picked":["hexamod:TurnItUp","hexamod:ParanormalForm"],"picked":"hexamod:FifthSeal","floor":18.0},{"not_picked":["hexamod:SecondSeal","hexamod:FourthSeal"],"picked":"hexamod:FirstSeal","floor":21.0},{"not_picked":["hexamod:FourthSeal","hexamod:SecondSeal"],"picked":"hexamod:SixthSeal","floor":21.0},{"not_picked":["hexamod:GhostLash","hexamod:Incineration"],"picked":"hexamod:ThermalTransfer+1","floor":21.0},{"not_picked":["hexamod:SixthSeal","hexamod:FourthSeal"],"picked":"hexamod:ThirdSeal","floor":22.0},{"not_picked":["hexamod:ThirdSeal","hexamod:SixthSeal"],"picked":"hexamod:FourthSeal","floor":22.0},{"not_picked":["hexamod:BacktrackSmack","hexamod:ThermalTransfer"],"picked":"hexamod:GhostflameBarrier+1","floor":22.0},{"not_picked":["hexamod:FirstSeal","hexamod:FourthSeal"],"picked":"hexamod:SecondSeal","floor":23.0},{"not_picked":["hexamod:FirstSeal","hexamod:SecondSeal"],"picked":"hexamod:ThirdSeal","floor":23.0},{"not_picked":["hexamod:SecondSeal","hexamod:FourthSeal"],"picked":"hexamod:SixthSeal","floor":23.0},{"not_picked":["hexamod:FirstSeal","hexamod:FourthSeal"],"picked":"hexamod:SixthSeal","floor":23.0},{"not_picked":["hexamod:GhostLash","hexamod:HeatMetal"],"picked":"hexamod:AdvancingGuard+1","floor":23.0},{"not_picked":["hexamod:RainOfEmbers+1","hexamod:ThermalTransfer"],"picked":"hexamod:AdvancingGuard","floor":23.0},{"not_picked":["hexamod:SpectersWail","hexamod:ThermalTransfer"],"picked":"hexamod:RadiantFlame","floor":23.0},{"not_picked":["hexamod:SpectersWail","hexamod:HeatCrush+1","hexamod:Firestarter"],"picked":"SKIP","floor":23.0},{"not_picked":["hexamod:NightmareGuise","hexamod:InspiringFlames+1","hexamod:CatchUp"],"picked":"SKIP","floor":23.0},{"not_picked":["hexamod:HauntingEcho","hexamod:NightmareStrike"],"picked":"hexamod:GhostOfSpireFuture","floor":24.0},{"not_picked":["hexamod:ThirdSeal","hexamod:SecondSeal"],"picked":"hexamod:SixthSeal","floor":24.0},{"not_picked":["hexamod:GhostflameBarrier","hexamod:InspiringFlames"],"picked":"hexamod:FastForward","floor":24.0},{"not_picked":["hexamod:SpectersWail+1","hexamod:GhostShield","hexamod:TurnItUp"],"picked":"SKIP","floor":24.0},{"not_picked":["hexamod:AdvancingGuard","hexamod:InspiringFlames","hexamod:Again"],"picked":"SKIP","floor":24.0},{"not_picked":["ReplayTheSpireMod:Black Plague","ReplayTheSpireMod:Chaos Vortex"],"picked":"ReplayTheSpireMod:Book of Names","floor":25.0},{"not_picked":["hexamod:GhostOfSpireFuture","hexamod:ThermalTransfer"],"picked":"hexamod:ThirdSeal","floor":27.0},{"not_picked":["hexamod:BacktrackSmack","hexamod:GhostLash","hexamod:GhostShield"],"picked":"SKIP","floor":27.0},{"not_picked":["hexamod:PhantomFireball+1","hexamod:BacktrackSmack","hexamod:InspiringFlames"],"picked":"SKIP","floor":27.0},{"not_picked":["hexamod:Firestarter","hexamod:InspiringFlames"],"picked":"hexamod:SecondSeal","floor":30.0},{"not_picked":["hexamod:RetreatToShadows","hexamod:TurnItUp","hexamod:FastForward+1"],"picked":"SKIP","floor":30.0},{"not_picked":["hexamod:BacktrackSmack+1","hexamod:HauntingEcho+1","hexamod:Hexaguard"],"picked":"SKIP","floor":30.0},{"not_picked":["hexamod:BacktrackSmack","hexamod:ThermalTransfer+1","hexamod:SwordOfDarkness+1"],"picked":"SKIP","floor":30.0},{"not_picked":["hexamod:HauntingEcho+1","hexamod:NightmareStrike","hexamod:Again+1"],"picked":"SKIP","floor":30.0},{"not_picked":["hexamod:HeatShield","hexamod:NightmareGuise","hexamod:Again"],"picked":"SKIP","floor":31.0},{"not_picked":["hexamod:GhostShield","hexamod:AdvancingGuard","hexamod:FastForward"],"picked":"SKIP","floor":31.0},{"not_picked":["hexamod:ThermalTransfer","hexamod:GhostLash","hexamod:BurningTouch"],"picked":"SKIP","floor":31.0},{"not_picked":["hexamod:EtherealExpedition","hexamod:NightmareStrike","hexamod:SwordOfDarkness"],"picked":"SKIP","floor":31.0},{"not_picked":["hexamod:BurningTouch","hexamod:RetreatToShadows","hexamod:SpectersWail"],"picked":"SKIP","floor":31.0},{"not_picked":["hexamod:ThermalTransfer","hexamod:HeatCrush+1"],"picked":"hexamod:FifthSeal","floor":32.0},{"not_picked":["hexamod:Hexaguard","hexamod:RetreatToShadows+1"],"picked":"hexamod:SecondSeal","floor":32.0},{"not_picked":["hexamod:NightmareStrike+1","hexamod:BurningTouch","hexamod:RecurringNightmare"],"picked":"SKIP","floor":32.0},{"not_picked":["hexamod:StepThrough","hexamod:HeatCrush","hexamod:RainOfEmbers+1"],"picked":"SKIP","floor":32.0},{"not_picked":["hexamod:RainOfEmbers","hexamod:SpectersWail","hexamod:HeatCrush"],"picked":"SKIP","floor":32.0},{"not_picked":["hexamod:SixthSeal","hexamod:ThirdSeal"],"picked":"hexamod:FourthSeal","floor":33.0},{"not_picked":["hexamod:StepThrough+1","hexamod:NecessarySacrifice+1"],"picked":"hexamod:BacktrackSmack+1","floor":33.0},{"not_picked":["hexamod:EmpoweredFlame","hexamod:FastForward"],"picked":"hexamod:GhostOfSpirePast","floor":33.0},{"not_picked":["hexamod:SecondSeal","hexamod:SixthSeal"],"picked":"hexamod:ThirdSeal","floor":33.0},{"not_picked":["hexamod:RainOfEmbers","hexamod:DynamicBlow+1","hexamod:GhostShield"],"picked":"SKIP","floor":33.0},{"not_picked":["hexamod:BurningTouch","hexamod:SwordOfDarkness+1"],"picked":"hexamod:TimeWarp","floor":34.0},{"not_picked":["hexamod:NightmareStrike","hexamod:RainOfEmbers"],"picked":"hexamod:AdvancingGuard","floor":34.0},{"not_picked":["hexamod:SixthSeal","hexamod:ThirdSeal"],"picked":"hexamod:FirstSeal","floor":34.0},{"not_picked":["hexamod:SixthSeal","hexamod:SecondSeal"],"picked":"hexamod:FourthSeal","floor":34.0},{"not_picked":["hexamod:GhostLash+1","hexamod:RainOfEmbers"],"picked":"hexamod:AdvancingGuard+1","floor":34.0},{"not_picked":["hexamod:GhostflameBarrier","hexamod:NightmareGuise+1","hexamod:Hexaguard"],"picked":"SKIP","floor":34.0},{"not_picked":["hexamod:SecondSeal","hexamod:BacktrackSmack","hexamod:ShieldOfDarkness"],"picked":"SKIP","floor":34.0},{"not_picked":["hexamod:NightmareStrike","hexamod:GhostLash","hexamod:FastForward+1"],"picked":"SKIP","floor":34.0},{"not_picked":["hexamod:ThermalTransfer","hexamod:RainOfEmbers","hexamod:GhostShield+1"],"picked":"SKIP","floor":34.0},{"not_picked":["hexamod:GhostflameBarrier","hexamod:NightmareGuise+1","hexamod:Hexaguard"],"picked":"SKIP","floor":34.0},{"not_picked":["hexamod:SecondSeal","hexamod:BacktrackSmack","hexamod:ShieldOfDarkness"],"picked":"SKIP","floor":34.0},{"not_picked":["hexamod:NightmareStrike","hexamod:GhostLash","hexamod:FastForward+1"],"picked":"SKIP","floor":34.0},{"not_picked":["hexamod:ThermalTransfer","hexamod:RainOfEmbers","hexamod:GhostShield+1"],"picked":"SKIP","floor":34.0},{"not_picked":["hexamod:GhostflameInferno","hexamod:ParanormalForm"],"picked":"hexamod:HexaLevel","floor":35.0},{"not_picked":["hexamod:VolcanoVisage","hexamod:TimeWarp"],"picked":"hexamod:FifthSeal","floor":35.0},{"not_picked":["hexamod:ParanormalForm","hexamod:TurnItUp"],"picked":"hexamod:HexaLevel","floor":35.0},{"not_picked":["hexamod:BacktrackSmack+1","hexamod:NightmareStrike+1"],"picked":"hexamod:Rewind+1","floor":38.0},{"not_picked":["hexamod:SecondSeal","hexamod:ThirdSeal"],"picked":"hexamod:FirstSeal","floor":38.0},{"not_picked":["hexamod:SecondSeal","hexamod:ThirdSeal"],"picked":"hexamod:FirstSeal","floor":38.0},{"not_picked":["hexamod:ThirdSeal","hexamod:SecondSeal"],"picked":"hexamod:FirstSeal","floor":38.0},{"not_picked":["hexamod:FourthSeal","hexamod:SixthSeal"],"picked":"hexamod:FirstSeal","floor":38.0},{"not_picked":["hexamod:GhostOfSpirePresent+1","hexamod:SwordOfDarkness+1","hexamod:ShieldOfDarkness+1"],"picked":"SKIP","floor":38.0},{"not_picked":["hexamod:GhostLash+1","hexamod:SecondSeal","hexamod:SkipABeat+1"],"picked":"SKIP","floor":38.0},{"not_picked":["hexamod:HeatCrush","hexamod:FourthSeal","hexamod:InspiringFlames"],"picked":"SKIP","floor":38.0},{"not_picked":["hexamod:GhostLash","hexamod:RetreatToShadows+1","hexamod:SpectralAdrenaline"],"picked":"SKIP","floor":38.0},{"not_picked":["hexamod:GhostflameBarrier+1","hexamod:SpectersWail+1","hexamod:GhostOfSpirePresent"],"picked":"SKIP","floor":38.0},{"not_picked":["hexamod:HauntingEcho","hexamod:Haunt","hexamod:Firestarter+1"],"picked":"SKIP","floor":38.0},{"not_picked":["hexamod:AdvancingGuard","hexamod:FastForward"],"picked":"hexamod:BacktrackSmack+1","floor":39.0},{"not_picked":["hexamod:HauntingEcho","hexamod:ThermalTransfer","hexamod:SwordOfDarkness"],"picked":"SKIP","floor":39.0},{"not_picked":["hexamod:SwordOfDarkness","hexamod:HauntingEcho","hexamod:BurningTouch+1"],"picked":"SKIP","floor":39.0},{"not_picked":["hexamod:AdvancingGuard","hexamod:InspiringFlames+1","hexamod:Haunt"],"picked":"SKIP","floor":39.0},{"not_picked":["hexamod:SwordOfDarkness","hexamod:Firestarter","hexamod:Haunt+1"],"picked":"SKIP","floor":39.0},{"not_picked":["hexamod:FirstSeal","hexamod:ThirdSeal","hexamod:FourthSeal"],"picked":"SKIP","floor":40.0},{"not_picked":["hexamod:ThirdSeal","hexamod:SecondSeal","hexamod:FirstSeal"],"picked":"SKIP","floor":40.0},{"not_picked":["hexamod:HauntingEcho","hexamod:UnleashSpirits","hexamod:FifthSeal"],"picked":"SKIP","floor":40.0},{"not_picked":["hexamod:GhostShield+1","hexamod:ShieldOfDarkness","hexamod:RainOfEmbers"],"picked":"SKIP","floor":40.0},{"not_picked":["hexamod:SwordOfDarkness+1","hexamod:HeatMetal","hexamod:SearingWound"],"picked":"SKIP","floor":40.0},{"not_picked":["hexamod:NightmareStrike","hexamod:ChargedBarrage+1"],"picked":"hexamod:BacktrackSmack+1","floor":44},{"not_picked":["hexamod:HauntingEcho+1","hexamod:GhostLash+1","hexamod:Firestarter"],"picked":"SKIP","floor":44},{"not_picked":["hexamod:RainOfEmbers","hexamod:RetreatToShadows","hexamod:HauntingEcho+1"],"picked":"SKIP","floor":44},{"not_picked":["hexamod:Hexaguard+1","hexamod:RadiantFlame","hexamod:EmpoweredFlame+1"],"picked":"SKIP","floor":44},{"not_picked":["hexamod:FourthSeal","hexamod:SecondSeal","hexamod:SixthSeal"],"picked":"SKIP","floor":44},{"not_picked":["hexamod:FirstSeal","hexamod:SixthSeal","hexamod:ThirdSeal"],"picked":"SKIP","floor":44},{"not_picked":["hexamod:SecondSeal","hexamod:ShieldOfDarkness+1","hexamod:SpectersWail"],"picked":"SKIP","floor":44},{"not_picked":["hexamod:FirstSeal","hexamod:SixthSeal"],"picked":"hexamod:FourthSeal","floor":45},{"not_picked":["hexamod:BacktrackSmack+1","hexamod:EmpoweringStance"],"picked":"hexamod:GhostOfSpirePast+1","floor":45},{"not_picked":["hexamod:FirstSeal","hexamod:SixthSeal","hexamod:FourthSeal"],"picked":"SKIP","floor":45},{"not_picked":["hexamod:FourthSeal","hexamod:FirstSeal","hexamod:ThirdSeal"],"picked":"SKIP","floor":45},{"not_picked":["hexamod:FourthSeal","hexamod:ThirdSeal","hexamod:FirstSeal"],"picked":"SKIP","floor":45},{"not_picked":["hexamod:HeatShield+1","hexamod:FourthSeal","hexamod:HeatMetal"],"picked":"SKIP","floor":45},{"not_picked":["hexamod:EmpoweringStance","hexamod:PhantomCloak","hexamod:ThermalTransfer+1"],"picked":"SKIP","floor":45},{"not_picked":["hexamod:ThirdSeal","hexamod:FourthSeal"],"picked":"hexamod:SecondSeal","floor":46},{"not_picked":["hexamod:FirstSeal","hexamod:FourthSeal"],"picked":"hexamod:SecondSeal","floor":46},{"not_picked":["hexamod:RecurringNightmare+1","hexamod:NightmareGuise"],"picked":"hexamod:ThirdSeal","floor":46},{"not_picked":["hexamod:SecondSeal","hexamod:SixthSeal","hexamod:ThirdSeal"],"picked":"SKIP","floor":46},{"not_picked":["hexamod:PhantomFireball","hexamod:AdvancingGuard","hexamod:HeatCrush"],"picked":"SKIP","floor":46},{"not_picked":["hexamod:CrushingStance","hexamod:Firestarter","hexamod:Hexaguard+1"],"picked":"SKIP","floor":46},{"not_picked":["hexamod:NightmareGuise+1","hexamod:GhostShield","hexamod:ExtraCrispy+1"],"picked":"SKIP","floor":46},{"not_picked":["hexamod:RecurringNightmare+1","hexamod:ThermalTransfer","hexamod:HauntingEcho"],"picked":"SKIP","floor":47},{"not_picked":["hexamod:GhostLash+1","hexamod:BacktrackSmack+1","hexamod:RecurringNightmare+1"],"picked":"SKIP","floor":47},{"not_picked":["hexamod:EmpoweredFlame+1","hexamod:HauntingEcho+1","hexamod:InspiringFlames+1"],"picked":"SKIP","floor":47},{"not_picked":["hexamod:SkipABeat","hexamod:SoulSteal"],"picked":"hexamod:VolcanoVisage","floor":48},{"not_picked":["hexamod:SecondSeal","hexamod:FourthSeal","hexamod:SixthSeal"],"picked":"SKIP","floor":48},{"not_picked":["hexamod:HauntingEcho+1","hexamod:RainOfEmbers","hexamod:ThermalTransfer"],"picked":"SKIP","floor":48},{"not_picked":["hexamod:HeatShield","hexamod:GhostShield+1","hexamod:AdvancingGuard"],"picked":"SKIP","floor":48},{"not_picked":["hexamod:SwordOfDarkness+1","hexamod:NightmareGuise+1","hexamod:NightmareStrike+1"],"picked":"SKIP","floor":49},{"not_picked":["hexamod:HauntingEcho","hexamod:GhostOfSpirePresent+1","hexamod:BurningTouch"],"picked":"SKIP","floor":49},{"not_picked":["hexamod:HauntingEcho","hexamod:Hexaguard+1","hexamod:AdvancingGuard"],"picked":"SKIP","floor":49},{"not_picked":["hexamod:SpectralAdrenaline","hexamod:TimeOfNeed","hexamod:Firestarter"],"picked":"SKIP","floor":50},{"not_picked":["hexamod:ShieldOfDarkness+1","hexamod:Again+1","hexamod:Hexaguard+1"],"picked":"SKIP","floor":50},{"not_picked":["hexamod:SpectersWail","hexamod:BacktrackSmack","hexamod:Firestarter+1"],"picked":"SKIP","floor":50},{"not_picked":["hexamod:RainOfEmbers","hexamod:DynamicBlow+1","hexamod:NightmareStrike"],"picked":"SKIP","floor":51}],"player_experience":95470,"relics_obtained":[{"floor":8.0,"key":"AT_SpeedBoots"},{"floor":10.0,"key":"AT_BellowingDragoncrestRing"},{"floor":31.0,"key":"Replay:Bottled Steam"},{"floor":45,"key":"ReplayFunnel"}],"event_choices":[{"damage_healed":0.0,"max_hp_gain":0.0,"max_hp_loss":0.0,"gold_gain":0.0,"event_name":"conspire:LoneGhost","player_choice":"Disagree","floor":5.0,"gold_loss":0.0,"damage_taken":0.0},{"damage_healed":0.0,"max_hp_gain":0.0,"max_hp_loss":0.0,"gold_gain":0.0,"event_name":"Back to Basics","player_choice":"Simplicity","floor":29.0,"gold_loss":0.0,"damage_taken":0.0,"cards_upgraded":["hexamod:Strike","hexamod:Strike","hexamod:Defend","hexamod:Defend"]}],"is_beta":false,"boss_relics":[{"not_picked":["vexMod:MegatonBomb","Empty Cage"],"picked":"Cursed Key"},{"not_picked":["REME_DuelDisc","vexMod:ImprovementManual"],"picked":"hubris:Backtick"}],"items_purged_floors":[22],"is_endless":false,"potions_floor_spawned":[10,12,18,21,24,27,31,34,39,44,45,48,49,51],"ascension_level":0}}