{"host":"9709z2dy8v1s63sm","time":1610117058,"event":{"mods":["AchievementEnabler","BaseMod","Minty Spire (QoL Compilation)","StSLib","SuperFastMode"],"gold_per_floor":[110,110,35,84,97,122,140,174,174,74,108,145,157,181,193,310,322,348,360,384,412,435,447,489,511,605,617,639,670,693,731,743,850,862,887,364,376,394,244,244,269,269,269,287,287,314,314,333,333,333,333,333,11,39,39],"floor_reached":56,"playtime":3745,"items_purged":["Strike_G","Defend_G","Strike_G","Strike_G+1","Defend_G"],"score":1591,"play_id":"56e39dcb-e65a-42fd-9a9e-72c126b67fc5","local_time":"20210108234418","is_ascension_mode":true,"campfire_choices":[{"data":"Choke","floor":15.0,"key":"SMITH"},{"data":"A Thousand Cuts","floor":23.0,"key":"SMITH"},{"data":"Well Laid Plans","floor":27.0,"key":"SMITH"},{"data":"Calculated Gamble","floor":32.0,"key":"SMITH"},{"data":"Envenom","floor":40.0,"key":"SMITH"},{"data":"Calculated Gamble","floor":42.0,"key":"SMITH"},{"data":"Adrenaline","floor":45.0,"key":"SMITH"},{"floor":49.0,"key":"RECALL"},{"data":"Adrenaline","floor":52.0,"key":"SMITH"}],"circlet_count":0,"master_deck":["Defend_G+1","Defend_G+1","Defend_G+1","Survivor+1","Neutralize+1","Footwork","Calculated Gamble+1","Well Laid Plans+1","Cloak And Dagger","Adrenaline+1","Calculated Gamble+1","Blade Dance","Choke+1","Adrenaline+1","Backflip+1","Cloak And Dagger","A Thousand Cuts+1","Blade Dance+1","PiercingWail+1","Finisher+1","Envenom+1","Prepared+1","Panacea+1","Acrobatics+1","Accuracy+1","Escape Plan+1","Calculated Gamble+1"],"relics":["Ring of the Snake","NeowsBlessing","War Paint","Turnip","Gremlin Horn","MawBank","Odd Mushroom","Sozu","Nloth\u0027s Gift","Kunai","Toxic Egg 2","Regal Pillow","Empty Cage","Medical Kit","Whetstone","Blue Candle","Bag of Preparation","Membership Card","Anchor","Mummified Hand"],"acts_visited":["Exordium","TheCity","TheBeyond","TheEnding"],"potions_floor_usage":[55,55,55],"damage_taken":[{"damage":0.0,"enemies":"Jaw Worm","floor":1.0,"turns":1.0},{"damage":0.0,"enemies":"Cultist","floor":5.0,"turns":1.0},{"damage":0.0,"enemies":"Gremlin Nob","floor":6.0,"turns":1.0},{"damage":0.0,"enemies":"Small Slimes","floor":7.0,"turns":5.0},{"damage":14.0,"enemies":"3 Sentries","floor":8.0,"turns":13.0},{"damage":4.0,"enemies":"Lagavulin","floor":11.0,"turns":14.0},{"damage":3.0,"enemies":"The Mushroom Lair","floor":12.0,"turns":7.0},{"damage":0.0,"enemies":"2 Fungi Beasts","floor":14.0,"turns":3.0},{"damage":7.0,"enemies":"Hexaghost","floor":16.0,"turns":15.0},{"damage":0.0,"enemies":"3 Byrds","floor":18.0,"turns":4.0},{"damage":1.0,"enemies":"Spheric Guardian","floor":20.0,"turns":6.0},{"damage":0.0,"enemies":"Shelled Parasite and Fungi","floor":21.0,"turns":5.0},{"damage":4.0,"enemies":"Snecko","floor":22.0,"turns":5.0},{"damage":0.0,"enemies":"Gremlin Leader","floor":24.0,"turns":3.0},{"damage":9.0,"enemies":"Sentry and Sphere","floor":25.0,"turns":5.0},{"damage":0.0,"enemies":"3 Cultists","floor":28.0,"turns":3.0},{"damage":0.0,"enemies":"Snecko","floor":29.0,"turns":3.0},{"damage":0.0,"enemies":"Centurion and Healer","floor":30.0,"turns":4.0},{"damage":0.0,"enemies":"Slavers","floor":31.0,"turns":4.0},{"damage":0.0,"enemies":"Champ","floor":33.0,"turns":10.0},{"damage":0.0,"enemies":"Orb Walker","floor":35.0,"turns":1.0},{"damage":0.0,"enemies":"3 Shapes","floor":37.0,"turns":3.0},{"damage":2.0,"enemies":"Spire Growth","floor":38.0,"turns":4.0},{"damage":0.0,"enemies":"Nemesis","floor":41.0,"turns":5.0},{"damage":7.0,"enemies":"Transient","floor":44.0,"turns":5.0},{"damage":0.0,"enemies":"Giant Head","floor":46.0,"turns":5.0},{"damage":1.0,"enemies":"Maw","floor":48.0,"turns":6.0},{"damage":43.0,"enemies":"Donu and Deca","floor":50.0,"turns":7.0},{"damage":0.0,"enemies":"Shield and Spear","floor":54.0,"turns":4.0},{"damage":55,"enemies":"The Heart","floor":55,"turns":8}],"seed_played":"6401045508065076651","potions_obtained":[{"floor":1.0,"key":"Block Potion"},{"floor":6.0,"key":"GhostInAJar"},{"floor":8.0,"key":"Regen Potion"},{"floor":14.0,"key":"EssenceOfSteel"}],"is_trial":false,"path_per_floor":["M","?","$","T","M","E","M","E","T","$","E","?","?","M","R","B",null,"M","?","M","M","M","R","E","M","T","R","M","M","M","E","R","B",null,"M","$","M","M","$","R","E","R","T","M","R","E","?","M","R","B",null,"R","$","E","B",null],"character_chosen":"THE_SILENT","items_purchased":["Prepared+1","Medical Kit","Panacea+1","Whetstone","Membership Card","Anchor"],"campfire_rested":0,"item_purchase_floors":[36,36,36,36,53,53],"current_hp_per_floor":[70,70,70,70,70,70,70,56,56,56,52,49,35,35,35,28,70,70,70,69,69,65,65,65,56,56,56,56,56,56,56,56,56,70,70,70,70,68,68,68,68,68,68,61,61,61,61,60,60,17,70,70,70,70,27],"gold":39,"neow_bonus":"THREE_ENEMY_KILL","is_daily":false,"chose_seed":false,"campfire_upgraded":8,"win_rate":0.0,"timestamp":1610117058,"path_taken":["M","?","$","?","?","E","M","E","T","?","E","?","?","?","R","BOSS","M","?","M","M","M","R","E","M","T","R","M","M","M","E","R","BOSS","M","$","M","?","$","R","E","R","T","M","R","E","?","M","R","BOSS","R","$","E","BOSS"],"items_purchased_type":["Card","Relic","Card","Relic","Relic","Relic"],"build_version":"2020-12-22","purchased_purges":5,"victory":true,"max_hp_per_floor":[70,70,70,70,70,70,70,70,70,70,70,70,70,70,70,70,70,70,70,70,70,70,70,70,70,70,70,70,70,70,70,70,70,70,70,70,70,70,70,70,70,70,70,70,70,70,70,70,70,70,70,70,70,70,70],"card_choices":[{"not_picked":["Flechettes","PiercingWail"],"picked":"Footwork","floor":1.0},{"not_picked":["Finisher","Sucker Punch"],"picked":"Calculated Gamble","floor":5.0},{"not_picked":["Escape Plan","Accuracy"],"picked":"Well Laid Plans","floor":6.0},{"not_picked":["Poisoned Stab","Dodge and Roll"],"picked":"Cloak And Dagger","floor":7.0},{"not_picked":["Dagger Throw","Blade Dance"],"picked":"Adrenaline","floor":8.0},{"not_picked":["Riddle With Holes","Dodge and Roll"],"picked":"Calculated Gamble","floor":11.0},{"not_picked":["Poisoned Stab","Noxious Fumes"],"picked":"Blade Dance","floor":12.0},{"not_picked":["Slice","Dagger Throw"],"picked":"Choke","floor":14.0},{"not_picked":["Storm of Steel","Corpse Explosion"],"picked":"Adrenaline","floor":16.0},{"not_picked":["Flying Knee","Deadly Poison+1"],"picked":"Backflip+1","floor":18.0},{"not_picked":["Bouncing Flask","Slice+1"],"picked":"Cloak And Dagger","floor":20.0},{"not_picked":["Sucker Punch+1","Slice"],"picked":"A Thousand Cuts","floor":21.0},{"not_picked":["Dash","Quick Slash+1","Cloak And Dagger"],"picked":"SKIP","floor":22.0},{"not_picked":["Wraith Form v2","Prepared"],"picked":"Blade Dance+1","floor":24.0},{"not_picked":["Skewer","Outmaneuver","Masterful Stab"],"picked":"SKIP","floor":25.0},{"not_picked":["Sucker Punch","Predator+1","All Out Attack"],"picked":"SKIP","floor":28.0},{"not_picked":["Slice","Outmaneuver+1"],"picked":"PiercingWail+1","floor":29.0},{"not_picked":["Heel Hook","Deflect+1","Bane+1"],"picked":"SKIP","floor":30.0},{"not_picked":["Unload","Dagger Spray+1"],"picked":"Finisher","floor":31.0},{"not_picked":["Burst+1","Venomology+1"],"picked":"Envenom","floor":33.0},{"not_picked":["Dash+1","Flying Knee","Poisoned Stab"],"picked":"SKIP","floor":35.0},{"not_picked":["Quick Slash","PiercingWail+1"],"picked":"Acrobatics+1","floor":37.0},{"not_picked":["Finisher","Dagger Spray"],"picked":"Accuracy+1","floor":38.0},{"not_picked":["Dash","Venomology+1","Calculated Gamble+1"],"picked":"SKIP","floor":41.0},{"not_picked":["Bane","Bouncing Flask+1","Outmaneuver+1"],"picked":"SKIP","floor":44.0},{"not_picked":["Endless Agony","Noxious Fumes"],"picked":"Escape Plan+1","floor":46.0},{"not_picked":["Cloak And Dagger+1","Riddle With Holes","Wraith Form v2"],"picked":"SKIP","floor":48.0},{"not_picked":["Outmaneuver+1","Slice+1"],"picked":"Calculated Gamble+1","floor":54.0}],"player_experience":51194,"relics_obtained":[{"floor":4.0,"key":"Pen Nib"},{"floor":6.0,"key":"War Paint"},{"floor":8.0,"key":"Turnip"},{"floor":9.0,"key":"Gremlin Horn"},{"floor":11.0,"key":"MawBank"},{"floor":12.0,"key":"Odd Mushroom"},{"floor":24.0,"key":"Kunai"},{"floor":26.0,"key":"Toxic Egg 2"},{"floor":31.0,"key":"Regal Pillow"},{"floor":41.0,"key":"Blue Candle"},{"floor":46.0,"key":"Bag of Preparation"},{"floor":54.0,"key":"Mummified Hand"}],"event_choices":[{"damage_healed":0.0,"max_hp_gain":0.0,"max_hp_loss":0.0,"gold_gain":0.0,"event_name":"Accursed Blacksmith","player_choice":"Forge","floor":2.0,"gold_loss":0.0,"damage_taken":0.0,"cards_upgraded":["Neutralize"]},{"damage_healed":0.0,"max_hp_gain":0.0,"max_hp_loss":0.0,"gold_gain":0.0,"event_name":"Mushrooms","player_choice":"Fought Mushrooms","floor":12.0,"gold_loss":0.0,"damage_taken":0.0},{"damage_healed":0.0,"max_hp_gain":0.0,"max_hp_loss":0.0,"gold_gain":0.0,"event_name":"Shining Light","player_choice":"Entered Light","floor":13.0,"gold_loss":0.0,"damage_taken":14.0,"cards_upgraded":["Defend_G","Survivor"]},{"damage_healed":0.0,"max_hp_gain":0.0,"max_hp_loss":0.0,"gold_gain":0.0,"event_name":"N\u0027loth","player_choice":"Traded Relic","floor":19.0,"relics_lost":["Pen Nib"],"gold_loss":0.0,"damage_taken":0.0,"relics_obtained":["Nloth\u0027s Gift"]},{"damage_healed":0.0,"max_hp_gain":0.0,"max_hp_loss":0.0,"gold_gain":0.0,"event_name":"Tomb of Lord Red Mask","player_choice":"Ignored","floor":47.0,"gold_loss":0.0,"damage_taken":0.0}],"is_beta":false,"boss_relics":[{"not_picked":["Tiny House","Velvet Choker"],"picked":"Sozu"},{"not_picked":["Ring of the Serpent","Busted Crown"],"picked":"Empty Cage"}],"items_purged_floors":[3,10,36,39,53],"is_endless":false,"potions_floor_spawned":[1,6,8,14,20,22,24,25,29,30,41,44,46,54],"ascension_level":3}}