{"host":"os7ajuuouznx3pj7","time":1610115634,"event":{"mods":["AchievementEnabler","BaseMod","Bestiary","Block Reminder","Colored Map","Colored Powertips","Keyboard Shortcuts","Minty Spire (QoL Compilation)","Quick Restart","Relic Sorter","Relic Stats","SuperFastMode"],"gold_per_floor":[118,131,147,97,111,111,125,158,233,233,233,252,283,208,208,306,306,318,337,262,272,371,371,406,211,211,238,238,252,264,274,274,377,377,396,415,425,425,475,475,489,489,489,520,539,7,18,45,45,45],"floor_reached":51,"playtime":9714,"items_purged":["Strike_P","Strike_P"],"score":1087,"play_id":"bae26dc9-6cfa-440f-9cb8-1a1de0497940","local_time":"20210108122034","is_ascension_mode":true,"campfire_choices":[{"data":"Eruption","floor":6.0,"key":"SMITH"},{"data":"WindmillStrike","floor":10.0,"key":"SMITH"},{"data":"SandsOfTime","floor":15.0,"key":"SMITH"},{"data":"Establishment","floor":23.0,"key":"SMITH"},{"data":"EmptyFist","floor":28.0,"key":"SMITH"},{"data":"Tantrum","floor":32.0,"key":"SMITH"},{"data":"LessonLearned","floor":40.0,"key":"SMITH"},{"data":"Tantrum","floor":42.0,"key":"SMITH"},{"data":"TalkToTheHand","floor":49.0,"key":"SMITH"}],"circlet_count":0,"master_deck":["Defend_P","Defend_P","Defend_P","Defend_P+1","Eruption+1","Vigilance+1","Tantrum+1","WindmillStrike+1","DeceiveReality+1","SandsOfTime+1","EmptyFist+1","Evaluate","EmptyMind+1","Establishment+1","ThirdEye+1","Wallop+1","FlyingSleeves+1","EmptyBody","Indignation+1","Tantrum+1","EmptyBody+1","FlurryOfBlows+1","LessonLearned+1","TalkToTheHand+1","ClearTheMind+1","Fasting2+1","FlurryOfBlows","FlurryOfBlows+1","JustLucky+1","TalkToTheHand+1","DeceiveReality","Meditate"],"relics":["PureWater","Thread and Needle","MealTicket","Coffee Dripper","War Paint","Lantern","Torii","Oddly Smooth Stone","Mercury Hourglass","Gremlin Horn","Du-Vu Doll","SacredBark","TeardropLocket","Bottled Flame","Molten Egg 2"],"acts_visited":["Exordium","TheCity","TheBeyond"],"potions_floor_usage":[50,50,50,50,50],"damage_taken":[{"damage":0.0,"enemies":"Small Slimes","floor":1.0,"turns":3.0},{"damage":0.0,"enemies":"2 Louse","floor":2.0,"turns":2.0},{"damage":0.0,"enemies":"Cultist","floor":3.0,"turns":2.0},{"damage":0.0,"enemies":"Red Slaver","floor":5.0,"turns":4.0},{"damage":4.0,"enemies":"3 Louse","floor":7.0,"turns":3.0},{"damage":0.0,"enemies":"Lagavulin","floor":8.0,"turns":5.0},{"damage":0.0,"enemies":"Large Slime","floor":12.0,"turns":2.0},{"damage":9.0,"enemies":"Gremlin Nob","floor":13.0,"turns":3.0},{"damage":9.0,"enemies":"Slime Boss","floor":16.0,"turns":4.0},{"damage":0.0,"enemies":"Spheric Guardian","floor":18.0,"turns":3.0},{"damage":1.0,"enemies":"Shell Parasite","floor":19.0,"turns":4.0},{"damage":7.0,"enemies":"Snake Plant","floor":21.0,"turns":3.0},{"damage":4.0,"enemies":"Gremlin Leader","floor":24.0,"turns":3.0},{"damage":22.0,"enemies":"Slavers","floor":27.0,"turns":4.0},{"damage":0.0,"enemies":"3 Cultists","floor":29.0,"turns":4.0},{"damage":0.0,"enemies":"Snecko","floor":30.0,"turns":3.0},{"damage":0.0,"enemies":"Cultist and Chosen","floor":31.0,"turns":3.0},{"damage":0.0,"enemies":"Automaton","floor":33.0,"turns":6.0},{"damage":1.0,"enemies":"3 Darklings","floor":35.0,"turns":3.0},{"damage":8.0,"enemies":"Orb Walker","floor":36.0,"turns":4.0},{"damage":46.0,"enemies":"Writhing Mass","floor":37.0,"turns":7.0},{"damage":0.0,"enemies":"Mind Bloom Boss Battle","floor":39.0,"turns":5.0},{"damage":1.0,"enemies":"3 Darklings","floor":41.0,"turns":5.0},{"damage":1.0,"enemies":"Giant Head","floor":44.0,"turns":8.0},{"damage":0.0,"enemies":"Jaw Worm Horde","floor":45.0,"turns":7.0},{"damage":0.0,"enemies":"Transient","floor":47.0,"turns":5.0},{"damage":0.0,"enemies":"Reptomancer","floor":48.0,"turns":6.0},{"damage":1,"enemies":"Donu and Deca","floor":50,"turns":5}],"seed_played":"4528139272098773731","potions_obtained":[{"floor":3.0,"key":"Strength Potion"},{"floor":7.0,"key":"SkillPotion"},{"floor":13.0,"key":"GamblersBrew"},{"floor":18.0,"key":"Energy Potion"},{"floor":29.0,"key":"Energy Potion"},{"floor":31.0,"key":"Dexterity Potion"},{"floor":33.0,"key":"GamblersBrew"},{"floor":35.0,"key":"FearPotion"},{"floor":44.0,"key":"Explosive Potion"},{"floor":45.0,"key":"EssenceOfSteel"},{"floor":48.0,"key":"EntropicBrew"}],"is_trial":false,"path_per_floor":["M","M","M","?","M","R","M","E","T","R","?","M","E","$","R","B",null,"M","M","?","M","?","R","E","$","T","E","R","M","M","M","R","B",null,"M","M","M","?","?","R","M","R","T","E","M","$","M","E","R","B",null],"character_chosen":"WATCHER","items_purchased":["EmptyBody","FearPotion","TalkToTheHand","DeceiveReality","Bottled Flame","Meditate","Ambrosia"],"campfire_rested":0,"item_purchase_floors":[25,25,46,46,46,46,46],"current_hp_per_floor":[65,65,65,65,65,65,61,61,61,61,54,54,45,45,45,36,63,63,62,62,55,55,55,51,51,51,29,29,29,29,29,29,29,61,60,52,6,6,6,6,5,5,5,4,4,19,19,19,19,18],"gold":45,"neow_bonus":"RANDOM_COMMON_RELIC","is_daily":false,"chose_seed":false,"campfire_upgraded":9,"win_rate":0.0,"timestamp":1610115634,"path_taken":["M","M","M","?","M","R","M","E","T","R","?","?","E","?","R","BOSS","M","M","?","M","?","R","E","$","T","E","R","M","M","M","R","BOSS","M","M","M","?","?","R","M","R","T","E","M","$","M","E","R","BOSS"],"items_purchased_type":["Card","Potion","Card","Card","Relic","Card","Potion"],"build_version":"2020-12-22","purchased_purges":2,"victory":true,"max_hp_per_floor":[72,72,72,72,72,72,72,72,72,72,72,72,72,72,72,72,72,72,72,72,72,72,72,72,72,72,72,72,72,72,72,72,72,72,72,72,72,72,72,72,72,72,72,72,72,72,72,72,72,72],"relic_stats":{"Torii":8,"Gremlin Horn":[21,22],"counters":[28,116],"MealTicket":15,"War Paint":["EmptyMind","DeceiveReality"],"obtain_stats":[{"Lantern":27,"Gremlin Horn":9,"Torii":26,"SacredBark":34,"Oddly Smooth Stone":0,"Thread and Needle":39,"TeardropLocket":43,"War Paint":24,"Mercury Hourglass":8,"Du-Vu Doll":13,"Bottled Flame":46,"MealTicket":44,"Molten Egg 2":48,"Coffee Dripper":17,"PureWater":0},{"Lantern":14,"Gremlin Horn":6,"Torii":13,"SacredBark":18,"Oddly Smooth Stone":0,"Thread and Needle":22,"TeardropLocket":23,"War Paint":13,"Mercury Hourglass":6,"Du-Vu Doll":8,"Bottled Flame":25,"MealTicket":24,"Molten Egg 2":27,"Coffee Dripper":9,"PureWater":0},{"Lantern":45,"Gremlin Horn":19,"Torii":41,"SacredBark":61,"Oddly Smooth Stone":0,"Thread and Needle":80,"TeardropLocket":85,"War Paint":41,"Mercury Hourglass":19,"Du-Vu Doll":24,"Bottled Flame":100,"MealTicket":93,"Molten Egg 2":111,"Coffee Dripper":28,"PureWater":0}],"Mercury Hourglass":[327]},"card_choices":[{"not_picked":["FlyingSleeves","Swivel"],"picked":"Tantrum","floor":1.0},{"not_picked":["Evaluate","CutThroughFate"],"picked":"WindmillStrike","floor":2.0},{"not_picked":["Prostrate","SashWhip"],"picked":"DeceiveReality","floor":3.0},{"not_picked":["ForeignInfluence","Collect"],"picked":"SandsOfTime","floor":5.0},{"not_picked":["PathToVictory","Sanctity"],"picked":"EmptyFist","floor":7.0},{"not_picked":["FollowUp","SignatureMove"],"picked":"Evaluate","floor":8.0},{"not_picked":["SignatureMove","BattleHymn","CarveReality"],"picked":"SKIP","floor":12.0},{"not_picked":["Brilliance","Conclude"],"picked":"EmptyMind","floor":13.0},{"not_picked":["SpiritShield","Judgement"],"picked":"Establishment","floor":16.0},{"not_picked":["WaveOfTheHand","Weave"],"picked":"ThirdEye","floor":18.0},{"not_picked":["CrushJoints","FlyingSleeves","WaveOfTheHand"],"picked":"SKIP","floor":19.0},{"not_picked":["Perseverance","Evaluate"],"picked":"Wallop+1","floor":21.0},{"not_picked":["FlurryOfBlows","PathToVictory+1"],"picked":"FlyingSleeves+1","floor":24.0},{"not_picked":["Establishment","Prostrate"],"picked":"Indignation+1","floor":27.0},{"not_picked":["CutThroughFate","Evaluate"],"picked":"Tantrum","floor":29.0},{"not_picked":["Conclude+1","JustLucky"],"picked":"EmptyBody","floor":30.0},{"not_picked":["WaveOfTheHand","WheelKick"],"picked":"FlurryOfBlows","floor":31.0},{"not_picked":["Scrawl","DevaForm"],"picked":"LessonLearned","floor":33.0},{"not_picked":["Pray","SashWhip","Conclude+1"],"picked":"SKIP","floor":35.0},{"not_picked":["FollowUp","Consecrate+1"],"picked":"TalkToTheHand+1","floor":36.0},{"not_picked":["Sanctity+1","Consecrate"],"picked":"ClearTheMind+1","floor":37.0},{"not_picked":["Prostrate+1","EmptyBody"],"picked":"Fasting2+1","floor":39.0},{"not_picked":["FollowUp+1","Prostrate"],"picked":"FlurryOfBlows","floor":41.0},{"not_picked":["Collect+1","FollowUp"],"picked":"FlurryOfBlows","floor":44.0},{"not_picked":["Devotion","EmptyFist"],"picked":"JustLucky+1","floor":45.0},{"not_picked":["WindmillStrike","Weave","Adaptation+1"],"picked":"SKIP","floor":47.0},{"not_picked":["EmptyFist+1","SashWhip+1","Prostrate+1"],"picked":"SKIP","floor":48.0}],"player_experience":864077,"relics_obtained":[{"floor":8.0,"key":"Mercury Hourglass"},{"floor":9.0,"key":"Gremlin Horn"},{"floor":13.0,"key":"Du-Vu Doll"},{"floor":24.0,"key":"War Paint"},{"floor":26.0,"key":"Torii"},{"floor":27.0,"key":"Lantern"},{"floor":39.0,"key":"Thread and Needle"},{"floor":43.0,"key":"TeardropLocket"},{"floor":44.0,"key":"MealTicket"},{"floor":48.0,"key":"Molten Egg 2"}],"event_choices":[{"cards_removed":["Strike_P"],"damage_healed":0.0,"max_hp_gain":0.0,"max_hp_loss":0.0,"gold_gain":0.0,"event_name":"The Cleric","player_choice":"Card Removal","floor":4.0,"gold_loss":50.0,"damage_taken":0.0},{"damage_healed":0.0,"max_hp_gain":0.0,"max_hp_loss":0.0,"gold_gain":0.0,"event_name":"Wheel of Change","player_choice":"Damaged","floor":11.0,"gold_loss":0.0,"damage_taken":7.0},{"cards_removed":["Strike_P"],"damage_healed":0.0,"max_hp_gain":0.0,"max_hp_loss":0.0,"gold_gain":0.0,"event_name":"Beggar","player_choice":"Gave Gold","floor":20.0,"gold_loss":75.0,"damage_taken":0.0},{"damage_healed":0.0,"max_hp_gain":0.0,"max_hp_loss":0.0,"gold_gain":99.0,"event_name":"Nest","player_choice":"Stole From Cult","floor":22.0,"gold_loss":0.0,"damage_taken":0.0},{"damage_healed":0.0,"max_hp_gain":0.0,"max_hp_loss":0.0,"gold_gain":0.0,"event_name":"Tomb of Lord Red Mask","player_choice":"Ignored","floor":38.0,"gold_loss":0.0,"damage_taken":0.0},{"damage_healed":0.0,"max_hp_gain":0.0,"max_hp_loss":0.0,"gold_gain":0.0,"event_name":"MindBloom","player_choice":"Fight","floor":39.0,"gold_loss":0.0,"damage_taken":0.0}],"is_beta":false,"boss_relics":[{"not_picked":["Black Star","Pandora\u0027s Box"],"picked":"Coffee Dripper"},{"not_picked":["Velvet Choker","Sozu"],"picked":"SacredBark"}],"items_purged_floors":[14,25],"is_endless":false,"potions_floor_spawned":[3,7,13,18,29,31,33,35,44,45,48],"ascension_level":6}}