{"host":"wmm4q2torfc8rajz","time":1610137288,"event":{"mods":["2.2 Compatiblity","Abigail Mod","AchievementEnabler","Act Like it!","Arknights The Spire","BaseMod","Chen","Friendly Minions","HololiveMod","Kiyohime????","Koishi","LagranYue(???·?)","Marisa????????","Minty Spire (QoL Compilation)","Prisma Mod","Rare Cards Sparkle","Reimu??????","Remilia??????","Replay The Spire","StSLib","The Alterego","The Animator","The Servant 0.9.4","TheSwordswoman","Waifu the Spire","WarShipGirlsR/????R mod"],"gold_per_floor":[118,197,213,224,3,37,37,57,134,161,171,182,182,198,198,300,300,314,514,526,542,559,559,590,601,624,624,651,663,693,704,704,804,804,824,841,861,871,416,416,451,466,489,519,519,538,538,538,538,538,538,538,276,302,302],"floor_reached":56,"playtime":7520,"items_purged":[],"score":1310,"play_id":"fff21ef5-12e8-482b-b693-14b4b707f6d6","local_time":"20210108212128","is_ascension_mode":false,"campfire_choices":[{"data":"PrismaMod:ChloeExhaustThree","floor":13,"key":"SMITH"},{"floor":15,"key":"RECALL"},{"data":"PrismaMod:ChloeEyeOfTheEuryale","floor":23,"key":"SMITH"},{"data":"PrismaMod:ChloeDevil","floor":27,"key":"SMITH"},{"floor":32,"key":"REST"},{"data":"PrismaMod:ChloeRhongomyniad","floor":40,"key":"SMITH"},{"floor":45,"key":"REST"},{"data":"PrismaMod:ChloeEyeOfTheEuryale","floor":47,"key":"SMITH"},{"data":"PrismaMod:ChloeExcalibur","floor":49,"key":"SMITH"},{"data":"PrismaMod:ChloeCheapAttackTwo","floor":52,"key":"SMITH"}],"circlet_count":0,"master_deck":["PrismaMod:ChloeCommonAttack","PrismaMod:ChloeCommonAttack","PrismaMod:ChloeCommonAttack","PrismaMod:ChloeCommonAttack","PrismaMod:ChloeCommonAttack","PrismaMod:ChloeCommonDefend","PrismaMod:ChloeCommonDefend","PrismaMod:ChloeCommonDefend","PrismaMod:ChloeCommonDefend","PrismaMod:ChloeCommonDefend","PrismaMod:ChloeCheapAttack","PrismaMod:ChloeCheapDefend+1","PrismaMod:ChloeCheapAttack","PrismaMod:ChloeExhaustOne+1","PrismaMod:ChloeCheapAttackTwo+1","PrismaMod:ChloeUncommonAttack+1","PrismaMod:ChloeDevil+","PrismaMod:ChloeExhaustThree+1","PrismaMod:ChloeEyeOfTheEuryale+1","PrismaMod:ChloeMaid+1","PrismaMod:ChloeCheapDefend+1","PrismaMod:ChloeCheapAttackTwo","PrismaMod:ChloeCheapDefend+1","PrismaMod:ChloeCarnivalAttack","PrismaMod:ChloeExhaustOne+1","PrismaMod:ChloeExhaustTwo+1","PrismaMod:ChloeExhaustOne+1","PrismaMod:ChloeCheapDefend+1","PrismaMod:ChloeDevil","PrismaMod:ChloeExhaustTwo+1","PrismaMod:ChloeExcalibur+1","PrismaMod:ChloeChristmas+1","PrismaMod:ChloeRhongomyniad+1","PrismaMod:ChloeExcalibur+1","PrismaMod:ChloeAnyUncommonTrace+1","PrismaMod:ChloeCheapAttack+1","PrismaMod:ChloeGaeBolg","PrismaMod:ChloeEyeOfTheEuryale+1","PrismaMod:ChloeUnlimitedBladeWorks+1","PrismaMod:ChloeCheapDefend+1","PrismaMod:ChloeGreatTracePools+1","PrismaMod:ChloeRhongomyniad+1","PrismaMod:ChloeChristmas+1","PrismaMod:ChloeAnyPowerTrace+1","PrismaMod:ChloeDemonicTutor+1","PrismaMod:ChloeCheapDefendTwo+1","PrismaMod:ChloeExhaustOne+1"],"relics":["PrismaMod:PrismaTraceOnUpgrade","LagranYue:RandomDrawCardRelic","War Paint","PureWhite:ReiMu","Toxic Egg 2","Replay:Accelerometer","ReplayFunnel","Black Star","LagranYue:WskJewelryRelic","MealTicket","PreservedInsect","Anchor","Bottled Lightning","Golden Egg","Quantum Egg","Membership Card","Hololive_LightStick","Replay:Bottled Steam","Simple Rune","Whetstone","Gambling Chip","Vajra","Oddly Smooth Stone","Lee\u0027s Waffle","Mirror","CrazyTorch:ReiMu"],"acts_visited":["Exordium","TheCity","TheBeyond","TheEnding"],"potions_floor_usage":[33,41,44,50,55,55,55],"damage_taken":[{"damage":0,"enemies":"Small Slimes","floor":1,"turns":5},{"damage":0,"enemies":"Jaw Worm","floor":3,"turns":2},{"damage":0,"enemies":"Cultist","floor":4,"turns":3},{"damage":3,"enemies":"Gremlin Nob","floor":6,"turns":3},{"damage":0,"enemies":"2 Fungi Beasts","floor":8,"turns":2},{"damage":3,"enemies":"3 Sentries","floor":10,"turns":5},{"damage":0,"enemies":"Looter","floor":11,"turns":3},{"damage":0,"enemies":"Exordium Thugs","floor":12,"turns":3},{"damage":0,"enemies":"Large Slime","floor":14,"turns":2},{"damage":0,"enemies":"Slime Boss","floor":16,"turns":2},{"damage":0,"enemies":"Chosen","floor":18,"turns":3},{"damage":13,"enemies":"2 Thieves","floor":20,"turns":4},{"damage":15,"enemies":"Snake Plant","floor":21,"turns":4},{"damage":4,"enemies":"Chosen and Byrds","floor":22,"turns":3},{"damage":0,"enemies":"Book of Stabbing","floor":24,"turns":5},{"damage":0,"enemies":"Sentry and Sphere","floor":25,"turns":3},{"damage":13,"enemies":"Gremlin Leader","floor":28,"turns":8},{"damage":17,"enemies":"Centurion and Healer","floor":29,"turns":6},{"damage":0,"enemies":"Replay:Snechameleon","floor":30,"turns":3},{"damage":0,"enemies":"Chosen and Byrds","floor":31,"turns":4},{"damage":44,"enemies":"Collector","floor":33,"turns":7},{"damage":0,"enemies":"3 Shapes","floor":35,"turns":4},{"damage":24,"enemies":"3 Darklings","floor":36,"turns":7},{"damage":11,"enemies":"Sphere and 2 Shapes","floor":37,"turns":5},{"damage":11,"enemies":"4 Shapes","floor":38,"turns":8},{"damage":8,"enemies":"Reptomancer","floor":41,"turns":3},{"damage":0,"enemies":"Jaw Worm Horde","floor":42,"turns":3},{"damage":0,"enemies":"Nemesis","floor":44,"turns":3},{"damage":0,"enemies":"Transient","floor":46,"turns":5},{"damage":32,"enemies":"Replay:Hell Engine","floor":50,"turns":5},{"damage":3,"enemies":"Shield and Spear","floor":54,"turns":3},{"damage":13,"enemies":"The Heart","floor":55,"turns":9}],"seed_played":"-2058230939385301362","potions_obtained":[{"floor":1,"key":"Explosive Potion"},{"floor":2,"key":"AttackPotion"},{"floor":2,"key":"Cursed Concoction"},{"floor":4,"key":"CultistPotion"},{"floor":20,"key":"Ancient Potion"},{"floor":35,"key":"Elixir"},{"floor":37,"key":"Block Potion"},{"floor":42,"key":"PowerPotion"},{"floor":46,"key":"FearPotion"},{"floor":54,"key":"GrandPatriotsElixir:ReiMu"}],"is_trial":false,"path_per_floor":["M","?","M","M","$","E","T","M","T","E","M","M","R","M","R","B",null,"M","?","M","M","M","R","E","M","T","R","E","M","E","M","R","B",null,"M","M","M","M","$","R","E","M","T","E","R","M","R","?","R","B",null,"R","$","E","B",null],"character_chosen":"CHLOE","items_purchased":["PrismaMod:ChloeDevil","PrismaMod:ChloeExhaustThree","PrismaMod:ChloeCheapDefend+1","Quantum Egg","Membership Card","Vajra","Oddly Smooth Stone","Lee\u0027s Waffle","PrismaMod:ChloeDemonicTutor+1","PrismaMod:ChloeCheapDefendTwo+1"],"campfire_rested":2,"item_purchase_floors":[5,5,39,39,39,53,53,53,53,53],"current_hp_per_floor":[75,75,75,75,75,72,72,72,72,71,73,75,75,75,75,75,75,75,75,64,51,47,47,49,49,49,49,40,27,31,33,55,17,75,75,51,44,35,50,50,42,42,42,44,66,70,70,70,70,38,75,75,82,79,69],"gold":302,"neow_bonus":"UPGRADE_CARD","is_daily":false,"chose_seed":false,"campfire_upgraded":7,"win_rate":0.0,"timestamp":1610137288,"path_taken":["M","?","M","M","$","E","?","M","T","E","M","M","R","M","R","BOSS","M","?","M","M","?","R","E","M","T","R","E","M","E","M","R","BOSS","M","M","M","M","$","R","E","M","T","E","R","M","R","?","R","BOSS","R","$","E","BOSS"],"items_purchased_type":["Card","Card","Card","Relic","Relic","Relic","Relic","Relic","Card","Card"],"build_version":"2020-12-22","purchased_purges":0,"victory":true,"max_hp_per_floor":[75,75,75,75,75,75,75,75,75,75,75,75,75,75,75,75,75,75,75,75,75,75,75,75,75,75,75,75,75,75,75,75,75,75,75,75,75,75,75,75,75,75,75,75,75,75,75,75,75,75,75,75,82,82,82],"card_choices":[{"not_picked":["PrismaMod:ChloeUncommonAttack","PrismaMod:ChloeExhaustTwo"],"picked":"PrismaMod:ChloeCheapAttack","floor":1},{"not_picked":["PrismaMod:ChloeEyeOfTheEuryale","PrismaMod:ChloeChristmas"],"picked":"PrismaMod:ChloeExhaustOne","floor":2},{"not_picked":["PrismaMod:ChloeCheapDefendTwo","PrismaMod:ChloeExhaustOne"],"picked":"PrismaMod:ChloeCheapAttackTwo","floor":3},{"not_picked":["PrismaMod:ChloeExhaustTwo","PrismaMod:ChloeCheapDefend"],"picked":"PrismaMod:ChloeUncommonAttack","floor":4},{"not_picked":["PrismaMod:ChloeDiscardRecovery","PrismaMod:ChloeCheapDefendTwo"],"picked":"PrismaMod:ChloeBetterTracePools","floor":6},{"not_picked":["PrismaMod:ChloeCheapAttackTwo","PrismaMod:ChloeCommonAOEAttack"],"picked":"PrismaMod:ChloeEyeOfTheEuryale","floor":8},{"not_picked":["PrismaMod:ChloeCommonAOEAttack","PrismaMod:ChloeDiscardRecovery+1"],"picked":"PrismaMod:ChloeMaid+1","floor":10},{"not_picked":["PrismaMod:ChloeCaladbolg","PrismaMod:ChloeDiscardRecovery+1"],"picked":"PrismaMod:ChloeCheapDefend+1","floor":11},{"not_picked":["PrismaMod:ChloeUncommonAttack","PrismaMod:ChloeCheapDefendTwo+1"],"picked":"PrismaMod:ChloeCheapAttackTwo","floor":12},{"not_picked":["PrismaMod:ChloeCheapAttack","PrismaMod:ChloeDiscardRecovery+1"],"picked":"PrismaMod:ChloeCheapDefend+1","floor":14},{"not_picked":["PrismaMod:ChloeReshuffleDiscard+1","PrismaMod:ChloeHalloween+1"],"picked":"PrismaMod:ChloeCarnivalAttack","floor":16},{"not_picked":["PrismaMod:ChloeDiscardRecovery+1","PrismaMod:ChloeUncommonAttack"],"picked":"PrismaMod:ChloeExhaustOne+1","floor":18},{"not_picked":["PrismaMod:ChloeCommonAOEAttack","PrismaMod:ChloeDiscardRecovery+1"],"picked":"PrismaMod:ChloeExhaustTwo+1","floor":20},{"not_picked":["PrismaMod:ChloeCommonAOEAttack+1","PrismaMod:ChloeDemonicTutor+1"],"picked":"PrismaMod:ChloeExhaustOne+1","floor":21},{"not_picked":["PrismaMod:ChloeCommonAOEAttack","PrismaMod:ChloeChristmas+1"],"picked":"PrismaMod:ChloeCheapDefend+1","floor":22},{"not_picked":["PrismaMod:ChloeEyeOfTheEuryale","PrismaMod:ChloeUncommonAOEAttack"],"picked":"PrismaMod:ChloeDevil","floor":24},{"not_picked":["PrismaMod:ChloeExhaustOne+1","PrismaMod:ChloeCheapDefendTwo+1"],"picked":"PrismaMod:ChloeExhaustTwo+1","floor":25},{"not_picked":["PrismaMod:ChloeCommonAOEAttack+1","PrismaMod:ChloeCheapAttack+1"],"picked":"PrismaMod:ChloeExcalibur","floor":28},{"not_picked":["PrismaMod:ChloeDiscardRecovery+1","PrismaMod:ChloeCheapDefend+1"],"picked":"PrismaMod:ChloeChristmas+1","floor":29},{"not_picked":["PrismaMod:ChloeCheapDefendTwo+1","PrismaMod:ChloeExcalibur"],"picked":"PrismaMod:ChloeRhongomyniad","floor":30},{"not_picked":["PrismaMod:ChloeCheapDefend+1","PrismaMod:ChloeExhaustOne+1"],"picked":"PrismaMod:ChloeExcalibur+1","floor":31},{"not_picked":["PrismaMod:ChloeCarnivalAttack","PrismaMod:ChloeAnyCommonTrace+1"],"picked":"PrismaMod:ChloeAnyUncommonTrace+1","floor":33},{"not_picked":["PrismaMod:ChloeCheapAttackTwo+1","PrismaMod:ChloeExhaustOne+1"],"picked":"PrismaMod:ChloeCheapAttack+1","floor":35},{"not_picked":["PrismaMod:ChloeUncommonAOEAttack","PrismaMod:ChloeCommonAOEAttack+1"],"picked":"PrismaMod:ChloeGaeBolg","floor":36},{"not_picked":["PrismaMod:ChloeDiscardRecovery+1","PrismaMod:ChloeExhaustOne+1"],"picked":"PrismaMod:ChloeEyeOfTheEuryale","floor":37},{"not_picked":["PrismaMod:ChloeChristmas+1","PrismaMod:ChloeExhaustOne+1"],"picked":"PrismaMod:ChloeUnlimitedBladeWorks+1","floor":38},{"not_picked":["PrismaMod:ChloeUncommonAOEAttack","PrismaMod:ChloeCheapAttack+1"],"picked":"PrismaMod:ChloeGreatTracePools","floor":41},{"not_picked":["PrismaMod:ChloeCheapDefend+1","PrismaMod:ChloeCheapAttackTwo"],"picked":"PrismaMod:ChloeRhongomyniad+1","floor":42},{"not_picked":["PrismaMod:ChloeBetterTracePools","PrismaMod:ChloeCheapAttackTwo"],"picked":"PrismaMod:ChloeChristmas+1","floor":44},{"not_picked":["PrismaMod:ChloeCheapDefendTwo+1","PrismaMod:ChloeBetterTracePools+1"],"picked":"PrismaMod:ChloeAnyPowerTrace+1","floor":46},{"not_picked":["PrismaMod:ChloeExhaustTwo+1","PrismaMod:ChloeEyeOfTheEuryale"],"picked":"PrismaMod:ChloeExhaustOne+1","floor":54}],"player_experience":351665,"relics_obtained":[{"floor":2,"key":"War Paint"},{"floor":6,"key":"PureWhite:ReiMu"},{"floor":7,"key":"Toxic Egg 2"},{"floor":9,"key":"Replay:Accelerometer"},{"floor":10,"key":"ReplayFunnel"},{"floor":24,"key":"LagranYue:WskJewelryRelic"},{"floor":24,"key":"MealTicket"},{"floor":28,"key":"PreservedInsect"},{"floor":28,"key":"Anchor"},{"floor":28,"key":"Bottled Lightning"},{"floor":30,"key":"Golden Egg"},{"floor":41,"key":"Hololive_LightStick"},{"floor":41,"key":"Replay:Bottled Steam"},{"floor":43,"key":"Simple Rune"},{"floor":44,"key":"Whetstone"},{"floor":44,"key":"Gambling Chip"},{"floor":54,"key":"Mirror"},{"floor":54,"key":"CrazyTorch:ReiMu"}],"event_choices":[{"damage_healed":0,"gold_gain":200,"player_choice":"Gold","damage_taken":0,"max_hp_gain":0,"max_hp_loss":0,"event_name":"Wheel of Change","floor":19,"gold_loss":0},{"cards_removed":["PrismaMod:ChloeBetterTracePools"],"damage_healed":0,"gold_gain":0,"player_choice":"Removed Power","damage_taken":0,"max_hp_gain":0,"max_hp_loss":0,"event_name":"Falling","floor":48,"gold_loss":0}],"is_beta":false,"boss_relics":[{"not_picked":["Busted Crown","Replay:Bronze Core"],"picked":"Black Star"},{"not_picked":["Sozu","Coffee Dripper"],"picked":"PrismaMod:PrismaTraceOnUpgrade"}],"items_purged_floors":[],"is_endless":false,"potions_floor_spawned":[1,4,10,12,14,18,20,24,28,29,31,35,37,42,46,54],"ascension_level":0}}