{"host":"s41rn2jhghpwfrvz","time":1610109392,"event":{"mods":["BaseMod","Minty Spire (QoL Compilation)","Quick Restart","Relic Stats","SuperFastMode"],"gold_per_floor":[115,115,40,50,50,50,61,61,61,61,93,111,142,153,153,230,230,242,84,84,99,144,174,184,214,241,255,265,265,278,305,305,377,377,404,420,420,320,340,340,375,404,404,418,450,475,502,529,529,529,529,529,529,23,57,57],"floor_reached":57,"playtime":1878,"items_purged":["Storm","ClearTheMind"],"score":3619,"play_id":"0e4ed4a4-4eaa-424c-bed0-603ba56425ab","local_time":"20210108143632","daily_mods":["SealedDeck","Diverse","DeadlyEvents"],"is_ascension_mode":true,"campfire_choices":[{"data":"EmptyMind","floor":8,"key":"SMITH"},{"data":"Quick Slash","floor":10,"key":"SMITH"},{"data":"Consecrate","floor":15,"key":"SMITH"},{"data":"Double Energy","floor":29,"key":"SMITH"},{"floor":32,"key":"RECALL"},{"data":"Backflip","floor":40,"key":"SMITH"},{"data":"Escape Plan","floor":49,"key":"SMITH"},{"floor":53,"key":"REST"}],"circlet_count":0,"master_deck":["AscendersBane","CutThroughFate+1","EmptyMind+1","Turbo+1","Quick Slash+1","Double Energy+1","Escape Plan+1","ConjureBlade+1","Backflip+1","Blur+1"],"relics":["Burning Blood","Bag of Marbles","Ice Cream","Ancient Tea Set","Red Skull","Empty Cage","War Paint","Blood Vial","CeramicFish","Boot","Omamori","Runic Cube","Toxic Egg 2","Potion Belt","StoneCalendar","Toy Ornithopter","Letter Opener","White Beast Statue","CaptainsWheel","Strawberry","Pen Nib"],"acts_visited":["Exordium","TheCity","TheBeyond","TheEnding"],"potions_floor_usage":[24,55,55,56,56],"damage_taken":[{"damage":16,"enemies":"2 Louse","floor":1,"turns":2},{"damage":5,"enemies":"Small Slimes","floor":4,"turns":2},{"damage":0,"enemies":"Jaw Worm","floor":7,"turns":1},{"damage":0,"enemies":"Lagavulin","floor":11,"turns":3},{"damage":0,"enemies":"Blue Slaver","floor":12,"turns":1},{"damage":17,"enemies":"3 Sentries","floor":13,"turns":3},{"damage":8,"enemies":"Exordium Thugs","floor":14,"turns":2},{"damage":0,"enemies":"Slime Boss","floor":16,"turns":4},{"damage":19,"enemies":"2 Thieves","floor":18,"turns":2},{"damage":0,"enemies":"Shell Parasite","floor":21,"turns":1},{"damage":0,"enemies":"Gremlin Leader","floor":23,"turns":2},{"damage":0,"enemies":"Snecko","floor":24,"turns":2},{"damage":4,"enemies":"Slavers","floor":25,"turns":2},{"damage":24,"enemies":"Snake Plant","floor":27,"turns":2},{"damage":0,"enemies":"Chosen and Byrds","floor":28,"turns":2},{"damage":0,"enemies":"Snecko","floor":30,"turns":2},{"damage":0,"enemies":"Book of Stabbing","floor":31,"turns":1},{"damage":0,"enemies":"Collector","floor":33,"turns":2},{"damage":45,"enemies":"3 Shapes","floor":35,"turns":2},{"damage":0,"enemies":"Orb Walker","floor":36,"turns":1},{"damage":0,"enemies":"Maw","floor":39,"turns":3},{"damage":0,"enemies":"Nemesis","floor":41,"turns":1},{"damage":0,"enemies":"Reptomancer","floor":42,"turns":2},{"damage":0,"enemies":"Transient","floor":44,"turns":6},{"damage":2,"enemies":"Giant Head","floor":45,"turns":3},{"damage":0,"enemies":"Reptomancer","floor":46,"turns":2},{"damage":0,"enemies":"Writhing Mass","floor":47,"turns":3},{"damage":0,"enemies":"Giant Head","floor":48,"turns":4},{"damage":30,"enemies":"Time Eater","floor":50,"turns":6},{"damage":31,"enemies":"Donu and Deca","floor":51,"turns":5},{"damage":12,"enemies":"Shield and Spear","floor":55,"turns":2},{"damage":30,"enemies":"The Heart","floor":56,"turns":7}],"seed_played":"-6220189497285992650","potions_obtained":[{"floor":4,"key":"DuplicationPotion"},{"floor":13,"key":"Block Potion"},{"floor":21,"key":"BloodPotion"},{"floor":24,"key":"Dexterity Potion"},{"floor":45,"key":"Fire Potion"},{"floor":47,"key":"Swift Potion"},{"floor":55,"key":"Fruit Juice"}],"is_trial":true,"path_per_floor":["M","?","$","M","?","?","M","R","T","R","E","M","E","M","R","B",null,"M","$","?","M","T","E","M","E","T","M","M","R","M","E","R","B",null,"M","M","?","$","M","R","E","E","T","M","E","E","M","E","R","B","B",null,"R","$","E","B",null],"character_chosen":"IRONCLAD","items_purchased":["War Paint","CaptainsWheel","Strawberry"],"campfire_rested":1,"item_purchase_floors":[19,54,54],"current_hp_per_floor":[58,53,53,54,31,36,42,42,42,42,48,54,43,41,41,47,72,59,59,36,42,42,48,73,77,77,61,69,69,77,85,85,85,85,46,54,44,44,52,52,60,68,68,76,82,85,85,85,85,61,38,73,85,92,96,79],"gold":57,"neow_bonus":"","is_daily":false,"chose_seed":false,"campfire_upgraded":6,"win_rate":0.0,"timestamp":1610109392,"path_taken":["M","?","$","M","?","?","M","R","T","R","E","M","E","M","R","BOSS","M","$","?","M","?","E","M","E","T","M","M","R","M","E","R","BOSS","M","M","?","$","?","R","?","E","T","M","E","?","M","E","R","BOSS","BOSS","R","$","E","BOSS"],"items_purchased_type":["Relic","Relic","Relic"],"build_version":"2020-12-22","purchased_purges":2,"victory":true,"max_hp_per_floor":[75,75,75,75,75,80,80,80,80,80,80,80,80,80,80,80,80,80,80,85,85,85,85,85,85,85,85,85,85,85,85,85,85,85,85,85,85,85,85,85,85,85,85,85,85,85,85,85,85,85,85,85,85,92,97,97],"relic_stats":{"Blood Vial":29,"counters":[32,83],"CeramicFish":18,"StoneCalendar":[0],"Pen Nib":[1],"Letter Opener":[297],"War Paint":["ConjureBlade","Turbo"],"Boot":[10],"obtain_stats":[{"Ice Cream":9,"Potion Belt":42,"CeramicFish":25,"StoneCalendar":43,"Pen Nib":55,"Omamori":31,"Letter Opener":46,"War Paint":19,"Ancient Tea Set":11,"Empty Cage":17,"Boot":26,"Burning Blood":0,"White Beast Statue":48,"Blood Vial":23,"CaptainsWheel":54,"Strawberry":54,"Bag of Marbles":2,"Toxic Egg 2":41,"Red Skull":13,"Toy Ornithopter":45,"Runic Cube":34},{"Ice Cream":3,"Potion Belt":23,"CeramicFish":13,"StoneCalendar":23,"Pen Nib":31,"Omamori":17,"Letter Opener":26,"War Paint":9,"Ancient Tea Set":4,"Empty Cage":8,"Boot":13,"Burning Blood":0,"White Beast Statue":28,"Blood Vial":11,"CaptainsWheel":30,"Strawberry":30,"Bag of Marbles":1,"Toxic Egg 2":22,"Red Skull":6,"Toy Ornithopter":25,"Runic Cube":18},{"Ice Cream":5,"Potion Belt":45,"CeramicFish":27,"StoneCalendar":45,"Pen Nib":76,"Omamori":34,"Letter Opener":56,"War Paint":20,"Ancient Tea Set":8,"Empty Cage":18,"Boot":27,"Burning Blood":0,"White Beast Statue":63,"Blood Vial":23,"CaptainsWheel":74,"Strawberry":74,"Bag of Marbles":2,"Toxic Egg 2":43,"Red Skull":12,"Toy Ornithopter":54,"Runic Cube":36}],"Burning Blood":169,"Toy Ornithopter":11,"Runic Cube":[17]},"card_choices":[{"not_picked":["Sentinel","Protect","Stack"],"picked":"SKIP","floor":1},{"not_picked":["Endless Agony","Undo","Gash"],"picked":"SKIP","floor":4},{"not_picked":["Havoc","Pray","Flying Knee"],"picked":"SKIP","floor":7},{"not_picked":["Prepared","Flechettes","Dagger Throw"],"picked":"SKIP","floor":11},{"not_picked":["Streamline","Hologram","Sword Boomerang"],"picked":"SKIP","floor":12},{"not_picked":["Whirlwind","Underhanded Strike","Fission"],"picked":"SKIP","floor":13},{"not_picked":["Tantrum","Flex","Sucker Punch"],"picked":"SKIP","floor":14},{"not_picked":["Burst","Exhume"],"picked":"ConjureBlade","floor":16},{"not_picked":["Quick Slash","All Out Attack","WaveOfTheHand+1"],"picked":"SKIP","floor":18},{"not_picked":["Prostrate","EmptyFist","Perseverance"],"picked":"SKIP","floor":21},{"not_picked":["SpiritShield","Terror","BattleHymn+1"],"picked":"SKIP","floor":23},{"not_picked":["Wild Strike","ThirdEye","Capacitor"],"picked":"SKIP","floor":24},{"not_picked":["BowlingBash","Nirvana","Bludgeon"],"picked":"SKIP","floor":25},{"not_picked":["Deadly Poison","Leap+1","Ball Lightning"],"picked":"SKIP","floor":27},{"not_picked":["CutThroughFate+1","Conserve Battery","Body Slam"],"picked":"SKIP","floor":28},{"not_picked":["PiercingWail","Dagger Throw","Outmaneuver+1"],"picked":"SKIP","floor":30},{"not_picked":["Machine Learning","Dagger Spray","Bane"],"picked":"SKIP","floor":31},{"not_picked":["Auto Shields","Havoc"],"picked":"Backflip","floor":35},{"not_picked":["Prepared","Deflect","Expertise"],"picked":"SKIP","floor":36},{"not_picked":["Prepared","Deflect","Expertise"],"picked":"SKIP","floor":36},{"not_picked":["Clash","Gash+1","Coolheaded"],"picked":"SKIP","floor":39},{"not_picked":["Backflip+1","Battle Trance+1","Prepared+1"],"picked":"SKIP","floor":41},{"not_picked":["Backflip+1","Setup+1","Turbo+1"],"picked":"SKIP","floor":42},{"not_picked":["Bane","Ball Lightning","FlurryOfBlows"],"picked":"SKIP","floor":44},{"not_picked":["FollowUp","BootSequence+1","SpiritShield+1"],"picked":"SKIP","floor":45},{"not_picked":["Shrug It Off+1","Backstab","Deflect+1"],"picked":"SKIP","floor":46},{"not_picked":["FollowUp","Dagger Spray"],"picked":"Blur+1","floor":47},{"not_picked":["Protect+1","Deadly Poison+1","Blur+1"],"picked":"SKIP","floor":48},{"not_picked":["SandsOfTime","Pray+1","Clothesline"],"picked":"SKIP","floor":55}],"player_experience":1675391,"relics_obtained":[{"floor":9,"key":"Ice Cream"},{"floor":11,"key":"Ancient Tea Set"},{"floor":13,"key":"Red Skull"},{"floor":23,"key":"Blood Vial"},{"floor":25,"key":"CeramicFish"},{"floor":26,"key":"Boot"},{"floor":31,"key":"Omamori"},{"floor":41,"key":"Toxic Egg 2"},{"floor":42,"key":"Potion Belt"},{"floor":43,"key":"StoneCalendar"},{"floor":45,"key":"Toy Ornithopter"},{"floor":46,"key":"Letter Opener"},{"floor":48,"key":"White Beast Statue"},{"floor":55,"key":"Pen Nib"}],"event_choices":[{"damage_healed":0,"gold_gain":0,"player_choice":"Success","damage_taken":5,"relics_obtained":["Bag of Marbles"],"max_hp_gain":0,"max_hp_loss":0,"event_name":"Scrap Ooze","floor":2,"gold_loss":0},{"damage_healed":0,"gold_gain":0,"player_choice":"Entered Light","damage_taken":23,"max_hp_gain":0,"max_hp_loss":0,"event_name":"Shining Light","floor":5,"gold_loss":0,"cards_upgraded":["CutThroughFate","Beam Cell"]},{"damage_healed":0,"gold_gain":0,"player_choice":"Donut","damage_taken":0,"max_hp_gain":5,"max_hp_loss":0,"event_name":"Big Fish","floor":6,"gold_loss":0},{"damage_healed":0,"gold_gain":0,"player_choice":"Shed Blood","damage_taken":28,"max_hp_gain":5,"max_hp_loss":0,"event_name":"Forgotten Altar","floor":20,"gold_loss":0},{"damage_healed":0,"gold_gain":0,"player_choice":"Memory 3","damage_taken":10,"max_hp_gain":0,"max_hp_loss":0,"event_name":"SensoryStone","floor":37,"gold_loss":0}],"is_beta":false,"boss_relics":[{"not_picked":["Black Blood","Ectoplasm"],"picked":"Empty Cage"},{"not_picked":["Snecko Eye","Runic Dome"],"picked":"Runic Cube"}],"items_purged_floors":[3,38],"is_endless":false,"potions_floor_spawned":[4,13,16,18,21,24,30,35,36,39,45,47,48,55],"ascension_level":20}}