{"host":"ig7tc0uedzltt2sr","time":1610070598,"event":{"mods":["BaseMod","Better Twitch Integration","Block Reminder","Colored Map","Colored Powertips","Communication Mod","Current Relic Mod","GifTheSpireLib","HexUI Lib","Minty Spire (QoL Compilation)","Quick Restart","Random Character Button","Rare Cards Sparkle","Relic Sorter","Relic Stats","Slay the Relics Exporter","StSLib","SuperFastMode","Synergy Search","Twitch Decklist","Twitch Utils","everything is the same but u backflip on backflip","slay the spire mod where everything is the same but ironclad has a cowboy hat"],"gold_per_floor":[111,131,142,142,142,153,163,193,246,259,259,272,238,249,249,249,249],"floor_reached":16,"playtime":142,"items_purged":[],"score":108,"play_id":"3f0c06fc-2ff3-4cf2-a8dd-d74d409508f8","local_time":"20210107174958","is_ascension_mode":false,"campfire_choices":[{"floor":11,"key":"REST"},{"floor":15,"key":"REST"}],"circlet_count":0,"master_deck":["Strike_R","Strike_R","Strike_R","Strike_R","Strike_R","Defend_R","Defend_R","Defend_R","Defend_R","Iron Wave","Rage","Infernal Blade","Wild Strike","Clash","Immolate","Rampage","Clothesline","Burning Pact"],"relics":["Burning Blood","NeowsBlessing","PreservedInsect","Shuriken"],"acts_visited":["Exordium"],"potions_floor_usage":[],"damage_taken":[{"damage":0,"enemies":"Jaw Worm","floor":1,"turns":1},{"damage":0,"enemies":"Small Slimes","floor":2,"turns":1},{"damage":0,"enemies":"Cultist","floor":3,"turns":1},{"damage":30,"enemies":"2 Fungi Beasts","floor":6,"turns":10},{"damage":6,"enemies":"Exordium Wildlife","floor":7,"turns":3},{"damage":21,"enemies":"3 Sentries","floor":8,"turns":7},{"damage":9,"enemies":"Lots of Slimes","floor":10,"turns":6},{"damage":4,"enemies":"2 Fungi Beasts","floor":12,"turns":3},{"damage":29,"enemies":"Exordium Thugs","floor":13,"turns":5},{"damage":7,"enemies":"3 Louse","floor":14,"turns":3},{"damage":87,"enemies":"Slime Boss","floor":16,"turns":13}],"seed_played":"-4873013888736618342","potions_obtained":[{"floor":3,"key":"BloodPotion"},{"floor":6,"key":"Explosive Potion"},{"floor":7,"key":"PowerPotion"},{"floor":8,"key":"BloodPotion"},{"floor":12,"key":"Fruit Juice"},{"floor":14,"key":"SteroidPotion"}],"is_trial":false,"path_per_floor":["M","M","M","?","?","M","M","E","T","M","R","M","M","M","R","B"],"character_chosen":"IRONCLAD","items_purchased":[],"campfire_rested":2,"item_purchase_floors":[],"current_hp_per_floor":[80,80,80,73,73,56,56,41,41,54,78,80,62,61,85,0,0],"gold":249,"neow_bonus":"THREE_ENEMY_KILL","is_daily":false,"chose_seed":false,"campfire_upgraded":0,"win_rate":0.0,"timestamp":1610070598,"path_taken":["M","M","M","?","?","M","M","E","T","M","R","M","M","M","R","BOSS"],"items_purchased_type":[],"build_version":"2020-12-22","purchased_purges":0,"victory":false,"max_hp_per_floor":[80,80,80,80,80,80,80,80,80,80,80,80,85,85,85,85,85],"relic_stats":{"counters":[11,53],"Shuriken":[6],"PreservedInsect":31,"obtain_stats":[{"NeowsBlessing":0,"Shuriken":8,"PreservedInsect":5,"Burning Blood":0},{"NeowsBlessing":0,"Shuriken":6,"PreservedInsect":3,"Burning Blood":0},{"NeowsBlessing":0,"Shuriken":23,"PreservedInsect":3,"Burning Blood":0}],"Burning Blood":42},"card_choices":[{"not_picked":["Headbutt","Warcry"],"picked":"Sentinel","floor":1},{"not_picked":["Heavy Blade","Thunderclap"],"picked":"Iron Wave","floor":2},{"not_picked":["Sword Boomerang","Headbutt"],"picked":"Rage","floor":3},{"not_picked":["Dropkick","Metallicize"],"picked":"Infernal Blade","floor":6},{"not_picked":["Headbutt","Heavy Blade"],"picked":"Wild Strike","floor":7},{"not_picked":["Wild Strike","Heavy Blade"],"picked":"Clash","floor":8},{"not_picked":["Flame Barrier","Blood for Blood"],"picked":"Immolate","floor":10},{"not_picked":["Carnage","Sever Soul"],"picked":"Rampage","floor":12},{"not_picked":["Headbutt","Wild Strike"],"picked":"Clothesline","floor":13},{"not_picked":["Clash","Havoc"],"picked":"Burning Pact","floor":14}],"player_experience":1467589,"relics_obtained":[{"floor":8,"key":"Shuriken"}],"event_choices":[{"cards_removed":["Bash"],"damage_healed":0,"gold_gain":0,"player_choice":"Card Removal","damage_taken":7,"max_hp_gain":0,"max_hp_loss":0,"event_name":"Golden Wing","floor":4,"gold_loss":0},{"cards_removed":["Sentinel"],"damage_healed":0,"gold_gain":0,"player_choice":"Gave Card","damage_taken":0,"relics_obtained":["PreservedInsect"],"max_hp_gain":0,"max_hp_loss":0,"event_name":"WeMeetAgain","floor":5,"gold_loss":0}],"is_beta":false,"boss_relics":[],"items_purged_floors":[],"is_endless":false,"potions_floor_spawned":[3,6,7,8,12,14],"killed_by":"Slime Boss","ascension_level":0}}