{"host":"0vobf7lgf552vogm","time":1610142643,"event":{"mods":["AchievementEnabler","Act Like it!","BaseMod","Better Sensory Stone","Colored Map","DeckTracker","Downfall","Hermit","Minty Spire (QoL Compilation)","Pale of the Ancients","Rare Cards Sparkle","Relic Stats","StSLib","Synergy Search","Unceasing Turn Reminder","Wandering Minibosses"],"gold_per_floor":[99,118,131,131,131,131,131,131,147,181,31,44,194,210,222,222,222,222],"floor_reached":16,"playtime":1153,"items_purged":[],"score":102,"play_id":"785e68cd-e5ee-45ae-95b2-d1274b1ab343","local_time":"20210108225043","is_ascension_mode":false,"campfire_choices":[{"data":"champ:Devastate","floor":1,"key":"SMITH"},{"floor":6,"key":"RECALL"},{"data":"champ:SteelEdge","floor":11,"key":"SMITH"}],"circlet_count":0,"master_deck":["champ:Strike","champ:Strike","champ:Strike","champ:Strike","champ:Defend","champ:Defend","champ:Defend","champ:Defend","champ:Execute","champ:Taunt","champ:Devastate+1","champ:ViciousMockery+1","champ:BringItOn","expansioncontent:SuperHexaguard","champ:GladiatorsShout","champ:SteelEdge+1","Slimebound:Icky","champ:Riposte"],"relics":["champ:ChampionCrown","PreservedInsect","champ:DefensiveTrainingManual","downfall:HeartBlessingGreen","downfall:HeartBlessingRed"],"acts_visited":["Exordium"],"potions_floor_usage":[14,16],"damage_taken":[{"damage":0,"enemies":"Cultist","floor":2,"turns":3},{"damage":5,"enemies":"2 Louse","floor":3,"turns":3},{"damage":5,"enemies":"Jaw Worm","floor":9,"turns":3},{"damage":19,"enemies":"3 Sentries","floor":10,"turns":9},{"damage":0,"enemies":"Blue Slaver","floor":12,"turns":4},{"damage":25,"enemies":"Gremlin Gang","floor":14,"turns":7},{"damage":7,"enemies":"Exordium Wildlife","floor":15,"turns":3},{"damage":74,"enemies":"downfall:Ironclad","floor":16,"turns":9}],"seed_played":"-51677805657667871","potions_obtained":[{"floor":2,"key":"champ:UltimateStancePotion"},{"floor":3,"key":"SkillPotion"},{"floor":10,"key":"champ:UltimateStancePotion"}],"is_trial":false,"path_per_floor":["R","M","M","?","?","R","T","?","M","E","R","M","?","M","M","B"],"character_chosen":"THE_CHAMP","items_purchased":[],"campfire_rested":0,"item_purchase_floors":[],"current_hp_per_floor":[81,81,81,86,86,86,86,86,86,72,72,72,72,47,45,0,0,0],"gold":222,"neow_bonus":"THREE_RARE_CARDS","is_daily":false,"chose_seed":false,"campfire_upgraded":2,"win_rate":0.0,"timestamp":1610142643,"path_taken":["R","M","M","?","?","R","T","?","?","E","R","M","?","M","M","BOSS"],"items_purchased_type":[],"build_version":"2020-12-22","purchased_purges":0,"victory":false,"max_hp_per_floor":[81,81,81,86,86,86,86,86,86,86,86,86,86,86,86,86,86,86],"relic_stats":{"counters":[8,41],"PreservedInsect":31,"obtain_stats":[{"downfall:HeartBlessingRed":11,"champ:DefensiveTrainingManual":10,"champ:ChampionCrown":0,"downfall:HeartBlessingGreen":11,"PreservedInsect":7},{"downfall:HeartBlessingRed":4,"champ:DefensiveTrainingManual":4,"champ:ChampionCrown":0,"downfall:HeartBlessingGreen":4,"PreservedInsect":2},{"downfall:HeartBlessingRed":18,"champ:DefensiveTrainingManual":18,"champ:ChampionCrown":0,"downfall:HeartBlessingGreen":18,"PreservedInsect":6}]},"card_choices":[{"not_picked":["champ:LastStand","champ:HeavySlash"],"picked":"champ:Devastate","floor":0},{"not_picked":["champ:BladeFlurry","champ:StanceDance"],"picked":"champ:ViciousMockery","floor":2},{"not_picked":["champ:GutPunch","champ:AdrenalArmor"],"picked":"champ:BringItOn","floor":3},{"not_picked":["Purity","Dramatic Entrance"],"picked":"expansioncontent:SuperHexaguard","floor":5},{"not_picked":["champ:Haymaker","champ:PerfectedStrike"],"picked":"champ:GladiatorsShout","floor":9},{"not_picked":["champ:Duel","champ:Circumvent"],"picked":"champ:SteelEdge","floor":10},{"not_picked":["champ:Circumvent","champ:PerfectedStrike","champ:TornadoPunch"],"picked":"SKIP","floor":12},{"not_picked":["champ:TornadoPunch","champ:DefensiveShout","champ:Haymaker"],"picked":"SKIP","floor":14},{"not_picked":["champ:BringItOn","champ:FocusedBerserking"],"picked":"champ:Riposte","floor":15}],"player_experience":878191,"relics_obtained":[{"floor":7,"key":"PreservedInsect"},{"floor":10,"key":"champ:DefensiveTrainingManual"}],"event_choices":[{"damage_healed":0,"gold_gain":0,"player_choice":"Donut","damage_taken":0,"max_hp_gain":5,"max_hp_loss":0,"event_name":"Big Fish","floor":4,"gold_loss":0},{"damage_healed":0,"gold_gain":1,"player_choice":"1","damage_taken":0,"max_hp_gain":0,"max_hp_loss":0,"event_name":"betterStone:BetterStone","floor":5,"gold_loss":0},{"damage_healed":0,"gold_gain":0,"player_choice":"Upgraded","damage_taken":0,"max_hp_gain":0,"max_hp_loss":0,"event_name":"Upgrade Shrine","floor":8,"gold_loss":0,"cards_upgraded":["champ:ViciousMockery"]}],"is_beta":false,"boss_relics":[],"items_purged_floors":[],"is_endless":false,"potions_floor_spawned":[2,3,10,12],"killed_by":"downfall:Ironclad","ascension_level":0}}