{"host":"ci7cmvrwpmzqnw7e","time":1610066641,"event":{"mods":["BaseMod","BetterRewards","Colored Map","Downfall","Hubris","Minty Spire (QoL Compilation)","Rare Cards Sparkle","Replay The Spire","Shop Mod","StSLib","The Necromancer","The Servant 0.9.4"],"gold_per_floor":[118,136,147,14,30,59,59,71,144,144,144,144,164,164,164,265,265,277,257,14,27,38,38,73,73,73,96,119,131,143,186,198,313,325,354,0,22,34,61,106,118,147,183,221,233,1,33,33,33,33],"floor_reached":51,"playtime":2173,"items_purged":["Strike_R","hubris:ReadiedAction"],"score":827,"play_id":"9f68efaf-4d8d-47e1-8890-64b6e5114625","local_time":"20210107174401","is_ascension_mode":false,"campfire_choices":[{"data":"Body Slam","floor":7,"key":"SMITH"},{"data":"Body Slam","floor":10,"key":"SMITH"},{"floor":15,"key":"REST"},{"floor":23,"key":"REST"},{"floor":25,"key":"REST"},{"floor":29,"key":"REST"},{"floor":32,"key":"REST"},{"floor":41,"key":"REST"},{"floor":45,"key":"REST"},{"floor":49,"key":"REST"}],"circlet_count":0,"master_deck":["Strike_R","Strike_R","Defend_R","Defend_R","Defend_R","Body Slam+1","Battle Trance+1","Rampage+1","Shrug It Off","Body Slam+1","Offering+1","Seeing Red+1"],"relics":["Burning Blood","hubris:Zylophone","hubris:BottledRain","Pen Nib","Ring of Chaos","Guide Book","Blood Vial","MawBank","MutagenicStrength","Mirror","Empty Cage","Red Mask","Toxic Egg 2","Blue Doll","Replay:Rubber Ducky","Replay:Bottled Steam","hubris:DeckOfHolding","hubris:Towel"],"acts_visited":["Exordium","TheCity","TheBeyond"],"potions_floor_usage":[6,16,24,24,33,39,44,50],"damage_taken":[{"damage":5,"enemies":"Small Slimes","floor":1,"turns":3},{"damage":13,"enemies":"2 Louse","floor":2,"turns":4},{"damage":10,"enemies":"Jaw Worm","floor":3,"turns":4},{"damage":4,"enemies":"Blue Slaver","floor":5,"turns":5},{"damage":47,"enemies":"Gremlin Nob","floor":6,"turns":6},{"damage":12,"enemies":"Gremlin Gang","floor":8,"turns":6},{"damage":9,"enemies":"2 Fungi Beasts","floor":13,"turns":3},{"damage":15,"enemies":"The Guardian","floor":16,"turns":6},{"damage":16,"enemies":"Shell Parasite","floor":18,"turns":4},{"damage":21,"enemies":"2 Thieves","floor":19,"turns":4},{"damage":18,"enemies":"Centurion and Healer","floor":21,"turns":2},{"damage":22,"enemies":"Snake Plant","floor":22,"turns":3},{"damage":43,"enemies":"Gremlin Leader","floor":24,"turns":5},{"damage":25,"enemies":"Shelled Parasite and Fungi","floor":27,"turns":3},{"damage":16,"enemies":"Cultist and Chosen","floor":28,"turns":3},{"damage":6,"enemies":"Book of Stabbing","floor":31,"turns":2},{"damage":22,"enemies":"Pondfish","floor":33,"turns":5},{"damage":11,"enemies":"3 Shapes","floor":35,"turns":3},{"damage":20,"enemies":"Orb Walker","floor":37,"turns":3},{"damage":37,"enemies":"3 Darklings","floor":39,"turns":5},{"damage":20,"enemies":"R_Hoarder","floor":40,"turns":7},{"damage":9,"enemies":"Maw","floor":42,"turns":3},{"damage":57,"enemies":"Nemesis","floor":44,"turns":5},{"damage":18,"enemies":"Reptomancer","floor":47,"turns":2},{"damage":57,"enemies":"Replay:Hell Engine","floor":50,"turns":5}],"seed_played":"-8369867956407329637","potions_obtained":[{"floor":5,"key":"Swift Potion"},{"floor":6,"key":"FairyPotion"},{"floor":13,"key":"AttackPotion"},{"floor":19,"key":"champ:CounterPotion"},{"floor":21,"key":"Strength Potion"},{"floor":22,"key":"Block Potion"},{"floor":28,"key":"LifebloodPotion"},{"floor":37,"key":"SkillPotion"},{"floor":38,"key":"Block Potion"},{"floor":38,"key":"Death Potion"},{"floor":40,"key":"AttackPotion"},{"floor":42,"key":"HeartOfIron"}],"is_trial":false,"path_per_floor":["M","M","M","$","M","E","R","M","T","R","?","?","M","?","R","B",null,"M","M","$","M","M","R","E","R","T","M","M","R","?","E","R","B",null,"M","?","M","?","M","E","R","M","T","E","R","$","E","?","R","B",null],"character_chosen":"IRONCLAD","items_purchased":["Rampage+1","Guide Book","Replay:Bottled Steam"],"campfire_rested":8,"item_purchase_floors":[4,20,46],"current_hp_per_floor":[80,73,69,69,71,30,30,24,24,24,24,17,14,11,35,26,80,70,55,55,43,27,51,14,38,38,21,13,37,37,39,63,49,80,75,75,63,63,34,22,46,45,45,30,54,54,44,44,68,19],"gold":33,"neow_bonus":"THREE_CARDS","is_daily":false,"chose_seed":false,"campfire_upgraded":2,"win_rate":0.0,"timestamp":1610066641,"path_taken":["M","M","M","$","M","E","R","M","T","R","?","?","M","?","R","BOSS","M","M","$","M","M","R","E","R","T","M","M","R","?","E","R","BOSS","M","?","M","?","?","E","R","M","T","E","R","$","E","?","R","BOSS"],"items_purchased_type":["Card","Relic","Relic"],"build_version":"2020-12-22","purchased_purges":2,"victory":true,"max_hp_per_floor":[80,80,80,80,80,80,80,80,80,80,80,80,80,80,80,80,80,80,80,80,80,80,80,80,80,80,80,80,80,80,80,80,80,80,80,80,80,80,80,80,80,80,80,80,80,80,80,80,80,80],"card_choices":[{"not_picked":["Shrug It Off","Thunderclap"],"picked":"hubris:ReadiedAction","floor":0},{"not_picked":["Headbutt","Clash"],"picked":"Body Slam","floor":1},{"not_picked":["Thunderclap","Iron Wave","Clash"],"picked":"SKIP","floor":2},{"not_picked":["Warcry","Thunderclap"],"picked":"Battle Trance","floor":3},{"not_picked":["Fire Breathing","Combust"],"picked":"Shrug It Off","floor":5},{"not_picked":["Armaments","Bloodletting"],"picked":"Body Slam","floor":6},{"not_picked":["Body Slam","hubris:ReadiedAction","Rage"],"picked":"SKIP","floor":8},{"not_picked":["ReplayTheSpireMod:Corrosion Curse","hubris:CleavingFinish","Headbutt"],"picked":"SKIP","floor":13},{"not_picked":["Eclipse","Brutality"],"picked":"Offering","floor":16},{"not_picked":["Shrug It Off","hubris:SharpeningStone","ReplayTheSpireMod:Limb From Limb"],"picked":"SKIP","floor":18},{"not_picked":["Fire Breathing","Carnage+1","ReplayTheSpireMod:Muscle Training+1"],"picked":"SKIP","floor":19},{"not_picked":["Warcry","Headbutt+1","Twin Strike"],"picked":"SKIP","floor":21},{"not_picked":["Pummel","hubris:ReadiedAction","Headbutt"],"picked":"SKIP","floor":22},{"not_picked":["Rupture","Body Slam","ReplayTheSpireMod:LeadingStrike"],"picked":"SKIP","floor":24},{"not_picked":["Armaments","Rage","Run Through"],"picked":"SKIP","floor":27},{"not_picked":["Juggernaut","Uppercut","Clothesline+1"],"picked":"SKIP","floor":28},{"not_picked":["Replay:Undeath\u0027s Touch","Shockwave","Warcry"],"picked":"SKIP","floor":31},{"not_picked":["True Grit+1","Perfected Strike+1","Life Link"],"picked":"SKIP","floor":35},{"not_picked":["Blood for Blood+1","Intimidate","Thunderclap"],"picked":"SKIP","floor":37},{"not_picked":["True Grit","Warcry+1","Pommel Strike+1"],"picked":"SKIP","floor":39},{"not_picked":["Dark Embrace+1","Eclipse+1","Armaments+1"],"picked":"SKIP","floor":40},{"not_picked":["Pommel Strike+1","hubris:ReadiedAction+1","Run Through+1"],"picked":"SKIP","floor":42},{"not_picked":["Anger","Demonic Infusion+1"],"picked":"Seeing Red+1","floor":44},{"not_picked":["Iron Wave","Clothesline","Hemokinesis"],"picked":"SKIP","floor":47}],"player_experience":13124,"relics_obtained":[{"floor":6,"key":"hubris:Zylophone"},{"floor":9,"key":"hubris:BottledRain"},{"floor":24,"key":"Blood Vial"},{"floor":26,"key":"MawBank"},{"floor":31,"key":"Mirror"},{"floor":40,"key":"Toxic Egg 2"},{"floor":43,"key":"Blue Doll"},{"floor":44,"key":"Replay:Rubber Ducky"},{"floor":47,"key":"hubris:DeckOfHolding"}],"event_choices":[{"cards_removed":["Defend_R"],"damage_healed":0,"gold_gain":0,"player_choice":"Card Removal","damage_taken":7,"max_hp_gain":0,"max_hp_loss":0,"event_name":"Golden Wing","floor":12,"gold_loss":0},{"damage_healed":0,"gold_gain":0,"player_choice":"Success","damage_taken":3,"relics_obtained":["Pen Nib"],"max_hp_gain":0,"max_hp_loss":0,"event_name":"Scrap Ooze","floor":14,"gold_loss":0},{"damage_healed":0,"gold_gain":0,"player_choice":"Inject Mutagens","damage_taken":0,"relics_obtained":["MutagenicStrength"],"max_hp_gain":0,"max_hp_loss":0,"event_name":"Drug Dealer","floor":30,"gold_loss":0},{"damage_healed":0,"gold_gain":0,"player_choice":"Paid","damage_taken":0,"relics_obtained":["Red Mask"],"max_hp_gain":0,"max_hp_loss":0,"event_name":"Tomb of Lord Red Mask","floor":36,"gold_loss":366},{"damage_healed":0,"gold_gain":0,"player_choice":"Got Potions","damage_taken":0,"max_hp_gain":0,"max_hp_loss":0,"event_name":"Lab","floor":38,"gold_loss":0}],"is_beta":false,"boss_relics":[{"not_picked":["ChewingGum","Sozu"],"picked":"Ring of Chaos"},{"not_picked":["Honey Jar","Replay:Bronze Core"],"picked":"Empty Cage"}],"items_purged_floors":[4,20],"is_endless":false,"potions_floor_spawned":[5,6,13,19,21,22,28,37,40,42],"ascension_level":0}}