{"host":"ky4fpkow6stmf9da","time":1610074584,"event":{"mods":["2.2 Compatiblity","AchievementEnabler","BaseMod","Hermit","Minty Spire (QoL Compilation)","Rare Cards Sparkle","StSLib","The Bug Knight"],"gold_per_floor":[110,129,148,164,164,164,191,49,49,68,86,102,102,122,122,122,122],"floor_reached":16,"playtime":1251,"items_purged":[],"score":106,"play_id":"3b92601a-ac35-4002-b070-fa320716a34f","local_time":"20210108035624","is_ascension_mode":false,"campfire_choices":[{"data":"hermit:Covet","floor":6,"key":"SMITH"},{"floor":15,"key":"REST"}],"circlet_count":0,"master_deck":["hermit:Strike_Hermit","hermit:Strike_Hermit","hermit:Strike_Hermit","hermit:Strike_Hermit","hermit:Defend_Hermit","hermit:Defend_Hermit","hermit:Defend_Hermit","hermit:Defend_Hermit","hermit:Snapshot","hermit:Covet+1","hermit:GoldenBullet","hermit:TrackingShot","hermit:ItchyTrigger","hermit:Ricochet","Regret","hermit:Coalescence","hermit:EternalForm","hermit:Headshot","hermit:ShadowCloak+1","hermit:Manifest","hermit:Shortfuse"],"relics":["hermit:Momento","InkBottle","Prayer Wheel","Frozen Egg 2"],"acts_visited":["Exordium"],"potions_floor_usage":[14,14,16,16],"damage_taken":[{"damage":0,"enemies":"2 Louse","floor":1,"turns":3},{"damage":1,"enemies":"Cultist","floor":2,"turns":3},{"damage":12,"enemies":"Small Slimes","floor":3,"turns":3},{"damage":14,"enemies":"Exordium Thugs","floor":4,"turns":6},{"damage":18,"enemies":"Gremlin Nob","floor":7,"turns":4},{"damage":8,"enemies":"Large Slime","floor":10,"turns":6},{"damage":12,"enemies":"3 Louse","floor":11,"turns":3},{"damage":0,"enemies":"Exordium Thugs","floor":12,"turns":3},{"damage":1,"enemies":"Looter","floor":14,"turns":2},{"damage":39,"enemies":"Hexaghost","floor":16,"turns":9}],"seed_played":"920189610822813826","potions_obtained":[{"floor":3,"key":"SteroidPotion"},{"floor":11,"key":"hermit:Tonic"},{"floor":12,"key":"Fruit Juice"},{"floor":14,"key":"LiquidBronze"}],"is_trial":false,"path_per_floor":["M","M","M","M","?","R","E","$","T","M","M","M","?","M","R","B"],"character_chosen":"HERMIT","items_purchased":["hermit:EternalForm"],"campfire_rested":1,"item_purchase_floors":[8],"current_hp_per_floor":[82,81,69,55,55,55,37,37,37,29,17,17,9,13,39,0,0],"gold":122,"neow_bonus":"TEN_PERCENT_HP_BONUS","is_daily":false,"chose_seed":false,"campfire_upgraded":1,"win_rate":0.0,"timestamp":1610074584,"path_taken":["M","M","M","M","?","R","E","$","T","M","M","M","?","M","R","BOSS"],"items_purchased_type":["Card"],"build_version":"2020-12-22","purchased_purges":0,"victory":false,"max_hp_per_floor":[82,82,82,82,82,82,82,82,82,82,82,82,82,87,87,87,87],"card_choices":[{"not_picked":["hermit:Snipe","hermit:Headshot"],"picked":"hermit:GoldenBullet","floor":1},{"not_picked":["hermit:LuckOfTheDraw","hermit:Virtue"],"picked":"hermit:TrackingShot","floor":2},{"not_picked":["hermit:Virtue","hermit:WideOpen"],"picked":"hermit:ItchyTrigger","floor":3},{"not_picked":["hermit:Malice","hermit:Feint"],"picked":"hermit:Ricochet","floor":4},{"not_picked":["hermit:Midnight","hermit:ItchyTrigger"],"picked":"hermit:Coalescence","floor":7},{"not_picked":["hermit:HighCaliber","hermit:Feint","hermit:Quickdraw"],"picked":"SKIP","floor":10},{"not_picked":["hermit:Misfire","hermit:PistolWhip","hermit:SprayPray"],"picked":"SKIP","floor":10},{"not_picked":["hermit:Quickdraw","hermit:Roulette"],"picked":"hermit:Headshot","floor":11},{"not_picked":["hermit:HoleUp","hermit:Midnight","hermit:Horror"],"picked":"SKIP","floor":11},{"not_picked":["hermit:HeroicBravado","hermit:Roulette"],"picked":"hermit:ShadowCloak+1","floor":12},{"not_picked":["hermit:CursedWeapon","hermit:DeadMansHand"],"picked":"hermit:Manifest","floor":12},{"not_picked":["hermit:Midnight","hermit:Headshot"],"picked":"hermit:Shortfuse","floor":14},{"not_picked":["hermit:Cheat","hermit:GhostlyPresence","hermit:Virtue"],"picked":"SKIP","floor":14}],"player_experience":34477,"relics_obtained":[{"floor":7,"key":"Prayer Wheel"},{"floor":9,"key":"Frozen Egg 2"}],"event_choices":[{"damage_healed":0,"gold_gain":0,"player_choice":"Box","damage_taken":0,"relics_obtained":["InkBottle"],"max_hp_gain":0,"max_hp_loss":0,"event_name":"Big Fish","floor":5,"gold_loss":0,"cards_obtained":["Regret"]},{"damage_healed":0,"gold_gain":0,"player_choice":"Damaged","damage_taken":8,"max_hp_gain":0,"max_hp_loss":0,"event_name":"Wheel of Change","floor":13,"gold_loss":0}],"is_beta":false,"boss_relics":[],"items_purged_floors":[],"is_endless":false,"potions_floor_spawned":[3,11,12,14],"killed_by":"Hexaghost","ascension_level":0}}