{"host":"hxqmxu97ax4h93y4","time":1610150153,"event":{"mods":["BaseMod","Downfall","Hermit","Marisa????????","Minty Spire (QoL Compilation)","Random Character Button","StSLib","The Cursed","The Necromancer","The Runesmith"],"gold_per_floor":[118,118,41,51,69,69,94,94,94,105,116,116,128,145,145,247,247,260,161,178,188,204,303,303,320,320,24,40,67,67,67,67],"floor_reached":31,"playtime":2234,"items_purged":["Strike_G","Strike_G"],"score":261,"play_id":"fd4f25f3-d224-4fbf-aca2-e844ce1b7c3a","local_time":"20210108155553","is_ascension_mode":false,"campfire_choices":[{"data":"A Thousand Cuts","floor":6,"key":"SMITH"},{"data":"Endless Agony","floor":8,"key":"SMITH"},{"floor":15,"key":"REST"},{"data":"Survivor","floor":24,"key":"SMITH"}],"circlet_count":0,"master_deck":["Strike_G","Strike_G","Defend_G","Defend_G","Defend_G","Survivor+1","Neutralize","Footwork","A Thousand Cuts+1","Underhanded Strike","Blade Dance","Endless Agony+1","Deflect","Adrenaline","Backflip","Dodge and Roll","Unload","Flying Knee","Sucker Punch","Footwork+1","Skewer+1","Eviscerate","Crippling Poison+1","Transmutation","Blur+1","After Image"],"relics":["Ring of the Snake","Torii","Ornamental Fan","Velvet Choker","Eternal Feather","Gremlin Horn"],"acts_visited":["Exordium","TheCity"],"potions_floor_usage":[7,11,16,16,20,21],"damage_taken":[{"damage":0.0,"enemies":"2 Louse","floor":1.0,"turns":4.0},{"damage":7,"enemies":"Jaw Worm","floor":4,"turns":5},{"damage":7,"enemies":"Cultist","floor":5,"turns":5},{"damage":23,"enemies":"Lagavulin","floor":7,"turns":7},{"damage":7,"enemies":"Blue Slaver","floor":10,"turns":4},{"damage":0,"enemies":"Large Slime","floor":11,"turns":4},{"damage":0,"enemies":"2 Fungi Beasts","floor":13,"turns":4},{"damage":9,"enemies":"Exordium Wildlife","floor":14,"turns":4},{"damage":3,"enemies":"Hexaghost","floor":16,"turns":9},{"damage":1,"enemies":"Chosen","floor":18,"turns":6},{"damage":5,"enemies":"3 Byrds","floor":20,"turns":3},{"damage":9,"enemies":"Centurion and Healer","floor":21,"turns":7},{"damage":1,"enemies":"Shelled Parasite and Fungi","floor":22,"turns":6},{"damage":8,"enemies":"Snake Plant","floor":25,"turns":4},{"damage":8,"enemies":"Sentry and Sphere","floor":28,"turns":6},{"damage":29,"enemies":"Gremlin Leader","floor":29,"turns":9},{"damage":27,"enemies":"Colosseum Slavers","floor":31,"turns":4}],"seed_played":"-4736423684841907658","potions_obtained":[{"floor":5,"key":"Fire Potion"},{"floor":10,"key":"SkillPotion"},{"floor":11,"key":"Swift Potion"},{"floor":13,"key":"CultistPotion"},{"floor":18,"key":"Energy Potion"},{"floor":20,"key":"Fruit Juice"},{"floor":28,"key":"Swift Potion"}],"is_trial":false,"path_per_floor":["M","?","$","M","M","R","E","R","T","M","M","?","M","M","R","B",null,"M","$","M","M","M","?","R","M","T","$","M","E","?","?"],"character_chosen":"THE_SILENT","items_purchased":["A Thousand Cuts","Sucker Punch","Transmutation"],"campfire_rested":1,"item_purchase_floors":[3,19,27],"current_hp_per_floor":[77,70,70,63,56,56,33,33,33,26,26,26,26,17,40,37,77,76,76,71,67,66,66,66,58,58,58,50,21,21,0,0],"gold":67,"neow_bonus":"TEN_PERCENT_HP_BONUS","is_daily":false,"chose_seed":false,"campfire_upgraded":3,"win_rate":0.0,"timestamp":1610150153,"path_taken":["M","?","$","M","M","R","E","R","T","M","M","?","M","M","R","BOSS","M","$","M","M","M","?","R","M","T","$","M","E","?","?"],"items_purchased_type":["Card","Card","Card"],"build_version":"2020-12-22","purchased_purges":2,"victory":false,"max_hp_per_floor":[77,77,77,77,77,77,77,77,77,77,77,77,77,77,77,77,77,77,77,77,82,82,82,82,82,82,82,82,82,82,82,82],"card_choices":[{"not_picked":["Quick Slash","Infinite Blades"],"picked":"Footwork","floor":1.0},{"not_picked":["Poisoned Stab","Deflect"],"picked":"Underhanded Strike","floor":4},{"not_picked":["Slice","Underhanded Strike"],"picked":"Blade Dance","floor":5},{"not_picked":["A Thousand Cuts","Riddle With Holes"],"picked":"Endless Agony","floor":7},{"not_picked":["Blade Dance","Underhanded Strike"],"picked":"Deflect","floor":10},{"not_picked":["Prepared","Footwork"],"picked":"Adrenaline","floor":11},{"not_picked":["Quick Slash","Bouncing Flask"],"picked":"Backflip","floor":13},{"not_picked":["Sucker Punch","Prepared"],"picked":"Dodge and Roll","floor":14},{"not_picked":["Burst","Bullet Time"],"picked":"Unload","floor":16},{"not_picked":["PiercingWail","Dodge and Roll"],"picked":"Flying Knee","floor":18},{"not_picked":["Backflip","Flying Knee"],"picked":"Footwork+1","floor":20},{"not_picked":["Dagger Throw+1","Footwork"],"picked":"Skewer+1","floor":21},{"not_picked":["Poisoned Stab+1","Deflect"],"picked":"Eviscerate","floor":22},{"not_picked":["Blur","Backstab"],"picked":"Crippling Poison+1","floor":25},{"not_picked":["Expertise+1","Underhanded Strike"],"picked":"Blur+1","floor":28},{"not_picked":["Masterful Stab","PiercingWail"],"picked":"After Image","floor":29}],"player_experience":33848,"relics_obtained":[{"floor":7,"key":"Torii"},{"floor":9,"key":"Ornamental Fan"},{"floor":26,"key":"Eternal Feather"},{"floor":29,"key":"Gremlin Horn"}],"event_choices":[{"cards_removed":["Defend_G"],"damage_healed":0.0,"max_hp_gain":0.0,"max_hp_loss":0.0,"gold_gain":0.0,"event_name":"Golden Wing","player_choice":"Card Removal","floor":2.0,"gold_loss":0.0,"damage_taken":7.0},{"cards_removed":["Strike_G"],"damage_healed":0,"gold_gain":0,"player_choice":"Purged","damage_taken":0,"max_hp_gain":0,"max_hp_loss":0,"event_name":"Purifier","floor":12,"gold_loss":0},{"damage_healed":0,"gold_gain":99,"player_choice":"Stole From Cult","damage_taken":0,"max_hp_gain":0,"max_hp_loss":0,"event_name":"Nest","floor":23,"gold_loss":0},{"cards_removed":["Defend_G"],"damage_healed":0,"gold_gain":0,"player_choice":"Elegance","damage_taken":0,"max_hp_gain":0,"max_hp_loss":0,"event_name":"Back to Basics","floor":30,"gold_loss":0},{"damage_healed":0,"gold_gain":0,"player_choice":"Fight","damage_taken":0,"max_hp_gain":0,"max_hp_loss":0,"event_name":"Colosseum","floor":31,"gold_loss":0}],"is_beta":false,"boss_relics":[{"not_picked":["Coffee Dripper","Astrolabe"],"picked":"Velvet Choker"}],"items_purged_floors":[19,27],"is_endless":false,"potions_floor_spawned":[5,10,11,13,18,20,28],"killed_by":"Colosseum Slavers","ascension_level":0}}