{"host":"ff4g3thpm8pmsxyp","time":1610114692,"event":{"mods":["AchievementEnabler","BaseMod","Colored Map","DeckTracker","Highlight Path","Minty Spire (QoL Compilation)","Permanent Neow","Rare Cards Sparkle","Relic Stats","StSLib","SuperFastMode"],"gold_per_floor":[110,62,74,74,86,118,118,149,149,149,149,149],"floor_reached":11,"playtime":357,"items_purged":[],"score":122,"play_id":"ca5b19a4-5dfa-49a5-bb22-46d7dfd477b9","local_time":"20210108090452","is_ascension_mode":true,"campfire_choices":[{"data":"Malaise","floor":7,"key":"SMITH"}],"circlet_count":0,"master_deck":["AscendersBane","Strike_G","Strike_G","Strike_G","Strike_G","Strike_G","Defend_G","Defend_G","Defend_G","Defend_G","Defend_G","Survivor","Neutralize","Malaise+1","Noxious Fumes","Deadly Poison","Deadly Poison","Acrobatics","Dash"],"relics":["Ring of the Snake","Singing Bowl","CaptainsWheel","TungstenRod"],"acts_visited":["Exordium"],"potions_floor_usage":[6,11,11],"damage_taken":[{"damage":5,"enemies":"2 Louse","floor":1,"turns":3},{"damage":7,"enemies":"Cultist","floor":3,"turns":4},{"damage":6,"enemies":"Jaw Worm","floor":5,"turns":4},{"damage":12,"enemies":"3 Sentries","floor":6,"turns":7},{"damage":31,"enemies":"Lagavulin","floor":8,"turns":9},{"damage":26,"enemies":"Gremlin Nob","floor":11,"turns":5}],"seed_played":"673934370256398207","potions_obtained":[{"floor":1,"key":"BlessingOfTheForge"},{"floor":4,"key":"GhostInAJar"},{"floor":4,"key":"DuplicationPotion"},{"floor":4,"key":"LiquidBronze"},{"floor":8,"key":"ColorlessPotion"}],"is_trial":false,"path_per_floor":["M","$","M","?","M","E","R","E","T","?","E"],"character_chosen":"THE_SILENT","items_purchased":["Deadly Poison"],"campfire_rested":0,"item_purchase_floors":[2],"current_hp_per_floor":[58,58,51,51,45,33,33,4,4,4,0,0],"gold":149,"neow_bonus":"ONE_RANDOM_RARE_CARD","is_daily":false,"chose_seed":false,"campfire_upgraded":1,"win_rate":0.0,"timestamp":1610114692,"path_taken":["M","$","M","?","?","E","R","E","T","?","E"],"items_purchased_type":["Card"],"build_version":"2020-12-22","purchased_purges":0,"victory":false,"max_hp_per_floor":[70,70,70,70,70,70,70,72,72,72,72,72],"relic_stats":{"Singing Bowl":2,"counters":[6,32],"obtain_stats":[{"CaptainsWheel":8,"Singing Bowl":6,"TungstenRod":9,"Ring of the Snake":0},{"CaptainsWheel":5,"Singing Bowl":4,"TungstenRod":5,"Ring of the Snake":0},{"CaptainsWheel":27,"Singing Bowl":18,"TungstenRod":27,"Ring of the Snake":0}],"TungstenRod":3,"Ring of the Snake":[12]},"card_choices":[{"not_picked":["Catalyst","Sucker Punch"],"picked":"Noxious Fumes","floor":1},{"not_picked":["Blur","Flechettes"],"picked":"Deadly Poison","floor":3},{"not_picked":["Distraction","Deflect"],"picked":"Acrobatics","floor":5},{"not_picked":["Setup","Flechettes"],"picked":"Dash","floor":6},{"not_picked":["Riddle With Holes","Sucker Punch","Underhanded Strike"],"picked":"Singing Bowl","floor":8}],"player_experience":259463,"relics_obtained":[{"floor":6,"key":"Singing Bowl"},{"floor":8,"key":"CaptainsWheel"},{"floor":9,"key":"TungstenRod"}],"event_choices":[{"damage_healed":0,"gold_gain":0,"player_choice":"Got Potions","damage_taken":0,"max_hp_gain":0,"max_hp_loss":0,"event_name":"Lab","floor":4,"gold_loss":0},{"damage_healed":0,"gold_gain":0,"player_choice":"Ignored","damage_taken":0,"max_hp_gain":0,"max_hp_loss":0,"event_name":"Liars Game","floor":10,"gold_loss":0}],"is_beta":false,"boss_relics":[],"items_purged_floors":[],"is_endless":false,"potions_floor_spawned":[1,8],"killed_by":"Gremlin Nob","ascension_level":10}}