{"host":"5fasz840ryq7obdf","time":1610109878,"event":{"mods":["2.2 Compatiblity","AchievementEnabler","BaseMod","Bestiary","Better Altar","Better Skull","Better Third Choice","BetterRewards","Block Reminder","Colored Powertips","Curses Come First","Minty Spire (QoL Compilation)","Quick Restart","Relic Sorter","Relic Stats","Shop Mod","Spicy Shops","StSLib","SuperFastMode","ojb\u0027s Better Paths Mod","ojb\u0027s Info Mod"],"gold_per_floor":[116,116,116,116,23,87,126,180,231,231,269,304,354,398,398,519,519,559,598,648,563,311,311,311,401,401,447,488,524,524,524,524,642,642,655,655,988,988,878,933,933,962,962,962,667,667,698,710,710,735,760,760,760,84,112,112],"floor_reached":57,"playtime":4066,"items_purged":["Strike_G","Strike_G","Defend_G","Strike_G","Defend_G","Defend_G","Strike_G","Defend_G","HandOfGreed+1","Infinite Blades+1"],"score":3809,"play_id":"63022ba3-483a-4173-9ed9-bd90d9caa463","local_time":"20210108124438","is_ascension_mode":true,"campfire_choices":[{"data":"HandOfGreed","floor":10.0,"key":"SMITH"},{"data":"Well Laid Plans","floor":15,"key":"SMITH"},{"floor":23,"key":"RECALL"},{"data":"Adrenaline","floor":30,"key":"SMITH"},{"data":"Envenom","floor":32,"key":"SMITH"},{"data":"Envenom","floor":41,"key":"SMITH"},{"data":"Night Terror","floor":44,"key":"SMITH"},{"data":"Terror","floor":49,"key":"SMITH"},{"data":"A Thousand Cuts","floor":53,"key":"SMITH"}],"circlet_count":0,"master_deck":["AscendersBane","Survivor","Neutralize+1","Blade Dance+1","Leg Sweep","Crippling Poison","Finisher","Cloak And Dagger","Backflip","Infinite Blades","Leg Sweep+1","Infinite Blades","Envenom+1","Footwork","Malaise","Adrenaline+1","Cloak And Dagger","Blur","Envenom+1","A Thousand Cuts+1","Terror+1","Night Terror+1","Acrobatics","Die Die Die+1","Cloak And Dagger+1","PiercingWail+1","Skewer","Adrenaline+1","Dash+1","Noxious Fumes+1","Prepared","Leg Sweep"],"relics":["Ring of the Snake","Letter Opener","OrangePellets","Torii","Happy Flower","InkBottle","Membership Card","Orrery","Calipers","TwistedFunnel","TungstenRod","Anchor","HornCleat","HandDrill","Oddly Smooth Stone","War Paint","Bag of Marbles","Sling","PreservedInsect","Orichalcum","Pear","Potion Belt","Question Card","Sozu","Juzu Bracelet","Blood Vial","MealTicket","Bronze Scales","Lantern","Akabeko","Runic Pyramid","Frozen Egg 2","DollysMirror","Vajra","Whetstone","White Beast Statue","Pen Nib","Strawberry","Kunai"],"acts_visited":["Exordium","TheCity","TheBeyond","TheEnding"],"potions_floor_usage":[56,56,56,56],"damage_taken":[{"damage":0.0,"enemies":"Jaw Worm","floor":1.0,"turns":3.0},{"damage":0.0,"enemies":"Lagavulin","floor":6.0,"turns":4.0},{"damage":0.0,"enemies":"Small Slimes","floor":7.0,"turns":3.0},{"damage":0.0,"enemies":"Gremlin Nob","floor":8.0,"turns":3.0},{"damage":0.0,"enemies":"2 Louse","floor":11.0,"turns":4.0},{"damage":0.0,"enemies":"Lagavulin","floor":12.0,"turns":3.0},{"damage":0.0,"enemies":"Looter","floor":13.0,"turns":2.0},{"damage":5,"enemies":"Large Slime","floor":14,"turns":5},{"damage":2,"enemies":"The Guardian","floor":16,"turns":9},{"damage":0,"enemies":"Shell Parasite","floor":18,"turns":5},{"damage":0,"enemies":"3 Byrds","floor":19,"turns":3},{"damage":5,"enemies":"Slavers","floor":25,"turns":9},{"damage":6,"enemies":"Shelled Parasite and Fungi","floor":27,"turns":4},{"damage":0,"enemies":"Sentry and Sphere","floor":28,"turns":6},{"damage":0,"enemies":"Book of Stabbing","floor":29,"turns":4},{"damage":8,"enemies":"Automaton","floor":33,"turns":6},{"damage":0,"enemies":"3 Shapes","floor":35,"turns":4},{"damage":7,"enemies":"Reptomancer","floor":40,"turns":4},{"damage":0,"enemies":"Giant Head","floor":42,"turns":5},{"damage":0,"enemies":"Reptomancer","floor":47,"turns":4},{"damage":0,"enemies":"3 Darklings","floor":48,"turns":3},{"damage":0,"enemies":"Donu and Deca","floor":50,"turns":6},{"damage":7,"enemies":"Awakened One","floor":51,"turns":9},{"damage":0,"enemies":"Shield and Spear","floor":55,"turns":4},{"damage":11,"enemies":"The Heart","floor":56,"turns":7}],"seed_played":"2318540166585597719","potions_obtained":[{"floor":1.0,"key":"FearPotion"},{"floor":7.0,"key":"GhostInAJar"},{"floor":11.0,"key":"ColorlessPotion"},{"floor":13.0,"key":"FearPotion"}],"is_trial":false,"path_per_floor":["M","?","?","?","$","E","M","E","T","R","M","E","M","M","R","B",null,"M","M","?","?","$","R","?","E","T","M","M","E","R","T","R","B",null,"M","?","?","?","?","E","R","E","T","R","$","?","E","M","R","B","B",null,"R","$","E","B",null],"character_chosen":"THE_SILENT","items_purchased":["Membership Card","Orrery","Cloak And Dagger","Calipers","TwistedFunnel","Backflip","Infinite Blades","Infinite Blades","Leg Sweep","TungstenRod","Anchor","Infinite Blades","Envenom","HornCleat","HandDrill","Oddly Smooth Stone","Happy Flower","War Paint","Footwork","Bag of Marbles","Sling","OrangePellets","Well Laid Plans","PreservedInsect","Malaise","HandOfGreed","InkBottle","DollysMirror","Vajra","White Beast Statue","Pen Nib","Noxious Fumes+1","Prepared","Strawberry","Leg Sweep"],"campfire_rested":0,"item_purchase_floors":[0,0,0,0,0,0,0,0,0,0,0,0,0,0,0,0,0,0,0,0,0,0,0,0,0,5,22,45,45,54,54,54,54,54,54],"current_hp_per_floor":[18,12,12,12,12,22,22,22,22,22,22,22,22,17,17,15,56,56,56,56,56,56,56,35,32,32,28,30,32,32,32,32,26,59,61,61,61,61,61,56,56,58,58,58,70,70,70,70,70,70,63,68,68,77,77,66],"gold":112,"neow_bonus":"","is_daily":false,"chose_seed":false,"campfire_upgraded":8,"win_rate":0.0,"timestamp":1610109878,"path_taken":["M","?","?","?","$","E","M","E","T","R","M","E","M","M","R","BOSS","M","M","?","?","$","R","?","E","T","M","M","E","R","?","R","BOSS","M","?","?","?","?","E","R","E","T","R","$","?","E","M","R","BOSS","BOSS","R","$","E","BOSS"],"items_purchased_type":["Relic","Relic","Card","Relic","Relic","Card","Card","Card","Card","Relic","Relic","Card","Card","Relic","Relic","Relic","Relic","Relic","Card","Relic","Relic","Relic","Card","Relic","Card","Card","Relic","Relic","Relic","Relic","Relic","Card","Card","Relic","Card"],"build_version":"2020-12-22","purchased_purges":10,"victory":true,"max_hp_per_floor":[66,66,60,60,60,70,70,70,70,70,70,70,70,70,70,70,70,70,70,70,70,70,70,70,70,70,70,70,70,70,70,70,70,70,70,70,70,70,70,70,70,70,70,70,70,70,70,70,70,70,70,70,70,77,77,77],"relic_stats":{"Torii":25,"Happy Flower":[39],"counters":[301,1123],"PreservedInsect":678,"Pen Nib":[3],"Juzu Bracelet":2,"Letter Opener":[960],"Whetstone":["Neutralize","Die Die Die"],"War Paint":["Leg Sweep","Blade Dance"],"Orichalcum":[48],"Question Card":31,"Sozu":7,"Blood Vial":16,"OrangePellets":[58],"Bronze Scales":[273],"MealTicket":53,"HandDrill":[62],"Kunai":[86],"obtain_stats":[{"TwistedFunnel":44,"Golden Egg":53,"Replay:Accelerometer":55,"Whetstone":43,"Ginger":55,"Bottled Tornado":46,"Boot":25,"Sling":0,"Old Coin":19,"Blood Vial":48,"Replay:Ringing Soul":11,"Replay:Bronze Core":34,"MealTicket":8,"HandDrill":0,"Replay:Bottled Flurry":6,"Kunai":27,"Replay:Wax Seal":0,"Pear":31,"Blue Candle":45,"Velvet Choker":17,"Pen Nib":49,"Replay:Ancient Bell":34,"Guardian:PocketSentry":37,"Paper Crane":0,"Akabeko":9,"SlaversCollar":34,"Runic Dome":34,"Bird Faced Urn":0,"Pandora\u0027s Box":19,"Kintsugi":17,"StrikeDummy":25,"Abe\u0027s Treasure":17,"Lantern":49,"Regal Pillow":27,"Torii":0,"Singing Bowl":44,"StoneCalendar":29,"Blue Doll":31,"Painkiller Herb":34,"Bag of Preparation":37,"Ancient Tea Set":6,"Smiling Mask":40,"Cursed Key":17,"Shovel":8,"Matryoshka":7,"Ninja Scroll":0,"Ring of Peace":5,"Toolbox":40,"WingedGreaves":39,"Chemical X":44,"Ring of Panic":19,"Replay:Bottled Eggs":11,"InkBottle":44,"Ring of the Snake":0,"Potion Belt":25,"The Specimen":0,"Golden Idol":3,"Basket Of Snakes":0,"Guardian:GemstoneGun":0,"Thread and Needle":0,"PreservedInsect":0,"The Courier":15,"champ:DeflectingBracers":0,"Omamori":31,"Ring of Greed":19,"Frozen Egg 2":0,"MawBank":3,"Replay:Arrowhead":42,"Ornamental Fan":44,"Orrery":0,"Turnip":34,"Art of War":0,"Garlic":10,"Durian":29,"Bottled Lightning":9,"ReplayTheSpireMod:Ring of Challenge":5,"ReplayTheSpireMod:Lightbulb":8,"Ice Cream":43,"Divine Protection":31,"Calipers":0,"Gremlin Horn":0,"Vajra":0,"HoveringKite":34,"Sozu":17,"Centennial Puzzle":50,"Lizard Tail":23,"HornCleat":25,"DollysMirror":48,"Strawberry":25,"Honey Jar":36,"Prayer Wheel":15,"Iron Hammer":9,"Toxic Egg 2":0,"Girya":0,"Happy Flower":0,"ReplayTheSpireMod:CursedCoin":23,"Dead Branch":55,"Replay:Grab Bag":34,"Oddly Smooth Stone":44,"Letter Opener":10,"War Paint":10,"Question Card":46,"Du-Vu Doll":48,"OrangePellets":0,"Replay:Baseball":55,"Bottled Flame":40,"ReplayTheSpireMod:Shallot":13,"Shuriken":25,"Bronze Scales":48,"Simple Rune":42,"Onion Ring":23,"Black Star":19,"ReplayTheSpireMod:TigerMarble":25,"Mirror":27,"ReplayTheSpireMod:DimensionalGlitch":36,"Meat on the Bone":30,"Pocketwatch":40,"ReplayFunnel":22,"Darkstone Periapt":48,"Mango":46,"Snake Skull":23,"Sizzling Blood":3,"Juzu Bracelet":31,"Incense Burner":0,"Replay:Mystery Machine":24,"ClockworkSouvenir":0,"Frozen Eye":48,"Nunchaku":11,"Dream Catcher":31,"Replay:Bandana":8,"Tough Bandages":0,"Chameleon Ring":45,"Mummified Hand":49,"Gambling Chip":41,"Pantograph":42,"Tiny Chest":24,"Red Mask":33,"Replay:Bottled Snecko":47,"Runic Pyramid":34,"BargainBundle":0,"ReplayTheSpireMod:Ninjato":45,"Replay:Towering Pillar of Hats":54,"Quantum Egg":50,"Guide Book":41,"Replay:WaspNest":21,"Orichalcum":27,"White Beast Statue":11,"Mercury Hourglass":38,"Strange Spoon":0,"Anchor":45,"Pondfish Scales":55,"Bag of Marbles":25,"Snack Pack":0,"Coffee Dripper":34,"Membership Card":0,"TungstenRod":0,"FossilizedHelix":10},{"TwistedFunnel":21,"Golden Egg":88,"Replay:Accelerometer":245,"Whetstone":51,"Ginger":119,"Bottled Tornado":22,"Boot":11,"Sling":120,"Old Coin":101,"Blood Vial":86,"Replay:Ringing Soul":32,"Replay:Bronze Core":263,"MealTicket":96,"HandDrill":59,"Replay:Bottled Flurry":218,"Kunai":12,"Replay:Wax Seal":90,"Pear":76,"Blue Candle":141,"Velvet Choker":159,"Pen Nib":86,"Replay:Ancient Bell":108,"Guardian:PocketSentry":202,"Paper Crane":0,"Akabeko":123,"SlaversCollar":167,"Runic Dome":200,"Bird Faced Urn":27,"Pandora\u0027s Box":37,"Kintsugi":100,"StrikeDummy":228,"Abe\u0027s Treasure":68,"Lantern":24,"Regal Pillow":73,"Torii":90,"Singing Bowl":141,"StoneCalendar":41,"Blue Doll":232,"Painkiller Herb":233,"Bag of Preparation":202,"Ancient Tea Set":62,"Smiling Mask":139,"Cursed Key":188,"Shovel":64,"Matryoshka":123,"Ninja Scroll":120,"Ring of Peace":61,"Toolbox":49,"WingedGreaves":18,"Chemical X":21,"Ring of Panic":101,"Replay:Bottled Eggs":221,"InkBottle":21,"Ring of the Snake":0,"Potion Belt":72,"The Specimen":90,"Golden Idol":61,"Basket Of Snakes":59,"Guardian:GemstoneGun":178,"Thread and Needle":120,"PreservedInsect":0,"The Courier":35,"champ:DeflectingBracers":148,"Omamori":43,"Ring of Greed":101,"Frozen Egg 2":148,"MawBank":1,"Replay:Arrowhead":20,"Ornamental Fan":21,"Orrery":57,"Turnip":108,"Art of War":0,"Garlic":32,"Durian":74,"Bottled Lightning":154,"ReplayTheSpireMod:Ring of Challenge":61,"ReplayTheSpireMod:Lightbulb":4,"Ice Cream":21,"Divine Protection":13,"Calipers":120,"Gremlin Horn":148,"Vajra":0,"HoveringKite":77,"Sozu":285,"Centennial Puzzle":25,"Lizard Tail":130,"HornCleat":11,"DollysMirror":174,"Strawberry":40,"Honey Jar":15,"Prayer Wheel":35,"Iron Hammer":64,"Toxic Egg 2":120,"Girya":59,"Happy Flower":90,"ReplayTheSpireMod:CursedCoin":39,"Dead Branch":147,"Replay:Grab Bag":263,"Oddly Smooth Stone":21,"Letter Opener":64,"War Paint":97,"Question Card":22,"Du-Vu Doll":23,"OrangePellets":57,"Replay:Baseball":89,"Bottled Flame":204,"ReplayTheSpireMod:Shallot":5,"Shuriken":72,"Bronze Scales":23,"Simple Rune":20,"Onion Ring":226,"Black Star":9,"ReplayTheSpireMod:TigerMarble":105,"Mirror":12,"ReplayTheSpireMod:DimensionalGlitch":46,"Meat on the Bone":133,"Pocketwatch":139,"ReplayFunnel":10,"Darkstone Periapt":53,"Mango":115,"Snake Skull":39,"Sizzling Blood":91,"Juzu Bracelet":107,"Incense Burner":120,"Replay:Mystery Machine":258,"ClockworkSouvenir":120,"Frozen Eye":174,"Nunchaku":5,"Dream Catcher":13,"Replay:Bandana":31,"Tough Bandages":120,"Chameleon Ring":84,"Mummified Hand":24,"Gambling Chip":268,"Pantograph":269,"Tiny Chest":72,"Red Mask":45,"Replay:Bottled Snecko":115,"Runic Pyramid":292,"BargainBundle":0,"ReplayTheSpireMod:Ninjato":271,"Replay:Towering Pillar of Hats":88,"Quantum Egg":25,"Guide Book":237,"Replay:WaspNest":102,"Orichalcum":40,"White Beast Statue":65,"Mercury Hourglass":80,"Strange Spoon":90,"Anchor":21,"Pondfish Scales":275,"Bag of Marbles":72,"Snack Pack":246,"Coffee Dripper":263,"Membership Card":0,"TungstenRod":0,"FossilizedHelix":5},{"TwistedFunnel":117,"Golden Egg":427,"Replay:Accelerometer":932,"Whetstone":243,"Ginger":526,"Bottled Tornado":123,"Boot":58,"Sling":532,"Old Coin":465,"Blood Vial":414,"Replay:Ringing Soul":168,"Replay:Bronze Core":976,"MealTicket":450,"HandDrill":286,"Replay:Bottled Flurry":858,"Kunai":65,"Replay:Wax Seal":434,"Pear":378,"Blue Candle":585,"Velvet Choker":653,"Pen Nib":414,"Replay:Ancient Bell":485,"Guardian:PocketSentry":807,"Paper Crane":0,"Akabeko":537,"SlaversCollar":682,"Runic Dome":801,"Bird Faced Urn":154,"Pandora\u0027s Box":186,"Kintsugi":463,"StrikeDummy":883,"Abe\u0027s Treasure":339,"Lantern":133,"Regal Pillow":365,"Torii":434,"Singing Bowl":585,"StoneCalendar":197,"Blue Doll":894,"Painkiller Herb":897,"Bag of Preparation":807,"Ancient Tea Set":307,"Smiling Mask":580,"Cursed Key":756,"Shovel":317,"Matryoshka":537,"Ninja Scroll":532,"Ring of Peace":299,"Toolbox":232,"WingedGreaves":98,"Chemical X":117,"Ring of Panic":465,"Replay:Bottled Eggs":865,"InkBottle":117,"Ring of the Snake":0,"Potion Belt":359,"The Specimen":434,"Golden Idol":299,"Basket Of Snakes":286,"Guardian:GemstoneGun":730,"Thread and Needle":532,"PreservedInsect":0,"The Courier":178,"champ:DeflectingBracers":613,"Omamori":205,"Ring of Greed":465,"Frozen Egg 2":613,"MawBank":3,"Replay:Arrowhead":110,"Ornamental Fan":117,"Orrery":277,"Turnip":485,"Art of War":0,"Garlic":168,"Durian":371,"Bottled Lightning":632,"ReplayTheSpireMod:Ring of Challenge":299,"ReplayTheSpireMod:Lightbulb":17,"Ice Cream":117,"Divine Protection":71,"Calipers":532,"Gremlin Horn":613,"Vajra":0,"HoveringKite":383,"Sozu":1040,"Centennial Puzzle":138,"Lizard Tail":553,"HornCleat":58,"DollysMirror":709,"Strawberry":194,"Honey Jar":82,"Prayer Wheel":178,"Iron Hammer":317,"Toxic Egg 2":532,"Girya":286,"Happy Flower":434,"ReplayTheSpireMod:CursedCoin":191,"Dead Branch":606,"Replay:Grab Bag":976,"Oddly Smooth Stone":117,"Letter Opener":317,"War Paint":453,"Question Card":123,"Du-Vu Doll":128,"OrangePellets":277,"Replay:Baseball":429,"Bottled Flame":812,"ReplayTheSpireMod:Shallot":26,"Shuriken":359,"Bronze Scales":128,"Simple Rune":110,"Onion Ring":878,"Black Star":46,"ReplayTheSpireMod:TigerMarble":477,"Mirror":65,"ReplayTheSpireMod:DimensionalGlitch":218,"Meat on the Bone":562,"Pocketwatch":580,"ReplayFunnel":49,"Darkstone Periapt":253,"Mango":508,"Snake Skull":191,"Sizzling Blood":437,"Juzu Bracelet":481,"Incense Burner":532,"Replay:Mystery Machine":965,"ClockworkSouvenir":532,"Frozen Eye":709,"Nunchaku":26,"Dream Catcher":71,"Replay:Bandana":165,"Tough Bandages":532,"Chameleon Ring":409,"Mummified Hand":133,"Gambling Chip":985,"Pantograph":986,"Tiny Chest":359,"Red Mask":212,"Replay:Bottled Snecko":508,"Runic Pyramid":1077,"BargainBundle":0,"ReplayTheSpireMod:Ninjato":992,"Replay:Towering Pillar of Hats":427,"Quantum Egg":138,"Guide Book":910,"Replay:WaspNest":469,"Orichalcum":194,"White Beast Statue":323,"Mercury Hourglass":393,"Strange Spoon":434,"Anchor":117,"Pondfish Scales":999,"Bag of Marbles":359,"Snack Pack":936,"Coffee Dripper":976,"Membership Card":0,"TungstenRod":0,"FossilizedHelix":26}],"InkBottle":[57],"TungstenRod":28,"Ring of the Snake":[346]},"card_choices":[{"not_picked":["Quick Slash","Masterful Stab"],"picked":"Finisher","floor":0.0},{"not_picked":["Sucker Punch","Underhanded Strike"],"picked":"Blade Dance","floor":0.0},{"not_picked":["Underhanded Strike","PiercingWail"],"picked":"Leg Sweep","floor":0.0},{"not_picked":["Dagger Spray","Sucker Punch"],"picked":"Crippling Poison","floor":0.0},{"not_picked":["Concentrate","Deflect"],"picked":"Finisher","floor":0.0},{"not_picked":["Dodge and Roll","Riddle With Holes","Finisher"],"picked":"SKIP","floor":1.0},{"not_picked":["Reflex","Expertise"],"picked":"Adrenaline","floor":6.0},{"not_picked":["Escape Plan","Dagger Throw"],"picked":"Cloak And Dagger","floor":7.0},{"not_picked":["PiercingWail","Blade Dance"],"picked":"Blur","floor":8.0},{"not_picked":["Finisher","Dagger Throw"],"picked":"Envenom","floor":11.0},{"not_picked":["Finisher","Riddle With Holes","Corpse Explosion"],"picked":"SKIP","floor":12.0},{"not_picked":["Sucker Punch","Dagger Spray","Reflex","Setup"],"picked":"SKIP","floor":13.0},{"not_picked":["Catalyst","Expertise","Deflect","Backstab"],"picked":"SKIP","floor":14},{"not_picked":["Venomology","Envenom","Glass Knife"],"picked":"A Thousand Cuts","floor":16},{"not_picked":["Distraction","PiercingWail","Dodge and Roll","Skewer"],"picked":"SKIP","floor":18},{"not_picked":["Bane","Deflect","Distraction"],"picked":"Terror","floor":19},{"not_picked":["Reflex+1","Dash+1","Dagger Spray"],"picked":"Night Terror","floor":25},{"not_picked":["Poisoned Stab","Calculated Gamble","Deadly Poison"],"picked":"Acrobatics","floor":27},{"not_picked":["Bouncing Flask","Deflect","Slice","Bane"],"picked":"SKIP","floor":28},{"not_picked":["Venomology","Slice","Glass Knife","Flechettes"],"picked":"SKIP","floor":29},{"not_picked":["A Thousand Cuts","Grand Finale","Malaise"],"picked":"Die Die Die","floor":33},{"not_picked":["Quick Slash+1","PiercingWail+1","Endless Agony"],"picked":"Cloak And Dagger+1","floor":35},{"not_picked":["Dagger Spray+1","Quick Slash","Outmaneuver"],"picked":"PiercingWail+1","floor":40},{"not_picked":["Caltrops+1","Unload","Escape Plan+1"],"picked":"Skewer","floor":42},{"not_picked":["Dodge and Roll","All Out Attack","Storm of Steel"],"picked":"Dash+1","floor":47},{"not_picked":["Well Laid Plans+1","Sucker Punch","Cloak And Dagger","Masterful Stab"],"picked":"SKIP","floor":48},{"not_picked":["Endless Agony","Cloak And Dagger","Crippling Poison","Flying Knee+1"],"picked":"SKIP","floor":55}],"player_experience":1452407,"relics_obtained":[{"floor":6.0,"key":"Pear"},{"floor":8.0,"key":"Letter Opener"},{"floor":9.0,"key":"Potion Belt"},{"floor":12.0,"key":"Question Card"},{"floor":25,"key":"MealTicket"},{"floor":26,"key":"Bronze Scales"},{"floor":29,"key":"Lantern"},{"floor":31,"key":"Akabeko"},{"floor":40,"key":"Frozen Egg 2"},{"floor":42,"key":"Torii"},{"floor":47,"key":"Whetstone"},{"floor":55,"key":"Kunai"}],"event_choices":[{"cards_removed":["Defend_G"],"damage_healed":0.0,"max_hp_gain":0.0,"max_hp_loss":0.0,"gold_gain":0.0,"event_name":"Golden Wing","player_choice":"Card Removal","floor":2.0,"gold_loss":0.0,"damage_taken":7.0},{"damage_healed":0.0,"max_hp_gain":0.0,"max_hp_loss":6.0,"gold_gain":0.0,"event_name":"Golden Idol","player_choice":"Lose Max HP","floor":3.0,"gold_loss":0.0,"damage_taken":0.0,"relics_obtained":["Golden Idol"]},{"damage_healed":12.0,"max_hp_gain":0.0,"max_hp_loss":60.0,"gold_gain":0.0,"event_name":"betterThird:BetterShining","player_choice":"Leave","floor":4.0,"gold_loss":0.0,"damage_taken":0.0},{"damage_healed":0,"gold_gain":50,"player_choice":"Steal","damage_taken":0,"max_hp_gain":0,"max_hp_loss":0,"event_name":"betterThird:BetterNest","floor":20,"gold_loss":0},{"damage_healed":0,"gold_gain":0,"player_choice":"Obtained Relic","damage_taken":0,"relics_obtained":["Juzu Bracelet"],"max_hp_gain":0,"max_hp_loss":0,"event_name":"Addict","floor":21,"gold_loss":85},{"damage_healed":0,"gold_gain":0,"player_choice":" Vial ","damage_taken":22,"relics_obtained":["Blood Vial"],"max_hp_gain":56,"max_hp_loss":35,"event_name":"betterAltar:BetterAltar","floor":24,"potions_obtained":[],"relics_lost":[],"gold_loss":0},{"cards_removed":["Finisher"],"damage_healed":0,"gold_gain":0,"player_choice":"Removed Attack","damage_taken":0,"max_hp_gain":0,"max_hp_loss":0,"event_name":"Falling","floor":36,"gold_loss":0},{"damage_healed":0,"gold_gain":333,"player_choice":"Gave Idol","damage_taken":0,"max_hp_gain":0,"max_hp_loss":0,"event_name":"The Moai Head","floor":37,"relics_lost":["Golden Idol"],"gold_loss":0},{"cards_removed":["Well Laid Plans"],"damage_healed":0,"gold_gain":0,"player_choice":"Purged","damage_taken":0,"max_hp_gain":0,"max_hp_loss":0,"event_name":"Purifier","floor":38,"gold_loss":0},{"cards_removed":["Strike_G"],"damage_healed":0,"gold_gain":0,"player_choice":"Upgrade and Remove","damage_taken":0,"max_hp_gain":0,"max_hp_loss":0,"event_name":"Designer","floor":39,"gold_loss":110,"cards_upgraded":["Infinite Blades"]},{"damage_healed":0,"gold_gain":0,"player_choice":"Ignored","damage_taken":0,"max_hp_gain":0,"max_hp_loss":0,"event_name":"Tomb of Lord Red Mask","floor":46,"gold_loss":0}],"is_beta":false,"boss_relics":[{"not_picked":["Runic Dome","Ring of the Serpent"],"picked":"Sozu"},{"not_picked":["Snecko Eye","SacredBark"],"picked":"Runic Pyramid"}],"items_purged_floors":[0,0,0,0,0,0,22,45,54,54],"is_endless":false,"potions_floor_spawned":[1,7,8,11,13,18,19,29,35,42,48,55],"ascension_level":20}}