{"host":"x7n7968bn9ekn290","time":1610153352,"event":{"mods":["AchievementEnabler","BaseMod","Colored Map","Colored Powertips","Googly Eyes","Highlight Path","Melee Mod","Minty Spire (QoL Compilation)","Quick Restart","Rare Cards Sparkle","Relic Stats","Spire Birthday Party","StSLib","slay the spire mod where everything is the same but ironclad has a cowboy hat"],"gold_per_floor":[109,121,73,92,62,62,13,23,23,34,48,58,78,104,104,208,208,228,247,63,79,79,79,89,89,89,89,89],"floor_reached":27,"playtime":1614,"items_purged":[],"score":244,"play_id":"ed99db3d-28e3-438b-bd40-fea27dfaa8fb","local_time":"20210108164912","is_ascension_mode":false,"campfire_choices":[{"data":"meleeMod_SoftKnee","floor":6,"key":"SMITH"},{"floor":15,"key":"REST"},{"floor":23,"key":"REST"},{"floor":25,"key":"REST"}],"circlet_count":0,"master_deck":["meleeMod_Jab","meleeMod_Jab","meleeMod_Jab","meleeMod_Jab","meleeMod_Shield","meleeMod_Shield","meleeMod_Shield","meleeMod_Shield","meleeMod_NeutralAir","meleeMod_BackAir","meleeMod_DashDance","meleeMod_SoftKnee+1","meleeMod_UpSmash","meleeMod_Grab","meleeMod_NoDI","meleeMod_WallJump","meleeMod_WaveDash","meleeMod_ShieldPoke","meleeMod_MindReader","meleeMod_SoftKnee","meleeMod_NippleSpike","meleeMod_Roll","meleeMod_Knee","meleeMod_RaptorBoost+1","meleeMod_HaxDash","meleeMod_RapidJabs","meleeMod_DashDance"],"relics":["meleeMod_LosersMang0","Pantograph","meleeMod_JohnnyStock","SlaversCollar","Strawberry","White Beast Statue","Bottled Flame"],"acts_visited":["Exordium","TheCity"],"potions_floor_usage":[12,14,14,14,19],"damage_taken":[{"damage":0,"enemies":"Cultist","floor":1,"turns":2},{"damage":0,"enemies":"Jaw Worm","floor":2,"turns":3},{"damage":0,"enemies":"Small Slimes","floor":4,"turns":5},{"damage":15,"enemies":"Exordium Wildlife","floor":8,"turns":4},{"damage":0,"enemies":"Looter","floor":10,"turns":3},{"damage":2,"enemies":"Red Slaver","floor":11,"turns":3},{"damage":3,"enemies":"Lots of Slimes","floor":12,"turns":4},{"damage":2,"enemies":"2 Fungi Beasts","floor":13,"turns":4},{"damage":19,"enemies":"3 Sentries","floor":14,"turns":8},{"damage":89,"enemies":"Hexaghost","floor":16,"turns":13},{"damage":16,"enemies":"Chosen","floor":18,"turns":6},{"damage":18,"enemies":"Shell Parasite","floor":19,"turns":8},{"damage":46,"enemies":"Snecko","floor":21,"turns":6},{"damage":48,"enemies":"Chosen and Byrds","floor":24,"turns":7},{"damage":32,"enemies":"Cultist and Chosen","floor":27,"turns":5}],"seed_played":"-8229771009607855387","potions_obtained":[{"floor":2,"key":"SteroidPotion"},{"floor":5,"key":"Swift Potion"},{"floor":5,"key":"Fire Potion"},{"floor":12,"key":"Block Potion"},{"floor":18,"key":"SpeedPotion"},{"floor":24,"key":"Dexterity Potion"}],"is_trial":false,"path_per_floor":["M","M","$","M","?","R","$","M","T","M","M","M","M","E","R","B",null,"M","M","$","M","T","R","M","R","T","M"],"character_chosen":"FALCON","items_purchased":["meleeMod_UpSmash","meleeMod_NoDI","Strawberry","meleeMod_HaxDash"],"campfire_rested":3,"item_purchase_floors":[3,7,20,20],"current_hp_per_floor":[93,93,93,93,93,93,93,78,78,78,76,73,71,52,79,4,93,77,59,66,20,20,50,2,32,32,0,0],"gold":89,"neow_bonus":"TEN_PERCENT_HP_BONUS","is_daily":false,"chose_seed":false,"campfire_upgraded":1,"win_rate":0.0,"timestamp":1610153352,"path_taken":["M","M","?","M","?","R","$","M","T","M","?","M","M","E","R","BOSS","M","M","$","M","?","R","M","R","T","M"],"items_purchased_type":["Card","Card","Relic","Card"],"build_version":"2020-12-22","purchased_purges":0,"victory":false,"max_hp_per_floor":[93,93,93,93,93,93,93,93,93,93,93,93,93,93,93,93,93,93,93,100,100,100,100,100,100,100,100,100],"relic_stats":{"counters":[15,81],"Pantograph":14,"obtain_stats":[{"SlaversCollar":17,"Bottled Flame":26,"meleeMod_TeamBeerMang0":0,"Pantograph":9,"Strawberry":20,"meleeMod_JohnnyStock":14,"meleeMod_LosersMang0":27,"White Beast Statue":22},{"SlaversCollar":10,"Bottled Flame":14,"meleeMod_TeamBeerMang0":0,"Pantograph":4,"Strawberry":12,"meleeMod_JohnnyStock":9,"meleeMod_LosersMang0":15,"White Beast Statue":13},{"SlaversCollar":49,"Bottled Flame":76,"meleeMod_TeamBeerMang0":0,"Pantograph":14,"Strawberry":63,"meleeMod_JohnnyStock":36,"meleeMod_LosersMang0":81,"White Beast Statue":69}]},"card_choices":[{"not_picked":["meleeMod_ForwardTilt","meleeMod_FalconPunch"],"picked":"meleeMod_DashDance","floor":1},{"not_picked":["meleeMod_ShieldPoke","meleeMod_NeutralAir"],"picked":"meleeMod_SoftKnee","floor":2},{"not_picked":["meleeMod_CommandGrab","meleeMod_SuperMushroom"],"picked":"meleeMod_Grab","floor":4},{"not_picked":["meleeMod_ShieldPoke","meleeMod_CommandGrab"],"picked":"meleeMod_WallJump","floor":8},{"not_picked":["meleeMod_DownTilt","meleeMod_ForwardSmash"],"picked":"meleeMod_WaveDash","floor":10},{"not_picked":["meleeMod_SuperMushroom","meleeMod_UpTilt"],"picked":"meleeMod_ShieldPoke","floor":11},{"not_picked":["meleeMod_L_Cancel","meleeMod_FalconKick"],"picked":"meleeMod_MindReader","floor":12},{"not_picked":["meleeMod_CommandGrab","meleeMod_WaveLand"],"picked":"meleeMod_SoftKnee","floor":13},{"not_picked":["meleeMod_Gentleman","meleeMod_MindReader"],"picked":"meleeMod_NippleSpike","floor":14},{"not_picked":["meleeMod_MindReader","meleeMod_PhantomHit"],"picked":"meleeMod_Roll","floor":16},{"not_picked":["meleeMod_FalconDive","meleeMod_NoDI+1"],"picked":"meleeMod_Knee","floor":18},{"not_picked":["meleeMod_FalconPunch+1","meleeMod_Knee+1"],"picked":"meleeMod_RaptorBoost+1","floor":19},{"not_picked":["meleeMod_CommandGrab","meleeMod_VCancel"],"picked":"meleeMod_RapidJabs","floor":21},{"not_picked":["meleeMod_UpTilt","meleeMod_DownTilt"],"picked":"meleeMod_DashDance","floor":24}],"player_experience":30658,"relics_obtained":[{"floor":9,"key":"Pantograph"},{"floor":14,"key":"meleeMod_JohnnyStock"},{"floor":22,"key":"White Beast Statue"},{"floor":26,"key":"Bottled Flame"}],"event_choices":[{"damage_healed":0,"gold_gain":0,"player_choice":"Bought 2 Potions","damage_taken":0,"max_hp_gain":0,"max_hp_loss":0,"event_name":"The Woman in Blue","floor":5,"gold_loss":0}],"is_beta":false,"boss_relics":[{"not_picked":["Pandora\u0027s Box","Busted Crown"],"picked":"SlaversCollar"}],"items_purged_floors":[],"is_endless":false,"potions_floor_spawned":[2,10,11,12,18,24],"killed_by":"Cultist and Chosen","ascension_level":0}}