{"host":"yiwf5cuj7e45awf3","time":1610100975,"event":{"mods":["BaseMod","Downfall","Hermit","Highlight Path","Hubris","Infinite Spire","Lobotomy","Marisa£®ÏF”Í°°ƒß¿Ì…≥£©","Minty Spire (QoL Compilation)","READ ME - Guardian Mod","Remilia£®¿Ÿ√◊¿Ú—«£©","Replay The Spire","StSLib","The Animator","The Construct","The Cursed","The Disciple","The Hierophant","The Jungle","The Necromancer","The Runesmith","The Servant 0.9.4"],"gold_per_floor":[99,116,133,152,167,167,167,177,207,207,207,225,225,174,186,186,186,186],"floor_reached":16,"playtime":1086,"items_purged":[],"score":94,"play_id":"8dbfc8cf-4f8e-4039-9b6e-4af2827f26e1","local_time":"20210108181615","is_ascension_mode":false,"campfire_choices":[{"data":"Slimebound:Split","floor":1,"key":"SMITH"},{"data":"Slimebound:SpikyOuterGoop","floor":11,"key":"SMITH"},{"data":"Slimebound:SplitBruiser","floor":13,"key":"SMITH"}],"circlet_count":0,"master_deck":["Slimebound:Strike_Slimebound","Slimebound:Strike_Slimebound","Slimebound:Strike_Slimebound","Slimebound:Tackle","Slimebound:Defend_Slimebound","Slimebound:Defend_Slimebound","Slimebound:Defend_Slimebound","Slimebound:Split+1","Slimebound:CorrosiveSpit","Slimebound:Schlurp","Slimebound:Chomp","Slimebound:LeechEnergy","Slimebound:SpikyOuterGoop+1","Slimebound:SlimeBrawl+1","Slimebound:SlimeTap","Slimebound:SplitBruiser+1","Slimebound:LeechEnergy","Slimebound:SamplingLick","Slimebound:SamplingLick","Slimebound:Gluttony"],"relics":["Slimebound:AbsorbEndCombat","infinitespire:BottledMercury","infinitespire:Broken Mirror"],"acts_visited":["Exordium"],"potions_floor_usage":[14,16,16],"damage_taken":[{"damage":11,"enemies":"2 Louse","floor":2,"turns":3},{"damage":22,"enemies":"Jaw Worm","floor":3,"turns":3},{"damage":12,"enemies":"Cultist","floor":4,"turns":3},{"damage":11,"enemies":"Large Slime","floor":5,"turns":4},{"damage":29,"enemies":"Exordium Wildlife","floor":8,"turns":4},{"damage":31,"enemies":"2 Fungi Beasts","floor":12,"turns":4},{"damage":19,"enemies":"downfall:FleeingMerchant","floor":14,"turns":4},{"damage":20,"enemies":"3 Louse","floor":15,"turns":2},{"damage":59,"enemies":"downfall:Defect","floor":16,"turns":4}],"seed_played":"254046961152870137","potions_obtained":[{"floor":3,"key":"Adrenaline Potion"},{"floor":5,"key":"Explosive Potion"},{"floor":8,"key":"AttackPotion"},{"floor":12,"key":"Toxic Potion"},{"floor":15,"key":"SteroidPotion"}],"is_trial":false,"path_per_floor":["R","M","M","M","M","?","T","M","?","T","R","M","R","$","M","B"],"character_chosen":"SLIMEBOUND","items_purchased":["Slimebound:SamplingLick"],"campfire_rested":0,"item_purchase_floors":[14],"current_hp_per_floor":[66,66,63,63,66,66,66,57,57,57,57,46,46,51,47,0,0,0],"gold":186,"neow_bonus":"TEN_PERCENT_HP_BONUS","is_daily":false,"chose_seed":false,"campfire_upgraded":3,"win_rate":0.0,"timestamp":1610100975,"path_taken":["R","M","M","M","M","?","T","M","?","?","R","M","R","$","M","BOSS"],"items_purchased_type":["Card"],"build_version":"2020-12-22","purchased_purges":0,"victory":false,"max_hp_per_floor":[66,66,66,66,66,66,66,66,66,66,66,66,66,66,66,66,66,66],"card_choices":[{"not_picked":["Slimebound:LeechEnergy","Slimebound:GrowthPunch"],"picked":"Slimebound:Schlurp","floor":2},{"not_picked":["Slimebound:Schlurp","Slimebound:LeechEnergy"],"picked":"Slimebound:Chomp","floor":3},{"not_picked":["Slimebound:Schlurp","Slimebound:GrowthPunch"],"picked":"Slimebound:LeechEnergy","floor":4},{"not_picked":["Slimebound:ViciousTackle","Slimebound:Schlurp"],"picked":"Slimebound:SpikyOuterGoop","floor":5},{"not_picked":["Slimebound:Prepare","Slimebound:DuplicatedForm"],"picked":"Slimebound:SlimeTap","floor":8},{"not_picked":["Slimebound:GoopSpray","Slimebound:SlimeSpikes"],"picked":"Slimebound:SplitBruiser","floor":12},{"not_picked":["Slimebound:Dissolve","Slimebound:SlimeTap"],"picked":"Slimebound:LeechEnergy","floor":14},{"not_picked":["Slimebound:SlimeSpikes","Slimebound:LeechEnergy"],"picked":"Slimebound:Gluttony","floor":15}],"player_experience":66810,"relics_obtained":[{"floor":10,"key":"infinitespire:Broken Mirror"}],"event_choices":[],"is_beta":false,"boss_relics":[],"items_purged_floors":[],"is_endless":false,"potions_floor_spawned":[3,5,8,12,15],"killed_by":"downfall:Defect","ascension_level":0}}