{"host":"7z347kdhnquy3q4q","time":1610131057,"event":{"mods":["Act Like it!","Aspiration","BaseMod","Downfall","Hubris","Infinite Spire","Minty Spire (QoL Compilation)","MostiFishMod","Pale of the Ancients","Permanent Neow","Potionbrewer","Replay The Spire","Robot Space Explorer","Spicy Shops","StSLib","Wandering Minibosses","vexMod"],"gold_per_floor":[112,130,130,130,145,145,160,160,160,184,218,231,270,293,293,388,388,412,412,432,432,94,94,132,132,156,179,195,410,444,1,1,99,99,112,60,84,84,108,151,151,186,186,186,217,235,300,314,314,314,314],"floor_reached":52,"playtime":2954,"items_purged":["Slimebound:Icky","Pain","Shame","CommonCold"],"score":2341,"play_id":"a4891541-cc30-4d8f-806a-467861dee663","local_time":"20210108123737","is_ascension_mode":true,"campfire_choices":[{"data":"ReplayTheSpireMod:LeadingStrike","floor":6.0,"key":"SMITH"},{"floor":8.0,"key":"REST"},{"data":"MostiFishMod:RainCloud","floor":15.0,"key":"SMITH"},{"floor":23.0,"key":"REST"},{"data":"infinitespire:SevenWalls","floor":25.0,"key":"SMITH"},{"data":"ReplayTheSpireMod:Muscle Training","floor":32,"key":"SMITH"},{"data":"ReplayUltimateDefense","floor":44,"key":"SMITH"},{"data":"Slimebound:SlimeTap","floor":49,"key":"PURGE"}],"circlet_count":0,"master_deck":["AscendersBane","Strike_R+1","Strike_R","Strike_R","Strike_R+1","Strike_R","Defend_R","Defend_R","Defend_R","Defend_R","Bash","Cleave","ReplayTheSpireMod:LeadingStrike+1","Rampage","MostiFishMod:RainCloud+1","Iron Wave","Sword Boomerang","Dual Wield","MostiFishMod:NewArrival","Clumsy","Second Wind","infinitespire:SevenWalls+1","ReplayTheSpireMod:Strike From Hell","MostiFishMod:Mottled","ReplayTheSpireMod:Muscle Training+1","Slimebound:SamplingLick","Flash of Steel","Finesse","potionbrewer:TestFormula+1","RobotSpaceExplorer:StunGrenade","Alpha","Disarm","ReplayUltimateDefense+1","MostiFishMod:Confrontation","hubris:Fate","Replay:SS_forest_2","RobotSpaceExplorer:MetalStrike+1","hexamod:NightmareStrike+1","Panacea+1"],"relics":["Burning Blood","DaveBox","xbg","vexMod:RedPlottingStone","SynthV:TestCard","Golden Idol","HornCleat","Akabeko","vexMod:FocusSash","infinitespire:Broken Mirror","Replay:Ancient Bell","Replay:Baseball","Shuriken","ThornShield","vexMod:Spyglass","PrismaticShard","ReplayTheSpireMod:CursedCoin","MealTicket","Guardian:PocketSentry","Simple Rune","Bronze Scales","hubris:ChampionShield","Mirror","hubris:MedicalManual","aspiration:SecretTechniqueScroll","Replay:Wax Seal","hubris:SlimyHat","potionbrewer:BottledElixir","Molten Egg 2","ReplayTheSpireMod:Ninjato","hubris:GlazedTorus","Peace Pipe"],"acts_visited":["Exordium","TheCity","TheBeyond"],"potions_floor_usage":[45,50,51],"damage_taken":[{"damage":0.0,"enemies":"Jaw Worm","floor":1.0,"turns":3.0},{"damage":6.0,"enemies":"2 Louse","floor":2.0,"turns":2.0},{"damage":5.0,"enemies":"Cultist","floor":5.0,"turns":6.0},{"damage":6.0,"enemies":"Looter","floor":7.0,"turns":2.0},{"damage":30.0,"enemies":"3 Sentries","floor":11.0,"turns":9.0},{"damage":10.0,"enemies":"Large Slime","floor":12.0,"turns":4.0},{"damage":0.0,"enemies":"Lagavulin","floor":13.0,"turns":3.0},{"damage":0.0,"enemies":"Blue Slaver","floor":14.0,"turns":1.0},{"damage":37.0,"enemies":"The Guardian","floor":16.0,"turns":9.0},{"damage":22.0,"enemies":"2 Thieves","floor":18.0,"turns":2.0},{"damage":0.0,"enemies":"Spheric Guardian","floor":20.0,"turns":1.0},{"damage":18.0,"enemies":"Gremlin Leader","floor":24.0,"turns":3.0},{"damage":0.0,"enemies":"Snake Plant","floor":28.0,"turns":1.0},{"damage":0.0,"enemies":"Centurion and Healer","floor":29.0,"turns":1.0},{"damage":11.0,"enemies":"Book of Stabbing","floor":30.0,"turns":3.0},{"damage":64,"enemies":"Collector","floor":33,"turns":10},{"damage":0,"enemies":"Orb Walker","floor":35,"turns":2},{"damage":0,"enemies":"3 Shapes","floor":37,"turns":2},{"damage":0,"enemies":"R_Hoarder","floor":40,"turns":3},{"damage":0,"enemies":"Reptomancer","floor":42,"turns":4},{"damage":0,"enemies":"Mind Bloom Boss Battle","floor":45,"turns":1},{"damage":0,"enemies":"Transient","floor":46,"turns":6},{"damage":6,"enemies":"2 Orb Walkers","floor":47,"turns":7},{"damage":1,"enemies":"Sphere and 2 Shapes","floor":48,"turns":4},{"damage":59,"enemies":"infinitespire:MassOfShapes","floor":50,"turns":8},{"damage":0,"enemies":"Donu and Deca","floor":51,"turns":5}],"seed_played":"6906079644058738996","potions_obtained":[{"floor":7.0,"key":"Languid Potion"},{"floor":12.0,"key":"BloodPotion"},{"floor":13.0,"key":"EssenceOfSteel"},{"floor":14.0,"key":"champ:CounterPotion"},{"floor":20.0,"key":"Strength Potion"},{"floor":24.0,"key":"SteroidPotion"},{"floor":35,"key":"potionbrewer:HastePotion"},{"floor":47,"key":"ColorlessPotion"}],"is_trial":false,"path_per_floor":["M","M","?","?","M","R","M","R","T","T","E","M","E","M","R","B",null,"M","AVR","M","?","$","R","E","R","T","T","M","M","E","$","R","B",null,"M","$","M","AVR","T","E","?","E","T","R","?","M","?","M","R","B","B",null],"character_chosen":"IRONCLAD","items_purchased":["ReplayTheSpireMod:CursedCoin","MostiFishMod:Mottled","MealTicket","hubris:MedicalManual","Disarm"],"campfire_rested":2,"item_purchase_floors":[22,22,22,31,36],"current_hp_per_floor":[74,74,48,48,49,49,49,71,71,71,47,43,64,70,70,39,66,50,50,56,44,44,66,54,54,54,54,60,85,80,85,85,27,71,77,85,85,85,85,85,64,70,70,70,76,82,82,85,85,32,53],"gold":314,"neow_bonus":"ONE_RARE_RELIC","is_daily":false,"chose_seed":false,"campfire_upgraded":5,"win_rate":0.0,"timestamp":1610131057,"path_taken":["M","M","?","?","M","R","M","R","T","?","E","?","E","M","R","BOSS","M","AVR","M","?","$","R","E","R","T","?","M","M","E","$","R","BOSS","M","$","M","AVR","?","E","?","E","T","R","?","M","?","?","R","BOSS","BOSS"],"items_purchased_type":["Relic","Card","Relic","Relic","Card"],"build_version":"2020-12-22","purchased_purges":4,"victory":true,"max_hp_per_floor":[75,75,75,75,75,75,75,75,75,75,75,75,75,75,75,75,75,75,75,75,75,75,75,75,75,75,75,75,85,85,85,85,85,85,85,85,85,85,85,85,85,85,85,85,85,85,85,85,85,85,85],"card_choices":[{"not_picked":["Clash","Disarm"],"picked":"Cleave","floor":1.0},{"not_picked":["Twin Strike","Evolve","Anger","Infernal Blade","Heavy Blade"],"picked":"SKIP","floor":2.0},{"not_picked":["Heavy Blade","Defy Death","Iron Wave","Warcry"],"picked":"ReplayTheSpireMod:LeadingStrike","floor":5.0},{"not_picked":["Armaments","Ghostly Armor","Burning Pact","Sword Boomerang"],"picked":"Rampage","floor":7.0},{"not_picked":["Shrug It Off","Clothesline","Dropkick","Pummel"],"picked":"MostiFishMod:RainCloud","floor":11.0},{"not_picked":["Armaments","Pommel Strike","Heavy Blade","Rupture"],"picked":"Iron Wave","floor":12.0},{"not_picked":["Run Through","Clash","Immolate","Reckless Charge"],"picked":"Sword Boomerang","floor":13.0},{"not_picked":["Rage","Reckless Charge","Havoc","Ghostly Armor"],"picked":"Dual Wield","floor":14.0},{"not_picked":["MostiFishMod:RainCloud","Impervious","Limit Break","Hemogenesis"],"picked":"MostiFishMod:NewArrival","floor":16.0},{"not_picked":["Replay:Hysterical Blindness","hubris:Lust","Pain","hubris:Sloth"],"picked":"CommonCold","floor":17.0},{"not_picked":["Slimebound:Icky","Replay:UnknownCurse","ReplayTheSpireMod:IOU","Doubt"],"picked":"Clumsy","floor":17.0},{"not_picked":["Languid","Writhe","Normality","Doubt"],"picked":"Slimebound:Icky","floor":17.0},{"not_picked":["Warcry","Wild Strike+1","Intimidate","Run Through"],"picked":"Second Wind","floor":18.0},{"not_picked":["Headbutt","Clothesline","Body Slam","Defy Death","Corruption"],"picked":"SKIP","floor":20.0},{"not_picked":["Dropkick","Blood for Blood","Pommel Strike+1","Warcry"],"picked":"ReplayTheSpireMod:Strike From Hell","floor":21.0},{"not_picked":["champ:GladiatorsShout","hexamod:ChargedBarrage","Outmaneuver+1","hexamod:ShieldOfDarkness"],"picked":"ReplayTheSpireMod:Muscle Training","floor":24.0},{"not_picked":["Dagger Throw","champ:StanceDance","hexamod:BacktrackSmack","Slimebound:SplitLeeching"],"picked":"Slimebound:SamplingLick","floor":28.0},{"not_picked":["Turbo","sneckomod:UnknownClassBLUE","potionbrewer:Shovel","MostiFishMod:Clarity"],"picked":"potionbrewer:TestFormula+1","floor":29.0},{"not_picked":["hexamod:GhostLash","Clothesline","Wild Strike+1","sneckomod:SoulCleanse"],"picked":"RobotSpaceExplorer:StunGrenade","floor":30.0},{"not_picked":["Mayhem","MostiFishMod:Exploitation","potionbrewer:Accelerant","ReplayTheSpireMod:Necrogeddon"],"picked":"Alpha","floor":33},{"not_picked":["sneckomod:UnknownStrike","Slimebound:FinishingTackle","Havoc","Quick Slash","Turbo"],"picked":"SKIP","floor":35},{"not_picked":["ThirdEye+1","Feel No Pain","Guardian:Incinerate+1","champ:FanOfKnives+1"],"picked":"ReplayUltimateDefense","floor":37},{"not_picked":["Guardian:GemFire","hexamod:NightmareGuise+1","potionbrewer:FortifiedSerum","hexamod:DynamicBlow"],"picked":"MostiFishMod:Confrontation","floor":40},{"not_picked":["ReplayTheSpireMod:Echoes of Time","infinitespire:Collect"],"picked":"hubris:Fate","floor":41},{"not_picked":["Loop","ForeignInfluence","sneckomod:UnknownCommonSkill","Guardian:WalkerClaw+1"],"picked":"Replay:SS_forest_2","floor":42},{"not_picked":["Guardian:RollAttack+1","potionbrewer:TestSubject+1","RobotSpaceExplorer:ShockKick+1","Guardian:Gem_Fragmented"],"picked":"RobotSpaceExplorer:MetalStrike+1","floor":45},{"not_picked":["The Bomb","Rebound+1","Turbo","RobotSpaceExplorer:SurgingShield"],"picked":"hexamod:NightmareStrike+1","floor":46},{"not_picked":["champ:Circumvent","Deflect","Rebound+1","FearNoEvil+1"],"picked":"Slimebound:SlimeTap","floor":47},{"not_picked":["Fluid Movement","RobotSpaceExplorer:LuckyStrike+1","Slimebound:Prepare","Guardian:TemporalShield"],"picked":"Panacea+1","floor":48}],"player_experience":1958931,"relics_obtained":[{"floor":1.0,"key":"SynthV:TestCard"},{"floor":9.0,"key":"HornCleat"},{"floor":10.0,"key":"Akabeko"},{"floor":11.0,"key":"vexMod:FocusSash"},{"floor":13.0,"key":"infinitespire:Broken Mirror"},{"floor":21.0,"key":"PrismaticShard"},{"floor":24.0,"key":"Guardian:PocketSentry"},{"floor":26.0,"key":"Simple Rune"},{"floor":27.0,"key":"Bronze Scales"},{"floor":30.0,"key":"Mirror"},{"floor":39,"key":"hubris:SlimyHat"},{"floor":40,"key":"potionbrewer:BottledElixir"},{"floor":42,"key":"Molten Egg 2"},{"floor":43,"key":"ReplayTheSpireMod:Ninjato"},{"floor":45,"key":"hubris:GlazedTorus"},{"floor":47,"key":"Peace Pipe"}],"event_choices":[{"damage_healed":0.0,"max_hp_gain":0.0,"max_hp_loss":0.0,"gold_gain":0.0,"event_name":"Golden Idol","player_choice":"Take Damage","floor":3.0,"gold_loss":0.0,"damage_taken":26.0,"relics_obtained":["Golden Idol"]},{"damage_healed":0,"gold_gain":0,"player_choice":"Fight","damage_taken":0,"max_hp_gain":0,"max_hp_loss":0,"event_name":"MindBloom","floor":45,"gold_loss":0},{"damage_healed":0,"gold_gain":0,"player_choice":"Fight","damage_taken":0,"max_hp_gain":0,"max_hp_loss":0,"event_name":"Mysterious Sphere","floor":47,"gold_loss":0}],"is_beta":false,"boss_relics":[{"not_picked":["hubris:ScarierMask","vexMod:CursedCompass"],"picked":"Replay:Ancient Bell"},{"not_picked":["ReplayTheSpireMod:Lightbulb","potionbrewer:ToyAutogyro"],"picked":"Replay:Baseball"},{"not_picked":["Self Forming Clay","infinitespire:Eraser"],"picked":"Shuriken"},{"not_picked":["OriginationStaff","Mango"],"picked":"ThornShield"},{"not_picked":["Pandora\u0027s Box","Runic Dome"],"picked":"aspiration:SecretTechniqueScroll"}],"items_purged_floors":[19,22,31,38],"is_endless":false,"potions_floor_spawned":[7,12,13,14,20,24,28,35,37,42,47],"ascension_level":20}}