{"host":"k2mw1od0xoi9pcfj","time":1610078556,"event":{"mods":["100% Spire Juice","AchievementEnabler","Act Like it!","Aspiration","BaseMod","Better Altar","Better Match","Better Note","Better Sensory Stone","Better Skull","Better Third Choice","Conspire","Defuse TimeMaze Blight","Downfall","Energized Spire","Friendly Minions","Gensokyo","Halation","Hallownest","Hermit","Highlight Path","Infinite Spire","Koishi","Marisa????????","Minty Spire (QoL Compilation)","Permanent Neow","Prisma Mod","Quick Restart","Random Character Button","Relic Sorter","Relic Stats","Remilia??????","Replay The Spire","Shade Mod","Shedinja","Spicy Shops","StSLib","Synergy Search","The Animator","The Bug Knight","The Cursed","The Exalted","The Hierophant","The Necromancer","The Runesmith","The Senshi","The Servant 0.9.4","The Wild Card","Treasure Hunter","WarShipGirlsR/????R mod","everything is the same but u backflip on backflip","slay the spire mod where everything is the same but ironclad has a cowboy hat"],"gold_per_floor":[129,144,144,144,69,16,16,30,30,43,43,69,69,92,104,204,204,54,39,39,52,68,85,85,117,42,58,70,70,70,71,71],"floor_reached":31,"playtime":5135,"items_purged":[],"score":278,"play_id":"9ea36be0-607b-480a-aa1e-4981c8a2c124","local_time":"20210107220236","is_ascension_mode":false,"campfire_choices":[{"floor":1,"key":"RECALL"},{"data":"ReplayTheSpireMod:Armaments MK-II-B","floor":9,"key":"SMITH"},{"data":"Runesmith:Fortify","floor":11,"key":"SMITH"},{"data":"Runesmith:Grindstone","floor":13,"key":"SMITH"},{"data":"Runesmith:Fortify","floor":18,"key":"SMITH"},{"floor":30,"key":"REST"}],"circlet_count":0,"master_deck":["Runesmith:Fortify+1","Overencumbered","Runesmith:HammerAndChisel","ReplayTheSpireMod:Armaments MK-II-B+1","Injury","expansioncontent:Corrupt+1","Runesmith:Firestorm","TH:DeckOfManyThings","Bash+1","Runesmith:UnstableHammer+1","TH:ElvenBoots","Runesmith:Grindstone+1","aspiration:UnbridledHammer+1","Perfected Strike+1","TH:BikiniMail","Runesmith:MetallurgicalResearch","Runesmith:Fortify+1","Runesmith:RunicBlueprint","Runesmith:RuneHurl+1","Runesmith:LightningRod","Searing Blow+1","Runesmith:Electrocute+1","Runesmith:CreatorForm","Runesmith:PerfectChisel+1","Runesmith:Repurpose","Runesmith:GenerateForcefield","Runesmith:CraftObretio+1","Runesmith:ShiftingStrike+1","TH:TreasureMap","TH:CopperCoins","Runesmith:HammerThrow+1","Runesmith:RuneHurl+1"],"relics":["Lizard Tail","m_RuneBlood","Molten Egg 2","halation:PromiseList","Gambling Chip","Odd Mushroom","Pandora\u0027s Box","downfall:HeartBlessingRed","downfall:HeartBlessingGreen","infinitespire:Lucky Rock","Gensokyo:DayTheSeaSplit"],"acts_visited":["Exordium","Gensokyo:Gensokyoer"],"potions_floor_usage":[16,27,27],"damage_taken":[{"damage":5,"enemies":"Small Slimes","floor":2,"turns":4},{"damage":0,"enemies":"downfall:FleeingMerchant","floor":6,"turns":4},{"damage":12,"enemies":"2 Louse","floor":8,"turns":4},{"damage":0,"enemies":"Cultist","floor":10,"turns":2},{"damage":26,"enemies":"Lagavulin","floor":12,"turns":5},{"damage":25,"enemies":"The Mushroom Lair","floor":14,"turns":5},{"damage":0,"enemies":"Blue Slaver","floor":15,"turns":4},{"damage":33,"enemies":"downfall:Watcher","floor":16,"turns":9},{"damage":15,"enemies":"downfall:FleeingMerchant","floor":19,"turns":4},{"damage":5,"enemies":"Gensokyo:AngelMirror","floor":21,"turns":4},{"damage":17,"enemies":"Gensokyo:CosmicMonolith","floor":22,"turns":6},{"damage":0,"enemies":"Gensokyo:Wraith","floor":23,"turns":5},{"damage":1,"enemies":"Nightmare","floor":25,"turns":8},{"damage":4,"enemies":"downfall:FleeingMerchant","floor":26,"turns":4},{"damage":16,"enemies":"Gensokyo:Swordslinger","floor":27,"turns":2},{"damage":29,"enemies":"Gensokyo:Slime_Group","floor":28,"turns":6},{"damage":32,"enemies":"Gensokyo:Mirror_and_Dog","floor":31,"turns":3}],"seed_played":"1260805833706002046","potions_obtained":[{"floor":2,"key":"FearPotion"},{"floor":8,"key":"DistilledChaos"},{"floor":10,"key":"BlessingOfTheForge"},{"floor":16,"key":"ColorlessPotion"},{"floor":28,"key":"Reflective Coating"}],"is_trial":false,"path_per_floor":["R","M","?","?","?","$","T","M","R","M","R","E","R","?","M","B",null,"R","$","?","M","M","M","T","NM","$","M","M","?","R","M"],"character_chosen":"RUNESMITH_CLASS","items_purchased":["Runesmith:Firestorm","Runesmith:HammerThrow+1"],"campfire_rested":1,"item_purchase_floors":[6,26],"current_hp_per_floor":[70,65,65,65,65,68,68,59,59,62,62,39,39,17,20,36,70,70,58,58,56,42,45,45,47,46,33,7,7,28,0,0],"gold":71,"neow_bonus":"ONE_RARE_RELIC","is_daily":false,"chose_seed":false,"campfire_upgraded":4,"win_rate":0.0,"timestamp":1610078556,"path_taken":["R","M","?","?","?","?","T","?","R","M","R","E","R","?","M","BOSS","R","$","?","M","M","M","T","NM","?","M","M","?","R","M"],"items_purchased_type":["Card","Card"],"build_version":"2020-12-22","purchased_purges":0,"victory":false,"max_hp_per_floor":[70,70,70,70,70,70,70,70,70,70,70,70,70,70,70,70,70,70,70,70,70,70,70,70,70,70,70,70,70,70,70,70],"relic_stats":{"Lizard Tail":35,"counters":[17,79],"Gambling Chip":[8],"Pandora\u0027s Box":["Runesmith:Fortify","Runesmith:RunicBlueprint","Runesmith:RuneHurl","Runesmith:LightningRod","Searing Blow","Runesmith:Electrocute","Runesmith:CreatorForm","Runesmith:PerfectChisel"],"obtain_stats":[{"Runesmith:BrokenRuby":0,"Lizard Tail":0,"downfall:HeartBlessingRed":18,"Gambling Chip":12,"Gensokyo:DayTheSeaSplit":29,"Molten Egg 2":4,"Pandora\u0027s Box":17,"downfall:HeartBlessingGreen":18,"halation:PromiseList":7,"infinitespire:Lucky Rock":25,"Odd Mushroom":14,"m_RuneBlood":3},{"Runesmith:BrokenRuby":0,"Lizard Tail":0,"downfall:HeartBlessingRed":8,"Gambling Chip":5,"Gensokyo:DayTheSeaSplit":16,"Molten Egg 2":1,"Pandora\u0027s Box":8,"downfall:HeartBlessingGreen":8,"halation:PromiseList":2,"infinitespire:Lucky Rock":13,"Odd Mushroom":6,"m_RuneBlood":1},{"Runesmith:BrokenRuby":0,"Lizard Tail":0,"downfall:HeartBlessingRed":37,"Gambling Chip":19,"Gensokyo:DayTheSeaSplit":76,"Molten Egg 2":4,"Pandora\u0027s Box":37,"downfall:HeartBlessingGreen":37,"halation:PromiseList":8,"infinitespire:Lucky Rock":64,"Odd Mushroom":24,"m_RuneBlood":4}]},"card_choices":[{"not_picked":["Runesmith:MakeshiftArmor","Runesmith:FieryHammer"],"picked":"Runesmith:HammerAndChisel","floor":2},{"not_picked":["Midas Touch+1","Chrysalis+1"],"picked":"expansioncontent:Corrupt+1","floor":5},{"not_picked":["Runesmith:CraftReservo","Runesmith:CraftProtectio","Runesmith:UnstableHammer+1"],"picked":"SKIP","floor":6},{"not_picked":["TH:TreasureMap"],"picked":"TH:DeckOfManyThings","floor":7},{"not_picked":["Runesmith:EnergizedChisel+1","Runesmith:OneForEveryone+1"],"picked":"Bash+1","floor":8},{"not_picked":["Runesmith:PerfectChisel+1","Runesmith:Attraction"],"picked":"Runesmith:UnstableHammer+1","floor":10},{"not_picked":["TH:CursedSword"],"picked":"TH:ElvenBoots","floor":12},{"not_picked":["Runesmith:CraftFirestone","Runesmith:CraftProtectio"],"picked":"Runesmith:Grindstone","floor":12},{"not_picked":["Rampage+1","Runesmith:CraftMagma"],"picked":"aspiration:UnbridledHammer+1","floor":14},{"not_picked":["Runesmith:EnergizedChisel+1","Runesmith:Prism"],"picked":"Perfected Strike+1","floor":15},{"not_picked":["TH:ElvenBoots"],"picked":"TH:BikiniMail","floor":16},{"not_picked":["Runesmith:Duplicate","Demonic Infusion"],"picked":"Runesmith:MetallurgicalResearch","floor":16},{"not_picked":["Runesmith:RuneHurl+1","Runesmith:EnergizedChisel+1"],"picked":"Runesmith:Repurpose","floor":19},{"not_picked":[],"picked":"Runesmith:GenerateForcefield","floor":20},{"not_picked":["Runesmith:StaticCage","Runesmith:MakeshiftArmor"],"picked":"Runesmith:CraftObretio+1","floor":21},{"not_picked":["Runesmith:Retool+1","Runesmith:CraftMagma"],"picked":"Runesmith:ShiftingStrike+1","floor":22},{"not_picked":["Runesmith:Repurpose","Runesmith:ShiftingStrike+1","Runesmith:HeatExchange+1"],"picked":"SKIP","floor":23},{"not_picked":["TH:Mimic"],"picked":"TH:TreasureMap","floor":24},{"not_picked":["TH:TreasureMap"],"picked":"TH:CopperCoins","floor":25},{"not_picked":["Runesmith:NegativeSpace","Runesmith:CraftProtectio+1","Runesmith:Repurpose+1"],"picked":"SKIP","floor":25},{"not_picked":["Runesmith:CraftVitae","Runesmith:HeatExchange+1","Runesmith:HeatedChisel+1"],"picked":"SKIP","floor":26},{"not_picked":["aspiration:UnbridledHammer+1","Runesmith:FrozenChisel+1"],"picked":"Runesmith:RuneHurl+1","floor":27},{"not_picked":["Runesmith:CraftSpiculum+1","Runesmith:StaticCage","Runesmith:CraftReservo"],"picked":"SKIP","floor":28}],"player_experience":1596167,"relics_obtained":[{"floor":7,"key":"halation:PromiseList"},{"floor":12,"key":"Gambling Chip"},{"floor":14,"key":"Odd Mushroom"},{"floor":25,"key":"infinitespire:Lucky Rock"}],"event_choices":[{"damage_healed":0,"gold_gain":0,"player_choice":"2","damage_taken":0,"max_hp_gain":0,"max_hp_loss":0,"event_name":"betterMatch:BetterMatch","floor":5,"gold_loss":0,"cards_obtained":["betterMatch:ColorlessRareCard"]},{"damage_healed":0,"gold_gain":0,"player_choice":"Fought Mushrooms","damage_taken":0,"max_hp_gain":0,"max_hp_loss":0,"event_name":"Mushrooms","floor":14,"gold_loss":0}],"is_beta":false,"boss_relics":[{"not_picked":["energizedSpire:RedRose","Kintsugi"],"picked":"Pandora\u0027s Box"}],"items_purged_floors":[],"is_endless":false,"potions_floor_spawned":[2,8,10,16,22,23,25,28],"killed_by":"Gensokyo:Mirror_and_Dog","ascension_level":0}}