{"host":"kw4o7b3ro2ktmmbe","time":1610073478,"event":{"mods":["BaseMod","Evolution","Hermit","Minty Spire (QoL Compilation)","StSLib"],"gold_per_floor":[114,114,140,140,172,199,199,231,284,284,284,319,319,348,348,499,499,511,521,521,546,546,546,570,570,570],"floor_reached":25,"playtime":2508,"items_purged":[],"score":360,"play_id":"fe076dd4-ce4d-4bb6-965c-ddade7b1365a","local_time":"20210108153758","is_ascension_mode":true,"campfire_choices":[{"floor":11.0,"key":"REST"},{"data":"hermit:Snapshot","floor":13,"key":"SMITH"},{"floor":15,"key":"REST"},{"data":"hermit:Adapt","floor":23,"key":"SMITH"}],"circlet_count":0,"master_deck":["AscendersBane","hermit:Strike_Hermit+1","hermit:Strike_Hermit","hermit:Strike_Hermit","hermit:Strike_Hermit","hermit:Defend_Hermit","hermit:Defend_Hermit","hermit:Defend_Hermit","hermit:Defend_Hermit","hermit:Snapshot+1","hermit:GoldenBullet+1","hermit:DeadOrAlive+1","hermit:Adapt+1"],"relics":["hermit:Momento","EVO:Axolotl","Singing Bowl","The Courier","Tiny Chest","Sozu","Potion Belt"],"acts_visited":["Exordium","TheCity"],"potions_floor_usage":[12,16,16],"damage_taken":[{"damage":1.0,"enemies":"Cultist","floor":1.0,"turns":3.0},{"damage":0.0,"enemies":"2 Louse","floor":3.0,"turns":2.0},{"damage":2.0,"enemies":"Jaw Worm","floor":5.0,"turns":2.0},{"damage":32.0,"enemies":"Gremlin Nob","floor":6.0,"turns":4.0},{"damage":10.0,"enemies":"3 Louse","floor":8.0,"turns":3.0},{"damage":6,"enemies":"Blue Slaver","floor":12,"turns":3},{"damage":7,"enemies":"2 Fungi Beasts","floor":14,"turns":3},{"damage":46,"enemies":"Slime Boss","floor":16,"turns":12},{"damage":18,"enemies":"Spheric Guardian","floor":18,"turns":4},{"damage":18,"enemies":"Shell Parasite","floor":19,"turns":5},{"damage":15,"enemies":"Centurion and Healer","floor":21,"turns":8},{"damage":33,"enemies":"Book of Stabbing","floor":25,"turns":4}],"seed_played":"731363875580860590","potions_obtained":[{"floor":1.0,"key":"LiquidBronze"},{"floor":8.0,"key":"Regen Potion"},{"floor":12,"key":"BlessingOfTheForge"}],"is_trial":false,"path_per_floor":["M","?","M","?","M","E","T","M","T","?","R","M","R","M","R","B",null,"M","M","?","M","?","R","T","E"],"character_chosen":"HERMIT","items_purchased":[],"campfire_rested":2,"item_purchase_floors":[],"current_hp_per_floor":[74,74,74,58,56,26,26,18,18,18,43,48,48,43,70,24,74,58,42,42,29,29,29,29,0,0],"gold":570,"neow_bonus":"TEN_PERCENT_HP_BONUS","is_daily":false,"chose_seed":false,"campfire_upgraded":2,"win_rate":0.0,"timestamp":1610073478,"path_taken":["M","?","?","?","M","E","?","M","T","?","R","M","R","M","R","BOSS","M","M","?","M","?","R","?","E"],"items_purchased_type":[],"build_version":"2020-12-22","purchased_purges":0,"victory":false,"max_hp_per_floor":[82,82,82,82,82,84,84,86,86,86,86,88,88,90,90,90,90,92,94,94,96,96,96,96,96,96],"card_choices":[{"not_picked":["hermit:Cheat","hermit:Snipe"],"picked":"hermit:GoldenBullet","floor":1.0},{"not_picked":["hermit:Misfire","hermit:Ricochet","hermit:Gestalt"],"picked":"SKIP","floor":3.0},{"not_picked":["hermit:Feint","hermit:Misfire","hermit:Desperado"],"picked":"SKIP","floor":5.0},{"not_picked":["hermit:TrackingShot","hermit:Purgatory","hermit:FlashPowder"],"picked":"Singing Bowl","floor":6.0},{"not_picked":["hermit:Glare","hermit:Roulette","hermit:NoHoldsBarred"],"picked":"Singing Bowl","floor":8.0},{"not_picked":["hermit:FatalDesire","hermit:EyeOfTheStorm","hermit:ItchyTrigger"],"picked":"Singing Bowl","floor":12},{"not_picked":["hermit:EyeOfTheStorm","hermit:Roulette","hermit:ItchyTrigger"],"picked":"Singing Bowl","floor":14},{"not_picked":["hermit:Dissolve","hermit:Reprieve"],"picked":"hermit:Adapt","floor":16},{"not_picked":["hermit:Showdown","hermit:Spite","hermit:CursedWeapon"],"picked":"Singing Bowl","floor":18},{"not_picked":["hermit:LowProfile","hermit:LoneWolf+1","hermit:Virtue"],"picked":"Singing Bowl","floor":19},{"not_picked":["hermit:ItchyTrigger","hermit:Glare","hermit:Snipe"],"picked":"Singing Bowl","floor":21}],"player_experience":2132820,"relics_obtained":[{"floor":6.0,"key":"Singing Bowl"},{"floor":7.0,"key":"The Courier"},{"floor":9.0,"key":"Tiny Chest"},{"floor":24,"key":"Potion Belt"}],"event_choices":[{"damage_healed":0.0,"max_hp_gain":0.0,"max_hp_loss":0.0,"gold_gain":0.0,"event_name":"Match and Keep!","player_choice":"1 cards matched","floor":2.0,"gold_loss":0.0,"damage_taken":0.0,"cards_obtained":["hermit:DeadOrAlive"]},{"damage_healed":0.0,"max_hp_gain":0.0,"max_hp_loss":0.0,"gold_gain":0.0,"event_name":"Shining Light","player_choice":"Entered Light","floor":4.0,"gold_loss":0.0,"damage_taken":16.0,"cards_upgraded":["hermit:Strike_Hermit","hermit:GoldenBullet"]},{"damage_healed":0.0,"max_hp_gain":0.0,"max_hp_loss":0.0,"gold_gain":0.0,"event_name":"Living Wall","player_choice":"Grow","floor":10.0,"gold_loss":0.0,"damage_taken":0.0,"cards_upgraded":["hermit:DeadOrAlive"]},{"damage_healed":0,"gold_gain":0,"player_choice":"Ignored","damage_taken":0,"max_hp_gain":0,"max_hp_loss":0,"event_name":"Ghosts","floor":20,"gold_loss":0},{"cards_removed":["hermit:Covet"],"damage_healed":0,"gold_gain":0,"player_choice":"Offered Basic","damage_taken":0,"max_hp_gain":0,"max_hp_loss":0,"event_name":"Bonfire Elementals","floor":22,"gold_loss":0}],"is_beta":false,"boss_relics":[{"not_picked":["Fusion Hammer","Runic Pyramid"],"picked":"Sozu"}],"items_purged_floors":[],"is_endless":false,"potions_floor_spawned":[1,8,12,14],"killed_by":"Book of Stabbing","ascension_level":13}}