{"host":"exhp4inpfmbngj23","time":1610067840,"event":{"mods":["Abigail Mod","BaseMod","Beaked The Cultist","Friendly Minions","Gremlin Mod","Kiyohime????","Minty Spire (QoL Compilation)","StSLib","The Alterego"],"gold_per_floor":[119,119,135,135,147,147,176,176,199,150,150,67,85,100,100,196,196,207,207,219,237,309,309,320,320,399,427,25,25,25,43,43,144,144,175,20,84,84,102,102,142,132,132,159,185,190,190],"floor_reached":46,"playtime":3643,"items_purged":[],"score":615,"play_id":"69264f0b-a2c4-408e-8d2f-215d4a69d98e","local_time":"20210107170400","is_ascension_mode":true,"campfire_choices":[{"data":"alterego_mod:DiscoLights","floor":6,"key":"SMITH"},{"data":"alterego_mod:Impale","floor":8,"key":"SMITH"},{"floor":15,"key":"REST"},{"data":"alterego_mod:Palingenesis","floor":23,"key":"SMITH"},{"floor":32,"key":"REST"},{"floor":40,"key":"REST"}],"circlet_count":0,"master_deck":["alterego_mod:Strike+1","alterego_mod:Strike","alterego_mod:Strike","alterego_mod:Strike+1","alterego_mod:Defend","alterego_mod:Defend","alterego_mod:Defend","alterego_mod:Defend","alterego_mod:Impale+1","alterego_mod:BigMeatyClaws+1","alterego_mod:BrynhildrsRune","alterego_mod:SakuraFive","alterego_mod:Stockings","alterego_mod:Undulate+1","alterego_mod:Swimsuit+1","alterego_mod:Mirror","alterego_mod:Palingenesis+1","alterego_mod:SakuraFive+1","alterego_mod:Stockings+1","alterego_mod:HighServant+1","alterego_mod:DiscoLights+1","alterego_mod:Jiggle+1","alterego_mod:Belle+1","alterego_mod:GoddessCore+1","alterego_mod:MagicResistance","alterego_mod:AlterEgo","CurseOfTheBell","alterego_mod:Birthday","alterego_mod:Skirt+1","Madness","Madness","alterego_mod:Bounce+1","alterego_mod:Undulate","alterego_mod:Nekomimi+1","alterego_mod:Cooking+1"],"relics":["alterego_mod:MasochisticConstitution","Oddly Smooth Stone","Molten Egg 2","SacredBark","Bottled Tornado","White Beast Statue","The Courier","Membership Card","Strawberry","Lantern","War Paint","Whetstone","alterego_mod:SomeoneToFightFor","Calling Bell","CeramicFish","Darkstone Periapt","CaptainsWheel","Pear","ClockworkSouvenir","Mango","PreservedInsect","HornCleat"],"acts_visited":["Exordium","TheCity","TheBeyond"],"potions_floor_usage":[7,7,16,24,24,31,33,41,45,45],"damage_taken":[{"damage":15,"enemies":"Jaw Worm","floor":1,"turns":5},{"damage":2,"enemies":"Small Slimes","floor":3,"turns":5},{"damage":4,"enemies":"Cultist","floor":5,"turns":4},{"damage":43,"enemies":"3 Sentries","floor":7,"turns":16},{"damage":6,"enemies":"Red Slaver","floor":13,"turns":3},{"damage":24,"enemies":"Lots of Slimes","floor":14,"turns":4},{"damage":22,"enemies":"Hexaghost","floor":16,"turns":9},{"damage":15,"enemies":"Shell Parasite","floor":18,"turns":6},{"damage":5,"enemies":"Spheric Guardian","floor":20,"turns":3},{"damage":50,"enemies":"Centurion and Healer","floor":21,"turns":7},{"damage":16,"enemies":"Cultist and Chosen","floor":24,"turns":6},{"damage":43,"enemies":"Gremlin Leader","floor":27,"turns":10},{"damage":37,"enemies":"Snake Plant","floor":31,"turns":7},{"damage":24,"enemies":"Champ","floor":33,"turns":12},{"damage":13,"enemies":"Orb Walker","floor":35,"turns":4},{"damage":17,"enemies":"Mind Bloom Boss Battle","floor":37,"turns":8},{"damage":67,"enemies":"Reptomancer","floor":41,"turns":9},{"damage":45,"enemies":"3 Darklings","floor":44,"turns":11},{"damage":0,"enemies":"Maw","floor":45,"turns":6},{"damage":0,"enemies":"4 Shapes","floor":46,"turns":1}],"seed_played":"-7415073852970386150","potions_obtained":[{"floor":1,"key":"Block Potion"},{"floor":3,"key":"SpeedPotion"},{"floor":13,"key":"Regen Potion"},{"floor":16,"key":"FairyPotion"},{"floor":20,"key":"FearPotion"},{"floor":21,"key":"BlessingOfTheForge"},{"floor":27,"key":"Dexterity Potion"},{"floor":31,"key":"Energy Potion"},{"floor":33,"key":"DistilledChaos"},{"floor":35,"key":"DistilledChaos"},{"floor":37,"key":"BlessingOfTheForge"},{"floor":41,"key":"GamblersBrew"},{"floor":44,"key":"DuplicationPotion"},{"floor":45,"key":"Weak Potion"}],"is_trial":false,"path_per_floor":["M","?","M","$","M","R","E","R","T","?","?","?","M","M","R","B",null,"M","$","M","M","T","R","M","?","T","E","$","?","?","M","R","B",null,"M","$","?","?","?","R","E","$","T","M","M","M"],"character_chosen":"The_Alterego","items_purchased":["Membership Card","Strawberry","Lantern","alterego_mod:Belle+1","War Paint","Whetstone","alterego_mod:GoddessCore+1","Pear","ClockworkSouvenir","alterego_mod:Undulate"],"campfire_rested":3,"item_purchase_floors":[28,28,28,28,28,28,28,36,36,42],"current_hp_per_floor":[63,63,62,62,66,66,45,45,45,45,45,45,47,24,48,42,84,70,70,66,31,31,31,23,23,23,44,51,51,51,22,51,35,98,86,96,96,96,80,117,53,53,53,11,13,15,15],"gold":190,"neow_bonus":"TEN_PERCENT_HP_BONUS","is_daily":false,"chose_seed":false,"campfire_upgraded":3,"win_rate":0.0,"timestamp":1610067840,"path_taken":["M","?","M","$","M","R","E","R","T","?","?","?","M","M","R","BOSS","M","$","M","?","?","R","?","?","T","E","?","?","?","M","R","BOSS","M","$","?","?","?","R","E","$","T","M","M","M"],"items_purchased_type":["Relic","Relic","Relic","Card","Relic","Relic","Card","Relic","Relic","Card"],"build_version":"2020-12-22","purchased_purges":0,"victory":false,"max_hp_per_floor":[78,78,79,79,80,80,81,81,81,81,81,81,82,83,83,84,84,85,85,86,87,87,87,88,88,88,89,96,96,96,97,97,98,98,99,109,124,124,124,124,125,125,125,126,126,126,126],"card_choices":[{"not_picked":["alterego_mod:Crossover","alterego_mod:Bunnysuit"],"picked":"alterego_mod:SakuraFive","floor":1},{"not_picked":["alterego_mod:SuperDuperMasochism","alterego_mod:Exercise"],"picked":"alterego_mod:Stockings","floor":3},{"not_picked":["alterego_mod:Cooking","alterego_mod:Complex"],"picked":"alterego_mod:DiscoLights","floor":5},{"not_picked":["alterego_mod:1TonWallop","alterego_mod:Maid"],"picked":"alterego_mod:Undulate","floor":7},{"not_picked":["alterego_mod:TrickOrTreatment","alterego_mod:ChallengeComplete"],"picked":"alterego_mod:Swimsuit+1","floor":13},{"not_picked":["alterego_mod:DustData+1","alterego_mod:Santa"],"picked":"alterego_mod:Mirror","floor":14},{"not_picked":["alterego_mod:PainIsPleasure","alterego_mod:Alter"],"picked":"alterego_mod:Palingenesis","floor":16},{"not_picked":["alterego_mod:Smother+1","alterego_mod:Bunnysuit"],"picked":"alterego_mod:SakuraFive+1","floor":18},{"not_picked":["alterego_mod:BustOut","alterego_mod:Crossover+1"],"picked":"alterego_mod:Stockings+1","floor":20},{"not_picked":["alterego_mod:PerceptionDisorder","alterego_mod:Cycle+1"],"picked":"alterego_mod:HighServant+1","floor":21},{"not_picked":["alterego_mod:Complex+1","alterego_mod:Crossover"],"picked":"alterego_mod:DiscoLights","floor":24},{"not_picked":["alterego_mod:Crossover","alterego_mod:DestructionOfProperty"],"picked":"alterego_mod:Jiggle","floor":27},{"not_picked":["alterego_mod:PerceptionDisorder+1","alterego_mod:IndependentAction"],"picked":"alterego_mod:MagicResistance","floor":31},{"not_picked":["alterego_mod:Vow","alterego_mod:IdEs"],"picked":"alterego_mod:AlterEgo","floor":33},{"not_picked":["alterego_mod:Collar+1","alterego_mod:Cycle"],"picked":"alterego_mod:Birthday","floor":35},{"not_picked":["alterego_mod:Table","alterego_mod:GachaTicket"],"picked":"alterego_mod:Skirt+1","floor":37},{"not_picked":["alterego_mod:HighServant","alterego_mod:GIGAMILK"],"picked":"alterego_mod:Bounce+1","floor":41},{"not_picked":["alterego_mod:DeftHands+1","alterego_mod:Bloomers"],"picked":"alterego_mod:Nekomimi+1","floor":44},{"not_picked":["alterego_mod:Complex+1","alterego_mod:Clones"],"picked":"alterego_mod:Cooking+1","floor":45}],"player_experience":1917358,"relics_obtained":[{"floor":7,"key":"Oddly Smooth Stone"},{"floor":22,"key":"Bottled Tornado"},{"floor":26,"key":"White Beast Statue"},{"floor":27,"key":"The Courier"},{"floor":34,"key":"CeramicFish"},{"floor":34,"key":"Darkstone Periapt"},{"floor":34,"key":"CaptainsWheel"},{"floor":37,"key":"Mango"},{"floor":41,"key":"PreservedInsect"},{"floor":43,"key":"HornCleat"}],"event_choices":[{"damage_healed":0,"gold_gain":0,"player_choice":"Ignored","damage_taken":0,"max_hp_gain":0,"max_hp_loss":0,"event_name":"Golden Wing","floor":2,"gold_loss":0},{"damage_healed":0,"gold_gain":0,"player_choice":"Left Gold","damage_taken":0,"max_hp_gain":0,"max_hp_loss":0,"event_name":"World of Goop","floor":10,"gold_loss":49},{"damage_healed":0,"gold_gain":0,"player_choice":"Grow","damage_taken":0,"max_hp_gain":0,"max_hp_loss":0,"event_name":"Living Wall","floor":11,"gold_loss":0,"cards_upgraded":["alterego_mod:BigMeatyClaws"]},{"damage_healed":0,"gold_gain":0,"player_choice":"Paid Gold","damage_taken":0,"relics_obtained":["Molten Egg 2"],"max_hp_gain":0,"max_hp_loss":0,"event_name":"WeMeetAgain","floor":12,"gold_loss":83},{"damage_healed":0,"gold_gain":0,"player_choice":"Forge","damage_taken":0,"max_hp_gain":0,"max_hp_loss":0,"event_name":"Accursed Blacksmith","floor":25,"gold_loss":0,"cards_upgraded":["alterego_mod:DiscoLights"]},{"damage_healed":0,"gold_gain":0,"player_choice":"Ignored","damage_taken":0,"max_hp_gain":0,"max_hp_loss":0,"event_name":"Ghosts","floor":29,"gold_loss":0},{"damage_healed":0,"gold_gain":0,"player_choice":"Choice 2","damage_taken":0,"relics_obtained":["alterego_mod:SomeoneToFightFor"],"max_hp_gain":0,"max_hp_loss":0,"event_name":"Secret Garden","floor":30,"gold_loss":0},{"damage_healed":0,"gold_gain":0,"player_choice":"Fight","damage_taken":0,"max_hp_gain":0,"max_hp_loss":0,"event_name":"MindBloom","floor":37,"gold_loss":0},{"cards_removed":["alterego_mod:DiscoLights"],"damage_healed":0,"gold_gain":0,"player_choice":"Removed Power","damage_taken":0,"max_hp_gain":0,"max_hp_loss":0,"event_name":"Falling","floor":38,"gold_loss":0},{"damage_healed":0,"gold_gain":0,"player_choice":"Embrace Madness","damage_taken":16,"max_hp_gain":0,"max_hp_loss":0,"event_name":"Winding Halls","floor":39,"gold_loss":0,"cards_obtained":["Madness","Madness"]}],"is_beta":false,"boss_relics":[{"not_picked":["Velvet Choker","Runic Pyramid"],"picked":"SacredBark"},{"not_picked":["Runic Dome","Black Star"],"picked":"Calling Bell"}],"items_purged_floors":[],"is_endless":false,"potions_floor_spawned":[1,3,13,16,20,21,27,31,33,35,37,41,44,45],"killed_by":"4 Shapes","ascension_level":2}}