{"host":"tnhjz9cb8p0320p2","time":1610073514,"event":{"mods":["BaseMod","Better Third Choice","Downfall","Hermit","Marisa????????","Minty Spire (QoL Compilation)","Relic Stats","Replay The Spire","Shade Mod","StSLib","The Construct","The Cursed","The Jungle","The Runesmith"],"gold_per_floor":[113,126,176,189,200,226,243,253,330,357,372,372,44,70,70,149,149,169,184,9,9,21,21,21],"floor_reached":23,"playtime":1314,"items_purged":[],"score":480,"play_id":"4f1e01b5-46ce-43a7-99a1-723a6a1cd459","local_time":"20210107203834","is_ascension_mode":true,"campfire_choices":[{"floor":12,"key":"REST"},{"floor":15,"key":"DIG"}],"circlet_count":0,"master_deck":["AscendersBane","Strike_G","Strike_G","Strike_G","Strike_G","Defend_G","Defend_G","Defend_G","Defend_G","Survivor","Neutralize","Unload","Backstab","All Out Attack","Flying Knee","Leg Sweep","Well Laid Plans","Backstab","PiercingWail","Masterful Stab","Flying Knee","Terror","Wraith Form v2","Infinite Blades","Draining Mist","Setup","Setup","Sneak Up"],"relics":["Ring of the Snake","Unceasing Top","ReplayTheSpireMod:Ninjato","Tiny Chest","Prayer Wheel","Du-Vu Doll","Smiling Mask","construct:WeddingRing","theJungle:ShellPeas"],"acts_visited":["Exordium","Exordium"],"potions_floor_usage":[6,10,10,14,23],"damage_taken":[{"damage":0,"enemies":"Cultist","floor":1,"turns":3},{"damage":0,"enemies":"Jaw Worm","floor":2,"turns":2},{"damage":0,"enemies":"2 Louse","floor":4,"turns":2},{"damage":0,"enemies":"Looter","floor":5,"turns":3},{"damage":19,"enemies":"Lagavulin","floor":6,"turns":9},{"damage":0,"enemies":"Lots of Slimes","floor":7,"turns":2},{"damage":0,"enemies":"3 Louse","floor":8,"turns":1},{"damage":6,"enemies":"Gremlin Nob","floor":10,"turns":3},{"damage":2,"enemies":"Large Slime","floor":11,"turns":6},{"damage":0,"enemies":"Lagavulin","floor":14,"turns":1},{"damage":15,"enemies":"The Guardian","floor":16,"turns":11},{"damage":1,"enemies":"theJungle:GiantWrat","floor":18,"turns":5},{"damage":24,"enemies":"theJungle:Flameango_and_Byrd","floor":19,"turns":6},{"damage":2,"enemies":"theJungle:JungleHuntersEncounter","floor":22,"turns":9},{"damage":32,"enemies":"theJungle:MamaSnecko","floor":23,"turns":4}],"seed_played":"-6712939007049014279","potions_obtained":[{"floor":1,"key":"LiquidBronze"},{"floor":2,"key":"Weak Potion"},{"floor":6,"key":"Swift Potion"},{"floor":7,"key":"Swift Potion"},{"floor":10,"key":"AttackPotion"},{"floor":22,"key":"Fire Potion"}],"is_trial":false,"path_per_floor":["M","M","?","M","M","E","M","M","T","E","M","R","$","E","R","B",null,"M","M","?","$","M","E"],"character_chosen":"THE_SILENT","items_purchased":["Prayer Wheel"],"campfire_rested":1,"item_purchase_floors":[13],"current_hp_per_floor":[44,44,44,44,44,25,25,25,25,19,17,36,36,36,36,21,55,54,30,30,30,28,0,0],"gold":21,"neow_bonus":"TRANSFORM_TWO_CARDS","is_daily":false,"chose_seed":false,"campfire_upgraded":0,"win_rate":0.0,"timestamp":1610073514,"path_taken":["M","M","?","M","M","E","?","M","T","E","M","R","$","E","R","BOSS","M","M","?","$","M","E"],"items_purchased_type":["Relic"],"build_version":"2020-12-22","purchased_purges":0,"victory":false,"max_hp_per_floor":[66,66,66,66,66,66,66,66,66,66,66,66,66,66,66,66,66,66,66,66,66,66,66,66],"relic_stats":{"counters":[15,67],"Tiny Chest":0,"Prayer Wheel":3,"Smiling Mask":0,"obtain_stats":[{"Du-Vu Doll":14,"ReplayTheSpireMod:Ninjato":9,"construct:WeddingRing":17,"Tiny Chest":10,"Prayer Wheel":13,"Smiling Mask":15,"Unceasing Top":6,"theJungle:ShellPeas":20,"Ring of the Snake":0},{"Du-Vu Doll":10,"ReplayTheSpireMod:Ninjato":7,"construct:WeddingRing":11,"Tiny Chest":8,"Prayer Wheel":9,"Smiling Mask":10,"Unceasing Top":5,"theJungle:ShellPeas":13,"Ring of the Snake":0},{"Du-Vu Doll":32,"ReplayTheSpireMod:Ninjato":22,"construct:WeddingRing":43,"Tiny Chest":25,"Prayer Wheel":31,"Smiling Mask":32,"Unceasing Top":19,"theJungle:ShellPeas":54,"Ring of the Snake":0}],"Unceasing Top":[5],"Ring of the Snake":[30]},"card_choices":[{"not_picked":["ReplayTheSpireMod:Exploit Weakness","Outmaneuver"],"picked":"All Out Attack","floor":1},{"not_picked":["Choke","Cloak And Dagger"],"picked":"Flying Knee","floor":2},{"not_picked":["Dagger Spray","Flying Knee"],"picked":"Leg Sweep","floor":4},{"not_picked":["Finisher","Slice"],"picked":"Well Laid Plans","floor":5},{"not_picked":["ReplayTheSpireMod:Shiv Toss","Cloak And Dagger"],"picked":"Backstab","floor":6},{"not_picked":["Dagger Throw","Deflect","Bane"],"picked":"SKIP","floor":7},{"not_picked":["Hidden Blade","Calculated Gamble"],"picked":"PiercingWail","floor":8},{"not_picked":["Tactician","Dagger Throw"],"picked":"Masterful Stab","floor":10},{"not_picked":["Slice","Dagger Throw"],"picked":"Flying Knee","floor":11},{"not_picked":["Concentrate","Dagger Throw"],"picked":"Terror","floor":14},{"not_picked":["Glass Knife","A Thousand Cuts"],"picked":"Wraith Form v2","floor":16},{"not_picked":["Concentrate","PiercingWail"],"picked":"Infinite Blades","floor":18},{"not_picked":["Dagger Spray+1","Eviscerate","Toxin Wave"],"picked":"SKIP","floor":18},{"not_picked":["Heel Hook+1","Cloak And Dagger"],"picked":"Draining Mist","floor":19},{"not_picked":["Terror","Sucker Punch"],"picked":"Setup","floor":19},{"not_picked":["Outmaneuver","Choke"],"picked":"Setup","floor":22},{"not_picked":["Leg Sweep","Deflect"],"picked":"Sneak Up","floor":22}],"player_experience":2087808,"relics_obtained":[{"floor":6,"key":"Unceasing Top"},{"floor":9,"key":"ReplayTheSpireMod:Ninjato"},{"floor":10,"key":"Tiny Chest"},{"floor":14,"key":"Du-Vu Doll"},{"floor":15,"key":"Smiling Mask"}],"event_choices":[{"damage_healed":0,"gold_gain":50,"player_choice":"Pray","damage_taken":0,"max_hp_gain":0,"max_hp_loss":0,"event_name":"Golden Shrine","floor":3,"gold_loss":0}],"is_beta":false,"boss_relics":[{"not_picked":["Snecko Scales","Empty Cage"],"picked":"construct:WeddingRing"}],"items_purged_floors":[],"is_endless":false,"potions_floor_spawned":[1,2,6,7,10,22],"killed_by":"theJungle:MamaSnecko","ascension_level":20}}