{"host":"ox77rn1xcurm2t5a","time":1610148334,"event":{"mods":["2.2 Compatiblity","AchievementEnabler","Act Like it!","Aspiration","BaseMod","Best Route Mod","Better Match","Better Note","Better Sensory Stone","Block Reminder","Colored Map","Colored Powertips","Conjunction","Conspire","Custom Start","Energized Spire","GifTheSpireLib","Gold Saver","Gremlin Skip","Halation","Highlight Path","Hubris","Infinite Spire","Minty Spire (QoL Compilation)","Pale of the Ancients","Quick Restart","Replay The Spire","Reworked Bosses","ShortenTheSpire","Spire Exporter","StSLib","Stuff the Spire","Wandering Minibosses","vexMod"],"gold_per_floor":[109,109,2199,2199,2199,2199,2216,2245,2245,2258,1931,1931,1945,1961,1961,2033,2033,2043,2043,2057,1570,1584,1584,1584,1584],"floor_reached":24,"playtime":537,"items_purged":["Strike_B","Strike_B","Strike_B"],"score":365,"play_id":"5b838f92-db90-4421-8d12-86c29a31c5fb","local_time":"20210109012534","is_ascension_mode":true,"campfire_choices":[{"floor":6,"key":"RECALL"},{"data":"StuffTheSpire:Synthwave","floor":12,"key":"SMITH"},{"data":"Zap","floor":15,"key":"SMITH"},{"data":"Creative AI","floor":23,"key":"SMITH"}],"circlet_count":0,"master_deck":["AscendersBane","Strike_B","Defend_B","Defend_B","Defend_B","Defend_B","Zap+1","Dualcast","Machine Learning","StuffTheSpire:Synthwave+1","Ball Lightning","Gash","Static Discharge","StuffTheSpire:Synthwave","Hologram+1","Creative AI+1"],"relics":["Cracked Core","NeowsBlessing","ReplayTheSpireMod:TigerMarble","aspiration:FetidBarrel","aspiration:Nostalgia","Burning Blood","conspire:GlowingRock","Orrery","Membership Card","Replay:Mystery Machine","halation:SelfBoilingWater"],"acts_visited":["Exordium","TheCity"],"potions_floor_usage":[10,13,14,16,22,22,24],"damage_taken":[{"damage":0,"enemies":"Cultist","floor":1,"turns":1},{"damage":0,"enemies":"Jaw Worm","floor":7,"turns":1},{"damage":0,"enemies":"Gremlin Nob","floor":8,"turns":1},{"damage":0,"enemies":"Small Slimes","floor":10,"turns":2},{"damage":13,"enemies":"Blue Slaver","floor":13,"turns":2},{"damage":8,"enemies":"Large Slime","floor":14,"turns":4},{"damage":23,"enemies":"Hexaghost","floor":16,"turns":9},{"damage":25,"enemies":"Shell Parasite","floor":18,"turns":4},{"damage":39,"enemies":"2 Thieves","floor":20,"turns":4},{"damage":10,"enemies":"Sentry and Sphere","floor":22,"turns":4},{"damage":25,"enemies":"Book of Stabbing","floor":24,"turns":2}],"seed_played":"-4418340770340955004","potions_obtained":[{"floor":1,"key":"GamblersBrew"},{"floor":13,"key":"Adrenaline Potion"},{"floor":14,"key":"Dexterity Potion"},{"floor":22,"key":"Regen Potion"}],"is_trial":false,"path_per_floor":["M","?","$","?","?","R","M","E","T","M","$","R","M","M","R","B",null,"M","?","M","$","M","R","E"],"character_chosen":"DEFECT","items_purchased":["ReplayTheSpireMod:TigerMarble","aspiration:FetidBarrel","aspiration:Nostalgia","Machine Learning","Energy Potion","Fire Potion","Orrery","Static Discharge","Membership Card","Replay:Mystery Machine","halation:SelfBoilingWater","Creative AI","FocusPotion","FocusPotion"],"campfire_rested":0,"item_purchase_floors":[3,3,3,3,3,3,11,11,21,21,21,21,21,21],"current_hp_per_floor":[68,75,75,75,75,75,75,75,75,75,75,75,68,67,67,50,70,51,51,18,18,14,14,0,0],"gold":1584,"neow_bonus":"THREE_ENEMY_KILL","is_daily":false,"chose_seed":false,"campfire_upgraded":3,"win_rate":0.0,"timestamp":1610148334,"path_taken":["M","?","$","?","?","R","M","E","T","M","$","R","M","M","R","BOSS","M","?","M","$","M","R","E"],"items_purchased_type":["Relic","Relic","Relic","Card","Potion","Potion","Relic","Card","Relic","Relic","Relic","Card","Potion","Potion"],"build_version":"2020-12-22","purchased_purges":3,"victory":false,"max_hp_per_floor":[75,75,75,75,75,75,75,75,75,75,75,75,75,76,76,76,76,76,76,76,76,76,76,76,76],"card_choices":[{"not_picked":["Leap","Barrage","Time Bomb"],"picked":"SKIP","floor":1},{"not_picked":["StuffTheSpire:Plugnplay","Go for the Eyes","Blizzard"],"picked":"SKIP","floor":7},{"not_picked":["StuffTheSpire:CleanHardDrive","Coolheaded"],"picked":"StuffTheSpire:Synthwave","floor":8},{"not_picked":["Panic Button","Turbo","Stack"],"picked":"SKIP","floor":10},{"not_picked":["Panic Button","Beam Cell"],"picked":"Ball Lightning","floor":11},{"not_picked":["Beam Cell","Cold Snap"],"picked":"Gash","floor":11},{"not_picked":["Steam","Coolheaded","hubris:DoWhile"],"picked":"SKIP","floor":13},{"not_picked":["Rebound","Sunder","Double Energy"],"picked":"SKIP","floor":14},{"not_picked":["Cold Snap","Beam Cell"],"picked":"StuffTheSpire:Synthwave","floor":18},{"not_picked":["Stack","BasicCrystalCard"],"picked":"Hologram+1","floor":20},{"not_picked":["conspire:SharedLibrary","ReplaySolidLightProjector","Steam Power"],"picked":"SKIP","floor":22}],"player_experience":2973990,"relics_obtained":[{"floor":8,"key":"conspire:GlowingRock"}],"event_choices":[],"is_beta":false,"boss_relics":[{"not_picked":["vexMod:TanglingVine","Snecko Eye","energizedSpire:HugeHouse"]}],"items_purged_floors":[3,11,21],"is_endless":false,"potions_floor_spawned":[1,13,14,22],"killed_by":"Book of Stabbing","ascension_level":13}}