{"host":"pq168dofzzbbmuuf","time":1610112793,"event":{"mods":["BaseMod","Downfall","Friendly Minions","Minty Spire (QoL Compilation)","StSLib"],"gold_per_floor":[13,13,25,38,48,74,74,131,131,149,149,182,194,218,230,344,356,380,304,314,314,23,23,39,39,66,66,79,110,110,144,144,144,144,144],"floor_reached":33,"playtime":2122,"items_purged":[],"score":345,"play_id":"028eba0f-80ae-42e5-8777-328909d2453c","local_time":"20210108083313","is_ascension_mode":false,"campfire_choices":[{"floor":7,"key":"REST"},{"floor":11,"key":"REST"},{"data":"champ:BerserkerStyle","floor":15,"key":"SMITH"},{"data":"champ:Taunt","floor":23,"key":"SMITH"},{"data":"champ:CrookedStrike","floor":25,"key":"SMITH"},{"data":"champ:Improvising","floor":27,"key":"SMITH"},{"floor":32,"key":"REST"}],"circlet_count":0,"master_deck":["champ:Strike","champ:Strike","champ:Strike","champ:Defend","champ:Defend","champ:Defend","champ:Defend","champ:Execute","champ:Taunt+1","champ:StanceDance","champ:AdrenalArmor","champ:TornadoPunch","champ:FanOfKnives","champ:DeathBlow","champ:Encircle","champ:Improvising+1","champ:BerserkerStyle+1","champ:SteelEdge","champ:IronFortress","champ:Shatter","champ:BringItOn","champ:ArenaPreparation","champ:CrookedStrike+1","Parasite","champ:BerserkerStyle","champ:Lariat","champ:FanOfKnives"],"relics":["champ:ChampionCrown","Unceasing Top","Pear","Orichalcum","Question Card","MawBank","Cursed Key","champ:DefensiveTrainingManual","Lee\u0027s Waffle","Happy Flower","champ:FightingForDummies","Art of War","Blue Candle","Tiny Chest"],"acts_visited":["Exordium","TheCity"],"potions_floor_usage":[6,8,12,18,29,29,33],"damage_taken":[{"damage":24,"enemies":"Jaw Worm","floor":1,"turns":6},{"damage":16,"enemies":"Cultist","floor":3,"turns":5},{"damage":9,"enemies":"2 Louse","floor":4,"turns":3},{"damage":15,"enemies":"Blue Slaver","floor":5,"turns":4},{"damage":7,"enemies":"3 Sentries","floor":6,"turns":3},{"damage":88,"enemies":"Lagavulin Event","floor":8,"turns":6},{"damage":29,"enemies":"Exordium Wildlife","floor":10,"turns":5},{"damage":49,"enemies":"Lagavulin","floor":12,"turns":5},{"damage":22,"enemies":"Looter","floor":14,"turns":4},{"damage":84,"enemies":"Slime Boss","floor":16,"turns":8},{"damage":38,"enemies":"2 Thieves","floor":18,"turns":4},{"damage":38,"enemies":"Shell Parasite","floor":20,"turns":7},{"damage":67,"enemies":"Chosen and Byrds","floor":24,"turns":6},{"damage":28,"enemies":"Centurion and Healer","floor":28,"turns":4},{"damage":52,"enemies":"Gremlin Leader","floor":29,"turns":6},{"damage":121,"enemies":"Slavers","floor":31,"turns":6},{"damage":80,"enemies":"Collector","floor":33,"turns":5}],"seed_played":"7548025277701944441","potions_obtained":[{"floor":3,"key":"ColorlessPotion"},{"floor":6,"key":"Strength Potion"},{"floor":10,"key":"CultistPotion"},{"floor":16,"key":"SteroidPotion"},{"floor":20,"key":"DistilledChaos"},{"floor":24,"key":"Block Potion"},{"floor":31,"key":"EssenceOfSteel"}],"is_trial":false,"path_per_floor":["M","?","M","M","M","E","R","?","T","M","R","E","?","M","R","B",null,"M","$","M","?","$","R","M","R","T","R","M","E","?","E","R","B"],"character_chosen":"THE_CHAMP","items_purchased":["champ:Shatter","champ:BringItOn","Lee\u0027s Waffle","Happy Flower"],"campfire_rested":3,"item_purchase_floors":[19,19,22,22],"current_hp_per_floor":[76,76,70,70,65,71,100,57,57,57,87,73,73,73,73,44,100,88,88,63,63,107,107,92,92,92,92,92,92,92,29,61,0,0,0],"gold":144,"neow_bonus":"ONE_RARE_RELIC","is_daily":false,"chose_seed":false,"campfire_upgraded":4,"win_rate":0.0,"timestamp":1610112793,"path_taken":["M","?","?","M","M","E","R","?","T","M","R","E","?","M","R","BOSS","M","$","M","?","$","R","M","R","T","R","M","E","?","E","R","BOSS"],"items_purchased_type":["Card","Card","Relic","Relic"],"build_version":"2020-12-22","purchased_purges":0,"victory":false,"max_hp_per_floor":[90,90,90,90,90,100,100,100,100,100,100,100,100,100,100,100,100,100,100,100,100,107,107,107,107,107,107,107,107,107,107,107,107,107,107],"card_choices":[{"not_picked":["champ:BladeFlurry","champ:ArenaPreparation"],"picked":"champ:StanceDance","floor":1},{"not_picked":["champ:DefensiveStyle","champ:EndlessRage"],"picked":"champ:AdrenalArmor","floor":3},{"not_picked":["champ:Duel","champ:IgnorePain"],"picked":"champ:TornadoPunch","floor":4},{"not_picked":["champ:ViciousMockery","champ:Riposte"],"picked":"champ:FanOfKnives","floor":5},{"not_picked":["champ:Backstep","champ:FocusedGladiator"],"picked":"champ:DeathBlow","floor":6},{"not_picked":["champ:EnGarde","champ:RisingSlash","champ:RecklessLeap"],"picked":"champ:Encircle","floor":10},{"not_picked":["champ:FightOn","champ:Backstep","champ:FlashCut"],"picked":"champ:Improvising","floor":12},{"not_picked":["champ:Circumvent","champ:BladeFlurry","champ:StanceDance"],"picked":"champ:BerserkerStyle","floor":14},{"not_picked":["champ:MurderStrike","champ:Improvising","champ:IgnorePain"],"picked":"champ:SteelEdge","floor":16},{"not_picked":["champ:StanceDance","champ:BladeFlurry+1","champ:FocusedDefense"],"picked":"champ:IronFortress","floor":18},{"not_picked":["champ:BringItOn","champ:FaceSlap","champ:DeathBlow+1"],"picked":"champ:ArenaPreparation","floor":20},{"not_picked":["champ:EnGarde+1","champ:DeathBlow","champ:FocusedGladiator+1"],"picked":"champ:CrookedStrike","floor":24},{"not_picked":["champ:BringItOn","champ:Backstep","champ:DefensiveShout"],"picked":"champ:BerserkerStyle","floor":28},{"not_picked":["champ:TornadoPunch","champ:RapidStrikes+1","champ:RecklessLeap"],"picked":"champ:Lariat","floor":29},{"not_picked":["champ:SwordThrow","champ:StanceDance","champ:PerfectedStrike"],"picked":"champ:FanOfKnives","floor":31}],"player_experience":585545,"relics_obtained":[{"floor":6,"key":"Pear"},{"floor":8,"key":"Orichalcum"},{"floor":9,"key":"Question Card"},{"floor":12,"key":"MawBank"},{"floor":26,"key":"champ:FightingForDummies"},{"floor":29,"key":"Art of War"},{"floor":31,"key":"Tiny Chest"}],"event_choices":[{"cards_removed":["champ:Strike"],"damage_healed":0,"gold_gain":0,"player_choice":"Card Removal","damage_taken":0,"max_hp_gain":0,"max_hp_loss":0,"event_name":"Wheel of Change","floor":2,"gold_loss":0},{"damage_healed":0,"gold_gain":30,"player_choice":"Searched \u00272\u0027 times","damage_taken":0,"max_hp_gain":0,"max_hp_loss":0,"event_name":"Dead Adventurer","floor":8,"gold_loss":0},{"damage_healed":0,"gold_gain":0,"player_choice":"Leave","damage_taken":0,"max_hp_gain":0,"max_hp_loss":0,"event_name":"The Cleric","floor":13,"gold_loss":0},{"damage_healed":0,"gold_gain":0,"player_choice":"Opened","damage_taken":0,"relics_obtained":["Blue Candle"],"max_hp_gain":0,"max_hp_loss":0,"event_name":"The Mausoleum","floor":30,"gold_loss":0}],"is_beta":false,"boss_relics":[{"not_picked":["Astrolabe","Fusion Hammer"],"picked":"Cursed Key"}],"items_purged_floors":[],"is_endless":false,"potions_floor_spawned":[3,6,10,16,20,24,31],"killed_by":"Collector","ascension_level":0}}