{"host":"b0dcklafnoly879c","time":1610093369,"event":{"mods":["BaseMod","Minty Spire (QoL Compilation)","StSLib","The Dragon Tamer","The Jungle"],"gold_per_floor":[113,113,113,113,126,151,151,184,184,211,222,74,100,112,112,209,209,224,237,237,237,255,280,280,311,311,327,327,327,427,443,443,539,539,554,569,569,75,125,158,158,186,186,216,227,237,237,282,282,282,282,282,82,108,108],"floor_reached":56,"playtime":4882,"items_purged":["Strike_G"],"score":1639,"play_id":"df33ee9c-3be2-4651-8a96-f448a72c787f","local_time":"20210108170929","is_ascension_mode":true,"campfire_choices":[{"data":"Acrobatics","floor":7.0,"key":"SMITH"},{"data":"Footwork","floor":15.0,"key":"SMITH"},{"data":"Bouncing Flask","floor":24.0,"key":"SMITH"},{"data":"Bullet Time","floor":32.0,"key":"SMITH"},{"floor":41.0,"key":"DIG"},{"data":"Calculated Gamble","floor":47.0,"key":"SMITH"},{"floor":49.0,"key":"RECALL"},{"floor":52.0,"key":"REST"}],"circlet_count":0,"master_deck":["Strike_G","Strike_G","Defend_G","Defend_G","Defend_G","Defend_G+1","Defend_G","Survivor","Neutralize","Acrobatics+1","Dagger Throw","Poisoned Stab","Footwork+1","PiercingWail","Corpse Explosion","Bouncing Flask+1","Blur+1","Bullet Time+1","Prepared+1","Calculated Gamble+1","Escape Plan+1","Reflex+1","Dark Shackles+1","Noxious Fumes","Backflip+1","Deadly Poison+1","Underhanded Strike+1","PiercingWail+1"],"relics":["Ring of the Snake","NeowsBlessing","Matryoshka","Pantograph","Orichalcum","Mercury Hourglass","Blue Candle","Tiny Chest","Paper Crane","HoveringKite","Toy Ornithopter","Meat on the Bone","Dream Catcher","Question Card","Pear","Turnip","Sundial","SlaversCollar","Toxic Egg 2","Shovel","Potion Belt","Pocketwatch","Snake Skull","TungstenRod","Torii","StoneCalendar","Nunchaku"],"acts_visited":["Exordium","TheCity","TheBeyond","TheEnding"],"potions_floor_usage":[55,55,55,55],"damage_taken":[{"damage":0.0,"enemies":"Small Slimes","floor":1.0,"turns":1.0},{"damage":0.0,"enemies":"Cultist","floor":5.0,"turns":1.0},{"damage":0.0,"enemies":"Gremlin Nob","floor":6.0,"turns":1.0},{"damage":16.0,"enemies":"Lagavulin","floor":8.0,"turns":6.0},{"damage":9.0,"enemies":"3 Sentries","floor":10.0,"turns":6.0},{"damage":0.0,"enemies":"Jaw Worm","floor":11.0,"turns":3.0},{"damage":20.0,"enemies":"Gremlin Nob","floor":13.0,"turns":4.0},{"damage":0.0,"enemies":"3 Louse","floor":14.0,"turns":2.0},{"damage":20.0,"enemies":"The Guardian","floor":16.0,"turns":14.0},{"damage":0.0,"enemies":"2 Thieves","floor":18.0,"turns":2.0},{"damage":18.0,"enemies":"Spheric Guardian","floor":19.0,"turns":6.0},{"damage":2.0,"enemies":"Snecko","floor":22.0,"turns":5.0},{"damage":8.0,"enemies":"Book of Stabbing","floor":23.0,"turns":7.0},{"damage":24.0,"enemies":"Slavers","floor":25.0,"turns":4.0},{"damage":2.0,"enemies":"Snake Plant","floor":27.0,"turns":4.0},{"damage":5.0,"enemies":"Colosseum Slavers","floor":30.0,"turns":3.0},{"damage":1.0,"enemies":"Colosseum Nobs","floor":30.0,"turns":3.0},{"damage":0.0,"enemies":"Chosen and Byrds","floor":31.0,"turns":4.0},{"damage":64.0,"enemies":"Champ","floor":33.0,"turns":15.0},{"damage":0.0,"enemies":"Orb Walker","floor":35.0,"turns":3.0},{"damage":18.0,"enemies":"3 Darklings","floor":36.0,"turns":4.0},{"damage":0.0,"enemies":"Mind Bloom Boss Battle","floor":39.0,"turns":6.0},{"damage":16.0,"enemies":"Reptomancer","floor":40.0,"turns":8.0},{"damage":2.0,"enemies":"Giant Head","floor":42.0,"turns":8.0},{"damage":0.0,"enemies":"Reptomancer","floor":44.0,"turns":8.0},{"damage":0.0,"enemies":"4 Shapes","floor":45.0,"turns":3.0},{"damage":0.0,"enemies":"Maw","floor":46.0,"turns":6.0},{"damage":35.0,"enemies":"2 Orb Walkers","floor":48.0,"turns":4.0},{"damage":74.0,"enemies":"Time Eater","floor":50.0,"turns":14.0},{"damage":11,"enemies":"Shield and Spear","floor":54,"turns":5},{"damage":23,"enemies":"The Heart","floor":55,"turns":10}],"seed_played":"2193068071228207733","potions_obtained":[{"floor":5.0,"key":"PowerPotion"},{"floor":8.0,"key":"AttackPotion"},{"floor":10.0,"key":"GhostInAJar"},{"floor":11.0,"key":"Dexterity Potion"},{"floor":14.0,"key":"DistilledChaos"},{"floor":19.0,"key":"DuplicationPotion"},{"floor":23.0,"key":"Strength Potion"},{"floor":27.0,"key":"ColorlessPotion"},{"floor":30.0,"key":"FairyPotion"},{"floor":35.0,"key":"DistilledChaos"},{"floor":39.0,"key":"ColorlessPotion"},{"floor":45.0,"key":"DuplicationPotion"},{"floor":48.0,"key":"Dexterity Potion"},{"floor":54,"key":"Dexterity Potion"}],"is_trial":false,"path_per_floor":["M","?","?","?","M","E","R","E","T","E","M","$","E","M","R","B",null,"M","M","?","?","M","E","R","E","T","M","T","?","?","M","R","B",null,"M","M","T","$","?","E","R","E","T","E","M","M","R","?","R","B",null,"R","$","E","B",null],"character_chosen":"THE_SILENT","items_purchased":["Tiny Chest","Toxic Egg 2","Dark Shackles+1","Noxious Fumes","GhostInAJar","ColorlessPotion","PowerPotion"],"campfire_rested":1,"item_purchase_floors":[12,38,38,38,53,53,53],"current_hp_per_floor":[70,70,56,56,56,56,56,40,40,31,31,31,11,11,11,16,57,57,39,39,39,37,29,29,5,5,15,25,25,41,41,41,14,64,64,46,46,46,71,55,55,53,53,53,58,58,58,40,40,13,63,80,80,69,57],"gold":108,"neow_bonus":"THREE_ENEMY_KILL","is_daily":false,"chose_seed":false,"campfire_upgraded":5,"win_rate":0.0,"timestamp":1610093369,"path_taken":["M","?","?","?","M","E","R","E","T","E","?","$","E","M","R","BOSS","M","M","?","?","M","E","R","E","T","?","?","?","?","?","R","BOSS","M","M","?","?","?","E","R","E","T","E","M","M","R","?","R","BOSS","R","$","E","BOSS"],"items_purchased_type":["Relic","Relic","Card","Card","Potion","Potion","Potion"],"build_version":"2020-12-22","purchased_purges":1,"victory":true,"max_hp_per_floor":[70,70,70,70,70,70,70,70,70,70,70,70,70,70,70,70,70,70,70,70,70,70,70,70,70,70,70,80,80,80,80,80,80,80,80,80,80,80,80,80,80,80,80,80,80,80,80,80,80,80,80,80,80,80,80],"card_choices":[{"not_picked":["Outmaneuver","Flying Knee"],"picked":"Acrobatics","floor":1.0},{"not_picked":["PiercingWail","Infinite Blades"],"picked":"Dagger Throw","floor":5.0},{"not_picked":["Underhanded Strike","Heel Hook","Malaise"],"picked":"SKIP","floor":6.0},{"not_picked":["Sucker Punch","Die Die Die"],"picked":"Poisoned Stab","floor":8.0},{"not_picked":["Concentrate","Accuracy","Dagger Throw"],"picked":"SKIP","floor":10.0},{"not_picked":["All Out Attack","Calculated Gamble"],"picked":"Footwork","floor":11.0},{"not_picked":["Quick Slash","Terror","Dash"],"picked":"SKIP","floor":13.0},{"not_picked":["Leg Sweep","Bane"],"picked":"PiercingWail","floor":14.0},{"not_picked":["Adrenaline","Venomology"],"picked":"Corpse Explosion","floor":16.0},{"not_picked":["Deflect","Dagger Throw","Blade Dance+1"],"picked":"SKIP","floor":18.0},{"not_picked":["Setup","Deflect","Heel Hook"],"picked":"SKIP","floor":19.0},{"not_picked":["Quick Slash","Flechettes"],"picked":"Blur+1","floor":22.0},{"not_picked":["Terror","Backstab+1","Underhanded Strike"],"picked":"SKIP","floor":23.0},{"not_picked":["Dodge and Roll","Eviscerate"],"picked":"Bullet Time","floor":25.0},{"not_picked":["Concentrate","Deadly Poison","Caltrops"],"picked":"Prepared+1","floor":27.0},{"not_picked":["Dagger Throw+1","Masterful Stab+1","Bane+1"],"picked":"Calculated Gamble","floor":30.0},{"not_picked":["Eviscerate","Dash","Calculated Gamble","Backstab"],"picked":"SKIP","floor":31.0},{"not_picked":["Accuracy","Backstab","Dash"],"picked":"Escape Plan+1","floor":35.0},{"not_picked":["Acrobatics+1","Terror","Cloak And Dagger"],"picked":"Reflex+1","floor":36.0},{"not_picked":["Leg Sweep+1","Quick Slash+1","Footwork"],"picked":"Backflip+1","floor":40.0},{"not_picked":["Slice","Corpse Explosion+1","Noxious Fumes","Cloak And Dagger+1"],"picked":"SKIP","floor":42.0},{"not_picked":["Slice+1","All Out Attack","Dodge and Roll+1","Bane"],"picked":"SKIP","floor":44.0},{"not_picked":["Sucker Punch+1","Blur+1","Backflip+1"],"picked":"Deadly Poison+1","floor":45.0},{"not_picked":["Dagger Spray","Dodge and Roll+1","Cloak And Dagger+1","Reflex+1"],"picked":"SKIP","floor":46.0},{"not_picked":["Flying Knee+1","Concentrate+1","Blade Dance+1"],"picked":"Underhanded Strike+1","floor":52.0},{"not_picked":["Malaise+1","Poisoned Stab+1","Blade Dance+1"],"picked":"PiercingWail+1","floor":54}],"player_experience":242676,"relics_obtained":[{"floor":6.0,"key":"Matryoshka"},{"floor":8.0,"key":"Pantograph"},{"floor":9.0,"key":"Orichalcum"},{"floor":9.0,"key":"Mercury Hourglass"},{"floor":10.0,"key":"Blue Candle"},{"floor":13.0,"key":"Paper Crane"},{"floor":23.0,"key":"Toy Ornithopter"},{"floor":25.0,"key":"Meat on the Bone"},{"floor":26.0,"key":"Dream Catcher"},{"floor":26.0,"key":"Question Card"},{"floor":28.0,"key":"Pear"},{"floor":30.0,"key":"Turnip"},{"floor":30.0,"key":"Sundial"},{"floor":39.0,"key":"Shovel"},{"floor":40.0,"key":"Potion Belt"},{"floor":41.0,"key":"Pocketwatch"},{"floor":42.0,"key":"Snake Skull"},{"floor":43.0,"key":"TungstenRod"},{"floor":44.0,"key":"Torii"},{"floor":48.0,"key":"StoneCalendar"},{"floor":54,"key":"Nunchaku"}],"event_choices":[{"damage_healed":0.0,"max_hp_gain":0.0,"max_hp_loss":0.0,"gold_gain":0.0,"event_name":"The Cleric","player_choice":"Leave","floor":2.0,"gold_loss":0.0,"damage_taken":0.0},{"damage_healed":0.0,"max_hp_gain":0.0,"max_hp_loss":0.0,"gold_gain":0.0,"event_name":"Shining Light","player_choice":"Entered Light","floor":3.0,"gold_loss":0.0,"damage_taken":14.0,"cards_upgraded":["Defend_G","Strike_G"]},{"cards_removed":["Strike_G"],"damage_healed":0.0,"max_hp_gain":0.0,"max_hp_loss":0.0,"gold_gain":0.0,"event_name":"Bonfire Elementals","player_choice":"Offered Basic","floor":4.0,"gold_loss":0.0,"damage_taken":0.0},{"damage_healed":0.0,"max_hp_gain":0.0,"max_hp_loss":0.0,"gold_gain":0.0,"event_name":"The Library","player_choice":"Read","floor":20.0,"gold_loss":0.0,"damage_taken":0.0,"cards_obtained":["Bouncing Flask"]},{"cards_removed":["Strike_G"],"damage_healed":0.0,"max_hp_gain":0.0,"max_hp_loss":0.0,"gold_gain":0.0,"event_name":"Purifier","player_choice":"Purged","floor":21.0,"gold_loss":0.0,"damage_taken":0.0},{"damage_healed":0.0,"max_hp_gain":0.0,"max_hp_loss":0.0,"gold_gain":0.0,"event_name":"Vampires","player_choice":"Ignored","floor":29.0,"gold_loss":0.0,"damage_taken":0.0},{"damage_healed":0.0,"max_hp_gain":0.0,"max_hp_loss":0.0,"gold_gain":0.0,"event_name":"Colosseum","player_choice":"Fight","floor":30.0,"gold_loss":0.0,"damage_taken":0.0},{"damage_healed":0.0,"max_hp_gain":0.0,"max_hp_loss":0.0,"gold_gain":0.0,"event_name":"Colosseum","player_choice":"Fought Nobs","floor":30.0,"gold_loss":0.0,"damage_taken":0.0},{"damage_healed":0.0,"max_hp_gain":0.0,"max_hp_loss":0.0,"gold_gain":0.0,"event_name":"MindBloom","player_choice":"Fight","floor":39.0,"gold_loss":0.0,"damage_taken":0.0},{"damage_healed":0.0,"max_hp_gain":0.0,"max_hp_loss":0.0,"gold_gain":0.0,"event_name":"Mysterious Sphere","player_choice":"Fight","floor":48.0,"gold_loss":0.0,"damage_taken":0.0}],"is_beta":false,"boss_relics":[{"not_picked":["Astrolabe","Coffee Dripper"],"picked":"HoveringKite"},{"not_picked":["Snecko Eye","Velvet Choker"],"picked":"SlaversCollar"}],"items_purged_floors":[38],"is_endless":false,"potions_floor_spawned":[5,8,10,11,14,19,23,27,30,30,35,39,45,48,54],"ascension_level":5}}