{"host":"gsmj583br51y3r1c","time":1610116265,"event":{"mods":["AchievementEnabler","BaseMod","Colored Map","Dark Map","Downfall","Hermit","Highlight Path","Hubris","Infinite Spire","Marisa????????","Minty Spire (QoL Compilation)","Permanent Neow","Quick Restart","StSLib","The Bug Knight","The Cursed","The Disciple","The Marked","The Mystic","The Runesmith","The Servant 0.9.4","everything is the same but u backflip on backflip"],"gold_per_floor":[112,112,112,124,27,27,27,27,27,47,47,47,66,81,81,183,183,194,211,243,254,265,265,265,281,305,327,339,351,376,388,388],"floor_reached":31,"playtime":2370,"items_purged":[],"score":254,"play_id":"7848c4a8-6b28-4924-ba86-fc29ab4f8aee","local_time":"20210108163105","is_ascension_mode":false,"campfire_choices":[{"data":"expansioncontent:CaCaw","floor":6,"key":"SMITH"},{"data":"hermit:GoldenBullet","floor":12,"key":"SMITH"},{"data":"hermit:CalledShot","floor":15,"key":"SMITH"},{"floor":23,"key":"REST"}],"circlet_count":0,"master_deck":["hermit:Defend_Hermit","hermit:Defend_Hermit","hermit:Defend_Hermit","hermit:Defend_Hermit","hermit:Snapshot","hermit:Covet","hermit:Magnum","hermit:GoldenBullet+1","hermit:CalledShot+1","expansioncontent:CaCaw+1","hermit:Enervate","hermit:Horror","hermit:HighNoon","hermit:ShadowCloak","hermit:Enervate+1","hermit:Showdown","hermit:Glare","Bite","Bite","Bite","Bite","Bite","hermit:Midnight","hermit:Ricochet+1"],"relics":["hermit:Momento","hermit:Horseshoe","The Courier","Centennial Puzzle","Philosopher\u0027s Stone","Red Mask","MawBank"],"acts_visited":["Exordium","TheCity"],"potions_floor_usage":[10,16,16,18,22],"damage_taken":[{"damage":1,"enemies":"Jaw Worm","floor":1,"turns":4},{"damage":5,"enemies":"2 Louse","floor":4,"turns":2},{"damage":0,"enemies":"Small Slimes","floor":10,"turns":1},{"damage":2,"enemies":"Blue Slaver","floor":13,"turns":2},{"damage":0,"enemies":"Large Slime","floor":14,"turns":4},{"damage":40,"enemies":"The Guardian","floor":16,"turns":10},{"damage":7,"enemies":"Chosen","floor":18,"turns":2},{"damage":4,"enemies":"Snecko","floor":19,"turns":3},{"damage":46,"enemies":"Masked Bandits","floor":20,"turns":4},{"damage":4,"enemies":"3 Cultists","floor":21,"turns":3},{"damage":3,"enemies":"Cultist and Chosen","floor":22,"turns":5},{"damage":18,"enemies":"Snake Plant","floor":25,"turns":3},{"damage":8,"enemies":"Chosen and Byrds","floor":27,"turns":3},{"damage":7,"enemies":"Shelled Parasite and Fungi","floor":30,"turns":4},{"damage":39,"enemies":"Nightmare","floor":31,"turns":4}],"seed_played":"479368535371107999","potions_obtained":[{"floor":1,"key":"SkillPotion"},{"floor":10,"key":"hermit:Tonic"},{"floor":14,"key":"hermit:BlackBile"},{"floor":16,"key":"DistilledChaos"},{"floor":20,"key":"Block Potion"},{"floor":22,"key":"SpeedPotion"}],"is_trial":false,"path_per_floor":["M","?","?","M","$","R","T","?","T","M","$","R","M","M","R","B",null,"M","M","?","M","M","R","?","M","T","M","?","?","M","NM"],"character_chosen":"HERMIT","items_purchased":["expansioncontent:CaCaw"],"campfire_rested":1,"item_purchase_floors":[5],"current_hp_per_floor":[53,53,53,48,48,48,48,48,48,48,48,48,46,46,46,6,75,68,64,18,14,11,33,33,21,21,21,21,21,24,0,0],"gold":388,"neow_bonus":"THREE_RARE_CARDS","is_daily":false,"chose_seed":false,"campfire_upgraded":3,"win_rate":0.0,"timestamp":1610116265,"path_taken":["M","?","?","M","?","R","?","?","T","M","?","R","?","M","R","BOSS","M","M","?","M","M","R","?","?","T","M","?","?","?","NM"],"items_purchased_type":["Card"],"build_version":"2020-12-22","purchased_purges":0,"victory":false,"max_hp_per_floor":[75,75,75,75,75,75,75,75,75,75,75,75,75,75,75,75,75,75,75,75,75,75,75,52,52,52,52,52,52,52,52,52],"card_choices":[{"not_picked":["hermit:Dissolve","hermit:Roughhouse"],"picked":"hermit:Magnum","floor":0},{"not_picked":["hermit:Midnight","hermit:ShadowCloak"],"picked":"hermit:GoldenBullet","floor":1},{"not_picked":["hermit:Coalescence","hermit:WideOpen"],"picked":"hermit:CalledShot","floor":4},{"not_picked":["hermit:Misfire","hermit:SprayPray"],"picked":"hermit:Enervate","floor":10},{"not_picked":["hermit:Feint","hermit:Ricochet"],"picked":"hermit:Horror","floor":13},{"not_picked":["hermit:SprayPray","hermit:Vantage","hermit:Cheat"],"picked":"SKIP","floor":14},{"not_picked":["hermit:HeroicBravado","hermit:Gambit"],"picked":"hermit:HighNoon","floor":16},{"not_picked":["hermit:Snipe","hermit:FullyLoaded"],"picked":"hermit:ShadowCloak","floor":18},{"not_picked":["hermit:Snipe","hermit:Roulette"],"picked":"hermit:Enervate+1","floor":19},{"not_picked":["hermit:GoldenBullet","hermit:Desperado"],"picked":"hermit:Showdown","floor":21},{"not_picked":["hermit:Reprieve","hermit:Vantage"],"picked":"hermit:Glare","floor":22},{"not_picked":["hermit:Spite","hermit:Snipe"],"picked":"hermit:Midnight","floor":25},{"not_picked":["hermit:HoleUp+1","hermit:Quickdraw"],"picked":"hermit:Ricochet+1","floor":27},{"not_picked":["hermit:LowProfile","hermit:Vantage","hermit:HoleUp"],"picked":"SKIP","floor":30}],"player_experience":352680,"relics_obtained":[{"floor":2,"key":"hermit:Horseshoe"},{"floor":7,"key":"The Courier"},{"floor":9,"key":"Centennial Puzzle"},{"floor":20,"key":"Red Mask"},{"floor":26,"key":"MawBank"}],"event_choices":[{"damage_healed":0,"gold_gain":0,"player_choice":"Fought Bandits","damage_taken":0,"max_hp_gain":0,"max_hp_loss":0,"event_name":"Masked Bandits","floor":20,"gold_loss":0},{"damage_healed":0,"gold_gain":0,"player_choice":"Became a vampire","damage_taken":0,"max_hp_gain":0,"max_hp_loss":23,"event_name":"Vampires","floor":24,"gold_loss":0,"cards_obtained":["Bite","Bite","Bite","Bite","Bite"]},{"damage_healed":0,"gold_gain":0,"player_choice":"Ignored","damage_taken":0,"max_hp_gain":0,"max_hp_loss":0,"event_name":"Beggar","floor":28,"gold_loss":0},{"damage_healed":0,"gold_gain":0,"player_choice":"Ignored","damage_taken":0,"max_hp_gain":0,"max_hp_loss":0,"event_name":"NoteForYourself","floor":29,"gold_loss":0}],"is_beta":false,"boss_relics":[{"not_picked":["hubris:HollowSoul","Runesmith:UraniumAnvil"],"picked":"Philosopher\u0027s Stone"}],"items_purged_floors":[],"is_endless":false,"potions_floor_spawned":[1,10,14,16,20,22],"killed_by":"Nightmare","ascension_level":0}}