{"host":"hfxp6ue4pvwo3fit","time":1610084661,"event":{"mods":["AchievementEnabler","BaseMod","Colored Map","Colored Powertips","Highlight Path","Minty Spire (QoL Compilation)","Relic Stats","StSLib","SuperFastMode"],"gold_per_floor":[116,128,147,147,8,8,8,8],"floor_reached":7,"playtime":228,"items_purged":[],"score":82,"play_id":"7e577b55-78b7-4234-bfb5-59b8c6970354","local_time":"20210107234421","is_ascension_mode":true,"campfire_choices":[{"floor":6,"key":"REST"}],"circlet_count":0,"master_deck":["AscendersBane","Bash","Blood for Blood","Feel No Pain","Warcry","Reaper","Evolve","Double Tap","Carnage","Entrench","Clash","Fire Breathing","Shrug It Off","Shrug It Off","True Grit"],"relics":["Pandora\u0027s Box","Ancient Tea Set"],"acts_visited":["Exordium"],"potions_floor_usage":[7,7],"damage_taken":[{"damage":16,"enemies":"2 Louse","floor":1,"turns":3},{"damage":35,"enemies":"Small Slimes","floor":2,"turns":4},{"damage":13,"enemies":"Jaw Worm","floor":3,"turns":3},{"damage":56,"enemies":"Gremlin Nob","floor":7,"turns":4}],"seed_played":"432717435600403075","potions_obtained":[{"floor":3,"key":"LiquidMemories"}],"is_trial":false,"path_per_floor":["M","M","M","?","$","R","E"],"character_chosen":"IRONCLAD","items_purchased":["Shrug It Off","True Grit","PowerPotion"],"campfire_rested":1,"item_purchase_floors":[5,5,5],"current_hp_per_floor":[59,40,27,1,1,23,0,0],"gold":8,"neow_bonus":"BOSS_RELIC","is_daily":false,"chose_seed":false,"campfire_upgraded":0,"win_rate":0.0,"timestamp":1610084661,"path_taken":["M","M","M","?","$","R","E"],"items_purchased_type":["Card","Card","Potion"],"build_version":"2020-12-22","purchased_purges":0,"victory":false,"max_hp_per_floor":[75,75,75,75,75,75,75,75],"relic_stats":{"counters":[4,14],"Pandora\u0027s Box":["Blood for Blood","Feel No Pain","Warcry","Reaper","Evolve","Double Tap","Carnage","Entrench","Clash"],"obtain_stats":[{"Pandora\u0027s Box":0,"Ancient Tea Set":4,"Burning Blood":0},{"Pandora\u0027s Box":0,"Ancient Tea Set":3,"Burning Blood":0},{"Pandora\u0027s Box":0,"Ancient Tea Set":10,"Burning Blood":0}]},"card_choices":[{"not_picked":["Wild Strike","Iron Wave"],"picked":"Fire Breathing","floor":1},{"not_picked":["Flex","Combust","Warcry"],"picked":"SKIP","floor":2},{"not_picked":["Perfected Strike","Heavy Blade"],"picked":"Shrug It Off","floor":3}],"player_experience":484099,"relics_obtained":[],"event_choices":[{"damage_healed":0,"gold_gain":0,"player_choice":"Success","damage_taken":26,"relics_obtained":["Ancient Tea Set"],"max_hp_gain":0,"max_hp_loss":0,"event_name":"Scrap Ooze","floor":4,"gold_loss":0}],"is_beta":false,"boss_relics":[],"items_purged_floors":[],"is_endless":false,"potions_floor_spawned":[3],"killed_by":"Gremlin Nob","ascension_level":20}}