{"host":"taazmjmli6ma7loo","time":1610138298,"event":{"mods":["AchievementEnabler","BaseMod","DeckTracker","Marisa£¨Ùöéë¡¡Øª×âÞÞ£©","Minty Spire (QoL Compilation)","StSLib","The Cursed"],"gold_per_floor":[112,129,147,164,89,122,141,141,141,153,167,183,216,233,233,233,233],"floor_reached":16,"playtime":1382,"items_purged":["Defend_MRS"],"score":143,"play_id":"73bfcdb1-67ca-449e-8746-bf69c572aa35","local_time":"20210109053818","is_ascension_mode":false,"campfire_choices":[{"floor":15,"key":"REST"}],"circlet_count":0,"master_deck":["Strike_MRS","Strike_MRS","Strike_MRS","Strike_MRS","Defend_MRS","Defend_MRS","Defend_MRS","MasterSpark","UpSweep","MysteriousBeam","PowerUp","PowerUp","RefractionSpark","TreasureHunter","PowerUp","6A","DragonMeteor","Impatience","StarDustReverie","IllusionStar","DoubleSpark","GrandCross","CollectingQuirk","EarthLightRay"],"relics":["MiniHakkero","NeowsBlessing","Darkstone Periapt","White Beast Statue","Bronze Scales","Gremlin Horn"],"acts_visited":["Exordium"],"potions_floor_usage":[13,13,14],"damage_taken":[{"damage":0.0,"enemies":"Small Slimes","floor":1.0,"turns":1.0},{"damage":0.0,"enemies":"Cultist","floor":2.0,"turns":1.0},{"damage":0.0,"enemies":"2 Louse","floor":3.0,"turns":1.0},{"damage":5.0,"enemies":"Looter","floor":4.0,"turns":3.0},{"damage":0.0,"enemies":"Gremlin Nob","floor":6.0,"turns":2.0},{"damage":20.0,"enemies":"Exordium Thugs","floor":7.0,"turns":4.0},{"damage":12.0,"enemies":"3 Louse","floor":10.0,"turns":3.0},{"damage":0.0,"enemies":"2 Fungi Beasts","floor":11.0,"turns":2.0},{"damage":5.0,"enemies":"Exordium Thugs","floor":12.0,"turns":3.0},{"damage":13,"enemies":"3 Sentries","floor":13,"turns":6},{"damage":8,"enemies":"Red Slaver","floor":14,"turns":3},{"damage":43,"enemies":"The Guardian","floor":16,"turns":4}],"seed_played":"2700492908492019936","potions_obtained":[{"floor":2.0,"key":"EssenceOfSteel"},{"floor":7.0,"key":"PowerPotion"},{"floor":10.0,"key":"Fire Potion"},{"floor":13,"key":"Strength Potion"},{"floor":14,"key":"DuplicationPotion"}],"is_trial":false,"path_per_floor":["M","M","M","M","$","E","M","?","T","M","M","M","E","M","R","B"],"character_chosen":"MARISA","items_purchased":[],"campfire_rested":1,"item_purchase_floors":[],"current_hp_per_floor":[75,75,75,70,70,70,50,50,50,38,38,33,20,12,34,0,0],"gold":233,"neow_bonus":"THREE_ENEMY_KILL","is_daily":false,"chose_seed":false,"campfire_upgraded":0,"win_rate":0.0,"timestamp":1610138298,"path_taken":["M","M","M","M","$","E","M","?","T","?","M","M","E","M","R","BOSS"],"items_purchased_type":[],"build_version":"2020-12-22","purchased_purges":1,"victory":false,"max_hp_per_floor":[75,75,75,75,75,75,75,75,75,75,75,75,75,75,75,75,75],"card_choices":[{"not_picked":["GalacticHalo","OneTimeOff"],"picked":"MysteriousBeam","floor":1.0},{"not_picked":["WitchLeyline","OrrerysSun"],"picked":"PowerUp","floor":2.0},{"not_picked":["PropBag","RefractionSpark"],"picked":"PowerUp","floor":3.0},{"not_picked":["GrandCross","DarkSpark"],"picked":"RefractionSpark","floor":4.0},{"not_picked":["DC","StarBarrage"],"picked":"TreasureHunter","floor":6.0},{"not_picked":["EnergyFlow","NonDirectionalLaser"],"picked":"PowerUp","floor":7.0},{"not_picked":["Singularity","ShootTheMoon"],"picked":"IllusionStar","floor":10.0},{"not_picked":["DC","GravityBeat"],"picked":"DoubleSpark","floor":11.0},{"not_picked":["WitchLeyline","ShootTheMoon"],"picked":"GrandCross","floor":12.0},{"not_picked":["EscapeVelocity","PulseMagic"],"picked":"CollectingQuirk","floor":13},{"not_picked":["IllusionStar","6A"],"picked":"EarthLightRay","floor":14}],"player_experience":431626,"relics_obtained":[{"floor":6.0,"key":"Darkstone Periapt"},{"floor":9.0,"key":"White Beast Statue"},{"floor":13,"key":"Bronze Scales"},{"floor":13,"key":"Gremlin Horn"}],"event_choices":[{"damage_healed":0.0,"max_hp_gain":0.0,"max_hp_loss":0.0,"gold_gain":0.0,"event_name":"Match and Keep!","player_choice":"4 cards matched","floor":8.0,"gold_loss":0.0,"damage_taken":0.0,"cards_obtained":["6A","DragonMeteor","Impatience","StarDustReverie"]},{"damage_healed":0.0,"max_hp_gain":0.0,"max_hp_loss":0.0,"gold_gain":0.0,"event_name":"Match and Keep!","player_choice":"4 cards matched","floor":8.0,"gold_loss":0.0,"damage_taken":0.0,"cards_obtained":["6A","DragonMeteor","Impatience","StarDustReverie"]}],"is_beta":false,"boss_relics":[],"items_purged_floors":[5],"is_endless":false,"potions_floor_spawned":[2,7,10,11,12,13,14],"killed_by":"The Guardian","ascension_level":0}}