{"host":"dpbezu80jg8zk7un","time":1610095947,"event":{"mods":["BaseMod","Colored Map","Colored Powertips","Custom Start","DeckTracker","Minty Spire (QoL Compilation)","Quick Restart","StSLib","SuperFastMode"],"gold_per_floor":[116,128,144,164,182,182,107,107,107,107,107,107],"floor_reached":11,"playtime":400,"items_purged":["Strike_R"],"score":130,"play_id":"46babe5d-f06d-4e29-9fd0-be78bb4e7fd1","local_time":"20210108175227","is_ascension_mode":true,"campfire_choices":[{"data":"Hemokinesis","floor":6,"key":"SMITH"},{"data":"Barricade","floor":8,"key":"SMITH"},{"data":"Rage","floor":10,"key":"SMITH"}],"circlet_count":0,"master_deck":["AscendersBane","Strike_R","Strike_R","Defend_R","Defend_R","Defend_R","Defend_R","Bash","Rage+1","Barricade+1","Shrug It Off","Second Wind","Twin Strike","Reckless Charge","Hemokinesis+1"],"relics":["Burning Blood","Paper Frog"],"acts_visited":["Exordium"],"potions_floor_usage":[5],"damage_taken":[{"damage":0,"enemies":"Cultist","floor":1,"turns":4},{"damage":16,"enemies":"Jaw Worm","floor":2,"turns":6},{"damage":2,"enemies":"Small Slimes","floor":3,"turns":5},{"damage":35,"enemies":"Exordium Wildlife","floor":4,"turns":9},{"damage":2,"enemies":"3 Louse","floor":5,"turns":4},{"damage":53,"enemies":"3 Sentries","floor":11,"turns":14}],"seed_played":"-7204248382414517468","potions_obtained":[{"floor":2,"key":"FairyPotion"},{"floor":4,"key":"SpeedPotion"}],"is_trial":false,"path_per_floor":["M","M","M","M","M","R","$","R","T","R","E"],"character_chosen":"IRONCLAD","items_purchased":[],"campfire_rested":0,"item_purchase_floors":[],"current_hp_per_floor":[56,46,50,21,25,25,25,25,25,25,0,0],"gold":107,"neow_bonus":"TRANSFORM_TWO_CARDS","is_daily":false,"chose_seed":false,"campfire_upgraded":3,"win_rate":0.0,"timestamp":1610095947,"path_taken":["M","?","M","M","M","R","$","R","T","R","E"],"items_purchased_type":[],"build_version":"2020-12-22","purchased_purges":1,"victory":false,"max_hp_per_floor":[75,75,75,75,75,75,75,75,75,75,75,75],"card_choices":[{"not_picked":["Perfected Strike","Ghostly Armor"],"picked":"Shrug It Off","floor":1},{"not_picked":["Cleave","Headbutt"],"picked":"Second Wind","floor":2},{"not_picked":["True Grit","Clothesline"],"picked":"Twin Strike","floor":3},{"not_picked":["Sword Boomerang","Thunderclap"],"picked":"Reckless Charge","floor":4},{"not_picked":["Shrug It Off","Pummel"],"picked":"Hemokinesis","floor":5}],"player_experience":2852543,"relics_obtained":[{"floor":9,"key":"Paper Frog"}],"event_choices":[],"is_beta":false,"boss_relics":[],"items_purged_floors":[7],"is_endless":false,"potions_floor_spawned":[2,4],"killed_by":"3 Sentries","ascension_level":20}}