{"host":"5x08nt64u3vxxcfi","time":1610107055,"event":{"mods":["BaseMod","Minty Spire (QoL Compilation)","StSLib","SuperFastMode"],"gold_per_floor":[118,66,141,141,152,152,168,168,193,216,268,268,312,332,332,332,332],"floor_reached":16,"playtime":180,"items_purged":[],"score":127,"play_id":"bf63d94f-2fba-4b1a-9e06-05678b931958","local_time":"20210108205735","is_ascension_mode":true,"campfire_choices":[{"data":"Beam Cell","floor":6,"key":"SMITH"},{"data":"Gash","floor":12,"key":"SMITH"},{"data":"Beam Cell","floor":15,"key":"SMITH"}],"circlet_count":0,"master_deck":["Strike_B","Strike_B","Strike_B","Strike_B","Defend_B","Defend_B","Defend_B","Defend_B","Dualcast","Leap","Gash+1","Beam Cell+1","Stack","Beam Cell+1"],"relics":["Cracked Core","NeowsBlessing","The Courier","CeramicFish","Ancient Tea Set","Orichalcum","Anchor"],"acts_visited":["Exordium"],"potions_floor_usage":[13,16],"damage_taken":[{"damage":0,"enemies":"2 Louse","floor":1,"turns":1},{"damage":0,"enemies":"Small Slimes","floor":5,"turns":1},{"damage":0,"enemies":"Cultist","floor":7,"turns":1},{"damage":2,"enemies":"Lagavulin","floor":13,"turns":4},{"damage":0,"enemies":"2 Fungi Beasts","floor":14,"turns":4},{"damage":40,"enemies":"Hexaghost","floor":16,"turns":10}],"seed_played":"-4905531398380492177","potions_obtained":[{"floor":1,"key":"AttackPotion"},{"floor":5,"key":"Explosive Potion"},{"floor":13,"key":"Swift Potion"},{"floor":14,"key":"Explosive Potion"}],"is_trial":false,"path_per_floor":["M","$","?","?","M","R","M","?","T","T","T","R","E","M","R","B"],"character_chosen":"DEFECT","items_purchased":["Gash"],"campfire_rested":0,"item_purchase_floors":[2],"current_hp_per_floor":[68,68,57,57,57,57,57,39,39,39,39,39,37,37,37,0,0],"gold":332,"neow_bonus":"THREE_ENEMY_KILL","is_daily":false,"chose_seed":false,"campfire_upgraded":3,"win_rate":0.0,"timestamp":1610107055,"path_taken":["M","$","?","?","M","R","?","?","T","?","?","R","E","M","R","BOSS"],"items_purchased_type":["Card"],"build_version":"2020-12-22","purchased_purges":0,"victory":false,"max_hp_per_floor":[75,75,75,75,75,75,75,75,75,75,75,75,75,75,75,75,75],"card_choices":[{"not_picked":["Force Field","Tempest"],"picked":"Leap","floor":1},{"not_picked":["Blizzard","Consume"],"picked":"Beam Cell","floor":5},{"not_picked":["Hello World","Glacier","Force Field"],"picked":"SKIP","floor":7},{"not_picked":["Self Repair","Rebound"],"picked":"Stack","floor":13},{"not_picked":["Conserve Battery","Loop"],"picked":"Beam Cell","floor":14}],"player_experience":66774,"relics_obtained":[{"floor":9,"key":"CeramicFish"},{"floor":10,"key":"Ancient Tea Set"},{"floor":11,"key":"Orichalcum"},{"floor":13,"key":"Anchor"}],"event_choices":[{"damage_healed":0,"gold_gain":75,"player_choice":"Gather Gold","damage_taken":11,"max_hp_gain":0,"max_hp_loss":0,"event_name":"World of Goop","floor":3,"gold_loss":0},{"cards_removed":["Zap"],"damage_healed":0,"gold_gain":0,"player_choice":"Purged","damage_taken":0,"max_hp_gain":0,"max_hp_loss":0,"event_name":"Purifier","floor":4,"gold_loss":0},{"damage_healed":0,"gold_gain":0,"player_choice":"Success","damage_taken":18,"relics_obtained":["The Courier"],"max_hp_gain":0,"max_hp_loss":0,"event_name":"Scrap Ooze","floor":8,"gold_loss":0}],"is_beta":false,"boss_relics":[],"items_purged_floors":[],"is_endless":false,"potions_floor_spawned":[1,5,13,14],"killed_by":"Hexaghost","ascension_level":6}}