{"host":"roqztpbdbchtekes","time":1610113796,"event":{"mods":["AchievementEnabler","BaseMod","Better Third Choice","Block Reminder","Colored Map","Colored Powertips","Curses Come First","DeckTracker","Minty Spire (QoL Compilation)","Relic Stats","Spicy Shops","StSLib"],"gold_per_floor":[111,127,77,90,102,102,129,129,129,55,55,70,70,70,70,190,190,215,215,233,158,185,225,225,225,225,225,225],"floor_reached":27,"playtime":1397,"items_purged":["Strike_P"],"score":252,"play_id":"4faa5ecb-c714-499a-a723-aa63cec7e464","local_time":"20210108144956","is_ascension_mode":true,"campfire_choices":[{"data":"Eruption","floor":6,"key":"SMITH"},{"data":"ForeignInfluence","floor":8,"key":"SMITH"},{"floor":15,"key":"REST"},{"data":"Devotion","floor":24,"key":"SMITH"}],"circlet_count":0,"master_deck":["Strike_P","Strike_P","Strike_P","Defend_P","Defend_P","Defend_P","Eruption+1","Vigilance","ThirdEye","ClearTheMind","TalkToTheHand+1","ForeignInfluence+1","Devotion+1","TalkToTheHand+1"],"relics":["PureWater","Nunchaku","Lantern","Akabeko","Regal Pillow","Golden Idol","Velvet Choker","InkBottle","PreservedInsect","Ice Cream","Thread and Needle"],"acts_visited":["Exordium","TheCity"],"potions_floor_usage":[5,7,16],"damage_taken":[{"damage":0,"enemies":"Jaw Worm","floor":1,"turns":3},{"damage":8,"enemies":"Small Slimes","floor":2,"turns":5},{"damage":0,"enemies":"Cultist","floor":4,"turns":2},{"damage":7,"enemies":"Looter","floor":5,"turns":3},{"damage":26,"enemies":"3 Sentries","floor":7,"turns":9},{"damage":0,"enemies":"Red Slaver","floor":12,"turns":1},{"damage":30,"enemies":"The Guardian","floor":16,"turns":12},{"damage":0,"enemies":"Chosen","floor":18,"turns":4},{"damage":37,"enemies":"2 Thieves","floor":20,"turns":5},{"damage":27,"enemies":"Slavers","floor":23,"turns":5},{"damage":36,"enemies":"Shelled Parasite and Fungi","floor":27,"turns":3}],"seed_played":"9052257802900251202","potions_obtained":[{"floor":2,"key":"SkillPotion"},{"floor":5,"key":"Energy Potion"},{"floor":12,"key":"ColorlessPotion"},{"floor":18,"key":"GamblersBrew"},{"floor":23,"key":"Strength Potion"}],"is_trial":false,"path_per_floor":["M","M","?","M","M","R","E","R","T","$","?","M","$","?","R","B",null,"M","?","M","$","T","E","R","?","T","M"],"character_chosen":"WATCHER","items_purchased":["Regal Pillow"],"campfire_rested":1,"item_purchase_floors":[10],"current_hp_per_floor":[72,64,64,64,57,57,31,31,31,31,31,31,31,13,49,19,72,72,72,35,35,35,8,8,8,8,0,0],"gold":225,"neow_bonus":"RANDOM_COMMON_RELIC","is_daily":false,"chose_seed":false,"campfire_upgraded":3,"win_rate":0.0,"timestamp":1610113796,"path_taken":["M","M","?","M","M","R","E","R","T","$","?","M","?","?","R","BOSS","M","?","M","$","?","E","R","?","T","M"],"items_purchased_type":["Relic"],"build_version":"2020-12-22","purchased_purges":1,"victory":false,"max_hp_per_floor":[72,72,72,72,72,72,72,72,72,72,72,72,72,72,72,72,72,72,72,72,72,72,72,72,72,72,72,72],"relic_stats":{"Nunchaku":[10],"Regal Pillow":15,"counters":[11,52],"Golden Idol":41,"PreservedInsect":39,"obtain_stats":[{"Ice Cream":23,"Nunchaku":0,"Lantern":7,"Regal Pillow":10,"Golden Idol":14,"Velvet Choker":17,"Thread and Needle":26,"PreservedInsect":22,"PureWater":0,"Akabeko":9,"InkBottle":19},{"Ice Cream":10,"Nunchaku":0,"Lantern":5,"Regal Pillow":5,"Golden Idol":6,"Velvet Choker":7,"Thread and Needle":10,"PreservedInsect":9,"PureWater":0,"Akabeko":5,"InkBottle":8},{"Ice Cream":49,"Nunchaku":0,"Lantern":22,"Regal Pillow":22,"Golden Idol":23,"Velvet Choker":35,"Thread and Needle":49,"PreservedInsect":44,"PureWater":0,"Akabeko":22,"InkBottle":39}],"InkBottle":[5]},"card_choices":[{"not_picked":["EmptyBody","FollowUp"],"picked":"ThirdEye","floor":1},{"not_picked":["BowlingBash","JustLucky"],"picked":"ClearTheMind","floor":2},{"not_picked":["Vengeance","FlyingSleeves"],"picked":"TalkToTheHand","floor":4},{"not_picked":["Indignation","PathToVictory","Prostrate"],"picked":"SKIP","floor":5},{"not_picked":["Protect","Weave"],"picked":"ForeignInfluence","floor":7},{"not_picked":["JustLucky","FlurryOfBlows","FlyingSleeves"],"picked":"SKIP","floor":12},{"not_picked":["SpiritShield","Blasphemy"],"picked":"Devotion","floor":16},{"not_picked":["EmptyBody","BowlingBash","Sanctity"],"picked":"SKIP","floor":18},{"not_picked":["PathToVictory+1","EmptyBody"],"picked":"TalkToTheHand","floor":20},{"not_picked":["SashWhip","LikeWater+1","FlyingSleeves+1"],"picked":"SKIP","floor":23}],"player_experience":255171,"relics_obtained":[{"floor":7,"key":"Lantern"},{"floor":9,"key":"Akabeko"},{"floor":22,"key":"PreservedInsect"},{"floor":23,"key":"Ice Cream"},{"floor":26,"key":"Thread and Needle"}],"event_choices":[{"cards_removed":["Defend_P"],"damage_healed":0,"gold_gain":0,"player_choice":"Card Removal","damage_taken":0,"max_hp_gain":0,"max_hp_loss":0,"event_name":"The Cleric","floor":3,"gold_loss":50},{"damage_healed":0,"gold_gain":0,"player_choice":"Grow","damage_taken":0,"max_hp_gain":0,"max_hp_loss":0,"event_name":"Living Wall","floor":11,"gold_loss":0,"cards_upgraded":["TalkToTheHand"]},{"damage_healed":0,"gold_gain":0,"player_choice":"Take Damage","damage_taken":18,"relics_obtained":["Golden Idol"],"max_hp_gain":0,"max_hp_loss":0,"event_name":"Golden Idol","floor":14,"gold_loss":0},{"damage_healed":0,"gold_gain":0,"player_choice":"Gave Potion","damage_taken":0,"relics_obtained":["InkBottle"],"max_hp_gain":0,"max_hp_loss":0,"event_name":"WeMeetAgain","floor":19,"gold_loss":0},{"damage_healed":0,"gold_gain":0,"player_choice":"Upgraded","damage_taken":0,"max_hp_gain":0,"max_hp_loss":0,"event_name":"Upgrade Shrine","floor":25,"gold_loss":0,"cards_upgraded":["TalkToTheHand"]}],"is_beta":false,"boss_relics":[{"not_picked":["SlaversCollar","VioletLotus"],"picked":"Velvet Choker"}],"items_purged_floors":[21],"is_endless":false,"potions_floor_spawned":[2,5,12,18,23],"killed_by":"Shelled Parasite and Fungi","ascension_level":2}}