{"host":"s7l2a3wroivred6i","time":1610069527,"event":{"mods":["AchievementEnabler","BaseMod","Better Altar","Better Match","Better Note","Better Sensory Stone","Better Skull","Better Synergies","Better Third Choice","BetterRewards","Conspire","Downfall","GifTheSpireLib","Hubris","Infinite Spire","Minty Spire (QoL Compilation)","Replay The Spire","Retaliation","StSLib","Stuff the Spire","The Blue Laboratory"],"gold_per_floor":[119,99779,99797,99672,99696,99749,99749,99777,99800,99840,99884,99926,99987,99701,99701,99807,99807,99849,99849,99886,99920,99667,99667,99667,99667,99739,99781,99781,99811,99846,99389,99389,99511,99511,99552,99552,99582,99332,99332,99332,99364,99412,99436,99436,99436,99478,99516,99124,99124,99248,99248,99261,99281,99006,99006,99027,99060,99060,99076,99076,99089,99115,99149,99171,99171,99171,99160,99160,99181,98857,98856,98419,98369,98380,98040,98040,98040,98040,98072,98088,98187,98187,98271,98321,98335,98351,98028,98041,98041,98001,98001,98001,98001,98001,98024,98024,98119,98119,98119],"floor_reached":102,"playtime":5016,"items_purged":["Strike_B","Defend_B","Strike_B","Strike_B","Strike_B","Dualcast+1","Parasite","Defend_B+1"],"score":1964,"play_id":"600f1695-48e5-4c23-b291-7f73ae4290a6","local_time":"20210107203207","is_ascension_mode":false,"campfire_choices":[{"data":"Gash","floor":7,"key":"SMITH"},{"data":"Zap","floor":7,"key":"SMITH"},{"floor":15,"key":"REST"},{"data":"StuffTheSpire:Rend","floor":23,"key":"SMITH"},{"data":"Dualcast","floor":23,"key":"SMITH"},{"data":"Defend_B","floor":25,"key":"SMITH"},{"data":"Defend_B","floor":25,"key":"SMITH"},{"floor":32,"key":"DIG"},{"floor":40,"key":"RECALL"},{"floor":44,"key":"REST"},{"floor":49,"key":"DIG"},{"floor":58,"key":"REST"},{"floor":79,"key":"REST"},{"floor":83,"key":"REST"},{"data":"Gash","floor":91,"key":"SMITH"},{"floor":100,"key":"REST"}],"circlet_count":0,"master_deck":["Gash+1","StuffTheSpire:Rend+1","Gash+1","Gash+1","Gash+1"],"relics":["Cracked Core","Membership Card","Happy Flower","Replay:Bandana","Replay:Arrowhead","MawBank","Bag of Marbles","Snack Pack","infinitespire:Lucky Rock","Prayer Wheel","Bag of Preparation","ClockworkSouvenir","Garlic","ReplayTheSpireMod:Lightbulb","StuffTheSpire:SapphireSignet","Frozen Eye","infinitespire:Freezer","Sundial","StuffTheSpire:Kangaroo","Oddly Smooth Stone","TheAbacus","hubris:SoftwareUpdate","Runic Capacitor","Orichalcum","Pantograph","Incense Burner","Blood Vial","Nunchaku","BargainBundle","hubris:ToyBattleship","Blue Doll","Whetstone","Anchor","Replay:Drink Me","hubris:PeanutButter","FossilizedHelix","StuffTheSpire:RubySignet","Bottled Lightning","conspire:TreasureMap","Toy Ornithopter","DollysMirror","hubris:Teleporter","StuffTheSpire:GrapeVine","infinitespire:WardingShard","Regal Pillow","Tiny House","ReplayFunnel","Medical Kit","Bottled Flame","Replay:Wax Seal"],"acts_visited":["Exordium","TheCity","TheBeyond","Exordium","TheCity","TheBeyond","Exordium"],"potions_floor_usage":[13,13,16,18,18,29,30,53,56,67,69,71,71,74,74,80,80,80,81,84,89,101,101,101,101],"damage_taken":[{"damage":1,"enemies":"Jaw Worm","floor":1,"turns":3},{"damage":2,"enemies":"2 Louse","floor":3,"turns":2},{"damage":0,"enemies":"Cultist","floor":5,"turns":2},{"damage":36,"enemies":"Lagavulin","floor":6,"turns":5},{"damage":13,"enemies":"Exordium Wildlife","floor":8,"turns":3},{"damage":9,"enemies":"Gremlin Gang","floor":10,"turns":2},{"damage":8,"enemies":"Large Slime","floor":11,"turns":3},{"damage":31,"enemies":"Exordium Thugs","floor":12,"turns":4},{"damage":18,"enemies":"3 Sentries","floor":13,"turns":4},{"damage":13,"enemies":"Slime Boss","floor":16,"turns":9},{"damage":0,"enemies":"3 Byrds","floor":18,"turns":3},{"damage":14,"enemies":"Shell Parasite","floor":20,"turns":3},{"damage":16,"enemies":"Chosen and Byrds","floor":21,"turns":5},{"damage":8,"enemies":"Nightmare","floor":27,"turns":5},{"damage":4,"enemies":"Centurion and Healer","floor":29,"turns":3},{"damage":3,"enemies":"Snecko","floor":30,"turns":4},{"damage":15,"enemies":"hubris:MusketHawk","floor":33,"turns":5},{"damage":0,"enemies":"3 Darklings","floor":35,"turns":2},{"damage":0,"enemies":"Orb Walker","floor":37,"turns":3},{"damage":0,"enemies":"Sphere and 2 Shapes","floor":41,"turns":3},{"damage":0,"enemies":"3 Darklings","floor":42,"turns":3},{"damage":0,"enemies":"Jaw Worm Horde","floor":46,"turns":2},{"damage":0,"enemies":"Writhing Mass","floor":47,"turns":4},{"damage":54,"enemies":"conspire:OrnateMirror","floor":50,"turns":6},{"damage":0,"enemies":"Jaw Worm","floor":52,"turns":2},{"damage":0,"enemies":"Small Slimes","floor":53,"turns":2},{"damage":0,"enemies":"2 Louse","floor":56,"turns":1},{"damage":0,"enemies":"Gremlin Nob","floor":57,"turns":3},{"damage":0,"enemies":"Looter","floor":59,"turns":2},{"damage":0,"enemies":"Large Slime","floor":61,"turns":3},{"damage":0,"enemies":"3 Louse","floor":62,"turns":1},{"damage":1,"enemies":"conspire:MimicChest","floor":63,"turns":4},{"damage":0,"enemies":"Exordium Wildlife","floor":64,"turns":2},{"damage":10,"enemies":"The Guardian","floor":67,"turns":5},{"damage":4,"enemies":"Spheric Guardian","floor":69,"turns":3},{"damage":19,"enemies":"3 Byrds","floor":71,"turns":7},{"damage":37,"enemies":"Gremlin Leader","floor":74,"turns":9},{"damage":0,"enemies":"Slavers","floor":80,"turns":3},{"damage":0,"enemies":"Centurion and Healer","floor":81,"turns":4},{"damage":39,"enemies":"Collector","floor":84,"turns":8},{"damage":0,"enemies":"3 Shapes","floor":86,"turns":4},{"damage":0,"enemies":"Orb Walker","floor":87,"turns":3},{"damage":0,"enemies":"Transient","floor":89,"turns":5},{"damage":0,"enemies":"Writhing Mass","floor":98,"turns":4},{"damage":58,"enemies":"conspire:OrnateMirror","floor":101,"turns":6}],"seed_played":"5741829131555682185","potions_obtained":[{"floor":5,"key":"Energy Potion"},{"floor":10,"key":"champ:CounterPotion"},{"floor":12,"key":"Reflective Coating"},{"floor":13,"key":"Block Potion"},{"floor":18,"key":"blueLaboratory:FrostheartPotion"},{"floor":21,"key":"AttackPotion"},{"floor":37,"key":"FocusPotion"},{"floor":50,"key":"PowerPotion"},{"floor":53,"key":"Swift Potion"},{"floor":62,"key":"SkillPotion"},{"floor":74,"key":"blueLaboratory:PlasmaFuel"},{"floor":84,"key":"Venom Potion"},{"floor":85,"key":"Milkshake"},{"floor":86,"key":"blueLaboratory:ImpenetrablePotion"},{"floor":89,"key":"blueLaboratory:ConsumingVoid"},{"floor":101,"key":"blueLaboratory:FruitPunch"}],"is_trial":false,"path_per_floor":["M","$","M","$","M","E","R","M","T","M","M","M","E","$","R","B",null,"M","?","M","M","$","R","?","R","T","NM","?","M","M","$","R","B",null,"M","?","M","$","?","R","M","M","T","R","T","M","M","$","R","B",null,"M","M","$","?","M","E","R","M","T","M","M","?","M","?","R","B",null,"M","$","M","$","?","E","$","T","?","R","E","M","?","R","B",null,"M","M","$","M","R","$","?","T","?","?","M","R","B",null],"character_chosen":"DEFECT","items_purchased":["Sweeping Beam+1","Membership Card","Happy Flower","Replay:Bandana","Snack Pack","infinitespire:Lucky Rock","blueLaboratory:HorrorPotion","Bag of Preparation","ClockworkSouvenir","Dexterity Potion","StuffTheSpire:SapphireSignet","Frozen Eye","infinitespire:Freezer","blueLaboratory:EmptyBottle","hexamod:EctoCoolerPotion","Oddly Smooth Stone","TheAbacus","Runic Capacitor","Orichalcum","Pantograph","Blood Vial","Nunchaku","BargainBundle","Strength Potion","hubris:PeanutButter","FossilizedHelix","blueLaboratory:CreativityPotion","StuffTheSpire:RubySignet","Bottled Lightning","conspire:TreasureMap","Fire Potion","blueLaboratory:ImpenetrablePotion","Languid Potion","DollysMirror","hubris:Teleporter","StuffTheSpire:GrapeVine","DDmod:CleansePotion","blueLaboratory:BottleOfRum","ReplayFunnel","Medical Kit","Bottled Flame","AttackPotion","Adrenaline Potion","Replay:Wax Seal"],"campfire_rested":6,"item_purchase_floors":[2,2,2,4,14,14,14,22,22,22,31,31,31,31,31,38,38,48,48,48,54,54,54,54,70,70,70,72,72,72,72,72,72,75,75,75,75,75,88,88,88,88,88,92],"current_hp_per_floor":[74,74,72,72,72,75,75,62,62,53,45,63,45,45,67,60,75,75,75,65,53,53,53,53,53,53,51,54,52,53,53,53,50,78,78,78,78,78,78,78,78,78,78,78,78,78,78,75,75,25,75,75,75,75,75,75,75,75,75,75,75,75,75,75,75,75,67,57,57,57,38,38,38,3,3,3,22,39,57,57,57,57,20,62,62,62,62,62,62,62,62,62,62,59,59,59,23,59,59],"gold":98119,"neow_bonus":"REMOVE_CARD","is_daily":false,"chose_seed":false,"campfire_upgraded":7,"win_rate":0.0,"timestamp":1610069527,"path_taken":["M","$","M","$","M","E","R","M","T","M","M","M","E","$","R","BOSS","M","?","M","?","$","R","?","R","T","NM","?","M","M","$","R","BOSS","M","?","?","$","?","R","M","M","T","R","?","M","?","$","R","BOSS","M","M","$","?","M","E","R","M","T","M","M","?","M","?","R","BOSS","M","$","M","$","?","E","?","T","?","R","E","?","?","R","BOSS","M","M","$","M","R","$","?","T","?","?","M","R","BOSS"],"items_purchased_type":["Card","Relic","Relic","Relic","Relic","Relic","Potion","Relic","Relic","Potion","Relic","Relic","Relic","Potion","Potion","Relic","Relic","Relic","Relic","Relic","Relic","Relic","Relic","Potion","Relic","Relic","Potion","Relic","Relic","Relic","Potion","Potion","Potion","Relic","Relic","Relic","Potion","Potion","Relic","Relic","Relic","Potion","Potion","Relic"],"build_version":"2020-12-22","purchased_purges":8,"victory":false,"max_hp_per_floor":[75,75,75,75,75,75,75,75,75,75,75,75,75,75,75,75,75,75,75,75,75,75,75,75,75,75,75,78,78,78,78,78,78,78,78,78,78,78,78,78,78,78,78,78,78,78,78,75,75,75,75,75,75,75,75,75,75,75,75,75,75,75,75,75,75,75,75,57,57,57,57,57,57,57,57,57,57,57,57,57,57,57,57,62,62,62,62,62,62,62,62,62,62,59,59,59,59,59,59],"card_choices":[{"not_picked":["Go for the Eyes","Coolheaded"],"picked":"Gash","floor":1},{"not_picked":["FIFO Queue","Conserve Battery","ReplayTheSpireMod:Reroute Power"],"picked":"SKIP","floor":3},{"not_picked":["Storm","StuffTheSpire:LoadUp","Streamline"],"picked":"SKIP","floor":5},{"not_picked":["Go for the Eyes","Thunder Strike","Redo"],"picked":"SKIP","floor":6},{"not_picked":["StuffTheSpire:Synthwave","Undo","Rebound"],"picked":"SKIP","floor":8},{"not_picked":["Sweeping Beam","StuffTheSpire:LoadUp","Defragment"],"picked":"SKIP","floor":10},{"not_picked":["Consume","Skim","Turbo"],"picked":"SKIP","floor":11},{"not_picked":["StuffTheSpire:Coldhearted","Barrage","Hologram"],"picked":"SKIP","floor":12},{"not_picked":["Reprogram","Conserve Battery","Melter"],"picked":"SKIP","floor":13},{"not_picked":["Thunder Strike","Creative AI"],"picked":"ReplayTheSpireMod:Fabricate Wheel","floor":16},{"not_picked":["Sweeping Beam","ReplayTheSpireMod:Calculation Training","Barrage"],"picked":"SKIP","floor":18},{"not_picked":["Reinforced Body+1","StuffTheSpire:Plugnplay","Stack"],"picked":"SKIP","floor":18},{"not_picked":["Compile Driver","Tempest+1","Coolheaded"],"picked":"SKIP","floor":20},{"not_picked":["Redo","Coolheaded","Conserve Battery"],"picked":"SKIP","floor":20},{"not_picked":["ReplayTheSpireMod:Calculation Training+1","Recycle"],"picked":"StuffTheSpire:Rend","floor":21},{"not_picked":["Stack","Fusion+1","Coolheaded+1"],"picked":"SKIP","floor":21},{"not_picked":["Cold Snap","Streamline","Loop+1"],"picked":"SKIP","floor":27},{"not_picked":["Compile Driver+1","Panic Button","Stack+1"],"picked":"SKIP","floor":29},{"not_picked":["Leap+1","Beam Cell+1","Turbo+1"],"picked":"SKIP","floor":29},{"not_picked":["BasicCrystalCard+1","Sunder","Beam Cell"],"picked":"SKIP","floor":30},{"not_picked":["Sweeping Beam","Rebound+1","Barrage"],"picked":"SKIP","floor":30},{"not_picked":["BasicCrystalCard+1","Cold Snap+1","Glacier+1"],"picked":"SKIP","floor":35},{"not_picked":["Hologram","Leap+1","Chill"],"picked":"SKIP","floor":35},{"not_picked":["Compile Driver","Reprogram","Barrage+1"],"picked":"SKIP","floor":37},{"not_picked":["Panic Button","Hyperbeam","Ball Lightning+1"],"picked":"SKIP","floor":37},{"not_picked":["Panic Button","BasicCrystalCard","ReplaySort+1"],"picked":"SKIP","floor":41},{"not_picked":["Turbo","Barrage","Auto Shields+1"],"picked":"SKIP","floor":41},{"not_picked":["Panic Button+1","Leap+1","Beam Cell"],"picked":"SKIP","floor":42},{"not_picked":["Reboot","Stack","Rebound"],"picked":"SKIP","floor":42},{"not_picked":["Conserve Battery+1","Go for the Eyes","Lockon"],"picked":"SKIP","floor":46},{"not_picked":["Genetic Algorithm+1","Compile Driver","Heatsinks+1"],"picked":"SKIP","floor":46},{"not_picked":["Scrape","Barrage","Stack"],"picked":"SKIP","floor":47},{"not_picked":["Defragment+1","Barrage+1","Chaos"],"picked":"SKIP","floor":47},{"not_picked":["Heatsinks","Sweeping Beam","Steam"],"picked":"SKIP","floor":52},{"not_picked":["Stack","StuffTheSpire:Synthwave","Ball Lightning"],"picked":"SKIP","floor":52},{"not_picked":["ReplayTheSpireMod:System Scan","StuffTheSpire:LoadUp","Barrage"],"picked":"SKIP","floor":53},{"not_picked":["Streamline","Gash","Loop"],"picked":"SKIP","floor":53},{"not_picked":["Beam Cell","Stack","conspire:Rain"],"picked":"SKIP","floor":56},{"not_picked":["Stack","Tempest","BasicCrystalCard"],"picked":"SKIP","floor":56},{"not_picked":["Genetic Algorithm","White Noise","Steam Power"],"picked":"SKIP","floor":57},{"not_picked":["ReplaySort","Stack","Buffer"],"picked":"SKIP","floor":59},{"not_picked":["Streamline","Heatsinks","Barrage"],"picked":"SKIP","floor":59},{"not_picked":["Redo","Rebound","Streamline"],"picked":"SKIP","floor":61},{"not_picked":["Go for the Eyes","Leap","StuffTheSpire:Plugnplay"],"picked":"SKIP","floor":61},{"not_picked":["FIFO Queue","Go for the Eyes","Turbo"],"picked":"SKIP","floor":62},{"not_picked":["Doom and Gloom","hubris:DoWhile","Coolheaded"],"picked":"SKIP","floor":62},{"not_picked":["StuffTheSpire:Plugnplay","BootSequence","Rebound"],"picked":"SKIP","floor":64},{"not_picked":["Barrage","Scrape","Rebound"],"picked":"SKIP","floor":64},{"not_picked":["Sweeping Beam","Coolheaded","Ball Lightning"],"picked":"SKIP","floor":69},{"not_picked":["Stack","Hologram+1","StuffTheSpire:Rend"],"picked":"SKIP","floor":69},{"not_picked":["Panic Button","Barrage","Go for the Eyes"],"picked":"SKIP","floor":71},{"not_picked":["Turbo","Ball Lightning","StuffTheSpire:Plugnplay"],"picked":"SKIP","floor":71},{"not_picked":["StuffTheSpire:Plugnplay","Ball Lightning","Coolheaded"],"picked":"SKIP","floor":74},{"not_picked":["Steam","Compile Driver","Time Bomb"],"picked":"SKIP","floor":80},{"not_picked":["Lockon+1","Time Bomb","Stack+1"],"picked":"SKIP","floor":81},{"not_picked":["StuffTheSpire:NuclearReactor","FTL","Streamline"],"picked":"SKIP","floor":81},{"not_picked":["Glacier+1","Fusion","Sweeping Beam+1"],"picked":"SKIP","floor":86},{"not_picked":["Hologram","ReplayTheSpireMod:Repulse","StuffTheSpire:Coldhearted"],"picked":"SKIP","floor":86},{"not_picked":["Glacier+1","Fusion","Sweeping Beam+1"],"picked":"SKIP","floor":86},{"not_picked":["Hologram","ReplayTheSpireMod:Repulse","StuffTheSpire:Coldhearted"],"picked":"SKIP","floor":86},{"not_picked":["Barrage","Heatsinks"],"picked":"Gash","floor":87},{"not_picked":["Gash","Ball Lightning","Panic Button"],"picked":"SKIP","floor":87},{"not_picked":["Leap","Steam","Reinforced Body+1"],"picked":"SKIP","floor":89},{"not_picked":["hubris:DoWhile","hubris:Ukulele","ReplayTheSpireMod:GoodbyeWorld"],"picked":"SKIP","floor":89},{"not_picked":["Coolheaded+1","StuffTheSpire:LoadUp+1","conspire:SharedLibrary+1"],"picked":"SKIP","floor":98},{"not_picked":["Heatsinks","Stack","Leap+1"],"picked":"SKIP","floor":98},{"not_picked":["Coolheaded+1","StuffTheSpire:LoadUp+1","conspire:SharedLibrary+1"],"picked":"SKIP","floor":98},{"not_picked":["Heatsinks","Stack","Leap+1"],"picked":"SKIP","floor":98}],"player_experience":316786,"relics_obtained":[{"floor":6,"key":"Replay:Arrowhead"},{"floor":9,"key":"MawBank"},{"floor":13,"key":"Bag of Marbles"},{"floor":26,"key":"Garlic"},{"floor":27,"key":"ReplayTheSpireMod:Lightbulb"},{"floor":32,"key":"Sundial"},{"floor":45,"key":"hubris:SoftwareUpdate"},{"floor":49,"key":"Incense Burner"},{"floor":57,"key":"hubris:ToyBattleship"},{"floor":60,"key":"Blue Doll"},{"floor":63,"key":"Whetstone"},{"floor":74,"key":"Toy Ornithopter"},{"floor":77,"key":"infinitespire:WardingShard"},{"floor":80,"key":"Regal Pillow"}],"event_choices":[{"damage_healed":0,"gold_gain":0,"player_choice":"Leave","damage_taken":0,"max_hp_gain":0,"max_hp_loss":0,"event_name":"FaceTrader","floor":19,"gold_loss":0},{"cards_removed":["Gash"],"damage_healed":0,"gold_gain":0,"player_choice":"Take \u0026 Give","damage_taken":0,"max_hp_gain":0,"max_hp_loss":0,"event_name":"betterNote:BetterNote","floor":24,"gold_loss":0,"cards_obtained":["Gash"]},{"damage_healed":0,"gold_gain":0,"player_choice":"Ignored","damage_taken":0,"max_hp_gain":0,"max_hp_loss":0,"event_name":"Accursed Blacksmith","floor":36,"gold_loss":0},{"damage_healed":0,"gold_gain":0,"player_choice":"Ignored","damage_taken":99006,"max_hp_gain":0,"max_hp_loss":0,"event_name":"betterThird:BetterSerpent","floor":55,"gold_loss":0},{"damage_healed":0,"gold_gain":0,"player_choice":"Ignored","damage_taken":0,"max_hp_gain":0,"max_hp_loss":0,"event_name":"Golden Idol","floor":65,"gold_loss":0},{"damage_healed":0,"gold_gain":0,"player_choice":"Bet on Murderer","damage_taken":0,"max_hp_gain":0,"max_hp_loss":0,"event_name":"The Joust","floor":73,"gold_loss":50},{"damage_healed":19,"gold_gain":0,"player_choice":"Heal","damage_taken":0,"max_hp_gain":0,"max_hp_loss":0,"event_name":"The Library","floor":78,"gold_loss":0},{"damage_healed":0,"gold_gain":99,"player_choice":"Steal","damage_taken":0,"max_hp_gain":0,"max_hp_loss":0,"event_name":"betterThird:BetterNest","floor":82,"gold_loss":0},{"damage_healed":0,"gold_gain":0,"player_choice":"Leave","damage_taken":0,"max_hp_gain":0,"max_hp_loss":0,"event_name":"conspire:Investor","floor":93,"gold_loss":0},{"damage_healed":0,"gold_gain":0,"player_choice":"Max HP","damage_taken":0,"max_hp_gain":0,"max_hp_loss":3,"event_name":"Winding Halls","floor":97,"gold_loss":0}],"is_beta":false,"boss_relics":[{"not_picked":["Ring of Chaos","hubris:GrandSneckoEye","StuffTheSpire:RunicHypercube"]},{"not_picked":["Sozu","conspire:SlowCooker"],"picked":"StuffTheSpire:Kangaroo"},{"not_picked":["conspire:RoyalGoblet","ChewingGum","hubris:HollowSoul"]},{"not_picked":["Replay:Grab Bag","hubris:CrackedHourglass"],"picked":"Replay:Drink Me"},{"not_picked":["StuffTheSpire:RunicConfusion","conspire:RoyalGoblet"],"picked":"Tiny House"},{"not_picked":["Painkiller Herb","Coffee Dripper","Cursed Key"]}],"items_purged_floors":[2,4,14,22,31,38,48,54],"is_endless":true,"potions_floor_spawned":[5,10,12,13,18,21,37,42,50,52,53,62,67,74,84,86,87,89,101],"ascension_level":0}}