{"host":"cv77zuuuekizn3ic","time":1610097993,"event":{"mods":["AchievementEnabler","BaseMod","Marisa£®ÏF”Í°°ƒß¿Ì…≥£©","Minty Spire (QoL Compilation)","StSLib","Waifu the Spire","everything is the same but u backflip on backflip","slay the spire mod where everything is the same but ironclad has a cowboy hat"],"gold_per_floor":[111,111,186,23,38,73,91,124,150,180,5,28,39,53,53,124,124,139,139,155,155,55,55,87,87,87,114,114,183,199,231,231,307,307,318,193,204,230,248,248,273,123,123,153,153,209,231,265,265,265,265,265,265,36,74,74],"floor_reached":57,"playtime":2537,"items_purged":["Defend_R","Writhe","Strike_R","Strike_R","Strike_R"],"score":3228,"play_id":"eb363d41-5f02-4506-abdd-86851104061d","local_time":"20210108172633","is_ascension_mode":true,"campfire_choices":[{"data":"Madness","floor":15.0,"key":"SMITH"},{"floor":23.0,"key":"DIG"},{"floor":32.0,"key":"DIG"},{"floor":40.0,"key":"DIG"},{"floor":45.0,"key":"DIG"},{"floor":49.0,"key":"RECALL"},{"floor":53,"key":"DIG"}],"circlet_count":0,"master_deck":["AscendersBane","Strike_R","Bash","Sword Boomerang","Burning Pact","Shockwave","Offering","Sword Boomerang","Pommel Strike","Madness+1","True Grit","Shrug It Off","Corruption","Flame Barrier","Ghostly","Ghostly","Ghostly","Demon Form+1","Offering","Disarm+1","Dual Wield+1","Clash+1","Seeing Red","Heavy Blade+1","Evolve+1"],"relics":["Burning Blood","NeowsBlessing","Brimstone","Toy Ornithopter","Nunchaku","MealTicket","Boot","Odd Mushroom","Runic Dome","Shovel","CaptainsWheel","Bottled Lightning","Ornamental Fan","Potion Belt","Enchiridion","Frozen Egg 2","Lantern","Astrolabe","Regal Pillow","Molten Egg 2","Pantograph","CeramicFish","Strawberry","FossilizedHelix","CatCart","Happy Flower","Paper Frog","Mercury Hourglass"],"acts_visited":["Exordium","TheCity","TheBeyond","TheEnding"],"potions_floor_usage":[56,56,56,56,56,56,56,56,56,56,56],"damage_taken":[{"damage":0.0,"enemies":"2 Louse","floor":1.0,"turns":1.0},{"damage":0.0,"enemies":"Small Slimes","floor":5.0,"turns":1.0},{"damage":0.0,"enemies":"Lagavulin","floor":6.0,"turns":1.0},{"damage":3.0,"enemies":"Jaw Worm","floor":7.0,"turns":2.0},{"damage":29.0,"enemies":"3 Sentries","floor":8.0,"turns":4.0},{"damage":15.0,"enemies":"Gremlin Nob","floor":10.0,"turns":3.0},{"damage":33.0,"enemies":"The Mushroom Lair","floor":12.0,"turns":3.0},{"damage":6.0,"enemies":"Blue Slaver","floor":13.0,"turns":2.0},{"damage":0.0,"enemies":"Large Slime","floor":14.0,"turns":3.0},{"damage":20.0,"enemies":"The Guardian","floor":16.0,"turns":5.0},{"damage":23.0,"enemies":"Shell Parasite","floor":18.0,"turns":2.0},{"damage":6.0,"enemies":"Chosen","floor":20.0,"turns":3.0},{"damage":20.0,"enemies":"Book of Stabbing","floor":24.0,"turns":3.0},{"damage":6.0,"enemies":"Gremlin Leader","floor":27.0,"turns":4.0},{"damage":1.0,"enemies":"Shelled Parasite and Fungi","floor":30.0,"turns":3.0},{"damage":6.0,"enemies":"Slavers","floor":31.0,"turns":5.0},{"damage":1.0,"enemies":"Collector","floor":33.0,"turns":5.0},{"damage":7.0,"enemies":"3 Shapes","floor":35.0,"turns":3.0},{"damage":4.0,"enemies":"Orb Walker","floor":37.0,"turns":2.0},{"damage":13.0,"enemies":"Transient","floor":39.0,"turns":5.0},{"damage":7.0,"enemies":"Reptomancer","floor":41.0,"turns":5.0},{"damage":32.0,"enemies":"Giant Head","floor":44.0,"turns":5.0},{"damage":1.0,"enemies":"Orin","floor":46.0,"turns":5.0},{"damage":1.0,"enemies":"Sphere and 2 Shapes","floor":47.0,"turns":3.0},{"damage":5.0,"enemies":"Reptomancer","floor":48.0,"turns":4.0},{"damage":35.0,"enemies":"Donu and Deca","floor":50.0,"turns":6.0},{"damage":42,"enemies":"Time Eater","floor":51,"turns":6},{"damage":25,"enemies":"Shield and Spear","floor":55,"turns":6},{"damage":39,"enemies":"The Heart","floor":56,"turns":5}],"seed_played":"5984458838264292652","potions_obtained":[{"floor":1.0,"key":"LiquidBronze"},{"floor":8.0,"key":"SteroidPotion"},{"floor":12.0,"key":"SpeedPotion"},{"floor":13.0,"key":"BloodPotion"},{"floor":16.0,"key":"EntropicBrew"},{"floor":27.0,"key":"FearPotion"},{"floor":30.0,"key":"DuplicationPotion"},{"floor":39.0,"key":"Fruit Juice"}],"is_trial":false,"path_per_floor":["M","?","?","$","M","E","M","E","T","E","$","?","M","M","R","B",null,"M","?","M","?","$","R","E","?","T","E","?","T","M","E","R","B",null,"M","$","M","T","M","R","E","$","T","E","R","?","M","E","R","B","B",null,"R","$","E","B",null],"character_chosen":"IRONCLAD","items_purchased":["Brimstone","Madness","PowerPotion"],"campfire_rested":0,"item_purchase_floors":[4,11,54],"current_hp_per_floor":[74,67,56,56,62,68,71,48,48,39,54,27,27,33,33,39,66,49,49,49,49,64,64,50,37,37,37,16,16,21,21,21,26,34,33,37,37,37,30,30,29,37,37,18,18,33,38,39,39,20,9,39,39,49,30,49],"gold":74,"neow_bonus":"THREE_ENEMY_KILL","is_daily":false,"chose_seed":false,"campfire_upgraded":1,"win_rate":0.0,"timestamp":1610097993,"path_taken":["M","?","?","$","M","E","M","E","T","E","$","?","M","M","R","BOSS","M","?","M","?","$","R","E","?","T","E","?","?","?","E","R","BOSS","M","$","M","?","?","R","E","$","T","E","R","?","M","E","R","BOSS","BOSS","R","$","E","BOSS"],"items_purchased_type":["Relic","Card","Potion"],"build_version":"2020-12-22","purchased_purges":5,"victory":true,"max_hp_per_floor":[75,75,75,75,75,75,75,75,75,75,75,75,75,75,75,75,75,75,75,75,75,75,75,75,37,37,37,37,37,37,37,37,37,37,37,37,37,37,37,37,37,37,37,44,44,49,49,49,49,49,49,49,49,49,49,49],"card_choices":[{"not_picked":["Combust","Wild Strike"],"picked":"Sword Boomerang","floor":1.0},{"not_picked":["Flex","Spot Weakness"],"picked":"Burning Pact","floor":5.0},{"not_picked":["True Grit","Wild Strike"],"picked":"Shockwave","floor":6.0},{"not_picked":["Warcry","Headbutt"],"picked":"Offering","floor":7.0},{"not_picked":["Whirlwind","Spot Weakness"],"picked":"Sword Boomerang","floor":8.0},{"not_picked":["Rage","Havoc"],"picked":"Pommel Strike","floor":10.0},{"not_picked":["Blood for Blood","Feel No Pain"],"picked":"True Grit","floor":12.0},{"not_picked":["Burning Pact","Heavy Blade"],"picked":"Shrug It Off","floor":13.0},{"not_picked":["Rupture","Intimidate","Fire Breathing"],"picked":"SKIP","floor":14.0},{"not_picked":["Bludgeon","Feed"],"picked":"Corruption","floor":16.0},{"not_picked":["Uppercut","Anger","Sever Soul+1"],"picked":"SKIP","floor":18.0},{"not_picked":["Reckless Charge","Warcry","Twin Strike"],"picked":"SKIP","floor":20.0},{"not_picked":["Reckless Charge","Twin Strike","Headbutt+1"],"picked":"SKIP","floor":24.0},{"not_picked":["Bloodletting","Rupture","Headbutt"],"picked":"SKIP","floor":27.0},{"not_picked":["Perfected Strike","Thunderclap","Intimidate"],"picked":"SKIP","floor":30.0},{"not_picked":["Warcry","Burning Pact"],"picked":"Demon Form+1","floor":31.0},{"not_picked":["Corruption+1","Brutality+1"],"picked":"Offering","floor":33.0},{"not_picked":["Perfected Strike","Clash","Warcry"],"picked":"SKIP","floor":35.0},{"not_picked":["Blood for Blood","Cleave","Armaments"],"picked":"SKIP","floor":37.0},{"not_picked":["Iron Wave","Sword Boomerang","Twin Strike"],"picked":"SKIP","floor":39.0},{"not_picked":["Anger+1","Brutality+1","Iron Wave+1"],"picked":"SKIP","floor":41.0},{"not_picked":["Intimidate","Warcry","Iron Wave+1"],"picked":"SKIP","floor":44.0},{"not_picked":["Headbutt+1","Combust+1"],"picked":"Seeing Red","floor":46.0},{"not_picked":["Spot Weakness","Feel No Pain+1"],"picked":"Heavy Blade+1","floor":47.0},{"not_picked":["Infernal Blade","Carnage+1","Double Tap"],"picked":"SKIP","floor":48.0},{"not_picked":["Spot Weakness","Pummel+1"],"picked":"Evolve+1","floor":55}],"player_experience":784484,"relics_obtained":[{"floor":6.0,"key":"Toy Ornithopter"},{"floor":8.0,"key":"Nunchaku"},{"floor":9.0,"key":"MealTicket"},{"floor":10.0,"key":"Boot"},{"floor":12.0,"key":"Odd Mushroom"},{"floor":23.0,"key":"CaptainsWheel"},{"floor":24.0,"key":"Bottled Lightning"},{"floor":26.0,"key":"Ornamental Fan"},{"floor":27.0,"key":"Potion Belt"},{"floor":28.0,"key":"Enchiridion"},{"floor":31.0,"key":"Frozen Egg 2"},{"floor":32.0,"key":"Lantern"},{"floor":38.0,"key":"Regal Pillow"},{"floor":40.0,"key":"Molten Egg 2"},{"floor":41.0,"key":"Pantograph"},{"floor":43.0,"key":"CeramicFish"},{"floor":44.0,"key":"Strawberry"},{"floor":45.0,"key":"FossilizedHelix"},{"floor":46.0,"key":"CatCart"},{"floor":48.0,"key":"Happy Flower"},{"floor":53,"key":"Paper Frog"},{"floor":55,"key":"Mercury Hourglass"}],"event_choices":[{"cards_removed":["Defend_R"],"damage_healed":0.0,"max_hp_gain":0.0,"max_hp_loss":0.0,"gold_gain":0.0,"event_name":"Golden Wing","player_choice":"Card Removal","floor":2.0,"gold_loss":0.0,"damage_taken":7.0},{"damage_healed":0.0,"max_hp_gain":0.0,"max_hp_loss":0.0,"gold_gain":75.0,"event_name":"World of Goop","player_choice":"Gather Gold","floor":3.0,"gold_loss":0.0,"damage_taken":11.0},{"damage_healed":0.0,"max_hp_gain":0.0,"max_hp_loss":0.0,"gold_gain":0.0,"event_name":"Mushrooms","player_choice":"Fought Mushrooms","floor":12.0,"gold_loss":0.0,"damage_taken":0.0},{"damage_healed":0.0,"max_hp_gain":0.0,"max_hp_loss":0.0,"gold_gain":0.0,"event_name":"The Library","player_choice":"Read","floor":19.0,"gold_loss":0.0,"damage_taken":0.0,"cards_obtained":["Flame Barrier"]},{"damage_healed":0.0,"max_hp_gain":0.0,"max_hp_loss":0.0,"gold_gain":0.0,"event_name":"The Mausoleum","player_choice":"Opened","floor":21.0,"gold_loss":0.0,"damage_taken":0.0,"relics_obtained":["Shovel"],"cards_obtained":["Writhe"]},{"damage_healed":0.0,"max_hp_gain":0.0,"max_hp_loss":38.0,"gold_gain":0.0,"event_name":"Ghosts","player_choice":"Became a Ghost","floor":25.0,"gold_loss":0.0,"damage_taken":0.0,"cards_obtained":["Ghostly","Ghostly","Ghostly"]},{"damage_healed":0.0,"max_hp_gain":0.0,"max_hp_loss":0.0,"gold_gain":0.0,"event_name":"Cursed Tome","player_choice":"Obtained Book","floor":28.0,"gold_loss":0.0,"damage_taken":21.0},{"damage_healed":0.0,"max_hp_gain":0.0,"max_hp_loss":0.0,"gold_gain":0.0,"event_name":"OrinTheCat","player_choice":"Fight","floor":46.0,"gold_loss":0.0,"damage_taken":0.0}],"is_beta":false,"boss_relics":[{"not_picked":["Tiny House","Black Blood"],"picked":"Runic Dome"},{"not_picked":["Fusion Hammer","Empty Cage"],"picked":"Astrolabe"}],"items_purged_floors":[11,22,36,42,54],"is_endless":false,"potions_floor_spawned":[1,8,12,13,16,24,27,30,35,39],"ascension_level":20}}