{"host":"oiw60b5ins9fyx34","time":1610096304,"event":{"mods":["BaseMod","Colored Powertips","Minty Spire (QoL Compilation)","Quick Restart","Relic Stats","StSLib"],"gold_per_floor":[113,124,144,52,52,52,77,2,82,102,133,153,178,198,198,299,299,299,299,93,93,8,8,8,8,8,8,8,8,8,8,8,8,8,8,8,8,8,8,8,8,8,8,8,8,8,8,8,8,8,8,8,8,8,8,8],"floor_reached":55,"playtime":4057,"items_purged":["Defend_P","Defend_P"],"score":820,"play_id":"64972632-e505-47c5-acc8-6fd6eb08d23a","local_time":"20210108175824","is_ascension_mode":true,"campfire_choices":[{"data":"Wallop","floor":6,"key":"SMITH"},{"data":"Wallop","floor":15,"key":"SMITH"},{"data":"Tantrum","floor":24,"key":"SMITH"},{"data":"MentalFortress","floor":32,"key":"SMITH"},{"floor":40,"key":"REST"},{"floor":42,"key":"REST"},{"floor":49,"key":"RECALL"},{"floor":52,"key":"REST"}],"circlet_count":0,"master_deck":["Strike_P","Strike_P+1","Strike_P+1","Defend_P","Defend_P","Eruption","Vigilance","CurseOfTheBell","FlyingSleeves","Protect","CrushJoints+1","Wallop+1","LikeWater","Consecrate","Meditate+1","InnerPeace+1","Wallop+1","Establishment","DeusExMachina+1","Crescendo+1","WaveOfTheHand+1","MentalFortress+1","Tantrum+1","FlyingSleeves","WheelKick","CutThroughFate+1","ClearTheMind+1","FlurryOfBlows","LessonLearned","PathToVictory+1","MentalFortress","Crescendo+1","Wireheading","Perseverance+1","Adaptation+1","FlurryOfBlows+1","ThirdEye+1"],"relics":["Calling Bell","Damaru","Meat on the Bone","Bird Faced Urn","Orichalcum","Toxic Egg 2","Whetstone","Ectoplasm","Gremlin Horn","Nunchaku","Boot","Blue Candle","Matryoshka","Fusion Hammer","Oddly Smooth Stone","Regal Pillow","Kunai","CaptainsWheel","Shuriken","Unceasing Top"],"acts_visited":["Exordium","TheCity","TheBeyond","TheEnding"],"potions_floor_usage":[2,47,55],"damage_taken":[{"damage":0,"enemies":"Cultist","floor":1,"turns":3},{"damage":1,"enemies":"Jaw Worm","floor":2,"turns":3},{"damage":7,"enemies":"Small Slimes","floor":3,"turns":3},{"damage":32,"enemies":"Lagavulin","floor":7,"turns":9},{"damage":4,"enemies":"Blue Slaver","floor":10,"turns":5},{"damage":4,"enemies":"Gremlin Nob","floor":11,"turns":3},{"damage":18,"enemies":"Lots of Slimes","floor":12,"turns":6},{"damage":19,"enemies":"3 Sentries","floor":13,"turns":6},{"damage":8,"enemies":"Large Slime","floor":14,"turns":5},{"damage":18,"enemies":"Slime Boss","floor":16,"turns":8},{"damage":9,"enemies":"Shell Parasite","floor":18,"turns":5},{"damage":16,"enemies":"Spheric Guardian","floor":19,"turns":4},{"damage":0,"enemies":"3 Cultists","floor":21,"turns":4},{"damage":25,"enemies":"Book of Stabbing","floor":23,"turns":5},{"damage":16,"enemies":"Slavers","floor":25,"turns":4},{"damage":13,"enemies":"Book of Stabbing","floor":27,"turns":4},{"damage":0,"enemies":"Snecko","floor":29,"turns":3},{"damage":20,"enemies":"Collector","floor":33,"turns":7},{"damage":42,"enemies":"3 Shapes","floor":35,"turns":5},{"damage":0,"enemies":"Orb Walker","floor":37,"turns":3},{"damage":8,"enemies":"Maw","floor":39,"turns":6},{"damage":3,"enemies":"Reptomancer","floor":41,"turns":5},{"damage":11,"enemies":"3 Darklings","floor":44,"turns":3},{"damage":17,"enemies":"Sphere and 2 Shapes","floor":45,"turns":4},{"damage":45,"enemies":"4 Shapes","floor":46,"turns":5},{"damage":8,"enemies":"Mind Bloom Boss Battle","floor":47,"turns":5},{"damage":6,"enemies":"Nemesis","floor":48,"turns":5},{"damage":72,"enemies":"Time Eater","floor":50,"turns":10},{"damage":57,"enemies":"Shield and Spear","floor":54,"turns":6},{"damage":42,"enemies":"The Heart","floor":55,"turns":6}],"seed_played":"107221592162662230","potions_obtained":[{"floor":2,"key":"EntropicBrew"},{"floor":23,"key":"FairyPotion"},{"floor":47,"key":"SteroidPotion"}],"is_trial":false,"path_per_floor":["M","M","M","$","?","R","E","$","T","M","E","M","E","M","R","B",null,"M","M","$","M","?","E","R","E","T","E","?","M","?","$","R","B",null,"M","?","M","$","M","R","E","R","T","M","M","M","?","E","R","B",null,"R","$","E","B"],"character_chosen":"WATCHER","items_purchased":["Wallop","ThirdEye","MentalFortress","Tantrum"],"campfire_rested":3,"item_purchase_floors":[4,4,20,20],"current_hp_per_floor":[72,71,64,64,69,69,49,49,49,47,43,39,34,40,40,38,77,70,56,56,60,60,49,49,39,39,38,38,40,40,40,40,38,77,49,49,51,51,49,72,75,77,77,74,66,41,43,45,45,35,77,77,77,44,12,12],"gold":8,"neow_bonus":"BOSS_RELIC","is_daily":false,"chose_seed":false,"campfire_upgraded":4,"win_rate":0.0,"timestamp":1610096304,"path_taken":["M","M","?","$","?","R","E","$","T","M","E","M","E","M","R","BOSS","M","M","$","M","?","E","R","E","T","E","?","?","?","$","R","BOSS","M","?","M","?","M","R","E","R","T","M","M","M","?","E","R","BOSS","R","$","E","BOSS"],"items_purchased_type":["Card","Card","Card","Card"],"build_version":"2020-12-22","purchased_purges":2,"victory":false,"max_hp_per_floor":[72,72,72,72,77,77,77,77,77,77,77,77,77,77,77,77,77,77,77,77,77,77,77,77,77,77,77,77,77,77,77,77,77,77,77,77,77,77,77,77,77,77,77,77,77,77,77,77,77,77,77,77,77,77,77,77],"relic_stats":{"Regal Pillow":0,"Gremlin Horn":[22,20],"counters":[30,150],"Blue Candle":[0],"Whetstone":["Strike_P","Strike_P"],"Orichalcum":[132],"Boot":[161],"Nunchaku":[23],"Shuriken":[12],"Bird Faced Urn":[129],"Ectoplasm":494,"Kunai":[26],"obtain_stats":[{"Regal Pillow":43,"Gremlin Horn":22,"Blue Candle":26,"Damaru":0,"Oddly Smooth Stone":41,"Whetstone":13,"Orichalcum":7,"Boot":25,"Calling Bell":0,"Nunchaku":23,"CaptainsWheel":47,"Matryoshka":27,"Shuriken":48,"Bird Faced Urn":0,"Ectoplasm":17,"Fusion Hammer":34,"Kunai":43,"PureWater":0,"Toxic Egg 2":11,"Unceasing Top":54,"Meat on the Bone":0},{"Regal Pillow":22,"Gremlin Horn":13,"Blue Candle":15,"Damaru":0,"Oddly Smooth Stone":22,"Whetstone":8,"Orichalcum":4,"Boot":15,"Calling Bell":0,"Nunchaku":14,"CaptainsWheel":26,"Matryoshka":16,"Shuriken":27,"Bird Faced Urn":0,"Ectoplasm":10,"Fusion Hammer":18,"Kunai":22,"PureWater":0,"Toxic Egg 2":6,"Unceasing Top":29,"Meat on the Bone":0},{"Regal Pillow":106,"Gremlin Horn":64,"Blue Candle":73,"Damaru":0,"Oddly Smooth Stone":106,"Whetstone":38,"Orichalcum":18,"Boot":73,"Calling Bell":0,"Nunchaku":69,"CaptainsWheel":123,"Matryoshka":77,"Shuriken":128,"Bird Faced Urn":0,"Ectoplasm":51,"Fusion Hammer":87,"Kunai":106,"PureWater":0,"Toxic Egg 2":26,"Unceasing Top":144,"Meat on the Bone":0}],"Unceasing Top":[0],"Meat on the Bone":144},"card_choices":[{"not_picked":["Fasting2","PathToVictory"],"picked":"FlyingSleeves","floor":1},{"not_picked":["FollowUp","DeceiveReality"],"picked":"Protect","floor":2},{"not_picked":["EmptyBody","FollowUp"],"picked":"CrushJoints","floor":3},{"not_picked":["CutThroughFate","Ragnarok"],"picked":"LikeWater","floor":7},{"not_picked":["Weave","SashWhip"],"picked":"Consecrate","floor":10},{"not_picked":["Halt+1","Prostrate+1"],"picked":"Meditate+1","floor":11},{"not_picked":["CrushJoints","Sanctity+1"],"picked":"InnerPeace+1","floor":12},{"not_picked":["WindmillStrike","Protect+1"],"picked":"Wallop","floor":13},{"not_picked":["ThirdEye+1","Protect+1"],"picked":"Establishment","floor":14},{"not_picked":["Establishment","Brilliance"],"picked":"DeusExMachina+1","floor":16},{"not_picked":["Nirvana","Protect+1"],"picked":"Crescendo+1","floor":18},{"not_picked":["PathToVictory+1","SignatureMove"],"picked":"WaveOfTheHand+1","floor":19},{"not_picked":["EmptyFist","Consecrate"],"picked":"FlyingSleeves","floor":21},{"not_picked":["JustLucky+1","EmptyBody+1"],"picked":"WheelKick","floor":23},{"not_picked":["Crescendo+1","Prostrate+1"],"picked":"CutThroughFate+1","floor":25},{"not_picked":["SashWhip","JustLucky+1"],"picked":"ClearTheMind+1","floor":27},{"not_picked":["Ragnarok","Vengeance+1"],"picked":"FlurryOfBlows","floor":29},{"not_picked":["Blasphemy+1","Establishment"],"picked":"LessonLearned","floor":33},{"not_picked":["FollowUp","EmptyFist","Prostrate+1"],"picked":"SKIP","floor":35},{"not_picked":["JustLucky","ForeignInfluence+1"],"picked":"PathToVictory+1","floor":37},{"not_picked":["FollowUp+1","MasterReality"],"picked":"MentalFortress","floor":39},{"not_picked":["ReachHeaven","FollowUp"],"picked":"Crescendo+1","floor":41},{"not_picked":["Evaluate+1","EmptyMind+1"],"picked":"Wireheading","floor":44},{"not_picked":["Vengeance+1","FlyingSleeves+1"],"picked":"Perseverance+1","floor":45},{"not_picked":["Crescendo+1","Prostrate+1"],"picked":"Adaptation+1","floor":46},{"not_picked":["Collect+1","WreathOfFlame+1"],"picked":"FlurryOfBlows+1","floor":48},{"not_picked":["CarveReality","Prostrate+1"],"picked":"ThirdEye+1","floor":54}],"player_experience":551750,"relics_obtained":[{"floor":0,"key":"Damaru"},{"floor":0,"key":"Meat on the Bone"},{"floor":0,"key":"Bird Faced Urn"},{"floor":7,"key":"Orichalcum"},{"floor":11,"key":"Toxic Egg 2"},{"floor":13,"key":"Whetstone"},{"floor":23,"key":"Nunchaku"},{"floor":25,"key":"Boot"},{"floor":26,"key":"Blue Candle"},{"floor":27,"key":"Matryoshka"},{"floor":41,"key":"Oddly Smooth Stone"},{"floor":43,"key":"Regal Pillow"},{"floor":43,"key":"Kunai"},{"floor":47,"key":"CaptainsWheel"},{"floor":48,"key":"Shuriken"},{"floor":54,"key":"Unceasing Top"}],"event_choices":[{"damage_healed":0,"gold_gain":0,"player_choice":"Donut","damage_taken":0,"max_hp_gain":5,"max_hp_loss":0,"event_name":"Big Fish","floor":5,"gold_loss":0},{"damage_healed":0,"gold_gain":0,"player_choice":"Obtained Relic","damage_taken":0,"relics_obtained":["Gremlin Horn"],"max_hp_gain":0,"max_hp_loss":0,"event_name":"Addict","floor":22,"gold_loss":85},{"cards_removed":["Strike_P"],"damage_healed":0,"gold_gain":0,"player_choice":"Purged","damage_taken":0,"max_hp_gain":0,"max_hp_loss":0,"event_name":"Purifier","floor":28,"gold_loss":0},{"damage_healed":0,"gold_gain":0,"player_choice":"Ignored","damage_taken":0,"max_hp_gain":0,"max_hp_loss":0,"event_name":"Vampires","floor":30,"gold_loss":0},{"cards_removed":["ThirdEye"],"damage_healed":0,"gold_gain":0,"player_choice":"Removed Skill","damage_taken":0,"max_hp_gain":0,"max_hp_loss":0,"event_name":"Falling","floor":36,"gold_loss":0},{"damage_healed":0,"gold_gain":0,"player_choice":"Fight","damage_taken":0,"max_hp_gain":0,"max_hp_loss":0,"event_name":"MindBloom","floor":47,"gold_loss":0}],"is_beta":false,"boss_relics":[{"not_picked":["Black Star","VioletLotus"],"picked":"Ectoplasm"},{"not_picked":["Philosopher\u0027s Stone","Velvet Choker"],"picked":"Fusion Hammer"}],"items_purged_floors":[8,20],"is_endless":false,"potions_floor_spawned":[2,10,11,14,16,23,25,27,33,39,41,46,47],"killed_by":"The Heart","ascension_level":1}}