{"host":"8fup84v061vi31le","time":1610097708,"event":{"mods":["Aspiration","BaseMod","Better Match","Better Third Choice","Minty Spire (QoL Compilation)","Shop Mod","Spicy Shops","StSLib"],"gold_per_floor":[12,12,0,19,38,38,51,79,103,123,123,138,138,208,208,208,208],"floor_reached":16,"playtime":451,"items_purged":[],"score":148,"play_id":"1b84f3b6-1cb4-4cd0-af22-55fcd76ad857","local_time":"20210108172148","is_ascension_mode":true,"campfire_choices":[{"data":"Enlightenment","floor":6,"key":"SMITH"},{"floor":11,"key":"REST"},{"floor":15,"key":"REST"}],"circlet_count":0,"master_deck":["Strike_R","Strike_R","Strike_R","Strike_R","Strike_R","Defend_R+1","Defend_R","Bash","Havoc+1","Heavy Blade","Rage","Enlightenment+1"],"relics":["Burning Blood","PreservedInsect","Anchor","War Paint","Golden Idol","aspiration:HiddenCompartment"],"acts_visited":["Exordium"],"potions_floor_usage":[14],"damage_taken":[{"damage":7,"enemies":"Jaw Worm","floor":1,"turns":3},{"damage":0,"enemies":"2 Louse","floor":4,"turns":3},{"damage":1,"enemies":"Small Slimes","floor":5,"turns":3},{"damage":10,"enemies":"3 Louse","floor":7,"turns":4},{"damage":41,"enemies":"Lagavulin","floor":8,"turns":6},{"damage":15,"enemies":"Exordium Wildlife","floor":10,"turns":5},{"damage":8,"enemies":"Blue Slaver","floor":12,"turns":4},{"damage":0,"enemies":"Gremlin Nob","floor":14,"turns":2},{"damage":69,"enemies":"Hexaghost","floor":16,"turns":10}],"seed_played":"-2624547788198838864","potions_obtained":[{"floor":5,"key":"Explosive Potion"},{"floor":7,"key":"Fire Potion"}],"is_trial":false,"path_per_floor":["M","?","?","M","M","R","M","E","T","M","R","M","?","?","R","B"],"character_chosen":"IRONCLAD","items_purchased":[],"campfire_rested":2,"item_purchase_floors":[],"current_hp_per_floor":[71,64,70,76,81,81,77,42,42,33,58,56,35,41,66,0,0],"gold":208,"neow_bonus":"TRANSFORM_TWO_CARDS","is_daily":false,"chose_seed":false,"campfire_upgraded":1,"win_rate":0.0,"timestamp":1610097708,"path_taken":["M","?","?","M","M","R","M","E","T","M","R","M","?","?","R","BOSS"],"items_purchased_type":[],"build_version":"2020-12-22","purchased_purges":0,"victory":false,"max_hp_per_floor":[80,80,86,86,86,86,86,86,86,86,86,86,86,86,86,86,86],"card_choices":[{"not_picked":["Body Slam","Rampage"],"picked":"Rage","floor":1},{"not_picked":["Rage","Cleave","Body Slam"],"picked":"SKIP","floor":4},{"not_picked":["Headbutt","Corruption","Flex"],"picked":"SKIP","floor":5},{"not_picked":["Perfected Strike","Intimidate","Combust"],"picked":"SKIP","floor":7},{"not_picked":["Heavy Blade","Shrug It Off","Twin Strike"],"picked":"SKIP","floor":8},{"not_picked":["Body Slam","Fire Breathing","Seeing Red"],"picked":"SKIP","floor":10},{"not_picked":["Pommel Strike","Flame Barrier","Cleave"],"picked":"SKIP","floor":12}],"player_experience":154751,"relics_obtained":[{"floor":8,"key":"Anchor"},{"floor":9,"key":"War Paint"},{"floor":14,"key":"aspiration:HiddenCompartment"}],"event_choices":[{"damage_healed":0,"gold_gain":0,"player_choice":"Relic ","damage_taken":7,"max_hp_gain":0,"max_hp_loss":0,"event_name":"betterThird:BetterScrap","floor":2,"gold_loss":0,"cards_obtained":["Fusion"]},{"damage_healed":0,"gold_gain":0,"player_choice":"RENOUNCE","damage_taken":12,"max_hp_gain":0,"max_hp_loss":0,"event_name":"betterThird:BetterSerpent","floor":3,"gold_loss":12,"cards_obtained":["Enlightenment"]},{"damage_healed":0,"gold_gain":0,"player_choice":"Take Damage","damage_taken":21,"relics_obtained":["Golden Idol"],"max_hp_gain":0,"max_hp_loss":0,"event_name":"Golden Idol","floor":13,"gold_loss":0},{"damage_healed":0,"gold_gain":0,"player_choice":"Searched \u00271\u0027 times","damage_taken":0,"max_hp_gain":0,"max_hp_loss":0,"event_name":"Dead Adventurer","floor":14,"gold_loss":0}],"is_beta":false,"boss_relics":[],"items_purged_floors":[],"is_endless":false,"potions_floor_spawned":[5,7],"killed_by":"Hexaghost","ascension_level":9}}