{"host":"07w92xc562nr1xn4","time":1610082126,"event":{"mods":["BaseMod","Colored Map","Colored Powertips","Minty Spire (QoL Compilation)","Quick Restart","Replay The Spire","StSLib","The Senshi"],"gold_per_floor":[115,196,208,220,44,72,72,100,148,148,174,174,198,217,217,321,321,334,348,102,118,128,128,157,170,242,252,268,268,268],"floor_reached":29,"playtime":2681,"items_purged":["ReplayTheSpireMod:Splinters","theSenshi:SailorKick"],"score":305,"play_id":"35fc2812-85db-4f3f-871c-94f580e6e84b","local_time":"20210108000206","is_ascension_mode":true,"campfire_choices":[{"data":"theSenshi:MoonlightKnight","floor":10.0,"key":"SMITH"},{"data":"Hologram","floor":12.0,"key":"SMITH"},{"data":"Blood for Blood","floor":15.0,"key":"SMITH"},{"data":"Concentrate","floor":23,"key":"SMITH"}],"circlet_count":0,"master_deck":["theSenshi:SailorKick","theSenshi:SailorKick","theSenshi:SailorKick","theSenshi:SailorBlock","theSenshi:SailorBlock","theSenshi:SailorBlock","theSenshi:SailorBlock","theSenshi:RoseThrow","theSenshi:MoonPrismPowerMakeUp","theSenshi:SailorJupiterAssists","theSenshi:MarsPride","theSenshi:MoonlightKnight+1","theSenshi:SailorSaturnAssists","theSenshi:LateForSchool","theSenshi:SupersonicWaves","Hologram+1","Combust","Blood for Blood+1","Alpha","Go for the Eyes","Replay:Undeath\u0027s Touch","Inflame+1","Concentrate+1","Havoc","Flame Barrier","JustLucky","FlyingSleeves"],"relics":["theSenshi:TransformationBroochRelic","Ornamental Fan","PrismaticShard","Replay:Wax Seal","Bronze Scales","Bag of Marbles","Odd Mushroom","Honey Jar","Art of War","Pear","Letter Opener"],"acts_visited":["Exordium","TheCity"],"potions_floor_usage":[21,24,28],"damage_taken":[{"damage":3.0,"enemies":"2 Louse","floor":1.0,"turns":3.0},{"damage":5.0,"enemies":"Jaw Worm","floor":3.0,"turns":4.0},{"damage":2.0,"enemies":"Cultist","floor":4.0,"turns":5.0},{"damage":22.0,"enemies":"Gremlin Nob","floor":6.0,"turns":5.0},{"damage":13.0,"enemies":"Lagavulin","floor":8.0,"turns":10.0},{"damage":30.0,"enemies":"3 Sentries","floor":11.0,"turns":10.0},{"damage":15.0,"enemies":"The Mushroom Lair","floor":13.0,"turns":4.0},{"damage":7.0,"enemies":"Blue Slaver","floor":14.0,"turns":3.0},{"damage":23.0,"enemies":"Slime Boss","floor":16.0,"turns":10.0},{"damage":6.0,"enemies":"Shell Parasite","floor":18.0,"turns":6.0},{"damage":15.0,"enemies":"3 Byrds","floor":19.0,"turns":3.0},{"damage":13,"enemies":"Snecko","floor":21,"turns":6},{"damage":11,"enemies":"Snake Plant","floor":22,"turns":4},{"damage":22,"enemies":"Gremlin Leader","floor":24,"turns":6},{"damage":19,"enemies":"Sentry and Sphere","floor":25,"turns":5},{"damage":5,"enemies":"Chosen and Byrds","floor":27,"turns":6},{"damage":10,"enemies":"Centurion and Healer","floor":28,"turns":6},{"damage":0,"enemies":"Snake Plant","floor":29,"turns":1}],"seed_played":"-9024373197426924078","potions_obtained":[{"floor":2.0,"key":"Regen Potion"},{"floor":2.0,"key":"SpeedPotion"},{"floor":2.0,"key":"ColorlessPotion"},{"floor":8.0,"key":"BlessingOfTheForge"},{"floor":11.0,"key":"Energy Potion"},{"floor":14.0,"key":"Languid Potion"},{"floor":16.0,"key":"Swift Potion"},{"floor":18.0,"key":"Swift Potion"},{"floor":19.0,"key":"Venom Potion"},{"floor":27,"key":"Reflective Coating"}],"is_trial":false,"path_per_floor":["M","?","M","M","$","E","?","E","T","R","E","R","?","M","R","B",null,"M","M","$","M","M","R","E","M","T","M","M","M"],"character_chosen":"THE_SENSHI","items_purchased":["theSenshi:LateForSchool","theSenshi:SupersonicWaves","Art of War"],"campfire_rested":0,"item_purchase_floors":[5,5,20],"current_hp_per_floor":[79,79,74,72,72,55,55,72,72,72,52,52,42,40,40,27,82,80,70,70,67,61,61,54,40,40,35,35,35,35],"gold":268,"neow_bonus":"TEN_PERCENT_HP_BONUS","is_daily":false,"chose_seed":false,"campfire_upgraded":4,"win_rate":0.0,"timestamp":1610082126,"path_taken":["M","?","M","M","$","E","?","E","T","R","E","R","?","M","R","BOSS","M","M","$","M","M","R","E","M","T","M","M","M"],"items_purchased_type":["Card","Card","Relic"],"build_version":"2020-12-22","purchased_purges":2,"victory":false,"max_hp_per_floor":[82,82,82,82,82,82,82,82,82,82,82,82,82,82,82,82,82,82,82,82,82,82,82,92,92,92,92,92,92,92],"card_choices":[{"not_picked":["theSenshi:HesSoDreamy","theSenshi:SailorVenusAssists"],"picked":"theSenshi:SailorJupiterAssists","floor":1.0},{"not_picked":["theSenshi:TallSilhouette","theSenshi:MoonsReflection"],"picked":"theSenshi:MarsPride","floor":2.0},{"not_picked":["theSenshi:MoonPrincessHalation","theSenshi:SailorChibiMoonAssists"],"picked":"theSenshi:MoonlightKnight","floor":3.0},{"not_picked":["theSenshi:SailorVenusAssists","theSenshi:MoonTiaraMagic"],"picked":"theSenshi:SailorSaturnAssists","floor":4.0},{"not_picked":["theSenshi:MoonHealingEscalation","theSenshi:MoonPower","theSenshi:SailorNeptuneAssists"],"picked":"SKIP","floor":6.0},{"not_picked":["Toxin Wave","ReplayTheSpireMod:Repulse"],"picked":"Hologram","floor":8.0},{"not_picked":["Replay:Undeath\u0027s Touch","Masterful Stab","FlurryOfBlows"],"picked":"SKIP","floor":11.0},{"not_picked":["Iron Wave","Underhanded Strike"],"picked":"Combust","floor":13.0},{"not_picked":["Run Through","theSenshi:SailorPlanetPower"],"picked":"Blood for Blood","floor":14.0},{"not_picked":["Wish","Glass Knife"],"picked":"Alpha","floor":16.0},{"not_picked":["theSenshi:MoonKick","CarveReality","CrushJoints"],"picked":"Go for the Eyes","floor":18.0},{"not_picked":["Panic Button","Steam+1","Quick Slash"],"picked":"Replay:Undeath\u0027s Touch","floor":19.0},{"not_picked":["ClearTheMind","Beam Cell","Metallicize"],"picked":"Inflame+1","floor":21},{"not_picked":["Tempest+1","Flying Knee","Fission"],"picked":"Concentrate","floor":22},{"not_picked":["Perfected Strike","theSenshi:MoonKick","BattleHymn"],"picked":"Havoc","floor":24},{"not_picked":["Redo","theSenshi:PlutosSolemnity","Leap"],"picked":"Flame Barrier","floor":25},{"not_picked":["theSenshi:Sidestep","Alpha","Glacier+1"],"picked":"JustLucky","floor":27},{"not_picked":["Consecrate","Gash","Ball Lightning+1"],"picked":"FlyingSleeves","floor":28}],"player_experience":619483,"relics_obtained":[{"floor":6.0,"key":"Ornamental Fan"},{"floor":8.0,"key":"Replay:Wax Seal"},{"floor":9.0,"key":"Bronze Scales"},{"floor":11.0,"key":"Bag of Marbles"},{"floor":13.0,"key":"Odd Mushroom"},{"floor":24,"key":"Pear"},{"floor":26,"key":"Letter Opener"}],"event_choices":[{"damage_healed":0.0,"max_hp_gain":0.0,"max_hp_loss":0.0,"gold_gain":0.0,"event_name":"Mushrooms","player_choice":"Fought Mushrooms","floor":13.0,"gold_loss":0.0,"damage_taken":0.0}],"is_beta":false,"boss_relics":[{"not_picked":["Tiny House","Replay:Grab Bag"],"picked":"Honey Jar"}],"items_purged_floors":[5,20],"is_endless":false,"potions_floor_spawned":[8,11,14,16,18,19,27],"killed_by":"Snake Plant","ascension_level":1}}