{"host":"h9d5il8g1iqie9ys","time":1610115571,"event":{"mods":["BaseMod","Colored Powertips","Decade(???)","Hero for Fun","Luminous","Marisa????????","Minty Spire (QoL Compilation)","StSLib","The Administrix","The Animator","The Bug Knight","The Cursed","The Exalted","The Necromancer","The Poker Player","The Saiyan","The Servant 0.9.4","The Wild Card"],"gold_per_floor":[112,130,130,130,141,141,141],"floor_reached":6,"playtime":512,"items_purged":[],"score":36,"play_id":"9ad12bba-a71f-414d-8ff0-d3631580e701","local_time":"20210108211931","is_ascension_mode":false,"campfire_choices":[],"circlet_count":0,"master_deck":["Decade_Attack","Decade_Attack","Decade_Attack","Decade_Attack","KamenRide","Decade_SpecialSkill","Decade_Defend","Decade_Defend","Decade_Defend","Decade_Defend","Decade_Illusion","RideBooker_Skill_1"],"relics":["Decadriver","TOEIDeficitBill","NeowsBlessing","Ancient Tea Set"],"acts_visited":["Exordium"],"potions_floor_usage":[],"damage_taken":[{"damage":0,"enemies":"Cultist","floor":1,"turns":1},{"damage":0,"enemies":"Small Slimes","floor":2,"turns":1},{"damage":0,"enemies":"Jaw Worm","floor":5,"turns":1},{"damage":0,"enemies":"Lagavulin","floor":6,"turns":3}],"seed_played":"-7470704748460366457","potions_obtained":[{"floor":2,"key":"PowerPotion"}],"is_trial":false,"path_per_floor":["M","M","?","?","M","E"],"character_chosen":"Decade","items_purchased":[],"campfire_rested":0,"item_purchase_floors":[],"current_hp_per_floor":[70,70,58,58,58,58,58],"gold":141,"neow_bonus":"THREE_ENEMY_KILL","is_daily":false,"chose_seed":false,"campfire_upgraded":0,"win_rate":0.0,"timestamp":1610115571,"path_taken":["M","M","?","?","M","E"],"items_purchased_type":[],"build_version":"2020-12-22","purchased_purges":0,"victory":false,"max_hp_per_floor":[70,70,70,70,70,70,70],"card_choices":[{"not_picked":["Decade_Dash2","FormRideDogga"],"picked":"Decade_Illusion","floor":1},{"not_picked":["KamenRideDenO","NMDAZYYGL"],"picked":"RideBooker_Skill_1","floor":5}],"player_experience":181255,"relics_obtained":[],"event_choices":[{"damage_healed":0,"gold_gain":0,"player_choice":"Success","damage_taken":12,"relics_obtained":["Ancient Tea Set"],"max_hp_gain":0,"max_hp_loss":0,"event_name":"Scrap Ooze","floor":3,"gold_loss":0},{"damage_healed":0,"gold_gain":0,"player_choice":"Ignored","damage_taken":0,"max_hp_gain":0,"max_hp_loss":0,"event_name":"Purifier","floor":4,"gold_loss":0}],"is_beta":false,"boss_relics":[],"items_purged_floors":[],"is_endless":false,"potions_floor_spawned":[2],"killed_by":"Lagavulin","ascension_level":0}}