{"host":"684z1xpuwaoqmmh1","time":1610067312,"event":{"mods":["BaseMod","Downfall","Hermit","Jorbs\u0027s Wanderer Trilogy","Marisa????????","Minty Spire (QoL Compilation)","StSLib","The Hierophant","The Mystic"],"gold_per_floor":[99,114,132,151,19,19,19,19,46,62,91,111,111,139,153,232,232,157,172,190,210,229,50,50,70,70,80,91,91,91,91],"floor_reached":29,"playtime":1821,"items_purged":["hexamod:Strike"],"score":692,"play_id":"29a91e7d-ec72-4129-b86d-234f75a1743c","local_time":"20210108025512","is_ascension_mode":true,"campfire_choices":[{"data":"hexamod:Float","floor":1.0,"key":"SMITH"},{"data":"hexamod:Incineration","floor":6.0,"key":"SMITH"},{"floor":8.0,"key":"RECALL"},{"data":"hexamod:ApocalypticArmor","floor":18.0,"key":"SMITH"},{"floor":26.0,"key":"REST"}],"circlet_count":0,"master_deck":["AscendersBane","hexamod:Strike","hexamod:Strike+1","hexamod:Strike","hexamod:Defend","hexamod:Defend","hexamod:Defend+1","hexamod:Defend","hexamod:Sear","hexamod:Float+1","hexamod:ShieldOfDarkness","hexamod:Firestarter","hexamod:ThirdSeal","hexamod:Incineration+1","hexamod:Hexaguard+1","hexamod:StepThrough","hexamod:PhantomCloak","hexamod:NightmareGuise","hexamod:ExtraCrispy","hexamod:ApocalypticArmor+1","hexamod:FastForward","hexamod:WildfireWeapon","hexamod:TimeWarp","hexamod:Hexaguard","hexamod:TimeWarp+1","hexamod:EmpoweringStance+1","hexamod:SixthSeal","hexamod:ShieldOfDarkness+1","hexamod:FastForward","hexamod:PhantomCloak","hexamod:EmpoweredFlame","hexamod:SecondSeal","hexamod:HexaLevel","hexamod:FirstSeal","hexamod:TimeWarp","hexamod:FastForward","hexamod:FifthSeal"],"relics":["hexamod:SpiritBrand","sneckomod:BlankCard","Question Card","Akabeko","Kunai","hexamod:MatchstickCase","sneckomod:SneckoTalon","downfall:HeartBlessingRed"],"acts_visited":["Exordium","TheCity"],"potions_floor_usage":[29],"damage_taken":[{"damage":0.0,"enemies":"Jaw Worm","floor":2.0,"turns":4.0},{"damage":0.0,"enemies":"2 Louse","floor":3.0,"turns":3.0},{"damage":0.0,"enemies":"Small Slimes","floor":4.0,"turns":3.0},{"damage":0.0,"enemies":"downfall:FleeingMerchant","floor":5.0,"turns":4.0},{"damage":8.0,"enemies":"Lagavulin","floor":9.0,"turns":6.0},{"damage":3.0,"enemies":"Exordium Wildlife","floor":10.0,"turns":5.0},{"damage":0.0,"enemies":"Gremlin Nob","floor":11.0,"turns":3.0},{"damage":0.0,"enemies":"Red Slaver","floor":12.0,"turns":3.0},{"damage":0.0,"enemies":"Lagavulin","floor":14.0,"turns":4.0},{"damage":0.0,"enemies":"Gremlin Gang","floor":15.0,"turns":4.0},{"damage":0.0,"enemies":"downfall:Watcher","floor":16.0,"turns":10.0},{"damage":2.0,"enemies":"Chosen","floor":19.0,"turns":3.0},{"damage":0.0,"enemies":"Spheric Guardian","floor":20.0,"turns":3.0},{"damage":8.0,"enemies":"Snake Plant","floor":21.0,"turns":3.0},{"damage":12.0,"enemies":"Shelled Parasite and Fungi","floor":22.0,"turns":6.0},{"damage":0.0,"enemies":"downfall:FleeingMerchant","floor":23.0,"turns":4.0},{"damage":6.0,"enemies":"Cultist and Chosen","floor":25.0,"turns":6.0},{"damage":0,"enemies":"Snake Plant","floor":27,"turns":3},{"damage":9,"enemies":"Shelled Parasite and Fungi","floor":28,"turns":5},{"damage":69,"enemies":"Gremlin Leader","floor":29,"turns":7}],"seed_played":"5969426736245222141","potions_obtained":[{"floor":10.0,"key":"ColorlessPotion"},{"floor":12.0,"key":"Guardian:BlockOnCardUsePotion"},{"floor":14.0,"key":"Fire Potion"},{"floor":22.0,"key":"sneckomod:MuddlingPotion"},{"floor":25.0,"key":"Ancient Potion"}],"is_trial":false,"path_per_floor":["R","M","M","M","$","R","T","R","E","M","E","M","?","E","M","B",null,"R","M","M","M","M","$","T","M","R","M","M","E"],"character_chosen":"THE_SPIRIT","items_purchased":["hexamod:StepThrough","hexamod:HexaLevel"],"campfire_rested":1,"item_purchase_floors":[5,23],"current_hp_per_floor":[57,57,57,57,57,57,57,57,49,46,46,46,51,51,51,51,64,64,62,62,54,42,42,42,36,56,56,54,0,0,0],"gold":91,"neow_bonus":"RANDOM_COMMON_RELIC","is_daily":false,"chose_seed":false,"campfire_upgraded":3,"win_rate":0.0,"timestamp":1610067312,"path_taken":["R","M","M","M","$","R","T","R","E","M","E","M","?","E","M","BOSS","R","M","M","M","M","$","T","M","R","M","M","E"],"items_purchased_type":["Card","Card"],"build_version":"2020-12-22","purchased_purges":1,"victory":false,"max_hp_per_floor":[63,63,63,63,63,63,63,63,63,63,63,63,68,68,68,68,68,68,68,68,68,68,68,68,68,68,68,68,68,68,68],"card_choices":[{"not_picked":["hexamod:SpectersWail","hexamod:NightmareGuise"],"picked":"hexamod:ShieldOfDarkness","floor":2.0},{"not_picked":["hexamod:AdvancingGuard","hexamod:BacktrackSmack"],"picked":"hexamod:Firestarter","floor":3.0},{"not_picked":["hexamod:FastForward","hexamod:StepThrough"],"picked":"hexamod:ThirdSeal","floor":4.0},{"not_picked":["hexamod:NightmareGuise","hexamod:GhostShield"],"picked":"hexamod:Incineration","floor":5.0},{"not_picked":["hexamod:ChargedBarrage","hexamod:SwordOfDarkness"],"picked":"hexamod:Hexaguard","floor":5.0},{"not_picked":["hexamod:DynamicBlow","hexamod:AdvancingGuard","hexamod:SpectersWail"],"picked":"SKIP","floor":5.0},{"not_picked":["hexamod:NightmareStrike","hexamod:GhostOfSpirePast","hexamod:FlamesFromBeyond"],"picked":"hexamod:PhantomCloak","floor":9.0},{"not_picked":["hexamod:Firestarter","hexamod:SpectralSpark","hexamod:SkipABeat"],"picked":"hexamod:NightmareGuise","floor":9.0},{"not_picked":["hexamod:RetreatToShadows","hexamod:SuperheatedStrike","hexamod:BacktrackSmack"],"picked":"hexamod:ExtraCrispy","floor":10.0},{"not_picked":["hexamod:SoulSteal","hexamod:NightmareGuise","hexamod:Haunt"],"picked":"hexamod:ApocalypticArmor","floor":11.0},{"not_picked":["hexamod:GhostflameInferno","hexamod:PhantomFireball","hexamod:ThermalTransfer"],"picked":"hexamod:FastForward","floor":11.0},{"not_picked":["hexamod:ThermalTransfer","hexamod:NightmareStrike","hexamod:InspiringFlames","hexamod:AdvancingGuard"],"picked":"SKIP","floor":12.0},{"not_picked":["hexamod:HeatCrush","hexamod:InspiringFlames","hexamod:GhostLash","hexamod:BacktrackSmack"],"picked":"SKIP","floor":12.0},{"not_picked":["hexamod:SpectersWail","hexamod:FourthSeal","hexamod:SuperheatedStrike"],"picked":"hexamod:WildfireWeapon","floor":14.0},{"not_picked":["hexamod:GhostOfSpireFuture","hexamod:PowerFromBeyond","hexamod:FastForward"],"picked":"hexamod:TimeWarp","floor":14.0},{"not_picked":["hexamod:SpectersWail","hexamod:RecurringNightmare","hexamod:GhostLash"],"picked":"hexamod:Hexaguard","floor":15.0},{"not_picked":["hexamod:GhostShield","hexamod:Firestarter","hexamod:NightmareGuise","hexamod:NightmareStrike"],"picked":"SKIP","floor":15.0},{"not_picked":["hexamod:WildfireWeapon","hexamod:SearingWound","hexamod:ParanormalForm"],"picked":"hexamod:TimeWarp","floor":16.0},{"not_picked":["hexamod:SearingWound","hexamod:TimeWarp","hexamod:CrushingStance"],"picked":"hexamod:EmpoweringStance","floor":16.0},{"not_picked":["hexamod:TurnItUp","hexamod:ApocalypseNow","hexamod:GiftsFromTheDead"],"picked":"hexamod:SixthSeal","floor":16.0},{"not_picked":["hexamod:HauntingEcho","hexamod:Hexaguard","hexamod:AdvancingGuard"],"picked":"hexamod:ShieldOfDarkness+1","floor":19.0},{"not_picked":["hexamod:SpectersWail","hexamod:NightmareStrike","hexamod:AdvancingGuard","hexamod:Haunt"],"picked":"SKIP","floor":19.0},{"not_picked":["hexamod:HeatCrush","hexamod:Hexaguard","hexamod:BurningTouch","hexamod:SpectersWail"],"picked":"SKIP","floor":20.0},{"not_picked":["hexamod:BurningTouch","hexamod:Hexaguard","hexamod:SearingWound"],"picked":"hexamod:FastForward","floor":21.0},{"not_picked":["hexamod:Firestarter","hexamod:NightmareGuise","hexamod:GhostLash"],"picked":"hexamod:PhantomCloak","floor":21.0},{"not_picked":["hexamod:ChargedBarrage","hexamod:BurningTouch","hexamod:Hexaguard"],"picked":"hexamod:EmpoweredFlame","floor":22.0},{"not_picked":["hexamod:ThirdSeal","hexamod:GhostLash","hexamod:NightmareGuise","hexamod:Hexaguard"],"picked":"SKIP","floor":22.0},{"not_picked":["hexamod:NightmareGuise","hexamod:Firestarter","hexamod:PhantomFireball"],"picked":"hexamod:SecondSeal","floor":23.0},{"not_picked":["hexamod:FlamesFromBeyond+1","hexamod:ThermalTransfer","hexamod:PowerFromBeyond","hexamod:Again+1"],"picked":"SKIP","floor":25.0},{"not_picked":["hexamod:HeatShield+1","hexamod:ThermalTransfer","hexamod:GhostOfSpirePast","hexamod:GhostLash"],"picked":"SKIP","floor":25.0},{"not_picked":["hexamod:RetreatToShadows+1","hexamod:Hexaguard","hexamod:Rewind"],"picked":"hexamod:FirstSeal","floor":27},{"not_picked":["hexamod:BacktrackSmack+1","hexamod:ThermalTransfer","hexamod:NightmareStrike"],"picked":"hexamod:TimeWarp","floor":27},{"not_picked":["hexamod:RainOfEmbers","hexamod:BurningTouch+1","hexamod:RecurringNightmare"],"picked":"hexamod:FastForward","floor":28},{"not_picked":["hexamod:ExtraCrispy","hexamod:ThermalTransfer","hexamod:Firestarter"],"picked":"hexamod:FifthSeal","floor":28}],"player_experience":2431727,"relics_obtained":[{"floor":7.0,"key":"Question Card"},{"floor":9.0,"key":"Akabeko"},{"floor":11.0,"key":"Kunai"},{"floor":14.0,"key":"hexamod:MatchstickCase"}],"event_choices":[{"damage_healed":0.0,"max_hp_gain":5.0,"max_hp_loss":0.0,"gold_gain":0.0,"event_name":"Big Fish","player_choice":"Donut","floor":13.0,"gold_loss":0.0,"damage_taken":0.0}],"is_beta":false,"boss_relics":[{"not_picked":["Velvet Choker","SlaversCollar"],"picked":"sneckomod:SneckoTalon"}],"items_purged_floors":[5],"is_endless":false,"potions_floor_spawned":[10,12,14,16,21,22,25,28],"killed_by":"Gremlin Leader","ascension_level":18}}