{"host":"8i4doyxqctgl5qb0","time":1610066618,"event":{"mods":["AchievementEnabler","BaseMod","Block Reminder","Colored Powertips","Downfall","Minty Spire (QoL Compilation)","Permanent Neow","Potion Indicator Mod","Rare Cards Sparkle","StSLib","SuperFastMode"],"gold_per_floor":[99,113,126,126,140,45,70,86,86,86,261,361,395,415,433,538,538,463,480,492,492,502,427,495,508,527,545,495,495,495,510,524,621,621,621,638,638,648,648,648,648,648,666,696,696,721,646,268,280,280],"floor_reached":51,"playtime":2580,"items_purged":["Pain"],"score":781,"play_id":"1d597490-232d-4301-9ff9-542e0ac57318","local_time":"20210108084338","is_ascension_mode":false,"campfire_choices":[{"data":"Guardian:TwinSlam","floor":1.0,"key":"SMITH"},{"data":"Guardian:SpikerProtocol","floor":9.0,"key":"SMITH"},{"floor":10.0,"key":"REST"},{"floor":18.0,"key":"RECALL"},{"data":"Guardian:DonusPower","floor":23.0,"key":"SMITH"},{"data":"Guardian:FloatingOrbs","floor":30.0,"key":"SMITH"},{"data":"Guardian:AncientConstruct","floor":35.0,"key":"SMITH"},{"data":"Guardian:Harden","floor":40.0,"key":"SMITH"},{"data":"Guardian:BaubleBeam","floor":45.0,"key":"SMITH"},{"data":"Guardian:Repulse","floor":47.0,"key":"SMITH"}],"circlet_count":0,"master_deck":["Guardian:Strike_Guardian+1","Guardian:Strike_Guardian+1","Guardian:Strike_Guardian+1","Guardian:Strike_Guardian+1","Guardian:Defend_Guardian+1","Guardian:Defend_Guardian+1","Guardian:Defend_Guardian+1","Guardian:Defend_Guardian+1","Guardian:CurlUp","Guardian:TwinSlam+1","Writhe","Guardian:SentryBeam+1","Guardian:Harden+1","Guardian:Gem_White","Guardian:Gem_Blue","Guardian:PiercingHide","Guardian:SpikerProtocol+1","Guardian:Gem_Synthetic","Guardian:RollAttack","Guardian:Repulse+1","Guardian:StasisField","Guardian:CrystalBeam","Guardian:MultiBeam","Guardian:SpikerProtocol+1","Guardian:DonusPower+1","Guardian:FloatingOrbs+1","Guardian:TimeSifter","Guardian:TemporalShield","Guardian:Clone","Guardian:AncientConstruct+1","Guardian:PrimingBeam+1","expansioncontent:SuperHexaguard","expansioncontent:ManipulateTime","Guardian:CrystalBeam+1","Guardian:BaubleBeam+1","Guardian:Gem_Cyan","Guardian:PiercingHide"],"relics":["Guardian:ModeShifter","WingedGreaves","Blood Vial","Whetstone","SlaversCollar","downfall:HeartBlessingGreen","downfall:HeartBlessingRed","Mummified Hand","Philosopher\u0027s Stone","StoneCalendar","Boot","downfall:HeartBlessingBlue","Bronze Scales","Lee\u0027s Waffle"],"acts_visited":["Exordium","TheCity","TheBeyond"],"potions_floor_usage":[50,50],"damage_taken":[{"damage":0.0,"enemies":"Small Slimes","floor":2.0,"turns":3.0},{"damage":1.0,"enemies":"Cultist","floor":3.0,"turns":3.0},{"damage":0.0,"enemies":"2 Louse","floor":5.0,"turns":2.0},{"damage":0.0,"enemies":"downfall:FleeingMerchant","floor":6.0,"turns":4.0},{"damage":24.0,"enemies":"Gremlin Gang","floor":8.0,"turns":4.0},{"damage":19.0,"enemies":"Lagavulin","floor":13.0,"turns":11.0},{"damage":4.0,"enemies":"Lots of Slimes","floor":14.0,"turns":3.0},{"damage":5.0,"enemies":"2 Fungi Beasts","floor":15.0,"turns":3.0},{"damage":9.0,"enemies":"downfall:Ironclad","floor":16.0,"turns":9.0},{"damage":9.0,"enemies":"3 Byrds","floor":19.0,"turns":4.0},{"damage":9.0,"enemies":"Chosen","floor":20.0,"turns":6.0},{"damage":5.0,"enemies":"Snake Plant","floor":22.0,"turns":4.0},{"damage":18.0,"enemies":"Cultist and Chosen","floor":25.0,"turns":7.0},{"damage":0.0,"enemies":"Shelled Parasite and Fungi","floor":26.0,"turns":5.0},{"damage":10.0,"enemies":"Centurion and Healer","floor":27.0,"turns":6.0},{"damage":10.0,"enemies":"3 Cultists","floor":31.0,"turns":5.0},{"damage":0.0,"enemies":"Snecko","floor":32.0,"turns":6.0},{"damage":0.0,"enemies":"downfall:Defect","floor":33.0,"turns":8.0},{"damage":0.0,"enemies":"3 Shapes","floor":36.0,"turns":5.0},{"damage":0.0,"enemies":"Orb Walker","floor":38.0,"turns":4.0},{"damage":18.0,"enemies":"4 Shapes","floor":43.0,"turns":7.0},{"damage":23.0,"enemies":"Giant Head","floor":44.0,"turns":9.0},{"damage":2.0,"enemies":"downfall:FleeingMerchant","floor":48.0,"turns":4.0},{"damage":10.0,"enemies":"Transient","floor":49.0,"turns":5.0},{"damage":70,"enemies":"downfall:Silent","floor":50,"turns":9}],"seed_played":"8511272372417712805","potions_obtained":[{"floor":8.0,"key":"hexamod:EctoCoolerPotion"},{"floor":13.0,"key":"GamblersBrew"},{"floor":14.0,"key":"Block Potion"},{"floor":15.0,"key":"ColorlessPotion"},{"floor":27.0,"key":"Dexterity Potion"},{"floor":38.0,"key":"ColorlessPotion"},{"floor":44.0,"key":"Swift Potion"}],"is_trial":false,"path_per_floor":["R","M","M","?","M","$","T","M","R","R","?","?","E","M","M","B",null,"R","M","M","?","M","R","T","M","M","M","?","?","R","M","M","B",null,"R","M","?","M","?","R","T","?","M","E","R","?","R","$","M","B",null],"character_chosen":"GUARDIAN","items_purchased":["Guardian:SpikerProtocol","Bronze Scales","Lee\u0027s Waffle"],"campfire_rested":1,"item_purchase_floors":[6,48,48],"current_hp_per_floor":[80,80,79,79,79,79,79,56,56,80,80,80,61,59,56,49,80,80,71,64,64,61,61,61,45,47,39,69,69,69,61,63,65,80,80,80,80,80,92,92,92,87,71,50,50,50,60,109,99,31],"gold":280,"neow_bonus":"ONE_RARE_RELIC","is_daily":false,"chose_seed":false,"campfire_upgraded":8,"win_rate":0.0,"timestamp":1610066618,"path_taken":["R","M","M","?","M","$","T","?","R","R","?","?","E","M","M","BOSS","R","M","?","?","M","R","T","?","M","M","?","?","R","M","M","BOSS","R","M","?","M","?","R","T","?","M","E","R","?","R","?","M","BOSS"],"items_purchased_type":["Card","Relic","Relic"],"build_version":"2020-12-22","purchased_purges":1,"victory":true,"max_hp_per_floor":[80,80,80,80,80,80,80,80,80,80,80,80,80,80,80,80,80,80,80,80,80,80,80,80,80,80,80,80,80,80,80,80,80,80,80,80,80,80,92,92,92,92,92,92,92,92,102,109,109,109],"card_choices":[{"not_picked":["Guardian:CrystalBeam","Guardian:Clone"],"picked":"Guardian:SentryBeam","floor":2.0},{"not_picked":["Guardian:Recover","Guardian:GuardianWhirl"],"picked":"Guardian:Harden","floor":3.0},{"not_picked":["Guardian:Recover","Guardian:Incinerate"],"picked":"Guardian:Gem_Blue","floor":5.0},{"not_picked":["Guardian:SentryBeam","Guardian:PrismaticBarrier"],"picked":"Guardian:PiercingHide","floor":6.0},{"not_picked":["Guardian:TemporalStrike","Guardian:TemporalShield"],"picked":"Guardian:Gem_Lightblue","floor":8.0},{"not_picked":["Guardian:ShieldCharger","Guardian:TemporalStrike"],"picked":"Guardian:Gem_Synthetic","floor":13.0},{"not_picked":["Guardian:Suspension","Guardian:Gem_Red"],"picked":"Guardian:RollAttack","floor":14.0},{"not_picked":["Guardian:Gem_Red","Guardian:Gem_Crimson"],"picked":"Guardian:Repulse","floor":15.0},{"not_picked":["Guardian:StasisStrike","Guardian:Gem_Orange"],"picked":"Guardian:StasisField","floor":16.0},{"not_picked":["Guardian:Planning","Guardian:ChargeCore"],"picked":"Guardian:CrystalBeam","floor":19.0},{"not_picked":["Guardian:TemporalShield","Guardian:Planning"],"picked":"Guardian:MultiBeam","floor":20.0},{"not_picked":["Guardian:Gem_Fragmented","Guardian:RollAttack"],"picked":"Guardian:DonusPower","floor":22.0},{"not_picked":["Guardian:Gem_Red","Guardian:PrismaticBarrier"],"picked":"Guardian:Gem_Purple","floor":25.0},{"not_picked":["Guardian:Gem_Red","Guardian:BronzeArmor+1"],"picked":"Guardian:FloatingOrbs","floor":26.0},{"not_picked":["Guardian:Gem_Lightblue","Guardian:ChargeCore"],"picked":"Guardian:TimeSifter","floor":27.0},{"not_picked":["Guardian:Repulse","Guardian:PrismaticBarrier"],"picked":"Guardian:TemporalShield","floor":31.0},{"not_picked":["Guardian:FloatingOrbs","Guardian:Reroute"],"picked":"Guardian:Clone","floor":32.0},{"not_picked":["Guardian:Gem_Synthetic","Guardian:ConstructionForm"],"picked":"Guardian:AncientConstruct","floor":33.0},{"not_picked":["Guardian:Suspension","Guardian:PrismaticBeam+1"],"picked":"Guardian:Gem_Purple","floor":36.0},{"not_picked":["Guardian:ChargeCore","Guardian:BronzeOrb"],"picked":"Guardian:PrimingBeam+1","floor":38.0},{"not_picked":["expansioncontent:YouAreMine","expansioncontent:BronzeBeam"],"picked":"expansioncontent:SuperHexaguard","floor":42.0},{"not_picked":["expansioncontent:YouAreMine","expansioncontent:Hexaburn"],"picked":"expansioncontent:ManipulateTime","floor":42.0},{"not_picked":["Guardian:ShieldCharger+1","Guardian:Incinerate+1"],"picked":"Guardian:CrystalBeam+1","floor":43.0},{"not_picked":["Guardian:PolyBeam","Guardian:Suspension"],"picked":"Guardian:BaubleBeam","floor":44.0},{"not_picked":["Guardian:ChargeCore","Guardian:PolyBeam+1"],"picked":"Guardian:Gem_Cyan","floor":48.0},{"not_picked":["Guardian:Preprogram","Guardian:Gem_Red"],"picked":"Guardian:PiercingHide","floor":49.0}],"player_experience":117970,"relics_obtained":[{"floor":7.0,"key":"Blood Vial"},{"floor":13.0,"key":"Whetstone"},{"floor":24.0,"key":"Mummified Hand"},{"floor":41.0,"key":"StoneCalendar"},{"floor":44.0,"key":"Boot"}],"event_choices":[{"damage_healed":0.0,"max_hp_gain":0.0,"max_hp_loss":0.0,"gold_gain":0.0,"event_name":"Duplicator","player_choice":"Copied","floor":21.0,"gold_loss":0.0,"damage_taken":0.0,"cards_obtained":["Guardian:SpikerProtocol"]},{"damage_healed":0.0,"max_hp_gain":0.0,"max_hp_loss":0.0,"gold_gain":0.0,"event_name":"Back to Basics","player_choice":"Simplicity","floor":29.0,"gold_loss":0.0,"damage_taken":0.0,"cards_upgraded":["Guardian:Strike_Guardian","Guardian:Strike_Guardian","Guardian:Strike_Guardian","Guardian:Defend_Guardian","Guardian:Defend_Guardian","Guardian:Defend_Guardian","Guardian:Defend_Guardian"]}],"is_beta":false,"boss_relics":[{"not_picked":["Sozu","Velvet Choker"],"picked":"SlaversCollar"},{"not_picked":["Astrolabe","Cursed Key"],"picked":"Philosopher\u0027s Stone"}],"items_purged_floors":[48],"is_endless":false,"potions_floor_spawned":[8,13,14,15,22,25,27,32,33,38,44],"ascension_level":0}}