{"host":"df48i9djcn92c5sx","time":1610116495,"event":{"mods":["BaseMod","Downfall","Marisa£®ÏF”Í°°ƒß¿Ì…≥£©","Minty Spire (QoL Compilation)","READ ME - Guardian Mod","READ ME - Snecko Mod","Reimu£®≤©¿ˆ¡È√Œ£©","Remilia£®¿Ÿ√◊¿Ú—«£©","Replay The Spire","Shop Mod","StSLib","The Jungle","The Servant 0.9.4"],"gold_per_floor":[99,99,63,63,63,63,63,63,75,60,235,235,247,272,291,390,390,390,401,601,213,232,157,157,307,307,307,307,30,30,41,56,160,160,160,175,191,191,203,203,203],"floor_reached":40,"playtime":1299,"items_purged":["Normality","Doubt"],"score":570,"play_id":"72045533-6309-41f5-817d-510efbc66fb0","local_time":"20210108223455","is_ascension_mode":true,"campfire_choices":[{"data":"MasterSpark","floor":1.0,"key":"SMITH"},{"data":"DarkMatter","floor":6.0,"key":"SMITH"},{"data":"DeepEcoloBomb","floor":8.0,"key":"SMITH"},{"data":"BlazeAway","floor":12.0,"key":"SMITH"},{"data":"ManaRampage","floor":18.0,"key":"SMITH"},{"floor":23.0,"key":"REST"},{"floor":26.0,"key":"REST"},{"floor":27.0,"key":"REST"},{"floor":35,"key":"RECALL"}],"circlet_count":0,"master_deck":["AscendersBane","Strike_MRS","Strike_MRS+1","Strike_MRS","Strike_MRS","Defend_MRS","Defend_MRS","Defend_MRS","MasterSpark+1","UpSweep","DarkMatter+1","GrandCross+1","DeepEcoloBomb+1","Acceleration","BlazeAway+1","FairyDestructionRay","CollectingQuirk+1","ManaRampage+1","6A+1","SatelliteIllusion","theJungle:PetSnecko","MillisecondPulsars","CasketOfStar","OpenUniverse+1"],"relics":["BewitchedHakkero","downfall:HeartsMalice","Question Card","Art of War","Snecko Heart","Whetstone","Strange Spoon","downfall:HeartBlessingGreen","WingedGreaves"],"acts_visited":["Exordium","Exordium","TheBeyond"],"potions_floor_usage":[33,33,36],"damage_taken":[{"damage":0.0,"enemies":"Cultist","floor":2.0,"turns":1.0},{"damage":0.0,"enemies":"downfall:FleeingMerchant","floor":3.0,"turns":1.0},{"damage":0.0,"enemies":"Small Slimes","floor":5.0,"turns":1.0},{"damage":7.0,"enemies":"Jaw Worm","floor":9.0,"turns":2.0},{"damage":0.0,"enemies":"downfall:FleeingMerchant","floor":10.0,"turns":4.0},{"damage":0.0,"enemies":"Exordium Wildlife","floor":13.0,"turns":2.0},{"damage":22.0,"enemies":"Gremlin Nob","floor":14.0,"turns":2.0},{"damage":7.0,"enemies":"Gremlin Gang","floor":15.0,"turns":2.0},{"damage":20.0,"enemies":"downfall:Watcher","floor":16.0,"turns":8.0},{"damage":49.0,"enemies":"theJungle:MUSHROOMGANG","floor":19.0,"turns":6.0},{"damage":0.0,"enemies":"downfall:FleeingMerchant","floor":21.0,"turns":4.0},{"damage":9.0,"enemies":"Shell Parasite","floor":22.0,"turns":4.0},{"damage":12.0,"enemies":"downfall:FleeingMerchant","floor":29.0,"turns":4.0},{"damage":0.0,"enemies":"Snake Plant","floor":31.0,"turns":1.0},{"damage":4.0,"enemies":"theJungle:Snecko_Cultist_And_Trap","floor":32.0,"turns":4.0},{"damage":40,"enemies":"downfall:Ironclad","floor":33,"turns":6},{"damage":0,"enemies":"Orb Walker","floor":36,"turns":2},{"damage":24,"enemies":"3 Shapes","floor":37,"turns":2},{"damage":19,"enemies":"Sphere and 2 Shapes","floor":39,"turns":3},{"damage":21,"enemies":"Jaw Worm Horde","floor":40,"turns":1}],"seed_played":"5486241600448500415","potions_obtained":[{"floor":9.0,"key":"Strength Potion"},{"floor":13.0,"key":"champ:CounterPotion"},{"floor":14.0,"key":"MagicPotion:ReiMu"},{"floor":16.0,"key":"Strength Potion"},{"floor":19.0,"key":"Weak Potion"},{"floor":31.0,"key":"Milkshake"},{"floor":39,"key":"Death Potion"}],"is_trial":false,"path_per_floor":["R","M","$","?","M","R","T","R","M","$","?","R","M","E","M","B",null,"R","M","?","$","M","R","T","?","R","R","?","$","?","M","M","B",null,"R","M","M","?","M","M"],"character_chosen":"MARISA","items_purchased":["GrandCross+1","Whetstone","Strange Spoon","MillisecondPulsars"],"campfire_rested":3,"item_purchase_floors":[3,21,21,29],"current_hp_per_floor":[68,68,68,68,68,68,68,68,61,61,61,61,61,39,32,12,59,59,10,10,10,1,23,23,23,45,67,67,55,47,47,43,3,57,57,57,33,33,14,0,0],"gold":203,"neow_bonus":"THREE_ENEMY_KILL","is_daily":false,"chose_seed":false,"campfire_upgraded":5,"win_rate":0.0,"timestamp":1610116495,"path_taken":["R","M","?","?","M","R","T","R","M","$","?","R","M","E","M","BOSS","R","M","?","$","M","R","T","?","R","R","?","$","?","M","M","BOSS","R","M","M","?","M","M"],"items_purchased_type":["Card","Relic","Relic","Card"],"build_version":"2020-12-22","purchased_purges":2,"victory":false,"max_hp_per_floor":[75,75,75,75,75,75,75,75,75,75,75,75,75,75,75,75,75,75,75,75,75,75,75,75,75,75,75,75,75,75,75,75,75,75,75,75,75,75,75,75,75],"card_choices":[{"not_picked":["GalacticHalo","SuperPerseids","WitchOfGreed"],"picked":"SKIP","floor":2.0},{"not_picked":["SuperPerseids","MysteriousBeam"],"picked":"DarkMatter","floor":3.0},{"not_picked":["ShootingEcho","SprinkleStarSeal"],"picked":"DeepEcoloBomb","floor":5.0},{"not_picked":["DC","IllusionStar","6A"],"picked":"Acceleration","floor":9.0},{"not_picked":["6A","EventHorizon","ShootingEcho"],"picked":"BlazeAway","floor":10.0},{"not_picked":["GrandCross","StarlightTyphoon","MilkyWay"],"picked":"FairyDestructionRay","floor":13.0},{"not_picked":["Acceleration","WitchLeyline","6A","MysteriousBeam"],"picked":"SKIP","floor":14.0},{"not_picked":["PowerUp","LuminesStrike","UnstableBomb"],"picked":"CollectingQuirk","floor":15.0},{"not_picked":["FinalSpark","SatelliteIllusion","SuperNova"],"picked":"ManaRampage","floor":16.0},{"not_picked":["StarlightTyphoon","UnstableBomb","Orbital"],"picked":"6A+1","floor":19.0},{"not_picked":["ShootingEcho","LuminesStrike","WitchLeyline"],"picked":"SatelliteIllusion","floor":21.0},{"not_picked":["GravityBeat","DarkSpark","GrandCross","RefractionSpark"],"picked":"SKIP","floor":22.0},{"not_picked":["EnergyRecoil","DC","GasGiant","MilkyWay"],"picked":"SKIP","floor":29.0},{"not_picked":["BlazeAway","SuperPerseids+1","EarthLightRay","WitchOfGreed+1"],"picked":"SKIP","floor":31.0},{"not_picked":["IllusionStar","MysteriousBeam","PowerUp","Acceleration"],"picked":"SKIP","floor":32.0},{"not_picked":["BlazingStar","MaximisePower","AbsoluteMagnitude"],"picked":"CasketOfStar","floor":33},{"not_picked":["LuminesStrike","StarBarrage+1","DragonMeteor"],"picked":"OpenUniverse","floor":36},{"not_picked":["StarlightTyphoon+1","DarkSpark","MagicChant+1","SuperPerseids"],"picked":"SKIP","floor":37},{"not_picked":["StarlightTyphoon+1","DarkSpark","MagicChant+1","SuperPerseids"],"picked":"SKIP","floor":37},{"not_picked":["GravityBeat+1","StarBarrage","PowerUp+1","WitchOfGreed+1"],"picked":"SKIP","floor":39}],"player_experience":1409943,"relics_obtained":[{"floor":7.0,"key":"Question Card"},{"floor":14.0,"key":"Art of War"},{"floor":24.0,"key":"WingedGreaves"}],"event_choices":[{"cards_removed":["Defend_MRS"],"damage_healed":0.0,"max_hp_gain":0.0,"max_hp_loss":0.0,"gold_gain":0.0,"event_name":"The Cleric","player_choice":"Card Removal","floor":4.0,"gold_loss":0.0,"damage_taken":0.0},{"damage_healed":0,"gold_gain":0,"player_choice":"Forge","damage_taken":0,"max_hp_gain":0,"max_hp_loss":0,"event_name":"Accursed Blacksmith","floor":38,"gold_loss":0,"cards_upgraded":["OpenUniverse"]}],"is_beta":false,"boss_relics":[{"not_picked":["SlaversCollar","Kintsugi"],"picked":"Snecko Heart"},{"not_picked":["Tiny House","expansioncontent:StudyCardRelic"],"picked":"BewitchedHakkero"}],"items_purged_floors":[21,29],"is_endless":false,"potions_floor_spawned":[9,13,14,16,19,31,39],"killed_by":"Jaw Worm Horde","ascension_level":10}}