{"host":"mydft8i2zzydgggw","time":1610128298,"event":{"mods":["AchievementEnabler","BaseMod","BetterRewards","Colored Map","Colored Powertips","DeckTracker","Keyboard Shortcuts","Minty Spire (QoL Compilation)","Quick Restart","Rare Cards Sparkle","StSLib","SuperFastMode","The Poker Player","everything is the same but u backflip on backflip"],"gold_per_floor":[113,113,38,50,62,96,96,109,158,158,183,199,209,224,224,321,321,340,439,799,815,835,835,835],"floor_reached":23,"playtime":737,"items_purged":[],"score":344,"play_id":"d380ad3c-c9e4-4bb4-bf5f-52d5cb0792d2","local_time":"20210109025138","is_ascension_mode":true,"campfire_choices":[{"floor":10.0,"key":"REST"},{"floor":15.0,"key":"REST"}],"circlet_count":0,"master_deck":["Strike_B","Strike_B","Strike_B","Strike_B","Defend_B","Defend_B","Defend_B","Defend_B+1","Zap","Dualcast","Amplify","Capacitor","Glacier+1","Glacier","Streamline","Loop","Blizzard","Coolheaded","Defragment","Go for the Eyes","Reboot","Leap","Turbo"],"relics":["Cracked Core","Ornamental Fan","Smiling Mask","War Paint","Omamori","Art of War","Calling Bell","Vajra","Mummified Hand","Pocketwatch"],"acts_visited":["Exordium","TheCity"],"potions_floor_usage":[21,22],"damage_taken":[{"damage":9.0,"enemies":"Small Slimes","floor":1.0,"turns":3.0},{"damage":1.0,"enemies":"Cultist","floor":4.0,"turns":5.0},{"damage":0.0,"enemies":"2 Louse","floor":5.0,"turns":4.0},{"damage":36.0,"enemies":"Gremlin Nob","floor":6.0,"turns":5.0},{"damage":7.0,"enemies":"Large Slime","floor":8.0,"turns":9.0},{"damage":8.0,"enemies":"3 Sentries","floor":11.0,"turns":3.0},{"damage":20.0,"enemies":"Lots of Slimes","floor":12.0,"turns":5.0},{"damage":4.0,"enemies":"Blue Slaver","floor":13.0,"turns":3.0},{"damage":1.0,"enemies":"Looter","floor":14.0,"turns":5.0},{"damage":0.0,"enemies":"Hexaghost","floor":16.0,"turns":16.0},{"damage":0.0,"enemies":"3 Byrds","floor":18.0,"turns":8.0},{"damage":0,"enemies":"2 Thieves","floor":21,"turns":4},{"damage":2,"enemies":"Shelled Parasite and Fungi","floor":22,"turns":7},{"damage":22,"enemies":"Slavers","floor":23,"turns":1}],"seed_played":"-4190192237886852092","potions_obtained":[{"floor":1.0,"key":"DistilledChaos"},{"floor":4.0,"key":"Energy Potion"},{"floor":6.0,"key":"Swift Potion"},{"floor":8.0,"key":"PowerPotion"},{"floor":21,"key":"Weak Potion"}],"is_trial":false,"path_per_floor":["M","?","$","M","M","E","?","M","T","R","E","M","M","M","R","B",null,"M","?","?","M","M","E"],"character_chosen":"DEFECT","items_purchased":["Glacier"],"campfire_rested":2,"item_purchase_floors":[3],"current_hp_per_floor":[59,56,56,55,55,19,19,12,12,34,26,6,2,1,23,23,62,62,62,20,20,18,0,0],"gold":835,"neow_bonus":"ONE_RANDOM_RARE_CARD","is_daily":false,"chose_seed":false,"campfire_upgraded":0,"win_rate":0.0,"timestamp":1610128298,"path_taken":["M","?","$","M","M","E","?","M","T","R","E","M","?","M","R","BOSS","M","?","?","?","M","E"],"items_purchased_type":["Card"],"build_version":"2020-12-22","purchased_purges":0,"victory":false,"max_hp_per_floor":[75,75,75,75,75,75,75,75,75,75,75,75,75,75,75,75,75,75,75,75,75,75,75,75],"card_choices":[{"not_picked":["Blizzard","Fusion"],"picked":"Capacitor","floor":1.0},{"not_picked":["Barrage","Hologram"],"picked":"Glacier","floor":4.0},{"not_picked":["Ball Lightning","Steam"],"picked":"Streamline","floor":5.0},{"not_picked":["Glacier","Rebound"],"picked":"Loop","floor":6.0},{"not_picked":["Hyperbeam","Coolheaded"],"picked":"Blizzard","floor":8.0},{"not_picked":["Aggregate","Hologram"],"picked":"Coolheaded","floor":11.0},{"not_picked":["Darkness","Stack","Streamline"],"picked":"SKIP","floor":12.0},{"not_picked":["Cold Snap","Steam"],"picked":"Defragment","floor":13.0},{"not_picked":["Fusion","Chaos"],"picked":"Go for the Eyes","floor":14.0},{"not_picked":["Multi-Cast","Hyperbeam"],"picked":"Reboot","floor":16.0},{"not_picked":["Ball Lightning+1","Cold Snap+1","Hologram"],"picked":"SKIP","floor":18.0},{"not_picked":["Lockon","Rebound"],"picked":"Leap","floor":21},{"not_picked":["Rebound","Conserve Battery"],"picked":"Turbo","floor":22}],"player_experience":140409,"relics_obtained":[{"floor":6.0,"key":"Smiling Mask"},{"floor":9.0,"key":"Omamori"},{"floor":11.0,"key":"Art of War"},{"floor":17.0,"key":"Vajra"},{"floor":17.0,"key":"Mummified Hand"},{"floor":17.0,"key":"Pocketwatch"}],"event_choices":[{"damage_healed":0.0,"max_hp_gain":0.0,"max_hp_loss":0.0,"gold_gain":0.0,"event_name":"Scrap Ooze","player_choice":"Success","floor":2.0,"gold_loss":0.0,"damage_taken":3.0,"relics_obtained":["Ornamental Fan"]},{"damage_healed":0.0,"max_hp_gain":0.0,"max_hp_loss":0.0,"gold_gain":0.0,"event_name":"WeMeetAgain","player_choice":"Gave Potion","floor":7.0,"gold_loss":0.0,"damage_taken":0.0,"relics_obtained":["War Paint"]},{"damage_healed":0.0,"max_hp_gain":0.0,"max_hp_loss":0.0,"gold_gain":99.0,"event_name":"Nest","player_choice":"Stole From Cult","floor":19.0,"gold_loss":0.0,"damage_taken":0.0},{"damage_healed":0.0,"max_hp_gain":0.0,"max_hp_loss":0.0,"gold_gain":360.0,"event_name":"Knowing Skull","player_choice":"POTION GOLD GOLD GOLD GOLD ","floor":20.0,"potions_obtained":["AttackPotion"],"gold_loss":0.0,"damage_taken":42.0,"cards_obtained":[]}],"is_beta":false,"boss_relics":[{"not_picked":["Velvet Choker","Sozu"],"picked":"Calling Bell"}],"items_purged_floors":[],"is_endless":false,"potions_floor_spawned":[1,4,6,8,21],"killed_by":"Slavers","ascension_level":7}}