{"host":"6ilae7ewjeys3uzr","time":1610130893,"event":{"mods":["AchievementEnabler","BaseMod","Hermit","Marisa????????","Minty Spire (QoL Compilation)","Quick Restart","StSLib","The Cursed"],"gold_per_floor":[109,109,129,149,149,174,174,99,99,119,19,19,46,76,76,76,76],"floor_reached":16,"playtime":276,"items_purged":["Strike_P","Defend_P"],"score":133,"play_id":"77256fe6-4d87-4e5b-bcb5-f7e8b1364e9e","local_time":"20210108193453","is_ascension_mode":false,"campfire_choices":[{"floor":7,"key":"REST"},{"data":"Eruption","floor":15,"key":"SMITH"}],"circlet_count":0,"master_deck":["Strike_P","Strike_P","Strike_P","Defend_P","Defend_P","Eruption+1","Vigilance"],"relics":["PureWater","Kunai","Omamori","Potion Belt","MealTicket","Happy Flower"],"acts_visited":["Exordium"],"potions_floor_usage":[10,14,16],"damage_taken":[{"damage":6,"enemies":"Jaw Worm","floor":1,"turns":3},{"damage":7,"enemies":"Cultist","floor":3,"turns":3},{"damage":0,"enemies":"Small Slimes","floor":4,"turns":2},{"damage":20,"enemies":"Lagavulin","floor":6,"turns":5},{"damage":0,"enemies":"Exordium Wildlife","floor":10,"turns":3},{"damage":0,"enemies":"Gremlin Nob","floor":14,"turns":2},{"damage":77,"enemies":"Slime Boss","floor":16,"turns":6}],"seed_played":"3903804873607001641","potions_obtained":[{"floor":1,"key":"FearPotion"},{"floor":6,"key":"Fire Potion"},{"floor":14,"key":"Dexterity Potion"}],"is_trial":false,"path_per_floor":["M","?","M","M","?","E","R","$","T","M","$","?","T","E","R","B"],"character_chosen":"WATCHER","items_purchased":[],"campfire_rested":1,"item_purchase_floors":[],"current_hp_per_floor":[66,66,59,59,47,27,48,48,48,48,48,72,72,72,72,0,0],"gold":76,"neow_bonus":"REMOVE_CARD","is_daily":false,"chose_seed":false,"campfire_upgraded":1,"win_rate":0.0,"timestamp":1610130893,"path_taken":["M","?","?","M","?","E","R","$","T","M","$","?","?","E","R","BOSS"],"items_purchased_type":[],"build_version":"2020-12-22","purchased_purges":2,"victory":false,"max_hp_per_floor":[72,72,72,72,72,72,72,72,72,72,72,72,72,72,72,72,72],"card_choices":[{"not_picked":["TalkToTheHand","Crescendo","SandsOfTime"],"picked":"SKIP","floor":1},{"not_picked":["EmptyMind","MentalFortress","CutThroughFate"],"picked":"SKIP","floor":3},{"not_picked":["JustLucky","ThirdEye","SashWhip"],"picked":"SKIP","floor":4},{"not_picked":["Prostrate","EmptyBody","Perseverance"],"picked":"SKIP","floor":6},{"not_picked":["FlurryOfBlows","FlyingSleeves","Conclude"],"picked":"SKIP","floor":10},{"not_picked":["ConjureBlade","JustLucky","Consecrate"],"picked":"SKIP","floor":14}],"player_experience":245056,"relics_obtained":[{"floor":6,"key":"Omamori"},{"floor":9,"key":"Potion Belt"},{"floor":13,"key":"MealTicket"},{"floor":14,"key":"Happy Flower"}],"event_choices":[{"damage_healed":0,"gold_gain":0,"player_choice":"Ignored","damage_taken":0,"max_hp_gain":0,"max_hp_loss":0,"event_name":"NoteForYourself","floor":2,"gold_loss":0},{"damage_healed":0,"gold_gain":0,"player_choice":"Success","damage_taken":12,"relics_obtained":["Kunai"],"max_hp_gain":0,"max_hp_loss":0,"event_name":"Scrap Ooze","floor":5,"gold_loss":0},{"damage_healed":24,"gold_gain":0,"player_choice":"Banana","damage_taken":0,"max_hp_gain":0,"max_hp_loss":0,"event_name":"Big Fish","floor":12,"gold_loss":0}],"is_beta":false,"boss_relics":[],"items_purged_floors":[8,11],"is_endless":false,"potions_floor_spawned":[1,6,14],"killed_by":"Slime Boss","ascension_level":0}}