{"host":"oiw60b5ins9fyx34","time":1610101263,"event":{"mods":["BaseMod","Colored Powertips","Minty Spire (QoL Compilation)","Permanent Neow","Quick Restart","Relic Stats","StSLib"],"gold_per_floor":[118,43,43,55,68,95,95,107,131,147,147,34,34,62,62,162,162,177,191,205,216,315,315,315],"floor_reached":23,"playtime":1120,"items_purged":[],"score":203,"play_id":"daaa759f-c7a1-40ae-af3b-c99fcf8642ab","local_time":"20210108192103","is_ascension_mode":false,"campfire_choices":[{"data":"TalkToTheHand","floor":7,"key":"SMITH"},{"floor":13,"key":"REST"},{"floor":15,"key":"REST"}],"circlet_count":0,"master_deck":["Strike_P","Strike_P","Strike_P","Strike_P","Defend_P","Defend_P","Defend_P","Defend_P","Eruption","Vigilance","WindmillStrike","Indignation","FollowUp","DevaForm","TalkToTheHand+1","FlurryOfBlows","Adaptation","Wireheading","InnerPeace","InnerPeace","Establishment","TalkToTheHand","BowlingBash","CrushJoints+1"],"relics":["Runic Pyramid","Damaru","Anchor","Art of War","Philosopher\u0027s Stone"],"acts_visited":["Exordium","TheCity"],"potions_floor_usage":[16,18],"damage_taken":[{"damage":3,"enemies":"Small Slimes","floor":1,"turns":3},{"damage":0,"enemies":"Cultist","floor":4,"turns":2},{"damage":0,"enemies":"2 Louse","floor":5,"turns":3},{"damage":25,"enemies":"Gremlin Nob","floor":6,"turns":4},{"damage":20,"enemies":"Lots of Slimes","floor":8,"turns":4},{"damage":9,"enemies":"Blue Slaver","floor":10,"turns":4},{"damage":27,"enemies":"3 Sentries","floor":14,"turns":5},{"damage":23,"enemies":"The Guardian","floor":16,"turns":9},{"damage":11,"enemies":"Shell Parasite","floor":18,"turns":5},{"damage":0,"enemies":"Chosen","floor":19,"turns":4},{"damage":17,"enemies":"Centurion and Healer","floor":20,"turns":6},{"damage":26,"enemies":"Snecko","floor":21,"turns":5},{"damage":29,"enemies":"Book of Stabbing","floor":23,"turns":3}],"seed_played":"-8006289455296449867","potions_obtained":[{"floor":1,"key":"Ambrosia"},{"floor":4,"key":"Regen Potion"},{"floor":8,"key":"SmokeBomb"},{"floor":16,"key":"Fruit Juice"},{"floor":18,"key":"Fire Potion"},{"floor":20,"key":"PowerPotion"}],"is_trial":false,"path_per_floor":["M","$","?","M","M","E","R","M","T","M","?","$","R","E","R","B",null,"M","M","M","M","?","E"],"character_chosen":"WATCHER","items_purchased":["Indignation","Wireheading","InnerPeace"],"campfire_rested":2,"item_purchase_floors":[2,12,12],"current_hp_per_floor":[69,69,69,69,69,44,44,24,24,15,15,15,36,9,30,22,72,66,66,49,23,23,0,0],"gold":315,"neow_bonus":"BOSS_RELIC","is_daily":false,"chose_seed":false,"campfire_upgraded":1,"win_rate":0.0,"timestamp":1610101263,"path_taken":["M","$","?","M","M","E","R","M","T","?","?","$","R","E","R","BOSS","M","?","M","M","?","E"],"items_purchased_type":["Card","Card","Card"],"build_version":"2020-12-22","purchased_purges":0,"victory":false,"max_hp_per_floor":[72,72,72,72,72,72,72,72,72,72,72,72,72,72,72,72,72,77,77,77,77,77,77,77],"relic_stats":{"counters":[13,57],"Art of War":[3],"obtain_stats":[{"Anchor":9,"Damaru":6,"Philosopher\u0027s Stone":17,"Art of War":14,"PureWater":0,"Runic Pyramid":0},{"Anchor":5,"Damaru":4,"Philosopher\u0027s Stone":8,"Art of War":7,"PureWater":0,"Runic Pyramid":0},{"Anchor":16,"Damaru":12,"Philosopher\u0027s Stone":34,"Art of War":25,"PureWater":0,"Runic Pyramid":0}]},"card_choices":[{"not_picked":["FlyingSleeves","SashWhip"],"picked":"WindmillStrike","floor":1},{"not_picked":["Prostrate","SashWhip"],"picked":"FollowUp","floor":4},{"not_picked":["SashWhip","Perseverance"],"picked":"DevaForm","floor":5},{"not_picked":["Conclude","Vengeance"],"picked":"TalkToTheHand","floor":6},{"not_picked":["Study","BattleHymn"],"picked":"FlurryOfBlows","floor":8},{"not_picked":["Study","EmptyBody"],"picked":"Adaptation","floor":10},{"not_picked":["EmptyFist","WreathOfFlame"],"picked":"InnerPeace","floor":14},{"not_picked":["MasterReality","ConjureBlade"],"picked":"Establishment","floor":16},{"not_picked":["BattleHymn","ThirdEye","JustLucky"],"picked":"SKIP","floor":18},{"not_picked":["FlyingSleeves+1","Halt"],"picked":"TalkToTheHand","floor":19},{"not_picked":["EmptyBody","ThirdEye"],"picked":"BowlingBash","floor":20},{"not_picked":["EmptyFist+1","BowlingBash"],"picked":"CrushJoints+1","floor":21}],"player_experience":555948,"relics_obtained":[{"floor":6,"key":"Damaru"},{"floor":9,"key":"Anchor"},{"floor":14,"key":"Art of War"}],"event_choices":[{"damage_healed":0,"gold_gain":0,"player_choice":"Cursed","damage_taken":0,"max_hp_gain":0,"max_hp_loss":0,"event_name":"Wheel of Change","floor":3,"gold_loss":0,"cards_obtained":["Decay"]},{"cards_removed":["Decay"],"damage_healed":0,"gold_gain":0,"player_choice":"Removed Curses","damage_taken":0,"max_hp_gain":0,"max_hp_loss":0,"event_name":"Fountain of Cleansing","floor":11,"gold_loss":0},{"damage_healed":0,"gold_gain":99,"player_choice":"Stole From Cult","damage_taken":0,"max_hp_gain":0,"max_hp_loss":0,"event_name":"Nest","floor":22,"gold_loss":0}],"is_beta":false,"boss_relics":[{"not_picked":["Calling Bell","Tiny House"],"picked":"Philosopher\u0027s Stone"}],"items_purged_floors":[],"is_endless":false,"potions_floor_spawned":[1,4,8,16,18,20],"killed_by":"Book of Stabbing","ascension_level":0}}