{"host":"gl7gfqdgzaxu5sie","time":1610111478,"event":{"mods":["AchievementEnabler","BaseMod","Colored Map","DeckTracker","Minty Spire (QoL Compilation)"],"gold_per_floor":[111,122,134,144,144,144,178,67,91,91,91,41,41,41,41,41,41],"floor_reached":16,"playtime":567,"items_purged":["Injury"],"score":147,"play_id":"69e30098-91fa-446a-8b3a-eeb94a580377","local_time":"20210108221118","is_ascension_mode":true,"campfire_choices":[{"data":"Searing Blow","floor":6,"key":"SMITH"},{"data":"Searing Blow+1","floor":10,"key":"SMITH"},{"data":"Searing Blow+2","floor":13,"key":"SMITH"},{"data":"Searing Blow+3","floor":15,"key":"SMITH"}],"circlet_count":0,"master_deck":["AscendersBane","Strike_R","Strike_R","Strike_R","Defend_R","Defend_R+1","Defend_R","Defend_R","Bash","Second Wind","Rage+1","Searing Blow+4","Armaments","Feel No Pain"],"relics":["Burning Blood","Golden Idol","War Paint"],"acts_visited":["Exordium"],"potions_floor_usage":[7],"damage_taken":[{"damage":23,"enemies":"Small Slimes","floor":1,"turns":5},{"damage":4,"enemies":"2 Louse","floor":2,"turns":4},{"damage":1,"enemies":"Jaw Worm","floor":3,"turns":3},{"damage":5,"enemies":"2 Fungi Beasts","floor":4,"turns":5},{"damage":26,"enemies":"3 Sentries","floor":7,"turns":16},{"damage":44,"enemies":"Hexaghost","floor":16,"turns":9}],"seed_played":"-1005274341577669105","potions_obtained":[{"floor":1,"key":"HeartOfIron"},{"floor":4,"key":"BloodPotion"},{"floor":7,"key":"Swift Potion"}],"is_trial":false,"path_per_floor":["M","M","M","M","?","R","E","$","T","R","$","?","R","$","R","B"],"character_chosen":"IRONCLAD","items_purchased":["Feel No Pain"],"campfire_rested":0,"item_purchase_floors":[8],"current_hp_per_floor":[55,57,62,63,63,63,43,43,43,43,43,43,43,43,43,0,0],"gold":41,"neow_bonus":"REMOVE_CARD","is_daily":false,"chose_seed":false,"campfire_upgraded":4,"win_rate":0.0,"timestamp":1610111478,"path_taken":["M","M","M","M","?","R","E","$","T","R","$","?","R","?","R","BOSS"],"items_purchased_type":["Card"],"build_version":"2020-12-22","purchased_purges":1,"victory":false,"max_hp_per_floor":[80,80,80,80,80,80,80,80,80,80,80,80,80,80,80,80,80],"card_choices":[{"not_picked":["Combust","True Grit"],"picked":"Second Wind","floor":1},{"not_picked":["Anger","Havoc"],"picked":"Rage","floor":2},{"not_picked":["Sever Soul","Perfected Strike"],"picked":"Searing Blow","floor":3},{"not_picked":["Seeing Red","Sword Boomerang","Warcry"],"picked":"SKIP","floor":4},{"not_picked":["Battle Trance","Bloodletting"],"picked":"Armaments","floor":7}],"player_experience":583275,"relics_obtained":[{"floor":7,"key":"War Paint"}],"event_choices":[{"damage_healed":0,"gold_gain":0,"player_choice":"Take Wound","damage_taken":0,"relics_obtained":["Golden Idol"],"max_hp_gain":0,"max_hp_loss":0,"event_name":"Golden Idol","floor":5,"gold_loss":0,"cards_obtained":["Injury"]},{"cards_removed":["Strike_R"],"damage_healed":0,"gold_gain":0,"player_choice":"Card Removal","damage_taken":0,"max_hp_gain":0,"max_hp_loss":0,"event_name":"The Cleric","floor":12,"gold_loss":50}],"is_beta":false,"boss_relics":[],"items_purged_floors":[8],"is_endless":false,"potions_floor_spawned":[1,4,7],"killed_by":"Hexaghost","ascension_level":10}}