{"host":"96dqtlax74dz00hw","time":1610085448,"event":{"mods":["Bard","BaseMod","Colored Powertips","Minty Spire (QoL Compilation)","Permanent Neow","Rare Cards Sparkle","StSLib","The Cursed","The Disciple","The IronCluck","The Problem Sleuth"],"gold_per_floor":[116,191,191,191,209,243,266,266,266,266,266,4,4,4,4,104,104,123,123,23,23,43,77,77,87,87,87,107,133,151,161,161,262,262,282,299,174,185,185,199,199,199,252,281,299,75,86,111,111,111],"floor_reached":51,"playtime":3793,"items_purged":["theSleuth:Strike","Pain","theSleuth:FoolPlate+1"],"score":743,"play_id":"572728f5-dfd0-47fd-a0df-8ce953de0335","local_time":"20210107215728","is_ascension_mode":false,"campfire_choices":[{"data":"Discovery","floor":8,"key":"SMITH"},{"data":"theSleuth:Leer","floor":10,"key":"SMITH"},{"data":"theSleuth:TakeInventory","floor":15,"key":"SMITH"},{"data":"theSleuth:CandyCornVampire","floor":27,"key":"SMITH"},{"data":"theSleuth:RetrieveArms","floor":32,"key":"SMITH"},{"data":"theSleuth:GummyWormZombie","floor":41,"key":"SMITH"},{"data":"theSleuth:Parry","floor":49,"key":"SMITH"}],"circlet_count":0,"master_deck":["theSleuth:Defend","theSleuth:KeyHandgun","theSleuth:TakeInventory+1","theSleuth:Diplomacy","Discovery+1","theSleuth:Pepperminthryl","theSleuth:BenStillerBust","theSleuth:RetrieveArms+1","theSleuth:Leer+1","theSleuth:CandyCornVampire+1","theSleuth:BenStillerBust","theSleuth:GummyWormZombie+1","theSleuth:Ignore","theSleuth:Pepperminthryl","theSleuth:ThinkAhead+1","theSleuth:KeyringTommygun","theSleuth:TruffleShuffle+1","theSleuth:ThinkAhead+1","theSleuth:Diabeatdown","theSleuth:WizardSudoku+1","theSleuth:BellyOTheWhale+1","theSleuth:Pepperminthryl+1","theSleuth:Parry+1","theSleuth:SnoopDoggBust+1","theSleuth:KingpinBust+1","theSleuth:Treaty+1","theSleuth:Parry+1","theSleuth:Ignore+1","theSleuth:FudgeDeck","theSleuth:HeartStab"],"relics":["theSleuth:Typewriter","StoneCalendar","Happy Flower","Odd Mushroom","Bag of Marbles","Runic Dome","WarpedTongs","Toxic Egg 2","Gambling Chip","Bottled Flame","Meat on the Bone","theSleuth:Tectrixcalibur","Astrolabe","Juzu Bracelet","MealTicket","Ice Cream"],"acts_visited":["Exordium","TheCity","TheBeyond"],"potions_floor_usage":[7,25,29,31,33,40,48,50,50,50],"damage_taken":[{"damage":0,"enemies":"Small Slimes","floor":1,"turns":4},{"damage":2,"enemies":"Cultist","floor":5,"turns":4},{"damage":20,"enemies":"3 Sentries","floor":6,"turns":7},{"damage":0,"enemies":"The Mushroom Lair","floor":7,"turns":3},{"damage":30,"enemies":"Slime Boss","floor":16,"turns":7},{"damage":4,"enemies":"2 Thieves","floor":18,"turns":4},{"damage":0,"enemies":"3 Byrds","floor":22,"turns":5},{"damage":12,"enemies":"Slavers","floor":23,"turns":7},{"damage":1,"enemies":"Centurion and Healer","floor":25,"turns":7},{"damage":0,"enemies":"Sentry and Sphere","floor":28,"turns":3},{"damage":28,"enemies":"Book of Stabbing","floor":29,"turns":7},{"damage":0,"enemies":"Snecko","floor":30,"turns":5},{"damage":0,"enemies":"3 Cultists","floor":31,"turns":5},{"damage":22,"enemies":"Collector","floor":33,"turns":13},{"damage":0,"enemies":"Orb Walker","floor":35,"turns":5},{"damage":0,"enemies":"3 Shapes","floor":36,"turns":2},{"damage":0,"enemies":"Spire Growth","floor":38,"turns":4},{"damage":0,"enemies":"Sphere and 2 Shapes","floor":40,"turns":1},{"damage":6,"enemies":"Nemesis","floor":44,"turns":6},{"damage":15,"enemies":"3 Darklings","floor":45,"turns":3},{"damage":0,"enemies":"Transient","floor":47,"turns":5},{"damage":0,"enemies":"Giant Head","floor":48,"turns":8},{"damage":16,"enemies":"Donu and Deca","floor":50,"turns":9}],"seed_played":"3689200188304097342","potions_obtained":[{"floor":1,"key":"Block Potion"},{"floor":18,"key":"FearPotion"},{"floor":25,"key":"Explosive Potion"},{"floor":28,"key":"Dexterity Potion"},{"floor":31,"key":"ColorlessPotion"},{"floor":33,"key":"SneckoOil"},{"floor":35,"key":"CultistPotion"},{"floor":38,"key":"SkillPotion"},{"floor":48,"key":"Fire Potion"}],"is_trial":false,"path_per_floor":["M","?","?","?","M","E","?","R","T","R","?","$","?","?","R","B",null,"M","?","$","$","M","E","?","M","T","R","M","E","M","M","R","B",null,"M","M","$","M","?","M","R","?","T","E","M","$","M","E","R","B",null],"character_chosen":"THE_sleuth","items_purchased":["theSleuth:CandyCornVampire","theSleuth:BenStillerBust","theSleuth:Ignore+1","theSleuth:FudgeDeck","AttackPotion","BlessingOfTheForge"],"campfire_rested":0,"item_purchase_floors":[12,12,46,46,46,46],"current_hp_per_floor":[73,62,50,50,48,28,28,28,28,28,21,21,45,45,45,15,73,69,69,69,69,69,57,57,56,56,56,56,28,40,40,40,30,73,73,73,73,73,73,73,73,73,73,67,52,67,67,67,67,51],"gold":111,"neow_bonus":"RANDOM_COLORLESS","is_daily":false,"chose_seed":false,"campfire_upgraded":7,"win_rate":0.0,"timestamp":1610085448,"path_taken":["M","?","?","?","M","E","?","R","T","R","?","$","?","?","R","BOSS","M","?","?","$","?","E","?","M","T","R","M","E","M","M","R","BOSS","M","M","$","M","?","M","R","?","T","E","M","$","M","E","R","BOSS"],"items_purchased_type":["Card","Card","Card","Card","Potion","Potion"],"build_version":"2020-12-22","purchased_purges":3,"victory":true,"max_hp_per_floor":[73,73,73,73,73,73,73,73,73,73,73,73,73,73,73,73,73,73,73,73,73,73,73,73,73,73,73,73,73,73,73,73,73,73,73,73,73,73,73,73,73,73,73,73,73,73,73,73,73,73],"card_choices":[{"not_picked":["Purity","Good Instincts"],"picked":"Discovery","floor":0},{"not_picked":["theSleuth:PezUzi","theSleuth:WilsonBust"],"picked":"theSleuth:Pepperminthryl","floor":1},{"not_picked":["theSleuth:FoolPlate","theSleuth:KeyringTommygun"],"picked":"theSleuth:BenStillerBust","floor":5},{"not_picked":["theSleuth:SpadeDig","theSleuth:HandCannon"],"picked":"theSleuth:RetrieveArms","floor":6},{"not_picked":["theSleuth:Taze","theSleuth:BellyOTheWhale"],"picked":"theSleuth:Leer","floor":7},{"not_picked":["theSleuth:BrassTacks","theSleuth:RollBoxcars"],"picked":"theSleuth:GummyWormZombie","floor":16},{"not_picked":["theSleuth:BellyOTheWhale+1","theSleuth:BiteHardly"],"picked":"theSleuth:Ignore","floor":18},{"not_picked":["theSleuth:Ogle","theSleuth:VictoryPose"],"picked":"theSleuth:Pepperminthryl","floor":22},{"not_picked":["theSleuth:CandyCorn+1","theSleuth:Fortune+1","theSleuth:Treaty+1"],"picked":"SKIP","floor":23},{"not_picked":["theSleuth:BiteHardly","theSleuth:Frijolaegis+1"],"picked":"theSleuth:ThinkAhead+1","floor":25},{"not_picked":["theSleuth:Ogle+1","theSleuth:BellyOTheWhale+1","theSleuth:RollBoxcars+1"],"picked":"SKIP","floor":28},{"not_picked":["theSleuth:CharismaBlast","theSleuth:SpadeDig+1"],"picked":"theSleuth:KeyringTommygun","floor":29},{"not_picked":["theSleuth:WilsonBust+1","theSleuth:RetainReturn+1"],"picked":"theSleuth:TruffleShuffle+1","floor":30},{"not_picked":["theSleuth:SnoopDoggBust+1","theSleuth:BellyOTheWhale"],"picked":"theSleuth:ThinkAhead+1","floor":31},{"not_picked":["theSleuth:MobRule+1","theSleuth:RollBoxcars+1"],"picked":"theSleuth:Diabeatdown","floor":33},{"not_picked":["theSleuth:HandCannon","theSleuth:PezUzi"],"picked":"theSleuth:Pepperminthryl+1","floor":35},{"not_picked":["theSleuth:BenStillerBust","theSleuth:Distill+1"],"picked":"theSleuth:Parry+1","floor":36},{"not_picked":["theSleuth:CharismaBlast+1","theSleuth:DiamondArmor+1"],"picked":"theSleuth:SnoopDoggBust+1","floor":38},{"not_picked":["theSleuth:BellyOTheWhale","theSleuth:Treaty+1"],"picked":"theSleuth:KingpinBust+1","floor":40},{"not_picked":["theSleuth:UnDeEscalate+1","theSleuth:BellyOTheWhale+1"],"picked":"theSleuth:Parry","floor":44},{"not_picked":["theSleuth:BellyOTheWhale+1","theSleuth:FlaskOfWhiskey+1","theSleuth:Treaty+1"],"picked":"SKIP","floor":45},{"not_picked":["theSleuth:CharismaBlast","theSleuth:TorsoFlail+1","theSleuth:TruffleShuffle"],"picked":"SKIP","floor":47},{"not_picked":["theSleuth:Taze","theSleuth:CandyCorn+1"],"picked":"theSleuth:HeartStab","floor":48}],"player_experience":859996,"relics_obtained":[{"floor":6,"key":"Happy Flower"},{"floor":7,"key":"Odd Mushroom"},{"floor":9,"key":"Bag of Marbles"},{"floor":23,"key":"Toxic Egg 2"},{"floor":26,"key":"Bottled Flame"},{"floor":29,"key":"Meat on the Bone"},{"floor":43,"key":"Juzu Bracelet"},{"floor":44,"key":"MealTicket"},{"floor":48,"key":"Ice Cream"}],"event_choices":[{"damage_healed":0,"gold_gain":75,"player_choice":"Gather Gold","damage_taken":11,"max_hp_gain":0,"max_hp_loss":0,"event_name":"World of Goop","floor":2,"gold_loss":0},{"damage_healed":0,"gold_gain":0,"player_choice":"Success","damage_taken":12,"relics_obtained":["StoneCalendar"],"max_hp_gain":0,"max_hp_loss":0,"event_name":"Scrap Ooze","floor":3,"gold_loss":0},{"damage_healed":0,"gold_gain":0,"player_choice":"Ignored","damage_taken":0,"max_hp_gain":0,"max_hp_loss":0,"event_name":"Liars Game","floor":4,"gold_loss":0},{"damage_healed":0,"gold_gain":0,"player_choice":"Fought Mushrooms","damage_taken":0,"max_hp_gain":0,"max_hp_loss":0,"event_name":"Mushrooms","floor":7,"gold_loss":0},{"cards_removed":["theSleuth:Strike"],"damage_healed":0,"gold_gain":0,"player_choice":"Card Removal","damage_taken":7,"max_hp_gain":0,"max_hp_loss":0,"event_name":"Golden Wing","floor":11,"gold_loss":0},{"damage_healed":24,"gold_gain":0,"player_choice":"Banana","damage_taken":0,"max_hp_gain":0,"max_hp_loss":0,"event_name":"Big Fish","floor":13,"gold_loss":0},{"damage_healed":0,"gold_gain":0,"player_choice":"Rummage","damage_taken":0,"relics_obtained":["WarpedTongs"],"max_hp_gain":0,"max_hp_loss":0,"event_name":"Accursed Blacksmith","floor":19,"gold_loss":0,"cards_obtained":["Pain"]},{"damage_healed":0,"gold_gain":0,"player_choice":"Opened","damage_taken":0,"relics_obtained":["Gambling Chip"],"max_hp_gain":0,"max_hp_loss":0,"event_name":"The Mausoleum","floor":24,"gold_loss":0},{"damage_healed":0,"gold_gain":0,"player_choice":"Ignored","damage_taken":0,"max_hp_gain":0,"max_hp_loss":0,"event_name":"Tomb of Lord Red Mask","floor":39,"gold_loss":0},{"damage_healed":0,"gold_gain":0,"cards_transformed":["theSleuth:Defend"],"player_choice":"Transformed","damage_taken":0,"max_hp_gain":0,"max_hp_loss":0,"event_name":"Transmorgrifier","floor":42,"gold_loss":0,"cards_obtained":["theSleuth:Treaty"]}],"is_beta":false,"boss_relics":[{"not_picked":["Tiny House","Philosopher\u0027s Stone"],"picked":"Runic Dome"},{"not_picked":["Velvet Choker","Calling Bell"],"picked":"Astrolabe"}],"items_purged_floors":[12,20,37],"is_endless":false,"potions_floor_spawned":[1,18,25,28,31,33,35,38,48],"ascension_level":0}}