{"host":"xkmvu47k9fdstweo","time":1610136308,"event":{"mods":["BaseMod","Colored Map","Conspire","Hubris","Minty Spire (QoL Compilation)","Quick Restart","Railgun Mod","Shop Mod","StSLib","The Alterego","The Servant 0.9.4","The Wild Card","TheBandit","WarShipGirlsR/??è≠èóR mod","vexMod"],"gold_per_floor":[111,42,4,4,17,45,59,59,85,112,112,131,131,158,158,261,261,278,278],"floor_reached":18,"playtime":434,"items_purged":[],"score":358,"play_id":"2fe4435f-b52c-4f96-86e0-439e8bb48747","local_time":"20210108150508","is_ascension_mode":true,"campfire_choices":[{"data":"Armaments","floor":8.0,"key":"SMITH"},{"data":"Rampage","floor":15.0,"key":"SMITH"}],"circlet_count":0,"master_deck":["AscendersBane","conspire:GhostlyStrike","conspire:GhostlyStrike","conspire:GhostlyStrike","conspire:GhostlyStrike","conspire:GhostlyDefend","conspire:GhostlyDefend+1","conspire:GhostlyDefend","conspire:GhostlyDefend+1","Bash","Armaments+1","Combust","Anger","Pommel Strike","Impervious","Searing Blow","Double Tap","Rampage+1","Juggernaut","Flex"],"relics":["Burning Blood","NeowsBlessing","War Paint","vexMod:BarristanHead","Bag of Preparation","Lantern","vexMod:TanglingVine"],"acts_visited":["Exordium","TheCity"],"potions_floor_usage":[],"damage_taken":[{"damage":0.0,"enemies":"2 Louse","floor":1.0,"turns":1.0},{"damage":0.0,"enemies":"Jaw Worm","floor":5.0,"turns":1.0},{"damage":0.0,"enemies":"Gremlin Nob","floor":6.0,"turns":1.0},{"damage":0.0,"enemies":"Small Slimes","floor":7.0,"turns":2.0},{"damage":27.0,"enemies":"Lagavulin","floor":10.0,"turns":7.0},{"damage":9.0,"enemies":"Red Slaver","floor":12.0,"turns":5.0},{"damage":11.0,"enemies":"3 Sentries","floor":14.0,"turns":7.0},{"damage":44.0,"enemies":"The Guardian","floor":16.0,"turns":11.0},{"damage":19,"enemies":"Shell Parasite","floor":18,"turns":4}],"seed_played":"-2099037972011575727","potions_obtained":[{"floor":5.0,"key":"Explosive Potion"},{"floor":10.0,"key":"HeartOfIron"},{"floor":12.0,"key":"GamblersBrew"},{"floor":14.0,"key":"DuplicationPotion"},{"floor":16.0,"key":"FearPotion"}],"is_trial":false,"path_per_floor":["M","$","?","?","M","E","M","R","T","E","?","M","?","E","R","B",null,"M"],"character_chosen":"IRONCLAD","items_purchased":["Combust"],"campfire_rested":0,"item_purchase_floors":[2],"current_hp_per_floor":[78,78,78,71,77,80,80,80,80,59,59,56,56,51,51,13,63,50,50],"gold":278,"neow_bonus":"THREE_ENEMY_KILL","is_daily":false,"chose_seed":false,"campfire_upgraded":2,"win_rate":0.0,"timestamp":1610136308,"path_taken":["M","$","?","?","M","E","M","R","T","E","?","M","?","E","R","BOSS","M"],"items_purchased_type":["Card"],"build_version":"2020-12-22","purchased_purges":0,"victory":false,"max_hp_per_floor":[80,80,80,80,80,80,80,80,80,80,80,80,80,80,80,80,80,80,80],"card_choices":[{"not_picked":["hubris:ReadiedAction","Hemokinesis"],"picked":"Armaments","floor":1.0},{"not_picked":["Warcry","Havoc"],"picked":"Anger","floor":5.0},{"not_picked":["Armaments","Warcry"],"picked":"Pommel Strike","floor":6.0},{"not_picked":["Thunderclap","True Grit"],"picked":"Impervious","floor":7.0},{"not_picked":["Wild Strike","Fire Breathing"],"picked":"Searing Blow","floor":10.0},{"not_picked":["Wild Strike","Dual Wield","Body Slam"],"picked":"SKIP","floor":12.0},{"not_picked":["Flex","Havoc"],"picked":"Rampage","floor":14.0},{"not_picked":["Brutality","Limit Break"],"picked":"Juggernaut","floor":16.0},{"not_picked":["Headbutt","Warcry"],"picked":"Flex","floor":18}],"player_experience":358772,"relics_obtained":[{"floor":6.0,"key":"War Paint"},{"floor":9.0,"key":"vexMod:BarristanHead"},{"floor":10.0,"key":"Bag of Preparation"},{"floor":14.0,"key":"Lantern"}],"event_choices":[{"damage_healed":0.0,"max_hp_gain":0.0,"max_hp_loss":0.0,"gold_gain":0.0,"event_name":"World of Goop","player_choice":"Left Gold","floor":3.0,"gold_loss":38.0,"damage_taken":0.0},{"cards_removed":["Strike_R"],"damage_healed":0.0,"max_hp_gain":0.0,"max_hp_loss":0.0,"gold_gain":0.0,"event_name":"Golden Wing","player_choice":"Card Removal","floor":4.0,"gold_loss":0.0,"damage_taken":7.0},{"damage_healed":0.0,"max_hp_gain":0.0,"max_hp_loss":0.0,"gold_gain":0.0,"event_name":"conspire:LoneGhost","player_choice":"Agree","floor":11.0,"gold_loss":0.0,"damage_taken":0.0},{"damage_healed":0.0,"max_hp_gain":0.0,"max_hp_loss":0.0,"gold_gain":0.0,"event_name":"Match and Keep!","player_choice":"1 cards matched","floor":13.0,"gold_loss":0.0,"damage_taken":0.0,"cards_obtained":["Double Tap"]}],"is_beta":false,"boss_relics":[{"not_picked":["Runic Dome","Snecko Eye"],"picked":"vexMod:TanglingVine"}],"items_purged_floors":[],"is_endless":false,"potions_floor_spawned":[5,10,12,14,16],"killed_by":"Shell Parasite","ascension_level":10}}