{"host":"sav7uxregyirlf69","time":1610070749,"event":{"mods":["AchievementEnabler","BaseMod","Colored Map","DeckTracker","Keyboard Shortcuts","Minty Spire (QoL Compilation)","READ ME - Guardian Mod","StSLib","SuperFastMode"],"gold_per_floor":[17,17,33,49,62,62,92,92,92,108,118,133,133,133,133,207,207,226,276,291,291,127,127,127,127],"floor_reached":24,"playtime":410,"items_purged":["Strike_B"],"score":396,"play_id":"c2dfec57-c190-4f79-ae40-274993496f85","local_time":"20210108105229","is_ascension_mode":true,"campfire_choices":[{"data":"Zap","floor":6,"key":"SMITH"},{"floor":8,"key":"REST"},{"data":"Chaos","floor":13,"key":"SMITH"},{"data":"Go for the Eyes","floor":15,"key":"SMITH"},{"data":"Dualcast","floor":23,"key":"SMITH"}],"circlet_count":0,"master_deck":["AscendersBane","Strike_B","Strike_B","Defend_B","Defend_B","Defend_B","Defend_B","Zap+1","Dualcast+1","Go for the Eyes+1","Sweeping Beam","Cold Snap","FTL","Sunder","Chaos+1","Buffer","Leap","Meteor Strike","Self Repair"],"relics":["Cracked Core","FossilizedHelix","Ancient Tea Set","Nuclear Battery"],"acts_visited":["Exordium","TheCity"],"potions_floor_usage":[16,16],"damage_taken":[{"damage":0,"enemies":"2 Louse","floor":1,"turns":2},{"damage":0,"enemies":"Small Slimes","floor":3,"turns":4},{"damage":0,"enemies":"Cultist","floor":4,"turns":3},{"damage":5,"enemies":"2 Fungi Beasts","floor":5,"turns":4},{"damage":53,"enemies":"Gremlin Nob","floor":7,"turns":5},{"damage":0,"enemies":"Exordium Wildlife","floor":10,"turns":3},{"damage":9,"enemies":"Large Slime","floor":11,"turns":4},{"damage":0,"enemies":"Lots of Slimes","floor":12,"turns":2},{"damage":16,"enemies":"Hexaghost","floor":16,"turns":9},{"damage":0,"enemies":"Spheric Guardian","floor":18,"turns":4},{"damage":28,"enemies":"2 Thieves","floor":20,"turns":5},{"damage":28,"enemies":"Slavers","floor":24,"turns":2}],"seed_played":"1046196543390052057","potions_obtained":[{"floor":3,"key":"PotionOfCapacity"},{"floor":7,"key":"GamblersBrew"},{"floor":12,"key":"DistilledChaos"}],"is_trial":false,"path_per_floor":["M","?","M","M","M","R","E","R","T","M","M","M","R","?","R","B",null,"M","?","M","?","$","R","E"],"character_chosen":"DEFECT","items_purchased":["Self Repair"],"campfire_rested":1,"item_purchase_floors":[22],"current_hp_per_floor":[64,64,64,64,59,59,6,27,27,27,18,18,18,18,18,2,54,54,54,26,26,26,26,0,0],"gold":127,"neow_bonus":"ONE_RARE_RELIC","is_daily":false,"chose_seed":false,"campfire_upgraded":4,"win_rate":0.0,"timestamp":1610070749,"path_taken":["M","?","M","M","M","R","E","R","T","M","M","M","R","?","R","BOSS","M","?","?","?","$","R","E"],"items_purchased_type":["Card"],"build_version":"2020-12-22","purchased_purges":1,"victory":false,"max_hp_per_floor":[71,71,71,71,71,71,71,71,71,71,71,71,71,71,71,71,71,71,71,71,71,71,71,71,71],"card_choices":[{"not_picked":["Gash","Stack"],"picked":"Go for the Eyes","floor":1},{"not_picked":["Turbo","Storm","Leap"],"picked":"SKIP","floor":3},{"not_picked":["Rebound","Scrape"],"picked":"Cold Snap","floor":4},{"not_picked":["Blizzard","Undo"],"picked":"FTL","floor":5},{"not_picked":["Redo","Sweeping Beam"],"picked":"Sunder","floor":7},{"not_picked":["Compile Driver","Ball Lightning"],"picked":"Chaos","floor":10},{"not_picked":["Buffer","Barrage","Streamline"],"picked":"SKIP","floor":11},{"not_picked":["Barrage","Streamline"],"picked":"Buffer","floor":11},{"not_picked":["Lockon","Melter"],"picked":"Leap","floor":12},{"not_picked":["Barrage","Redo","Conserve Battery"],"picked":"SKIP","floor":18},{"not_picked":["Compile Driver","Conserve Battery"],"picked":"Meteor Strike","floor":20}],"player_experience":1190400,"relics_obtained":[{"floor":7,"key":"Ancient Tea Set"}],"event_choices":[{"damage_healed":0,"gold_gain":0,"cards_transformed":["Strike_B"],"player_choice":"Change","damage_taken":0,"max_hp_gain":0,"max_hp_loss":0,"event_name":"Living Wall","floor":2,"gold_loss":0,"cards_obtained":["Sweeping Beam"]},{"damage_healed":0,"gold_gain":0,"player_choice":"Ignored","damage_taken":0,"max_hp_gain":0,"max_hp_loss":0,"event_name":"Liars Game","floor":14,"gold_loss":0},{"damage_healed":0,"gold_gain":50,"player_choice":"Pray","damage_taken":0,"max_hp_gain":0,"max_hp_loss":0,"event_name":"Golden Shrine","floor":19,"gold_loss":0},{"damage_healed":0,"gold_gain":0,"player_choice":"Ignored","damage_taken":0,"max_hp_gain":0,"max_hp_loss":0,"event_name":"Cursed Tome","floor":21,"gold_loss":0}],"is_beta":false,"boss_relics":[{"not_picked":["Black Star","Runic Dome"],"picked":"Nuclear Battery"}],"items_purged_floors":[22],"is_endless":false,"potions_floor_spawned":[3,7,10,12],"killed_by":"Slavers","ascension_level":20}}