{"host":"iy58fyt9wsbv4cf1","time":1610082759,"event":{"mods":["BaseMod","Better Altar","Better Match","Better Skull","Better Third Choice","BetterRewards","Conspire","Custom Start","Defuse TimeMaze Blight","Hubris","Infinite Spire","Minty Spire (QoL Compilation)","Permanent Neow","Quick Restart","Spicy Shops","StSLib"],"gold_per_floor":[110,110,1,1,1,31,31,31,83,83,5,19,31,48,48,149,149,165,165,16,33,33,33,50,121,148,163,163,179,179,198,198,301,301,312,340,422,422,422,422,449,461,473,76,76,93,93,93,93,93,32,63,63,63],"floor_reached":55,"playtime":1133,"items_purged":["Strike_B","Strike_B","Strike_B+1"],"score":739,"play_id":"ebb470e4-11b0-499c-87dc-5ea2a6368593","local_time":"20210108001239","is_ascension_mode":false,"campfire_choices":[{"floor":7.0,"key":"REST"},{"floor":10.0,"key":"REST"},{"data":"Storm","floor":15.0,"key":"SMITH"},{"data":"Fission","floor":23.0,"key":"SMITH"},{"data":"Creative AI","floor":30.0,"key":"SMITH"},{"data":"Reboot","floor":32,"key":"SMITH"},{"data":"hubris:PowerSurge","floor":40,"key":"SMITH"},{"floor":44,"key":"REST"},{"floor":47,"key":"RECALL"},{"data":"Amplify","floor":49,"key":"SMITH"},{"data":"Defragment","floor":52,"key":"SMITH"}],"circlet_count":0,"master_deck":["Defend_B","Defend_B","Defend_B","Defend_B+1","Zap","Dualcast+1","hubris:PowerSurge+1","Ball Lightning","BootSequence","Loop","infinitespire:Oblivion","Fission+1","Storm+1","Reboot+1","CurseOfTheBell","Conserve Battery+1","Creative AI+1","Ball Lightning+1","Electrodynamics","Amplify+1","Defragment+1","hubris:PowerSurge"],"relics":["Cracked Core","DataDisk","hubris:PeanutButter","hubris:Potato","hubris:Icosahedron","Vajra","Tiny Chest","Calling Bell","Regal Pillow","Eternal Feather","hubris:Teleporter","Membership Card","infinitespire:ShieldingShard","Runic Dome","Pen Nib","hubris:DisguiseKit","hubris:MobiusCoin","MawBank","Whetstone","hubris:HerbalPaste","Strawberry","hubris:BottledRain","conspire:BottledYoYo","infinitespire:Magic Flask"],"acts_visited":["Exordium","TheCity","TheBeyond","TheEnding"],"potions_floor_usage":[55,55,55],"damage_taken":[{"damage":0.0,"enemies":"2 Louse","floor":1.0,"turns":2.0},{"damage":4.0,"enemies":"Lagavulin","floor":6.0,"turns":4.0},{"damage":0.0,"enemies":"Small Slimes","floor":12.0,"turns":2.0},{"damage":0.0,"enemies":"Jaw Worm","floor":13.0,"turns":2.0},{"damage":0.0,"enemies":"Looter","floor":14.0,"turns":2.0},{"damage":0.0,"enemies":"The Guardian","floor":16.0,"turns":7.0},{"damage":0.0,"enemies":"Chosen","floor":18.0,"turns":3.0},{"damage":2.0,"enemies":"Shell Parasite","floor":21.0,"turns":3.0},{"damage":2.0,"enemies":"conspire:HollyBat","floor":24.0,"turns":6.0},{"damage":6.0,"enemies":"Snecko","floor":27.0,"turns":4.0},{"damage":0.0,"enemies":"Cultist and Chosen","floor":29.0,"turns":4.0},{"damage":0,"enemies":"Centurion and Healer","floor":31,"turns":2},{"damage":0,"enemies":"conspire:MysteriousRune","floor":33,"turns":7},{"damage":0,"enemies":"3 Darklings","floor":35,"turns":2},{"damage":27,"enemies":"conspire:MimicChest","floor":36,"turns":5},{"damage":47,"enemies":"Nemesis","floor":42,"turns":3},{"damage":0,"enemies":"Orb Walker","floor":48,"turns":2},{"damage":66,"enemies":"Donu and Deca","floor":50,"turns":6},{"damage":11,"enemies":"Shield and Spear","floor":54,"turns":3},{"damage":77,"enemies":"The Heart","floor":55,"turns":6}],"seed_played":"-6201742761270151390","potions_obtained":[{"floor":1.0,"key":"SpeedPotion"},{"floor":14.0,"key":"AttackPotion"},{"floor":18.0,"key":"EssenceOfSteel"},{"floor":21.0,"key":"Weak Potion"},{"floor":35,"key":"Block Potion"}],"is_trial":false,"path_per_floor":["M","?","$","?","$","E","R","?","T","R","$","M","M","M","R","B",null,"M","?","$","M","?","R","M","T","T","M","?","M","R","M","R","B",null,"M","?","T","T","R","?","E","T","R","$","R","M","R","B",null,"R","$","E","B"],"character_chosen":"DEFECT","items_purchased":["hubris:PowerSurge","Ball Lightning","DataDisk","hubris:PeanutButter","hubris:Potato","BootSequence","Loop","Fission","Membership Card","hubris:HerbalPaste","Strawberry","Defragment","hubris:BottledRain","conspire:BottledYoYo"],"campfire_rested":3,"item_purchase_floors":[0,0,0,0,0,0,3,11,20,46,46,46,46,53],"current_hp_per_floor":[40,40,40,22,22,18,40,25,25,47,47,47,47,47,47,47,75,75,75,75,73,73,75,73,73,73,67,67,67,75,75,75,75,75,75,48,48,48,60,60,13,13,62,69,81,82,82,17,82,82,82,71,0,0],"gold":63,"neow_bonus":"","is_daily":false,"chose_seed":false,"campfire_upgraded":7,"win_rate":0.0,"timestamp":1610082759,"path_taken":["M","?","$","?","?","E","R","?","T","R","$","?","M","M","R","BOSS","M","?","$","M","?","R","M","?","T","M","?","M","R","M","R","BOSS","M","?","?","?","R","?","E","T","R","$","R","M","R","BOSS","R","$","E","BOSS"],"items_purchased_type":["Card","Card","Relic","Relic","Relic","Card","Card","Card","Relic","Relic","Relic","Card","Relic","Relic"],"build_version":"2020-12-22","purchased_purges":3,"victory":false,"max_hp_per_floor":[75,75,75,75,75,75,75,75,75,75,75,75,75,75,75,75,75,75,75,75,75,75,75,75,75,75,75,75,75,75,75,75,75,75,75,75,75,75,75,75,75,75,75,82,82,82,82,82,82,82,82,82,82,82],"card_choices":[{"not_picked":["Reprogram","Gash","Stack"],"picked":"SKIP","floor":1.0},{"not_picked":["infinitespire:SealOfDarkness+","infinitespire:FutureSight"],"picked":"infinitespire:Oblivion","floor":4.0},{"not_picked":["Sweeping Beam","Sunder","Cold Snap"],"picked":"SKIP","floor":6.0},{"not_picked":["Reprogram","Rainbow","conspire:SharedLibrary"],"picked":"SKIP","floor":12.0},{"not_picked":["Cold Snap","Hello World","Double Energy"],"picked":"SKIP","floor":13.0},{"not_picked":["Static Discharge","Coolheaded"],"picked":"Storm","floor":14.0},{"not_picked":["Core Surge","hubris:Prefetch"],"picked":"Reboot","floor":16.0},{"not_picked":["Turbo","Hologram","Rip and Tear"],"picked":"SKIP","floor":18.0},{"not_picked":["Leap","Go for the Eyes"],"picked":"Conserve Battery+1","floor":21.0},{"not_picked":["Sweeping Beam","Hello World"],"picked":"Creative AI","floor":24.0},{"not_picked":["Coolheaded","Steam+1"],"picked":"Ball Lightning","floor":27.0},{"not_picked":["Genetic Algorithm","Hologram","Ball Lightning"],"picked":"SKIP","floor":29.0},{"not_picked":["Redo+1","Hologram+1","Darkness"],"picked":"SKIP","floor":31},{"not_picked":["Hyperbeam","Multi-Cast"],"picked":"Amplify","floor":33},{"not_picked":["Coolheaded+1","Streamline+1","Ball Lightning"],"picked":"SKIP","floor":35},{"not_picked":["Skim","Redo","Steam+1","Anger"],"picked":"SKIP","floor":42},{"not_picked":["Streamline","Stack+1","Headbutt"],"picked":"hubris:PowerSurge","floor":48},{"not_picked":["Coolheaded","Compile Driver+1","Hello World+1","Body Slam"],"picked":"SKIP","floor":54}],"player_experience":42664,"relics_obtained":[{"floor":6.0,"key":"Vajra"},{"floor":9.0,"key":"Tiny Chest"},{"floor":17.0,"key":"Regal Pillow"},{"floor":17.0,"key":"Eternal Feather"},{"floor":17.0,"key":"hubris:Teleporter"},{"floor":25.0,"key":"infinitespire:ShieldingShard"},{"floor":36,"key":"Pen Nib"},{"floor":37,"key":"hubris:DisguiseKit"},{"floor":38,"key":"hubris:MobiusCoin"},{"floor":42,"key":"MawBank"},{"floor":43,"key":"Whetstone"},{"floor":54,"key":"infinitespire:Magic Flask"}],"event_choices":[{"damage_healed":40.0,"max_hp_gain":0.0,"max_hp_loss":75.0,"gold_gain":0.0,"event_name":"betterThird:BetterShining","player_choice":"Upgrade","floor":8.0,"gold_loss":0.0,"damage_taken":15.0,"cards_upgraded":["Dualcast","Defend_B"]},{"damage_healed":0.0,"max_hp_gain":0.0,"max_hp_loss":0.0,"gold_gain":0.0,"event_name":"conspire:Investor","player_choice":"Leave","floor":19.0,"gold_loss":0.0,"damage_taken":0.0},{"cards_removed":["Strike_B"],"damage_healed":0.0,"max_hp_gain":0.0,"max_hp_loss":0.0,"gold_gain":0.0,"event_name":"betterThird:BetterWriting","player_choice":"Elegance","floor":22.0,"gold_loss":0.0,"damage_taken":0.0},{"damage_healed":0.0,"max_hp_gain":0.0,"max_hp_loss":0.0,"gold_gain":0.0,"event_name":"The Library","player_choice":"Read","floor":28.0,"gold_loss":0.0,"damage_taken":0.0,"cards_obtained":["Electrodynamics"]},{"damage_healed":0,"gold_gain":0,"player_choice":"Ignored","damage_taken":0,"max_hp_gain":0,"max_hp_loss":0,"event_name":"Tomb of Lord Red Mask","floor":41,"gold_loss":0}],"is_beta":false,"boss_relics":[{"not_picked":["Runic Pyramid","hubris:GrandSneckoEye"],"picked":"Calling Bell"},{"not_picked":["conspire:RoyalGoblet","SlaversCollar"],"picked":"Runic Dome"}],"items_purged_floors":[3,46,46],"is_endless":false,"potions_floor_spawned":[1,14,18,21,27,31,35,36,48],"killed_by":"The Heart","ascension_level":0}}