{"host":"fjaupvxe7fzqrf4j","time":1610086085,"event":{"mods":["ATMod(°¢èªMod)","BaseMod","Minty Spire (QoL Compilation)","StSLib"],"gold_per_floor":[118,130,55,130,55,86,115,146,146,177,77,89,89,119,119,191,191,219,231,243,255,107,132,166,199,225,253,286,286,311,326,326,397,397,408,408,425,425,300,343,369,395,419,449,484,515,550,562,562,562,562,562,562,6,46,46],"floor_reached":57,"playtime":1042,"items_purged":["Underhanded Strike","Backflip","Acrobatics","Eviscerate+1"],"score":4737,"play_id":"f43bfb16-56d3-4545-a13e-acd06c17ca03","local_time":"20210108140805","daily_mods":["SealedDeck","Heirloom","Time Dilation","Flight","Elite Swarm"],"is_ascension_mode":true,"campfire_choices":[{"data":"Prepared","floor":13.0,"key":"SMITH"},{"data":"Reflex","floor":15.0,"key":"SMITH"},{"floor":29.0,"key":"DIG"},{"floor":32.0,"key":"DIG"},{"floor":49,"key":"RECALL"},{"floor":53,"key":"DIG"}],"circlet_count":0,"master_deck":["AscendersBane","Acrobatics","Backflip","Prepared+1","Escape Plan","Reflex+1","Adrenaline","Grand Finale+1","CurseOfTheBell","After Image","Footwork+1","Juggernaut+1"],"relics":["Ring of the Snake","AT_ATBox","Thread and Needle","AT_Manta","AT_GuinsooRageblade","Happy Flower","AT_EbonyIvory","AT_GoldPhoenixTree","Calling Bell","MawBank","Blue Candle","Shovel","AT_ChloranthyRing","HornCleat","AT_ImmortalShieldbow","Torii","Bag of Preparation","AT_BellDemon","Regal Pillow","Whetstone","Gambling Chip","Bronze Scales","Boot","Pen Nib","AT_ForceNature","Lizard Tail","AT_TrinityForce","Anchor","Snake Skull","Dream Catcher","Shuriken","CeramicFish","Frozen Egg 2","Tough Bandages","Gremlin Horn","Akabeko","Lantern","The Specimen","Blood Vial","TungstenRod","Bottled Tornado","AT_DeathDance","AT_SpeedBoots","AT_ArchangelStaff","Du-Vu Doll","Pear","Oddly Smooth Stone","PrismaticShard","AT_BladeRuinedKing","Letter Opener"],"acts_visited":["Exordium","TheCity","TheBeyond","TheEnding"],"potions_floor_usage":[56,56],"damage_taken":[{"damage":0.0,"enemies":"Cultist","floor":1.0,"turns":1.0},{"damage":0.0,"enemies":"2 Louse","floor":2.0,"turns":1.0},{"damage":0.0,"enemies":"Gremlin Nob","floor":6.0,"turns":1.0},{"damage":0.0,"enemies":"Lagavulin","floor":7.0,"turns":1.0},{"damage":0.0,"enemies":"Gremlin Nob","floor":8.0,"turns":1.0},{"damage":0.0,"enemies":"Lagavulin","floor":10.0,"turns":1.0},{"damage":0.0,"enemies":"Jaw Worm","floor":12.0,"turns":1.0},{"damage":0.0,"enemies":"3 Sentries","floor":14.0,"turns":1.0},{"damage":0.0,"enemies":"Slime Boss","floor":16.0,"turns":1.0},{"damage":0.0,"enemies":"Shell Parasite","floor":18.0,"turns":1.0},{"damage":0.0,"enemies":"Book of Stabbing","floor":23.0,"turns":1.0},{"damage":0.0,"enemies":"Slavers","floor":24.0,"turns":1.0},{"damage":0.0,"enemies":"Book of Stabbing","floor":25.0,"turns":1.0},{"damage":0.0,"enemies":"Gremlin Leader","floor":27.0,"turns":1.0},{"damage":0.0,"enemies":"Slavers","floor":28.0,"turns":1.0},{"damage":0.0,"enemies":"Book of Stabbing","floor":30.0,"turns":1.0},{"damage":0.0,"enemies":"Chosen","floor":31.0,"turns":1.0},{"damage":0.0,"enemies":"Automaton","floor":33.0,"turns":1.0},{"damage":0.0,"enemies":"Orb Walker","floor":35.0,"turns":1.0},{"damage":0.0,"enemies":"3 Shapes","floor":37.0,"turns":1.0},{"damage":0.0,"enemies":"Giant Head","floor":40.0,"turns":1.0},{"damage":0.0,"enemies":"Nemesis","floor":41.0,"turns":1.0},{"damage":0.0,"enemies":"Reptomancer","floor":42.0,"turns":1.0},{"damage":0.0,"enemies":"Nemesis","floor":44.0,"turns":1.0},{"damage":0.0,"enemies":"Giant Head","floor":45.0,"turns":1.0},{"damage":0.0,"enemies":"Nemesis","floor":46.0,"turns":1.0},{"damage":0.0,"enemies":"Reptomancer","floor":47.0,"turns":1.0},{"damage":0.0,"enemies":"Writhing Mass","floor":48.0,"turns":1.0},{"damage":0,"enemies":"Donu and Deca","floor":50,"turns":1},{"damage":0,"enemies":"Time Eater","floor":51,"turns":1},{"damage":0,"enemies":"Shield and Spear","floor":55,"turns":1},{"damage":0,"enemies":"The Heart","floor":56,"turns":4}],"seed_played":"-1202846935320840170","potions_obtained":[{"floor":1.0,"key":"CultistPotion"},{"floor":16.0,"key":"ColorlessPotion"},{"floor":31.0,"key":"GhostInAJar"},{"floor":33.0,"key":"Swift Potion"}],"is_trial":true,"path_per_floor":["M","M","$","?","?","E","E","E","T","E","$","M","R","E","R","B",null,"M","?","?","?","$","E","E","E","T","E","E","R","E","M","R","B",null,"M","?","M","T","$","E","E","E","T","E","E","E","E","M","R","B","B",null,"R","$","E","B",null],"character_chosen":"THE_SILENT","items_purchased":["AT_ChloranthyRing","Oddly Smooth Stone","PrismaticShard","Footwork+1"],"campfire_rested":0,"item_purchase_floors":[22,54,54,54],"current_hp_per_floor":[59,59,59,48,48,48,48,48,48,48,48,48,48,48,48,48,62,62,62,66,66,66,66,66,66,66,66,66,66,66,66,66,66,66,66,66,66,66,66,66,66,66,66,66,66,66,66,66,66,66,66,66,76,76,76,76],"gold":46,"neow_bonus":"","is_daily":false,"chose_seed":false,"campfire_upgraded":2,"win_rate":0.0,"timestamp":1610086085,"path_taken":["M","?","$","?","?","E","E","E","T","E","$","M","R","E","R","BOSS","M","?","?","?","$","E","E","E","T","E","E","R","E","?","R","BOSS","M","?","?","?","$","E","E","E","T","E","E","E","E","M","R","BOSS","BOSS","R","$","E","BOSS"],"items_purchased_type":["Relic","Relic","Relic","Card"],"build_version":"2020-12-22","purchased_purges":4,"victory":true,"max_hp_per_floor":[66,66,66,66,66,66,66,66,66,66,66,66,66,66,66,66,66,66,66,66,66,66,66,66,66,66,66,66,66,66,66,66,66,66,66,66,66,66,66,66,66,66,66,66,66,66,66,66,66,66,66,66,76,76,76,76],"card_choices":[{"not_picked":["Slice","Infinite Blades","Backflip"],"picked":"SKIP","floor":1.0},{"not_picked":["Flying Knee","Prepared"],"picked":"Eviscerate","floor":2.0},{"not_picked":["Doppelganger","AT_MyraUnstableElement","Wraith Form v2"],"picked":"SKIP","floor":6.0},{"not_picked":["Envenom","AT_KingSlayer","Tools of the Trade"],"picked":"SKIP","floor":7.0},{"not_picked":["Venomology","Malaise"],"picked":"Adrenaline","floor":8.0},{"not_picked":["Adrenaline","Wraith Form v2"],"picked":"Grand Finale","floor":10.0},{"not_picked":["AT_WindFlip","Cloak And Dagger","Choke"],"picked":"SKIP","floor":12.0},{"not_picked":["Grand Finale","Glass Knife","Corpse Explosion"],"picked":"SKIP","floor":14.0},{"not_picked":["Heel Hook","Cloak And Dagger","Deflect"],"picked":"SKIP","floor":18.0},{"not_picked":["Burst","Bullet Time","Doppelganger"],"picked":"SKIP","floor":23.0},{"not_picked":["Burst","Doppelganger","Night Terror"],"picked":"SKIP","floor":24.0},{"not_picked":["Adrenaline","Night Terror","A Thousand Cuts"],"picked":"SKIP","floor":25.0},{"not_picked":["Corpse Explosion","Glass Knife","Adrenaline"],"picked":"SKIP","floor":27.0},{"not_picked":["Corpse Explosion","Unload","Adrenaline"],"picked":"SKIP","floor":28.0},{"not_picked":["A Thousand Cuts","Unload","Tools of the Trade"],"picked":"SKIP","floor":30.0},{"not_picked":["Dodge and Roll","Slice","Outmaneuver"],"picked":"SKIP","floor":31.0},{"not_picked":["Backflip+1","AT_ShadowStep","Noxious Fumes"],"picked":"SKIP","floor":35.0},{"not_picked":["Backflip","Deadly Poison","Sucker Punch"],"picked":"SKIP","floor":37.0},{"not_picked":["AT_KingSlayer","Adrenaline"],"picked":"After Image","floor":40.0},{"not_picked":["Burst","Corpse Explosion","Adrenaline"],"picked":"SKIP","floor":41.0},{"not_picked":["Storm of Steel","Venomology","Phantasmal Killer"],"picked":"SKIP","floor":42.0},{"not_picked":["Glass Knife","AT_MyraUnstableElement","Adrenaline"],"picked":"SKIP","floor":44.0},{"not_picked":["AT_KingSlayer","AT_MyraUnstableElement","Doppelganger"],"picked":"SKIP","floor":45.0},{"not_picked":["Tools of the Trade+1","Unload","Wraith Form v2+1"],"picked":"SKIP","floor":46.0},{"not_picked":["Venomology","Glass Knife","AT_KingSlayer"],"picked":"SKIP","floor":47.0},{"not_picked":["Quick Slash","Cloak And Dagger","Poisoned Stab+1"],"picked":"SKIP","floor":48},{"not_picked":["Blasphemy","Brutality+1"],"picked":"Juggernaut+1","floor":55}],"player_experience":363750,"relics_obtained":[{"floor":6.0,"key":"AT_Manta"},{"floor":7.0,"key":"AT_GuinsooRageblade"},{"floor":8.0,"key":"Happy Flower"},{"floor":10.0,"key":"AT_EbonyIvory"},{"floor":14.0,"key":"AT_GoldPhoenixTree"},{"floor":17.0,"key":"MawBank"},{"floor":17.0,"key":"Blue Candle"},{"floor":17.0,"key":"Shovel"},{"floor":23.0,"key":"HornCleat"},{"floor":24.0,"key":"AT_ImmortalShieldbow"},{"floor":25.0,"key":"Torii"},{"floor":26.0,"key":"Bag of Preparation"},{"floor":27.0,"key":"AT_BellDemon"},{"floor":28.0,"key":"Regal Pillow"},{"floor":28.0,"key":"Whetstone"},{"floor":29.0,"key":"Gambling Chip"},{"floor":30.0,"key":"Bronze Scales"},{"floor":30.0,"key":"Boot"},{"floor":31.0,"key":"Pen Nib"},{"floor":32.0,"key":"AT_ForceNature"},{"floor":33.0,"key":"Lizard Tail"},{"floor":35.0,"key":"Anchor"},{"floor":37.0,"key":"Snake Skull"},{"floor":38.0,"key":"Dream Catcher"},{"floor":40.0,"key":"Shuriken"},{"floor":40.0,"key":"CeramicFish"},{"floor":41.0,"key":"Frozen Egg 2"},{"floor":41.0,"key":"Tough Bandages"},{"floor":42.0,"key":"Gremlin Horn"},{"floor":42.0,"key":"Akabeko"},{"floor":43.0,"key":"Lantern"},{"floor":44.0,"key":"The Specimen"},{"floor":44.0,"key":"Blood Vial"},{"floor":45.0,"key":"TungstenRod"},{"floor":45.0,"key":"Bottled Tornado"},{"floor":46.0,"key":"AT_DeathDance"},{"floor":46.0,"key":"AT_SpeedBoots"},{"floor":47.0,"key":"AT_ArchangelStaff"},{"floor":47.0,"key":"Du-Vu Doll"},{"floor":53,"key":"Pear"},{"floor":55,"key":"AT_BladeRuinedKing"},{"floor":55,"key":"Letter Opener"}],"event_choices":[{"damage_healed":0.0,"max_hp_gain":0.0,"max_hp_loss":0.0,"gold_gain":75.0,"event_name":"World of Goop","player_choice":"Gather Gold","floor":4.0,"gold_loss":0.0,"damage_taken":11.0},{"cards_removed":["Underhanded Strike"],"damage_healed":0.0,"max_hp_gain":0.0,"max_hp_loss":0.0,"gold_gain":0.0,"event_name":"The Cleric","player_choice":"Card Removal","floor":5.0,"gold_loss":75.0,"damage_taken":0.0},{"damage_healed":0.0,"max_hp_gain":0.0,"max_hp_loss":0.0,"gold_gain":0.0,"event_name":"Ghosts","player_choice":"Ignored","floor":19.0,"gold_loss":0.0,"damage_taken":0.0},{"damage_healed":13.0,"max_hp_gain":0.0,"max_hp_loss":0.0,"gold_gain":0.0,"event_name":"The Library","player_choice":"Heal","floor":20.0,"gold_loss":0.0,"damage_taken":0.0},{"cards_removed":["AT_WindFlip"],"damage_healed":0.0,"max_hp_gain":0.0,"max_hp_loss":0.0,"gold_gain":0.0,"event_name":"Back to Basics","player_choice":"Elegance","floor":21.0,"gold_loss":0.0,"damage_taken":0.0},{"damage_healed":0.0,"max_hp_gain":0.0,"max_hp_loss":0.0,"gold_gain":0.0,"event_name":"Lab","player_choice":"Got Potions","floor":36.0,"gold_loss":0.0,"damage_taken":0.0}],"is_beta":false,"boss_relics":[{"not_picked":["Runic Dome","Astrolabe"],"picked":"Calling Bell"},{"not_picked":["Fusion Hammer","Ring of the Serpent"],"picked":"AT_TrinityForce"}],"items_purged_floors":[3,11,39,54],"is_endless":false,"potions_floor_spawned":[1,6,7,16,18,24,25,30,31,33,40,41,42,48,55],"ascension_level":20}}