{"host":"tcdxiwht2vajk3tk","time":1610084783,"event":{"mods":["AchievementEnabler","BaseMod","Beaked The Cultist","Conspire","Defuse TimeMaze Blight","Downfall","Halation","Hermit","Hubris","Infinite Spire","Lobotomy","Minty Spire (QoL Compilation)","Replay The Spire","Shop Mod","StSLib","The Cursed","The Disciple","vexMod"],"gold_per_floor":[114,114,114,128,141,171,191,219,219,219,251,264,14,14,14,111,111,130,130,130,147,147,175,185,24,50,50,50,80,80,37,37,142,142,128,128],"floor_reached":35,"playtime":3636,"items_purged":[],"score":847,"play_id":"1401ca9e-9c08-40d6-96e2-39c6de583a22","local_time":"20210108004623","is_ascension_mode":true,"campfire_choices":[{"floor":15.0,"key":"REST"},{"data":"beaked:MachineEssence","floor":28,"key":"SMITH"},{"data":"beaked:ScreechingChant","floor":30,"key":"SMITH"},{"data":"beaked:Ceremony","floor":32,"key":"SMITH"}],"circlet_count":0,"master_deck":["beaked:Strike_Y","beaked:Strike_Y","beaked:Strike_Y+1","beaked:Strike_Y","beaked:Strike_Y+1","beaked:Defend_Y","beaked:Defend_Y","beaked:Defend_Y","beaked:Defend_Y+1","beaked:Ceremony+1","beaked:Ceremony","beaked:Ceremony+1","SpiderBud","BeautyBeast","beaked:BarbedWire","beaked:FeelMyPain","SingingMachine","beaked:VigorBurst","BigBadWolf","beaked:MimicMachine","LittlePrince","beaked:Overpower+1","Freischutz","Pot Of Greed","beaked:BounceBack+1","NakedNest","ReplayTheSpireMod:Prepare the Ceremony","beaked:MachineEssence+1","beaked:Foresight+1","beaked:BraceForImpact","QueenBee","beaked:ScreechingChant+1","Pot Of Greed+1","beaked:ScreechingChant","expansioncontent:SuperHexaguard","infinitespire:TheBestDefense","SilentOrchestra","beaked:SurvivalInstinct+1","hubris:InfiniteBlow+360","MHz","beaked:TuckingFeathers","Woodsman","beaked:KnowThyFoe","beaked:FeelMyPain+1","Pot Of Greed","beaked:MaddeningMurmurs","Funeral","beaked:Hexing","FieryBird"],"relics":["beaked:MendingPlumage","CogitoBucket","Ancient Tea Set","hubris:SphereOfDissonance","conspire:InfiniteJournal","Grinning Jar","AspirationHeart","Meat on the Bone","halation:HeavySnake","Replay:Baseball","ResearcherNote","MerchantsRug","beaked:RitualPlumage","vexMod:FocusSash","Yang_Lob","Replay:Kaleidoscope","halation:MonkeysPaw","infinitespire:EvilPickle"],"acts_visited":["Exordium","TheCity","TheBeyond"],"potions_floor_usage":[24,24],"damage_taken":[{"damage":16.0,"enemies":"Small Slimes","floor":1.0,"turns":4.0},{"damage":26.0,"enemies":"Jaw Worm","floor":4.0,"turns":7.0},{"damage":5.0,"enemies":"Cultist","floor":5.0,"turns":4.0},{"damage":19.0,"enemies":"Lagavulin","floor":6.0,"turns":6.0},{"damage":32.0,"enemies":"Exordium Wildlife","floor":7.0,"turns":5.0},{"damage":46.0,"enemies":"3 Sentries","floor":8.0,"turns":6.0},{"damage":17.0,"enemies":"Lagavulin","floor":11.0,"turns":5.0},{"damage":20.0,"enemies":"Lots of Slimes","floor":12.0,"turns":5.0},{"damage":38.0,"enemies":"The Guardian","floor":16.0,"turns":12.0},{"damage":67.0,"enemies":"Shell Parasite","floor":18.0,"turns":12.0},{"damage":26.0,"enemies":"2 Thieves","floor":21.0,"turns":2.0},{"damage":10.0,"enemies":"Nightmare","floor":23.0,"turns":10.0},{"damage":59,"enemies":"Centurion and Healer","floor":24,"turns":8},{"damage":0,"enemies":"Gremlin Leader","floor":29,"turns":1},{"damage":1,"enemies":"3 Cultists","floor":31,"turns":4},{"damage":35,"enemies":"Pondfish","floor":33,"turns":3},{"damage":58,"enemies":"3 Darklings","floor":35,"turns":3}],"seed_played":"4444990552823041345","potions_obtained":[{"floor":5.0,"key":"AttackPotion"},{"floor":6.0,"key":"sneckomod:MuddlingPotion"},{"floor":7.0,"key":"Languid Potion"},{"floor":18.0,"key":"Death Potion"},{"floor":21.0,"key":"Fire Potion"},{"floor":23.0,"key":"LifebloodPotion"},{"floor":33,"key":"champ:CounterPotion"}],"is_trial":false,"path_per_floor":["M","$","?","M","M","E","M","E","T","?","E","M","$","T","R","B",null,"M","$","AVR","M","?","NM","M","$","T","?","R","E","R","M","R","B",null,"M"],"character_chosen":"BEAKED_THE_CULTIST","items_purchased":["beaked:MachineEssence","beaked:Foresight","beaked:BraceForImpact","MerchantsRug","beaked:RitualPlumage"],"campfire_rested":1,"item_purchase_floors":[13,13,13,25,25],"current_hp_per_floor":[39,39,39,32,38,40,28,5,5,5,6,17,17,17,37,68,68,53,53,63,50,50,78,70,70,70,70,70,77,77,78,78,65,75,32,32],"gold":128,"neow_bonus":"","is_daily":false,"chose_seed":false,"campfire_upgraded":3,"win_rate":0.0,"timestamp":1610084783,"path_taken":["M","$","?","M","M","E","M","E","T","?","E","M","$","?","R","BOSS","M","?","AVR","M","?","NM","M","$","T","?","R","E","R","?","R","BOSS","M"],"items_purchased_type":["Card","Card","Card","Relic","Relic"],"build_version":"2020-12-22","purchased_purges":0,"victory":false,"max_hp_per_floor":[50,50,50,50,50,55,55,58,58,58,58,68,68,68,68,68,68,68,68,78,78,78,78,78,78,78,78,78,78,78,78,78,78,78,72,72],"card_choices":[{"not_picked":["Scorched","CrumblingArmor"],"picked":"SpiderBud","floor":1.0},{"not_picked":["beaked:Daydream","beaked:CursingBlood"],"picked":"beaked:DigDeeper","floor":1.0},{"not_picked":["MHz","FairyFestival","HappyTeddy"],"picked":"Singing Bowl","floor":4.0},{"not_picked":["Wellcheers","CherryBlossoms"],"picked":"BeautyBeast","floor":4.0},{"not_picked":["beaked:MimicMachine","beaked:BraceForImpact"],"picked":"beaked:BarbedWire","floor":4.0},{"not_picked":["Wellcheers","CherryBlossoms"],"picked":"WhitesApple","floor":5.0},{"not_picked":["beaked:StunningBlow","beaked:Windmill"],"picked":"beaked:FeelMyPain","floor":5.0},{"not_picked":["VoidDream","LittleHelper"],"picked":"SingingMachine","floor":6.0},{"not_picked":["beaked:Evade","beaked:Redirect"],"picked":"beaked:VigorBurst","floor":6.0},{"not_picked":["CrumblingArmor","Scorched"],"picked":"BigBadWolf","floor":7.0},{"not_picked":["beaked:WindBringer","beaked:Poke"],"picked":"beaked:MimicMachine","floor":7.0},{"not_picked":["OldLady","OSAHOGD"],"picked":"LittlePrince","floor":8.0},{"not_picked":["beaked:Tradeoff","beaked:Redirect"],"picked":"beaked:Overpower","floor":8.0},{"not_picked":["CrumblingArmor","CherryBlossoms"],"picked":"Freischutz","floor":11.0},{"not_picked":["beaked:TuckingFeathers","beaked:Insight"],"picked":"beaked:BounceBack","floor":11.0},{"not_picked":["MeatLantern","LaLuna","FairyFestival"],"picked":"Singing Bowl","floor":12.0},{"not_picked":["LaLuna","LittleHelper"],"picked":"NakedNest","floor":12.0},{"not_picked":["beaked:Devastation","beaked:Daydream"],"picked":"ReplayTheSpireMod:Prepare the Ceremony","floor":12.0},{"not_picked":["CherryBlossoms","Bloodbath"],"picked":"QueenBee","floor":16.0},{"not_picked":["beaked:ShadowFade","beaked:CheekyTricks"],"picked":"beaked:ScreechingChant","floor":16.0},{"not_picked":["Guardian:TwinSlam","Bash"],"picked":"sneckomod:Unknown","floor":17.0},{"not_picked":["beaked:DarkPact","beaked:FakeOut"],"picked":"beaked:ScreechingChant","floor":17.0},{"not_picked":["expansioncontent:GoopSpray","Replay:SS_forest_2"],"picked":"expansioncontent:SuperHexaguard","floor":17.0},{"not_picked":["infinitespire:FinalStrike","infinitespire:Menacing"],"picked":"infinitespire:TheBestDefense","floor":17.0},{"not_picked":["ShyLook","Woodsman"],"picked":"SilentOrchestra","floor":18.0},{"not_picked":["beaked:Flinch+1","beaked:DigDeeper"],"picked":"beaked:SurvivalInstinct+1","floor":18.0},{"not_picked":["Murderer","Scorched","ShyLook"],"picked":"Singing Bowl","floor":21.0},{"not_picked":["Rudolta","BigBird"],"picked":"MHz","floor":21.0},{"not_picked":["beaked:SacrificialDive","beaked:Tweet"],"picked":"beaked:TuckingFeathers","floor":21.0},{"not_picked":["Wellcheers","PunishingBird"],"picked":"Woodsman","floor":23.0},{"not_picked":["beaked:ScreechingChant","beaked:DigDeep"],"picked":"beaked:KnowThyFoe","floor":23.0},{"not_picked":["VoidDream","Scarecrow"],"picked":"Yin","floor":24},{"not_picked":["beaked:BraceForImpact","beaked:Replenish+1"],"picked":"beaked:FeelMyPain+1","floor":24},{"not_picked":["beaked:SacrificialDive","beaked:BounceBack"],"picked":"beaked:MaddeningMurmurs","floor":29},{"not_picked":["BlackArmy","Bloodbath"],"picked":"Funeral","floor":31},{"not_picked":["beaked:Poke+1","beaked:FeelMyPain"],"picked":"beaked:Hexing","floor":31},{"not_picked":["VoidDream","Alriune"],"picked":"FieryBird","floor":33},{"not_picked":["beaked:FakeOut","beaked:DarkPact"],"picked":"beaked:KnowThyFoe","floor":33}],"player_experience":1517271,"relics_obtained":[{"floor":6.0,"key":"Ancient Tea Set"},{"floor":8.0,"key":"hubris:SphereOfDissonance"},{"floor":9.0,"key":"conspire:InfiniteJournal"},{"floor":11.0,"key":"Grinning Jar"},{"floor":14.0,"key":"Meat on the Bone"},{"floor":23.0,"key":"Replay:Baseball"},{"floor":26,"key":"vexMod:FocusSash"},{"floor":29,"key":"Replay:Kaleidoscope"}],"event_choices":[{"cards_removed":["WhitesApple"],"damage_healed":0.0,"max_hp_gain":0.0,"max_hp_loss":0.0,"gold_gain":0.0,"event_name":"Wheel of Change","player_choice":"Card Removal","floor":10.0,"gold_loss":0.0,"damage_taken":0.0},{"cards_removed":["sneckomod:Unknown"],"damage_healed":0,"gold_gain":0,"player_choice":"Offered Basic","damage_taken":0,"max_hp_gain":0,"max_hp_loss":0,"event_name":"Bonfire Elementals","floor":27,"gold_loss":0}],"is_beta":false,"boss_relics":[{"not_picked":["Black Star","Velvet Choker"],"picked":"ReplayTheSpireMod:SealedPack"},{"not_picked":["Sozu","vexMod:MysteryBossChallenge"],"picked":"halation:MonkeysPaw"}],"items_purged_floors":[],"is_endless":true,"potions_floor_spawned":[5,6,7,18,21,23,33],"killed_by":"3 Darklings","ascension_level":6}}