{"host":"7zdktqb5xjtif29d","time":1610146154,"event":{"mods":["AchievementEnabler","BaseMod","Colored Map","Colored Powertips","Highlight Path","Minty Spire (QoL Compilation)","Rare Cards Sparkle","SuperFastMode","Waifu the Spire","everything is the same but u backflip on backflip"],"gold_per_floor":[112,112,132,144,144,144,177,352,352,373,406,420,443,443,443,567,567,591,142,161,185,185,185,284,302,328,363,363,383,423,29,29,29,29],"floor_reached":33,"playtime":1253,"items_purged":["Doubt","Gash+1"],"score":340,"play_id":"54c1ee6b-eff0-4410-be2f-36b2b7c0f500","local_time":"20210108224914","is_ascension_mode":true,"campfire_choices":[{"data":"Ball Lightning","floor":6,"key":"SMITH"},{"floor":15,"key":"REST"},{"data":"Sunder","floor":23,"key":"SMITH"},{"data":"Electrodynamics","floor":28,"key":"SMITH"},{"data":"Dualcast","floor":32,"key":"SMITH"}],"circlet_count":0,"master_deck":["Strike_B+1","Defend_B+1","Defend_B+1","Defend_B+1","Defend_B+1","Zap","Dualcast+1","BootSequence","Ball Lightning+1","Ball Lightning+1","Sunder+1","Electrodynamics+1","Hologram+1","Hyperbeam+1","Melter+1","BootSequence+1","Self Repair+1","Conserve Battery","Melter"],"relics":["Cracked Core","Golden Idol","Cables","Lizard Tail","Bird Faced Urn","Astrolabe","Sling","Pen Nib","Whetstone","Omamori","Boot","ClockworkSouvenir","Orichalcum"],"acts_visited":["Exordium","TheCity"],"potions_floor_usage":[11,16,18,33,33],"damage_taken":[{"damage":2,"enemies":"2 Louse","floor":1,"turns":3},{"damage":1,"enemies":"Small Slimes","floor":2,"turns":3},{"damage":1,"enemies":"Cultist","floor":3,"turns":5},{"damage":12,"enemies":"Large Slime","floor":4,"turns":6},{"damage":22,"enemies":"Gremlin Nob","floor":7,"turns":4},{"damage":0,"enemies":"Looter","floor":10,"turns":3},{"damage":16,"enemies":"Lagavulin","floor":11,"turns":5},{"damage":5,"enemies":"Exordium Thugs","floor":12,"turns":3},{"damage":0,"enemies":"Large Slime","floor":13,"turns":4},{"damage":64,"enemies":"The Guardian","floor":16,"turns":13},{"damage":5,"enemies":"2 Thieves","floor":18,"turns":2},{"damage":10,"enemies":"3 Byrds","floor":20,"turns":3},{"damage":0,"enemies":"3 Cultists","floor":21,"turns":4},{"damage":6,"enemies":"Centurion and Healer","floor":25,"turns":5},{"damage":0,"enemies":"Slavers","floor":27,"turns":4},{"damage":8,"enemies":"Snecko","floor":29,"turns":4},{"damage":19,"enemies":"Book of Stabbing","floor":30,"turns":5},{"damage":85,"enemies":"Champ","floor":33,"turns":10}],"seed_played":"-2320840515680373797","potions_obtained":[{"floor":7,"key":"AttackPotion"},{"floor":11,"key":"ColorlessPotion"},{"floor":12,"key":"Energy Potion"},{"floor":13,"key":"SmokeBomb"},{"floor":16,"key":"PotionOfCapacity"},{"floor":18,"key":"Regen Potion"}],"is_trial":false,"path_per_floor":["M","M","M","M","?","R","E","?","T","M","E","M","M","?","R","B",null,"M","$","M","M","?","R","?","M","T","E","R","M","E","$","R","B"],"character_chosen":"DEFECT","items_purchased":["Sling","Pen Nib","Melter","ClockworkSouvenir","Orichalcum"],"campfire_rested":1,"item_purchase_floors":[19,19,19,31,31],"current_hp_per_floor":[80,79,78,66,46,46,24,24,24,24,8,3,3,3,27,17,82,79,79,71,71,71,71,71,79,79,81,81,82,73,73,73,0,0],"gold":29,"neow_bonus":"TEN_PERCENT_HP_BONUS","is_daily":false,"chose_seed":false,"campfire_upgraded":4,"win_rate":0.0,"timestamp":1610146154,"path_taken":["M","M","M","M","?","R","E","?","T","M","E","M","M","?","R","BOSS","M","?","M","M","?","R","?","M","T","E","R","?","E","?","R","BOSS"],"items_purchased_type":["Relic","Relic","Card","Relic","Relic"],"build_version":"2020-12-22","purchased_purges":2,"victory":false,"max_hp_per_floor":[82,82,82,82,82,82,82,82,82,82,82,82,82,82,82,82,82,82,82,82,82,82,82,82,82,82,82,82,82,82,82,82,82,82],"card_choices":[{"not_picked":["Gash","Redo","Barrage"],"picked":"SKIP","floor":1},{"not_picked":["Coolheaded","Go for the Eyes"],"picked":"BootSequence","floor":2},{"not_picked":["Rip and Tear","Turbo","Fission"],"picked":"SKIP","floor":3},{"not_picked":["Cold Snap","Chaos"],"picked":"Ball Lightning","floor":4},{"not_picked":["Rainbow","Redo","Force Field"],"picked":"SKIP","floor":7},{"not_picked":["Cold Snap","Skim","Redo"],"picked":"SKIP","floor":10},{"not_picked":["Force Field","Gash","Rip and Tear"],"picked":"SKIP","floor":11},{"not_picked":["Streamline","Stack"],"picked":"Ball Lightning","floor":12},{"not_picked":["Leap","Cold Snap"],"picked":"Sunder","floor":13},{"not_picked":["Creative AI","Hyperbeam"],"picked":"Electrodynamics","floor":16},{"not_picked":["Go for the Eyes","Redo","Sweeping Beam"],"picked":"SKIP","floor":18},{"not_picked":["Beam Cell+1","Redo"],"picked":"BootSequence+1","floor":20},{"not_picked":["Genetic Algorithm","Static Discharge"],"picked":"Self Repair+1","floor":21},{"not_picked":["Reboot","Coolheaded","Rebound"],"picked":"SKIP","floor":25},{"not_picked":["Capacitor+1","Aggregate+1"],"picked":"Conserve Battery","floor":27},{"not_picked":["Gash","Glacier+1","Rebound+1"],"picked":"SKIP","floor":29},{"not_picked":["Leap+1","Sweeping Beam"],"picked":"Melter","floor":30}],"player_experience":209109,"relics_obtained":[{"floor":7,"key":"Cables"},{"floor":9,"key":"Lizard Tail"},{"floor":11,"key":"Bird Faced Urn"},{"floor":26,"key":"Whetstone"},{"floor":27,"key":"Omamori"},{"floor":30,"key":"Boot"}],"event_choices":[{"damage_healed":0,"gold_gain":0,"player_choice":"Take Damage","damage_taken":20,"relics_obtained":["Golden Idol"],"max_hp_gain":0,"max_hp_loss":0,"event_name":"Golden Idol","floor":5,"gold_loss":0},{"damage_healed":0,"gold_gain":175,"player_choice":"AGREE","damage_taken":0,"max_hp_gain":0,"max_hp_loss":0,"event_name":"Liars Game","floor":8,"gold_loss":0,"cards_obtained":["Doubt"]},{"damage_healed":0,"gold_gain":0,"player_choice":"Bought 0 Potions","damage_taken":0,"max_hp_gain":0,"max_hp_loss":0,"event_name":"The Woman in Blue","floor":14,"gold_loss":0},{"damage_healed":0,"gold_gain":0,"player_choice":"Simplicity","damage_taken":0,"max_hp_gain":0,"max_hp_loss":0,"event_name":"Back to Basics","floor":22,"gold_loss":0,"cards_upgraded":["Strike_B","Defend_B","Defend_B","Defend_B","Defend_B"]},{"damage_healed":0,"gold_gain":99,"player_choice":"Stole From Cult","damage_taken":0,"max_hp_gain":0,"max_hp_loss":0,"event_name":"Nest","floor":24,"gold_loss":0}],"is_beta":false,"boss_relics":[{"not_picked":["Philosopher\u0027s Stone","Empty Cage"],"picked":"Astrolabe"}],"items_purged_floors":[19,31],"is_endless":false,"potions_floor_spawned":[7,11,12,13,16,18,21,27,29],"killed_by":"Champ","ascension_level":1}}