{"host":"jm9833yuloeli2yd","time":1610131177,"event":{"mods":["BaseMod","Better Altar","Better Match","Better Note","Better Sensory Stone","Better Skull","Better Third Choice","Better Vampires","BetterRewards","Colored Map","Colored Powertips","DeckTracker","Minty Spire (QoL Compilation)","Permanent Neow","Quick Restart","StSLib","SuperFastMode"],"gold_per_floor":[113,123,136,148,162,162,172,205,232,232,232,267,267,283,283,354,354,372,372,387,46,46,46,76,108,108,126,26,26,26,26,26,100,100,118,118,137,153,153,153,153,153],"floor_reached":41,"playtime":1261,"items_purged":["Strike_G","Strike_G"],"score":846,"play_id":"2ee73da1-dc0a-47f0-9486-793a5b8f5ff5","local_time":"20210108133937","is_ascension_mode":true,"campfire_choices":[{"data":"Skewer","floor":6,"key":"SMITH"},{"floor":10,"key":"REST"},{"data":"Noxious Fumes","floor":13,"key":"SMITH"},{"data":"Neutralize","floor":15,"key":"SMITH"},{"data":"Footwork","floor":23,"key":"SMITH"},{"floor":30,"key":"REST"},{"data":"Adrenaline","floor":32,"key":"SMITH"},{"floor":40,"key":"REST"}],"circlet_count":0,"master_deck":["AscendersBane","Strike_G","Strike_G","Defend_G","Defend_G","Defend_G","Defend_G","Defend_G","Survivor","Neutralize+1","Master of Strategy","Skewer+1","Masterful Stab","Slice","Blade Dance","Corpse Explosion","Noxious Fumes+1","Blade Dance","Malaise","Adrenaline+1","Footwork+1","Escape Plan","Cloak And Dagger","Good Instincts","Good Instincts","Shame","A Thousand Cuts","Madness","Madness","Leg Sweep+1"],"relics":["Ring of the Snake","Orichalcum","Centennial Puzzle","Pen Nib","Sozu","Ninja Scroll","Toolbox","Regal Pillow","Molten Egg 2","Omamori","Calling Bell","Potion Belt","Question Card","CaptainsWheel"],"acts_visited":["Exordium","TheCity","TheBeyond"],"potions_floor_usage":[8,8,14,16],"damage_taken":[{"damage":4,"enemies":"Cultist","floor":1,"turns":4},{"damage":0,"enemies":"Small Slimes","floor":2,"turns":3},{"damage":1,"enemies":"Jaw Worm","floor":3,"turns":6},{"damage":1,"enemies":"3 Louse","floor":4,"turns":4},{"damage":0,"enemies":"2 Fungi Beasts","floor":5,"turns":2},{"damage":5,"enemies":"Exordium Wildlife","floor":7,"turns":3},{"damage":19,"enemies":"Lagavulin","floor":8,"turns":5},{"damage":2,"enemies":"Gremlin Nob","floor":12,"turns":3},{"damage":8,"enemies":"Lots of Slimes","floor":14,"turns":3},{"damage":14,"enemies":"Slime Boss","floor":16,"turns":8},{"damage":5,"enemies":"Shell Parasite","floor":18,"turns":5},{"damage":5,"enemies":"2 Thieves","floor":20,"turns":2},{"damage":12,"enemies":"Slavers","floor":24,"turns":3},{"damage":17,"enemies":"Chosen and Byrds","floor":25,"turns":7},{"damage":0,"enemies":"Centurion and Healer","floor":27,"turns":7},{"damage":40,"enemies":"Automaton","floor":33,"turns":11},{"damage":0,"enemies":"Orb Walker","floor":35,"turns":3},{"damage":25,"enemies":"3 Darklings","floor":37,"turns":3},{"damage":0,"enemies":"Sphere and 2 Shapes","floor":38,"turns":6},{"damage":52,"enemies":"Transient","floor":41,"turns":5}],"seed_played":"3875587627560481148","potions_obtained":[{"floor":3,"key":"GamblersBrew"},{"floor":4,"key":"DuplicationPotion"},{"floor":7,"key":"Dexterity Potion"},{"floor":8,"key":"BlessingOfTheForge"},{"floor":11,"key":"CunningPotion"}],"is_trial":false,"path_per_floor":["M","M","M","M","M","R","M","E","T","R","?","E","R","M","R","B",null,"M","T","M","$","?","R","E","M","T","M","$","?","R","?","R","B",null,"M","?","M","M","?","R","M"],"character_chosen":"THE_SILENT","items_purchased":["Toolbox","Escape Plan","Cloak And Dagger"],"campfire_rested":3,"item_purchase_floors":[21,21,21],"current_hp_per_floor":[40,40,39,38,38,38,33,14,14,33,33,31,31,23,23,9,52,47,47,42,42,42,42,30,13,13,13,13,13,47,47,47,7,51,51,39,14,14,14,48,0,0],"gold":153,"neow_bonus":"RANDOM_COLORLESS_2","is_daily":false,"chose_seed":false,"campfire_upgraded":5,"win_rate":0.0,"timestamp":1610131177,"path_taken":["M","M","?","M","M","R","M","E","T","R","?","E","R","M","R","BOSS","M","?","?","$","?","R","E","M","T","M","$","?","R","?","R","BOSS","M","?","M","M","?","R","M"],"items_purchased_type":["Relic","Card","Card"],"build_version":"2020-12-22","purchased_purges":2,"victory":false,"max_hp_per_floor":[66,66,66,66,66,66,66,66,66,66,66,66,66,66,66,66,66,66,66,66,66,66,66,66,66,66,66,66,66,66,66,66,66,66,66,66,66,66,66,66,66,66],"card_choices":[{"not_picked":["Violence","Transmutation"],"picked":"Master of Strategy","floor":0},{"not_picked":["Deflect","Masterful Stab"],"picked":"Skewer","floor":1},{"not_picked":["Catalyst","Predator"],"picked":"Masterful Stab","floor":2},{"not_picked":["Cloak And Dagger","Quick Slash"],"picked":"Slice","floor":3},{"not_picked":["Deadly Poison","Dodge and Roll"],"picked":"Blade Dance","floor":4},{"not_picked":["Flying Knee","Bane","Slice"],"picked":"SKIP","floor":5},{"not_picked":["Reflex","Tactician"],"picked":"Corpse Explosion","floor":7},{"not_picked":["Blur","Deadly Poison"],"picked":"Noxious Fumes","floor":8},{"not_picked":["Dagger Throw","Backstab"],"picked":"Blade Dance","floor":12},{"not_picked":["Deflect","Backflip"],"picked":"Malaise","floor":14},{"not_picked":["Glass Knife","Malaise"],"picked":"Adrenaline","floor":16},{"not_picked":["Eviscerate","Cloak And Dagger"],"picked":"Footwork","floor":18},{"not_picked":["Predator","Blade Dance","Outmaneuver"],"picked":"SKIP","floor":20},{"not_picked":["Magnetism","Forethought"],"picked":"Good Instincts","floor":22},{"not_picked":["Dramatic Entrance","Transmutation"],"picked":"Good Instincts","floor":22},{"not_picked":["Predator+1","Tactician","Quick Slash"],"picked":"SKIP","floor":24},{"not_picked":["Quick Slash","Underhanded Strike","Deadly Poison"],"picked":"SKIP","floor":25},{"not_picked":["Deadly Poison","Blade Dance","Eviscerate+1"],"picked":"SKIP","floor":27},{"not_picked":["Storm of Steel","Phantasmal Killer"],"picked":"A Thousand Cuts","floor":33},{"not_picked":["Quick Slash+1","Dagger Throw+1","Prepared","Bane+1"],"picked":"SKIP","floor":35},{"not_picked":["Blade Dance+1","Cloak And Dagger","Acrobatics","All Out Attack+1"],"picked":"SKIP","floor":37},{"not_picked":["Slice+1","Distraction","Infinite Blades"],"picked":"Leg Sweep+1","floor":38}],"player_experience":1282791,"relics_obtained":[{"floor":8,"key":"Orichalcum"},{"floor":9,"key":"Centennial Puzzle"},{"floor":12,"key":"Pen Nib"},{"floor":19,"key":"Ninja Scroll"},{"floor":24,"key":"Regal Pillow"},{"floor":26,"key":"Molten Egg 2"},{"floor":34,"key":"Potion Belt"},{"floor":34,"key":"Question Card"},{"floor":34,"key":"CaptainsWheel"}],"event_choices":[{"damage_healed":0,"gold_gain":0,"player_choice":"Got Potions","damage_taken":0,"max_hp_gain":0,"max_hp_loss":0,"event_name":"Lab","floor":11,"gold_loss":0},{"damage_healed":0,"gold_gain":2,"player_choice":"1","damage_taken":0,"max_hp_gain":0,"max_hp_loss":0,"event_name":"betterStone:BetterStone","floor":22,"gold_loss":0},{"damage_healed":0,"gold_gain":0,"player_choice":"Ignored","damage_taken":0,"max_hp_gain":0,"max_hp_loss":0,"event_name":"Ghosts","floor":29,"gold_loss":0},{"damage_healed":0,"gold_gain":0,"player_choice":"Stole Relic","damage_taken":0,"relics_obtained":["Omamori"],"max_hp_gain":0,"max_hp_loss":0,"event_name":"Addict","floor":31,"gold_loss":0,"cards_obtained":["Shame"]},{"damage_healed":0,"gold_gain":0,"player_choice":"Embrace Madness","damage_taken":12,"max_hp_gain":0,"max_hp_loss":0,"event_name":"Winding Halls","floor":36,"gold_loss":0,"cards_obtained":["Madness","Madness"]},{"cards_removed":["Strike_G"],"damage_healed":0,"gold_gain":0,"player_choice":"Removed Attack","damage_taken":0,"max_hp_gain":0,"max_hp_loss":0,"event_name":"Falling","floor":39,"gold_loss":0}],"is_beta":false,"boss_relics":[{"not_picked":["Runic Pyramid","Velvet Choker"],"picked":"Sozu"},{"not_picked":["Empty Cage","Busted Crown"],"picked":"Calling Bell"}],"items_purged_floors":[21,28],"is_endless":false,"potions_floor_spawned":[3,4,7,8,24,25,35],"killed_by":"Transient","ascension_level":20}}