{"host":"pvafbce70weqvzks","time":1610074644,"event":{"mods":["BaseMod","Gremlin Mod","Hermit","Minty Spire (QoL Compilation)","StSLib","themimic"],"gold_per_floor":[113,131,131,151,166,166,177,193,193,208,208,113,113,124,124,226,226,244,244,261,274,29,54,54,54],"floor_reached":24,"playtime":1015,"items_purged":[],"score":212,"play_id":"749f13df-681b-422a-97dc-1fc08f82e41a","local_time":"20210107235724","is_ascension_mode":false,"campfire_choices":[{"data":"Deflect","floor":6,"key":"SMITH"},{"floor":11,"key":"REST"},{"data":"Backstab","floor":15,"key":"SMITH"}],"circlet_count":0,"master_deck":["Strike_G","Strike_G","Strike_G","Strike_G","Strike_G","Defend_G","Defend_G","Defend_G","Defend_G","Defend_G","Survivor+1","Neutralize","Deflect+1","Cloak And Dagger","Flying Knee","Footwork","Dagger Spray","Slice","Backstab+1","Flash of Steel","Slice","Corpse Explosion","Endless Agony+1","Slice+1","PiercingWail","Choke"],"relics":["Ring of the Snake","Smiling Mask","Black Star","Ornamental Fan","Pear","Boot"],"acts_visited":["Exordium","TheCity"],"potions_floor_usage":[16,16,16,20,21,21,23,23],"damage_taken":[{"damage":0,"enemies":"Jaw Worm","floor":1,"turns":4},{"damage":0,"enemies":"2 Louse","floor":2,"turns":3},{"damage":2,"enemies":"Small Slimes","floor":4,"turns":4},{"damage":18,"enemies":"Gremlin Gang","floor":5,"turns":7},{"damage":3,"enemies":"3 Louse","floor":7,"turns":5},{"damage":0,"enemies":"2 Fungi Beasts","floor":8,"turns":4},{"damage":0,"enemies":"Looter","floor":10,"turns":4},{"damage":3,"enemies":"Exordium Wildlife","floor":14,"turns":4},{"damage":21,"enemies":"Hexaghost","floor":16,"turns":11},{"damage":34,"enemies":"Spheric Guardian","floor":18,"turns":6},{"damage":7,"enemies":"2 Thieves","floor":20,"turns":4},{"damage":10,"enemies":"Chosen and Byrds","floor":21,"turns":5},{"damage":32,"enemies":"Book of Stabbing","floor":23,"turns":6},{"damage":19,"enemies":"Sentry and Sphere","floor":24,"turns":3}],"seed_played":"-4489645835200337176","potions_obtained":[{"floor":0,"key":"Dexterity Potion"},{"floor":0,"key":"Strength Potion"},{"floor":0,"key":"LiquidBronze"},{"floor":16,"key":"SteroidPotion"},{"floor":18,"key":"EntropicBrew"},{"floor":21,"key":"Strength Potion"},{"floor":23,"key":"GamblersBrew"}],"is_trial":false,"path_per_floor":["M","M","?","M","M","R","M","M","T","M","R","$","?","M","R","B",null,"M","?","M","M","$","E","M"],"character_chosen":"THE_SILENT","items_purchased":["Flash of Steel","Ornamental Fan"],"campfire_rested":1,"item_purchase_floors":[12,22],"current_hp_per_floor":[70,70,70,68,50,50,47,47,47,47,68,68,68,65,65,44,70,36,36,29,19,19,18,0,0],"gold":54,"neow_bonus":"THREE_SMALL_POTIONS","is_daily":false,"chose_seed":false,"campfire_upgraded":2,"win_rate":0.0,"timestamp":1610074644,"path_taken":["M","M","?","M","M","R","M","M","T","M","R","$","?","M","R","BOSS","M","?","M","M","$","E","M"],"items_purchased_type":["Card","Relic"],"build_version":"2020-12-22","purchased_purges":0,"victory":false,"max_hp_per_floor":[70,70,70,70,70,70,70,70,70,70,70,70,70,70,70,70,70,70,70,70,70,70,80,80,80],"card_choices":[{"not_picked":["Underhanded Strike","Bane"],"picked":"Deflect","floor":1},{"not_picked":["Riddle With Holes","Finisher"],"picked":"Cloak And Dagger","floor":2},{"not_picked":["Phantasmal Killer","Leg Sweep"],"picked":"Flying Knee","floor":4},{"not_picked":["Terror","Tactician"],"picked":"Footwork","floor":5},{"not_picked":["Cloak And Dagger","Dodge and Roll"],"picked":"Dagger Spray","floor":7},{"not_picked":["Infinite Blades","All Out Attack"],"picked":"Slice","floor":8},{"not_picked":["Blade Dance","Deadly Poison"],"picked":"Backstab","floor":10},{"not_picked":["Reflex","Sucker Punch"],"picked":"Slice","floor":14},{"not_picked":["A Thousand Cuts","Night Terror"],"picked":"Corpse Explosion","floor":16},{"not_picked":["Tactician+1","Crippling Poison"],"picked":"Endless Agony+1","floor":18},{"not_picked":["Deadly Poison+1","Sucker Punch"],"picked":"Slice+1","floor":20},{"not_picked":["Slice","Noxious Fumes"],"picked":"PiercingWail","floor":21},{"not_picked":["Prepared","Expertise"],"picked":"Choke","floor":23}],"player_experience":56335,"relics_obtained":[{"floor":9,"key":"Smiling Mask"},{"floor":23,"key":"Pear"},{"floor":23,"key":"Boot"}],"event_choices":[{"damage_healed":0,"gold_gain":0,"player_choice":"Grow","damage_taken":0,"max_hp_gain":0,"max_hp_loss":0,"event_name":"Living Wall","floor":3,"gold_loss":0,"cards_upgraded":["Survivor"]},{"damage_healed":0,"gold_gain":0,"player_choice":"Ignored","damage_taken":0,"max_hp_gain":0,"max_hp_loss":0,"event_name":"Liars Game","floor":13,"gold_loss":0},{"damage_healed":0,"gold_gain":0,"player_choice":"Ignored","damage_taken":0,"max_hp_gain":0,"max_hp_loss":0,"event_name":"Beggar","floor":19,"gold_loss":0}],"is_beta":false,"boss_relics":[{"not_picked":["Cursed Key","Astrolabe"],"picked":"Black Star"}],"items_purged_floors":[],"is_endless":false,"potions_floor_spawned":[1,2,16,18,21,23],"killed_by":"Sentry and Sphere","ascension_level":0}}