{"host":"m3vr1ryw772wgwgs","time":1610110365,"event":{"mods":["Aspiration","BaseMod","Better Altar","Better Match","Better Note","Better Sensory Stone","Better Skull","Better Third Choice","BetterRewards","Colored Map","Colored Powertips","Downfall","Friendly Minions","Hubris","Infinite Spire","Minty Spire (QoL Compilation)","Rare Cards Sparkle","Replay The Spire","Robot Space Explorer","StSLib","Wandering Minibosses"],"gold_per_floor":[110,110,155,176,191,191,227,227,227,246,246,262,262,262,262,262,262],"floor_reached":16,"playtime":717,"items_purged":[],"score":100,"play_id":"0734451e-eacd-4e4d-b0a8-0e26621ba01a","local_time":"20210108095245","is_ascension_mode":false,"campfire_choices":[{"data":"RobotSpaceExplorer:MiniLasers","floor":6,"key":"SMITH"},{"data":"RobotSpaceExplorer:FreezeRay","floor":8,"key":"SMITH"},{"data":"RobotSpaceExplorer:Autoloader","floor":11,"key":"SMITH"},{"data":"RobotSpaceExplorer:DualCore","floor":13,"key":"SMITH"},{"floor":15,"key":"REST"}],"circlet_count":0,"master_deck":["RobotSpaceExplorer:Strike","RobotSpaceExplorer:Strike","RobotSpaceExplorer:Strike","RobotSpaceExplorer:Defend","RobotSpaceExplorer:Defend","RobotSpaceExplorer:Defend","RobotSpaceExplorer:Defend","RobotSpaceExplorer:Scan","RobotSpaceExplorer:MiniLasers+1","RobotSpaceExplorer:SurgingShield","RobotSpaceExplorer:MetalStrike","RobotSpaceExplorer:FreezeRay+1","RobotSpaceExplorer:ToxicBomb","RobotSpaceExplorer:ShovelStrike","RobotSpaceExplorer:Autoloader+1","RobotSpaceExplorer:DualCore+1"],"relics":["RobotSpaceExplorer:RoboCore","Golden Idol","CaptainsWheel","Question Card"],"acts_visited":["Exordium"],"potions_floor_usage":[7,7,10,16],"damage_taken":[{"damage":0,"enemies":"Cultist","floor":1,"turns":3},{"damage":0,"enemies":"2 Louse","floor":4,"turns":3},{"damage":0,"enemies":"Small Slimes","floor":5,"turns":3},{"damage":13,"enemies":"Gremlin Nob","floor":7,"turns":3},{"damage":5,"enemies":"Gremlin Gang","floor":10,"turns":4},{"damage":0,"enemies":"Looter","floor":12,"turns":3},{"damage":30,"enemies":"The Guardian","floor":16,"turns":5}],"seed_played":"3406966552971332818","potions_obtained":[{"floor":1,"key":"LiquidMemories"},{"floor":4,"key":"Swift Potion"},{"floor":7,"key":"Weak Potion"},{"floor":10,"key":"BlessingOfTheForge"}],"is_trial":false,"path_per_floor":["M","?","?","M","M","R","E","R","T","M","R","M","R","?","R","B"],"character_chosen":"RobotSpaceExplorer","items_purchased":[],"campfire_rested":1,"item_purchase_floors":[],"current_hp_per_floor":[82,62,30,30,30,30,17,17,17,12,12,12,12,5,29,0,0],"gold":262,"neow_bonus":"TEN_PERCENT_HP_BONUS","is_daily":false,"chose_seed":false,"campfire_upgraded":4,"win_rate":0.0,"timestamp":1610110365,"path_taken":["M","?","?","M","?","R","E","R","T","M","R","?","R","?","R","BOSS"],"items_purchased_type":[],"build_version":"2020-12-22","purchased_purges":0,"victory":false,"max_hp_per_floor":[82,82,82,82,82,82,82,82,82,82,82,82,82,82,82,82,82],"card_choices":[{"not_picked":["RobotSpaceExplorer:ImprovisedAttack","RobotSpaceExplorer:IronShell"],"picked":"RobotSpaceExplorer:SurgingShield","floor":1},{"not_picked":["RobotSpaceExplorer:Ammunition","RobotSpaceExplorer:ShovelStrike"],"picked":"RobotSpaceExplorer:MetalStrike","floor":3},{"not_picked":["RobotSpaceExplorer:LaserBurst","RobotSpaceExplorer:MakeshiftVolley"],"picked":"RobotSpaceExplorer:FreezeRay","floor":4},{"not_picked":["RobotSpaceExplorer:IronShell","RobotSpaceExplorer:ScrapToss"],"picked":"RobotSpaceExplorer:ToxicBomb","floor":5},{"not_picked":["RobotSpaceExplorer:SurgingShield","RobotSpaceExplorer:StunGrenade"],"picked":"RobotSpaceExplorer:ShovelStrike","floor":7},{"not_picked":["RobotSpaceExplorer:ImprovisedAttack","RobotSpaceExplorer:Ammunition","RobotSpaceExplorer:SlimeMissile"],"picked":"RobotSpaceExplorer:Autoloader","floor":10},{"not_picked":["RobotSpaceExplorer:LuckyStrike","RobotSpaceExplorer:StunGrenade","RobotSpaceExplorer:FranticSearch"],"picked":"RobotSpaceExplorer:DualCore","floor":12}],"player_experience":342828,"relics_obtained":[{"floor":3,"key":"CaptainsWheel"},{"floor":7,"key":"Question Card"}],"event_choices":[{"damage_healed":0,"gold_gain":0,"player_choice":"Take Damage","damage_taken":20,"relics_obtained":["Golden Idol"],"max_hp_gain":0,"max_hp_loss":0,"event_name":"Golden Idol","floor":2,"gold_loss":0},{"cards_removed":["RobotSpaceExplorer:Strike"],"damage_healed":0,"gold_gain":0,"player_choice":"Card Removal","damage_taken":7,"max_hp_gain":0,"max_hp_loss":0,"event_name":"Golden Wing","floor":14,"gold_loss":0}],"is_beta":false,"boss_relics":[],"items_purged_floors":[],"is_endless":false,"potions_floor_spawned":[1,4,7,10],"killed_by":"The Guardian","ascension_level":0}}