{"host":"zjc1tzo4ovig5lll","time":1610120525,"event":{"mods":["AchievementEnabler","Aspiration","BaseMod","Beaked The Cultist","Better Altar","Better Match","Better Note","Better Sensory Stone","Colored Map","Colored Powertips","Conspire","Energized Spire","Friendly Minions","GifTheSpireLib","Halation","Hermit","Hubris","Minty Spire (QoL Compilation)","Rare Cards Sparkle","Replay The Spire","StSLib","The Blue Laboratory","The Bug Knight","The Construct","The Jungle","everything is the same but u backflip on backflip","vexMod"],"gold_per_floor":[117,128,53,2,12,12,37,57,80,92,108,108,33,48,48,150,150,163,163,176,176,176],"floor_reached":21,"playtime":829,"items_purged":["construct:AttackMode"],"score":183,"play_id":"dd7e21ad-522e-4bf4-a116-e1927738d86c","local_time":"20210108174205","is_ascension_mode":false,"campfire_choices":[{"data":"construct:LaserCore","floor":6,"key":"SMITH"},{"data":"construct:LaserCore+1","floor":12,"key":"SMITH"},{"data":"construct:DefenseMode","floor":15,"key":"SMITH"}],"circlet_count":0,"master_deck":["construct:Strike_Gold","construct:Strike_Gold","construct:Strike_Gold","construct:Strike_Gold","construct:Defend_Gold","construct:Defend_Gold","construct:Defend_Gold","construct:Defend_Gold","construct:Defend_Gold","construct:DefenseMode+1","construct:LaserCore+2","construct:Autoturret","construct:Synchronize","construct:Analyze","construct:GuardCore","construct:FlameCore","construct:Analyze+1","construct:PanicFire"],"relics":["construct:ClockworkPhoenix","NeowsBlessing","hubris:TenFootPole","aspiration:RunicSpoon"],"acts_visited":["Exordium","TheCity"],"potions_floor_usage":[8],"damage_taken":[{"damage":0.0,"enemies":"Cultist","floor":1.0,"turns":1.0},{"damage":0.0,"enemies":"Small Slimes","floor":2.0,"turns":1.0},{"damage":0,"enemies":"Jaw Worm","floor":5,"turns":1},{"damage":4,"enemies":"HollowMod:MossKnight","floor":7,"turns":6},{"damage":19,"enemies":"Lots of Slimes","floor":8,"turns":4},{"damage":1,"enemies":"Looter","floor":10,"turns":4},{"damage":0,"enemies":"conspire:2 RoseBushes","floor":11,"turns":3},{"damage":16,"enemies":"Gremlin Gang","floor":14,"turns":4},{"damage":16,"enemies":"The Guardian","floor":16,"turns":8},{"damage":4,"enemies":"Shell Parasite","floor":18,"turns":6},{"damage":17,"enemies":"3 Byrds","floor":20,"turns":4},{"damage":18,"enemies":"Cultist and Chosen","floor":21,"turns":6}],"seed_played":"2680524570571104848","potions_obtained":[{"floor":8,"key":"Fruit Juice"}],"is_trial":false,"path_per_floor":["M","M","?","$","M","R","E","M","T","M","M","R","$","M","R","B",null,"M","?","M","M"],"character_chosen":"THE_CONSTRUCT_MOD","items_purchased":["construct:Autoturret"],"campfire_rested":0,"item_purchase_floors":[4],"current_hp_per_floor":[85,85,85,85,85,85,81,67,67,66,66,66,66,50,50,34,90,86,86,69,51,51],"gold":176,"neow_bonus":"THREE_ENEMY_KILL","is_daily":false,"chose_seed":false,"campfire_upgraded":3,"win_rate":0.0,"timestamp":1610120525,"path_taken":["M","?","?","$","?","R","E","M","T","M","M","R","$","M","R","BOSS","M","?","?","M"],"items_purchased_type":["Card"],"build_version":"2020-12-22","purchased_purges":1,"victory":false,"max_hp_per_floor":[85,85,85,85,85,85,85,90,90,90,90,90,90,90,90,90,90,90,90,90,90,90],"card_choices":[{"not_picked":["construct:SweepLaser","construct:FierceBash","construct:Anticipate"],"picked":"SKIP","floor":1.0},{"not_picked":["construct:Autoturret","construct:Forcefield"],"picked":"construct:LaserCore","floor":2.0},{"not_picked":["construct:Anticipate","construct:SaveState"],"picked":"construct:Synchronize","floor":5},{"not_picked":["construct:MetalShell","construct:GatlingGun"],"picked":"construct:Analyze","floor":7},{"not_picked":["construct:FierceBash","construct:SuppressiveFire"],"picked":"construct:GuardCore","floor":8},{"not_picked":["construct:SyphonStrike","construct:Accumulate"],"picked":"construct:FlameCore","floor":10},{"not_picked":["construct:UnbalancingBlast","construct:Overcharge","construct:Missile"],"picked":"SKIP","floor":11},{"not_picked":["construct:GoldenBullet","construct:Accumulate","construct:VentSteam"],"picked":"SKIP","floor":14},{"not_picked":["construct:PowerUp","construct:Antimatter"],"picked":"construct:Analyze+1","floor":18},{"not_picked":["construct:SyphonStrike+1","construct:OneWayMirror+1","construct:Versatility"],"picked":"SKIP","floor":20}],"player_experience":633146,"relics_obtained":[{"floor":7,"key":"hubris:TenFootPole"}],"event_choices":[{"damage_healed":0,"gold_gain":0,"player_choice":"2","damage_taken":0,"max_hp_gain":0,"max_hp_loss":0,"event_name":"betterMatch:BetterMatch","floor":3,"gold_loss":0,"cards_obtained":["betterMatch:CommonCard","betterMatch:UncommonCard"]},{"damage_healed":0,"gold_gain":0,"cards_transformed":["construct:Strike_Gold"],"player_choice":"Transformed","damage_taken":0,"max_hp_gain":0,"max_hp_loss":0,"event_name":"Transmorgrifier","floor":19,"gold_loss":0,"cards_obtained":["construct:PanicFire"]}],"is_beta":false,"boss_relics":[{"not_picked":["vexMod:DeviousBotling","Replay:Fungal Core"],"picked":"aspiration:RunicSpoon"}],"items_purged_floors":[13],"is_endless":false,"potions_floor_spawned":[2,8,11],"killed_by":"Cultist and Chosen","ascension_level":0}}