{"host":"Crutt","time":1610133779,"event":{"mods":["2.2 Compatiblity","Aspiration","BaseMod","Downfall","Googly Eyes","Hermit","Jorbs\u0027s Wanderer Trilogy","Minty Spire (QoL Compilation)","Optimize The Spire","Potionbrewer","Spicy Shops","StSLib","The Construct","The Cursed","The Disciple","The Showman","The Witch"],"gold_per_floor":[99,115,115,128,143,156,156,156,172,172,190,223,223,242,255,255,255,255],"floor_reached":16,"playtime":1222,"items_purged":[],"score":170,"play_id":"b3ed30f3-feb1-4cd4-a772-e6aec09c4e56","local_time":"20210108132259","is_ascension_mode":true,"campfire_choices":[{"data":"Guardian:FierceBash","floor":1,"key":"SMITH"},{"data":"Guardian:DecasProtection","floor":8,"key":"SMITH"},{"floor":10,"key":"REST"}],"circlet_count":0,"master_deck":["AscendersBane","Guardian:Strike_Guardian","Guardian:Strike_Guardian","Guardian:Strike_Guardian","Guardian:Defend_Guardian","Guardian:Defend_Guardian","Guardian:Defend_Guardian","Guardian:Defend_Guardian","Guardian:CurlUp+1","Guardian:TwinSlam","Guardian:FierceBash+1","Guardian:DecasProtection+1","Guardian:TemporalShield+1","Guardian:HyperBeam_Guardian","Guardian:SpikerProtocol","Shame","Guardian:PiercingHide","Guardian:CompilePackage"],"relics":["Guardian:ModeShifter","Question Card","Matryoshka"],"acts_visited":["Exordium"],"potions_floor_usage":[6,16,16],"damage_taken":[{"damage":12,"enemies":"Jaw Worm","floor":2,"turns":4},{"damage":1,"enemies":"Cultist","floor":4,"turns":5},{"damage":0,"enemies":"2 Louse","floor":5,"turns":3},{"damage":10,"enemies":"Lots of Slimes","floor":6,"turns":8},{"damage":1,"enemies":"2 Fungi Beasts","floor":9,"turns":4},{"damage":6,"enemies":"Large Slime","floor":11,"turns":6},{"damage":23,"enemies":"Lagavulin","floor":12,"turns":8},{"damage":19,"enemies":"Exordium Wildlife","floor":14,"turns":6},{"damage":15,"enemies":"Exordium Thugs","floor":15,"turns":5},{"damage":13,"enemies":"downfall:Watcher","floor":16,"turns":13}],"seed_played":"-6362490725569557335","potions_obtained":[{"floor":4,"key":"Slimebound:ThreeZeroPotion"},{"floor":9,"key":"Weak Potion"},{"floor":11,"key":"SpeedPotion"}],"is_trial":false,"path_per_floor":["R","M","?","M","M","M","T","R","M","R","M","E","?","M","M","B"],"character_chosen":"GUARDIAN","items_purchased":[],"campfire_rested":1,"item_purchase_floors":[],"current_hp_per_floor":[72,60,60,59,59,49,49,49,48,72,66,43,43,24,9,0,0,0],"gold":255,"neow_bonus":"ONE_RANDOM_RARE_CARD","is_daily":false,"chose_seed":false,"campfire_upgraded":2,"win_rate":0.0,"timestamp":1610133779,"path_taken":["R","M","?","M","M","M","T","R","M","R","?","E","?","M","M","BOSS"],"items_purchased_type":[],"build_version":"2020-12-18","purchased_purges":0,"victory":false,"max_hp_per_floor":[80,80,80,80,80,80,80,80,80,80,80,80,80,80,80,80,80,80],"card_choices":[{"not_picked":["Guardian:BodySlam","Guardian:Suspension"],"picked":"Guardian:Gem_Cyan","floor":2},{"not_picked":["Guardian:BodySlam","Guardian:Planning"],"picked":"Guardian:Gem_Purple","floor":4},{"not_picked":["Guardian:PolyBeam","Guardian:FuturePlans"],"picked":"Guardian:DecasProtection","floor":5},{"not_picked":["Guardian:Gem_Cyan","Guardian:TemporalStrike"],"picked":"Guardian:Gem_Purple","floor":6},{"not_picked":["Guardian:ChargeCore","Guardian:TemporalStrike","Guardian:MultiBeam"],"picked":"Guardian:TemporalShield","floor":9},{"not_picked":["Guardian:TemporalShield","Guardian:SentryBeam","Guardian:VentSteam"],"picked":"Guardian:HyperBeam_Guardian","floor":11},{"not_picked":["Guardian:PiercingHide","Guardian:Preprogram","Guardian:Emergency"],"picked":"Guardian:SpikerProtocol","floor":12},{"not_picked":["Guardian:Gem_Lightblue","Guardian:ShieldCharger","Guardian:PrismaticBarrier"],"picked":"Guardian:PiercingHide","floor":14},{"not_picked":["Guardian:Gem_Lightblue","Guardian:TimeCapacitor","Guardian:PrismaticBarrier"],"picked":"Guardian:CompilePackage","floor":15}],"player_experience":3638920,"relics_obtained":[{"floor":7,"key":"Question Card"},{"floor":12,"key":"Matryoshka"}],"event_choices":[{"cards_removed":["Guardian:Strike_Guardian"],"damage_healed":0,"gold_gain":0,"player_choice":"Offered Basic","damage_taken":0,"max_hp_gain":0,"max_hp_loss":0,"event_name":"Bonfire Elementals","floor":3,"gold_loss":0}],"is_beta":true,"boss_relics":[],"items_purged_floors":[],"is_endless":false,"potions_floor_spawned":[4,9,11,14,15],"killed_by":"downfall:Watcher","ascension_level":12}}