{"host":"p6y17sixyu8q9v1f","time":1610094756,"event":{"mods":["BaseMod","Colored Map","Minty Spire (QoL Compilation)"],"gold_per_floor":[15,290,308,319,6,6,34,49,49,49,106,106,106,121,121,225,225,238,238,238,91,103,136,156,191,245,245,257,286,286,314,314,411,411,426,426,148,160,10,43,43,71,71,83,107,107,157,198,198,198,198,198,57,85,85,85],"floor_reached":55,"playtime":5696,"items_purged":["Regret","Malaise+1","Defend_G","Bouncing Flask","Strike_G"],"score":1124,"play_id":"c2b4b21c-f933-4a5d-85c4-89aa9c585e55","local_time":"20210108023236","is_ascension_mode":true,"campfire_choices":[{"data":"Prepared","floor":6,"key":"SMITH"},{"floor":10,"key":"REST"},{"floor":15,"key":"REST"},{"floor":27,"key":"REST"},{"floor":32,"key":"RECALL"},{"data":"After Image","floor":41,"key":"SMITH"},{"data":"Neutralize","floor":46,"key":"SMITH"},{"data":"1","floor":49,"key":"LIFT"},{"data":"2","floor":52,"key":"LIFT"}],"circlet_count":0,"master_deck":["Strike_G","Strike_G","Defend_G+1","Defend_G","Defend_G","Survivor+1","Neutralize+1","Prepared+1","Poisoned Stab","Infinite Blades+1","Slice","Blade Dance+1","Storm of Steel+1","Cloak And Dagger+1","Storm of Steel+1","Deflect+1","Cloak And Dagger+1","Prepared+1","Deflect+1","Slice","Cloak And Dagger+1","Phantasmal Killer+1","After Image+1","CurseOfTheBell","Neutralize","Glass Knife","Endless Agony","Accuracy+1","Backstab+1","Infinite Blades+1","Blade Dance+1","Accuracy","Terror+1"],"relics":["Ring of the Serpent","The Specimen","Kunai","Question Card","Ornamental Fan","Eternal Feather","Toxic Egg 2","Akabeko","FossilizedHelix","Blood Vial","Tiny Chest","Paper Crane","Art of War","Calling Bell","Bag of Marbles","Ninja Scroll","Gambling Chip","Boot","Shuriken","War Paint","CeramicFish","Girya","Smiling Mask","InkBottle"],"acts_visited":["Exordium","TheCity","TheBeyond","TheEnding"],"potions_floor_usage":[7,11,16,25,25,33,40,50,54,54,55],"damage_taken":[{"damage":0,"enemies":"2 Louse","floor":1,"turns":3},{"damage":11,"enemies":"Cultist","floor":3,"turns":5},{"damage":12,"enemies":"Jaw Worm","floor":4,"turns":4},{"damage":28,"enemies":"3 Sentries","floor":7,"turns":11},{"damage":11,"enemies":"Looter","floor":8,"turns":3},{"damage":7,"enemies":"Gremlin Nob","floor":11,"turns":4},{"damage":0,"enemies":"Large Slime","floor":14,"turns":5},{"damage":11,"enemies":"The Guardian","floor":16,"turns":10},{"damage":8,"enemies":"Chosen","floor":18,"turns":4},{"damage":0,"enemies":"Spheric Guardian","floor":22,"turns":3},{"damage":25,"enemies":"Slavers","floor":23,"turns":8},{"damage":4,"enemies":"Cultist and Chosen","floor":24,"turns":4},{"damage":7,"enemies":"Gremlin Leader","floor":25,"turns":4},{"damage":10,"enemies":"Snake Plant","floor":28,"turns":5},{"damage":5,"enemies":"Slavers","floor":29,"turns":5},{"damage":0,"enemies":"Book of Stabbing","floor":31,"turns":6},{"damage":5,"enemies":"Collector","floor":33,"turns":14},{"damage":11,"enemies":"3 Darklings","floor":35,"turns":8},{"damage":0,"enemies":"Orb Walker","floor":38,"turns":3},{"damage":0,"enemies":"Giant Head","floor":40,"turns":10},{"damage":0,"enemies":"Reptomancer","floor":42,"turns":4},{"damage":0,"enemies":"Spire Growth","floor":44,"turns":3},{"damage":0,"enemies":"Mind Bloom Boss Battle","floor":47,"turns":6},{"damage":0,"enemies":"Giant Head","floor":48,"turns":4},{"damage":18,"enemies":"Awakened One","floor":50,"turns":8},{"damage":26,"enemies":"Shield and Spear","floor":54,"turns":4},{"damage":74,"enemies":"The Heart","floor":55,"turns":3}],"seed_played":"-8463508893650646356","potions_obtained":[{"floor":3,"key":"PowerPotion"},{"floor":7,"key":"Weak Potion"},{"floor":8,"key":"Block Potion"},{"floor":16,"key":"FearPotion"},{"floor":24,"key":"PowerPotion"},{"floor":29,"key":"Fire Potion"},{"floor":33,"key":"LiquidBronze"},{"floor":35,"key":"Weak Potion"},{"floor":40,"key":"SpeedPotion"},{"floor":42,"key":"Poison Potion"},{"floor":48,"key":"Regen Potion"},{"floor":54,"key":"Energy Potion"}],"is_trial":false,"path_per_floor":["M","?","M","M","$","R","E","M","T","R","?","T","?","M","R","B",null,"M","?","?","$","M","E","M","E","T","R","M","E","?","E","R","B",null,"M","?","$","M","$","E","R","E","T","M","T","R","?","E","R","B",null,"R","$","E","B"],"character_chosen":"THE_SILENT","items_purchased":["Kunai","Deflect+1","Boot","Accuracy","Terror+1"],"campfire_rested":3,"item_purchase_floors":[5,21,37,53,53],"current_hp_per_floor":[70,70,59,47,47,47,19,8,8,29,22,22,22,22,52,41,63,55,55,55,55,55,30,26,19,19,52,44,41,41,43,58,55,66,57,57,57,59,59,61,70,70,70,70,70,70,70,70,70,52,66,70,70,53,0,0],"gold":85,"neow_bonus":"ONE_RARE_RELIC","is_daily":false,"chose_seed":false,"campfire_upgraded":3,"win_rate":0.0,"timestamp":1610094756,"path_taken":["M","?","M","?","$","R","E","?","T","R","?","?","?","M","R","BOSS","M","?","?","$","?","E","M","E","T","R","M","E","?","E","R","BOSS","M","?","$","M","$","E","R","E","T","?","?","R","?","E","R","BOSS","R","$","E","BOSS"],"items_purchased_type":["Relic","Card","Relic","Card","Card"],"build_version":"2020-12-22","purchased_purges":5,"victory":false,"max_hp_per_floor":[70,70,70,70,70,70,70,70,70,70,70,70,70,70,70,70,70,70,70,70,70,70,70,70,70,70,70,70,70,70,70,70,70,70,70,70,70,70,70,70,70,70,70,70,70,70,70,70,70,70,70,70,70,70,70,70],"card_choices":[{"not_picked":["Sucker Punch","Dagger Spray"],"picked":"Prepared","floor":1},{"not_picked":["Finisher","Setup","Eviscerate"],"picked":"SKIP","floor":3},{"not_picked":["Flying Knee","Prepared"],"picked":"Poisoned Stab","floor":4},{"not_picked":["Prepared","Acrobatics"],"picked":"Infinite Blades","floor":7},{"not_picked":["Slice","Dodge and Roll","Dagger Spray"],"picked":"Bouncing Flask","floor":8},{"not_picked":["Riddle With Holes","Underhanded Strike","Flying Knee"],"picked":"Slice","floor":11},{"not_picked":["Expertise+1","Underhanded Strike","Distraction+1"],"picked":"Blade Dance+1","floor":14},{"not_picked":["Night Terror+1","Malaise+1","A Thousand Cuts"],"picked":"Storm of Steel+1","floor":16},{"not_picked":["Flying Knee","Dodge and Roll+1","Deflect+1"],"picked":"Cloak And Dagger+1","floor":18},{"not_picked":["Slice","PiercingWail+1","Backflip+1"],"picked":"Cloak And Dagger+1","floor":22},{"not_picked":["Outmaneuver+1","Heel Hook","Wraith Form v2"],"picked":"Prepared+1","floor":23},{"not_picked":["Dodge and Roll+1","Dagger Throw","Tactician+1"],"picked":"Deflect+1","floor":24},{"not_picked":["Calculated Gamble+1","PiercingWail+1","Footwork+1"],"picked":"Slice","floor":25},{"not_picked":["Dagger Throw+1","Blur+1","Escape Plan+1"],"picked":"Cloak And Dagger+1","floor":28},{"not_picked":["Calculated Gamble+1","Blur+1","Venomology+1","Sucker Punch"],"picked":"SKIP","floor":29},{"not_picked":["Deflect+1","Cloak And Dagger+1","Dagger Spray"],"picked":"Phantasmal Killer+1","floor":31},{"not_picked":["Glass Knife","Wraith Form v2","Corpse Explosion+1"],"picked":"After Image","floor":33},{"not_picked":["Poisoned Stab","Choke","Finisher+1","Flying Knee+1"],"picked":"SKIP","floor":35},{"not_picked":["Expertise+1","Heel Hook","Bane","Well Laid Plans"],"picked":"SKIP","floor":38},{"not_picked":["Heel Hook+1","Riddle With Holes","Malaise+1"],"picked":"Accuracy+1","floor":40},{"not_picked":["Escape Plan+1","Acrobatics+1","Terror+1"],"picked":"Backstab+1","floor":42},{"not_picked":["Backflip+1","Dodge and Roll+1","Outmaneuver+1"],"picked":"Infinite Blades+1","floor":44},{"not_picked":["Unload","Footwork","Skewer+1"],"picked":"Blade Dance+1","floor":48},{"not_picked":["Terror+1","Dash+1","Reflex+1","Well Laid Plans"],"picked":"SKIP","floor":54}],"player_experience":1042401,"relics_obtained":[{"floor":7,"key":"Question Card"},{"floor":9,"key":"Ornamental Fan"},{"floor":12,"key":"Toxic Egg 2"},{"floor":23,"key":"Akabeko"},{"floor":25,"key":"FossilizedHelix"},{"floor":26,"key":"Blood Vial"},{"floor":29,"key":"Tiny Chest"},{"floor":31,"key":"Art of War"},{"floor":34,"key":"Bag of Marbles"},{"floor":34,"key":"Ninja Scroll"},{"floor":34,"key":"Gambling Chip"},{"floor":40,"key":"Shuriken"},{"floor":42,"key":"War Paint"},{"floor":45,"key":"CeramicFish"},{"floor":47,"key":"Girya"},{"floor":48,"key":"Smiling Mask"},{"floor":54,"key":"InkBottle"}],"event_choices":[{"damage_healed":0,"gold_gain":275,"player_choice":"Desecrate","damage_taken":0,"max_hp_gain":0,"max_hp_loss":0,"event_name":"Golden Shrine","floor":2,"gold_loss":0,"cards_obtained":["Regret"]},{"damage_healed":0,"gold_gain":0,"player_choice":"Searched \u00272\u0027 times","damage_taken":0,"relics_obtained":["Eternal Feather"],"max_hp_gain":0,"max_hp_loss":0,"event_name":"Dead Adventurer","floor":11,"gold_loss":0},{"cards_removed":["Strike_G"],"damage_healed":0,"gold_gain":0,"player_choice":"Forget","damage_taken":0,"max_hp_gain":0,"max_hp_loss":0,"event_name":"Living Wall","floor":13,"gold_loss":0},{"damage_healed":0,"gold_gain":0,"cards_transformed":["Defend_G","Strike_G"],"player_choice":"Became Test Subject","damage_taken":0,"max_hp_gain":0,"max_hp_loss":0,"event_name":"Drug Dealer","floor":19,"gold_loss":0,"cards_obtained":["Storm of Steel","Malaise"]},{"damage_healed":0,"gold_gain":0,"player_choice":"Forge","damage_taken":0,"max_hp_gain":0,"max_hp_loss":0,"event_name":"Accursed Blacksmith","floor":20,"gold_loss":0,"cards_upgraded":["Infinite Blades"]},{"damage_healed":0,"gold_gain":0,"player_choice":"Opened","damage_taken":0,"relics_obtained":["Paper Crane"],"max_hp_gain":0,"max_hp_loss":0,"event_name":"The Mausoleum","floor":30,"gold_loss":0},{"damage_healed":0,"gold_gain":0,"player_choice":"3 cards matched","damage_taken":0,"max_hp_gain":0,"max_hp_loss":0,"event_name":"Match and Keep!","floor":36,"gold_loss":0,"cards_obtained":["Neutralize","Glass Knife","Endless Agony"]},{"damage_healed":0,"gold_gain":0,"player_choice":"Fight","damage_taken":0,"max_hp_gain":0,"max_hp_loss":0,"event_name":"MindBloom","floor":47,"gold_loss":0}],"is_beta":false,"boss_relics":[{"not_picked":["Runic Pyramid","Coffee Dripper"],"picked":"Ring of the Serpent"},{"not_picked":["HoveringKite","Snecko Eye"],"picked":"Calling Bell"}],"items_purged_floors":[5,21,37,39,53],"is_endless":false,"potions_floor_spawned":[3,7,8,16,22,24,29,33,35,40,42,48,54],"killed_by":"The Heart","ascension_level":5}}