{"host":"pvafbce70weqvzks","time":1610076228,"event":{"mods":["BaseMod","Gremlin Mod","Hermit","Minty Spire (QoL Compilation)","StSLib","themimic"],"gold_per_floor":[111,122,133,153,126,126,138,164,239,265,275,240,240,304,304,405,405,424,443,443,443],"floor_reached":20,"playtime":740,"items_purged":[],"score":186,"play_id":"e4e46e78-274a-4563-ad60-3d77dab7d990","local_time":"20210108002348","is_ascension_mode":false,"campfire_choices":[{"data":"Discovery","floor":6,"key":"SMITH"},{"data":"Rampage","floor":15,"key":"SMITH"}],"circlet_count":0,"master_deck":["Bash","Discovery+1","Thunderclap","Rampage","Clash","Clothesline","Perfected Strike","Thunderclap","Iron Wave","Rampage+1","Armaments+1","Feed","Bludgeon","Searing Blow","Immolate","Warcry","Perfected Strike","Pommel Strike","Whirlwind","Fiend Fire","Sever Soul","Uppercut","Iron Wave","Rampage"],"relics":["Burning Blood","Bag of Marbles","Eternal Feather","Lizard Tail","Bag of Preparation","Pandora\u0027s Box"],"acts_visited":["Exordium","TheCity"],"potions_floor_usage":[8,16],"damage_taken":[{"damage":0,"enemies":"2 Louse","floor":1,"turns":2},{"damage":1,"enemies":"Small Slimes","floor":2,"turns":4},{"damage":10,"enemies":"Jaw Worm","floor":3,"turns":5},{"damage":16,"enemies":"Lots of Slimes","floor":4,"turns":3},{"damage":4,"enemies":"Red Slaver","floor":7,"turns":3},{"damage":21,"enemies":"Lagavulin","floor":8,"turns":4},{"damage":5,"enemies":"Gremlin Nob","floor":10,"turns":3},{"damage":7,"enemies":"Blue Slaver","floor":11,"turns":2},{"damage":17,"enemies":"3 Sentries","floor":14,"turns":4},{"damage":29,"enemies":"Slime Boss","floor":16,"turns":9},{"damage":25,"enemies":"Spheric Guardian","floor":18,"turns":4},{"damage":14,"enemies":"Chosen","floor":19,"turns":6},{"damage":16,"enemies":"Snake Plant","floor":20,"turns":2}],"seed_played":"5193570345823182619","potions_obtained":[{"floor":2,"key":"SkillPotion"},{"floor":7,"key":"Swift Potion"},{"floor":10,"key":"EntropicBrew"},{"floor":14,"key":"Weak Potion"},{"floor":16,"key":"DistilledChaos"}],"is_trial":false,"path_per_floor":["M","M","M","M","$","R","M","E","T","E","M","?","?","?","R","B",null,"M","M","M"],"character_chosen":"IRONCLAD","items_purchased":["Perfected Strike"],"campfire_rested":0,"item_purchase_floors":[5],"current_hp_per_floor":[80,80,76,66,66,66,68,53,53,54,53,73,73,62,74,51,80,61,53,37,37],"gold":443,"neow_bonus":"RANDOM_COLORLESS","is_daily":false,"chose_seed":false,"campfire_upgraded":2,"win_rate":0.0,"timestamp":1610076228,"path_taken":["M","M","M","M","$","R","M","E","T","E","M","?","?","?","R","BOSS","M","M","M"],"items_purchased_type":["Card"],"build_version":"2020-12-22","purchased_purges":0,"victory":false,"max_hp_per_floor":[80,80,80,80,80,80,80,80,80,80,80,80,80,80,80,80,80,80,80,80,80],"card_choices":[{"not_picked":["Finesse","Dark Shackles"],"picked":"Discovery","floor":0},{"not_picked":["Pommel Strike","Shrug It Off"],"picked":"Thunderclap","floor":1},{"not_picked":["Second Wind","Warcry"],"picked":"Rampage","floor":2},{"not_picked":["Sever Soul","Fiend Fire"],"picked":"Clash","floor":3},{"not_picked":["Searing Blow","Rampage"],"picked":"Clothesline","floor":4},{"not_picked":["Armaments","Clothesline"],"picked":"Thunderclap","floor":7},{"not_picked":["Heavy Blade","Headbutt"],"picked":"Iron Wave","floor":8},{"not_picked":["Headbutt","Warcry"],"picked":"Rampage","floor":10},{"not_picked":["Wild Strike","Havoc"],"picked":"Armaments","floor":11},{"not_picked":["Battle Trance","Whirlwind"],"picked":"Feed","floor":14},{"not_picked":["Barricade","Juggernaut"],"picked":"Bludgeon","floor":16},{"not_picked":["Warcry","Sentinel"],"picked":"Iron Wave","floor":18},{"not_picked":["Disarm","Havoc"],"picked":"Rampage","floor":19}],"player_experience":58109,"relics_obtained":[{"floor":8,"key":"Bag of Marbles"},{"floor":9,"key":"Eternal Feather"},{"floor":10,"key":"Lizard Tail"},{"floor":14,"key":"Bag of Preparation"}],"event_choices":[{"damage_healed":20,"gold_gain":0,"player_choice":"Healed","damage_taken":0,"max_hp_gain":0,"max_hp_loss":0,"event_name":"The Cleric","floor":12,"gold_loss":35},{"damage_healed":0,"gold_gain":0,"player_choice":"Grow","damage_taken":0,"max_hp_gain":0,"max_hp_loss":0,"event_name":"Living Wall","floor":13,"gold_loss":0,"cards_upgraded":["Armaments"]},{"damage_healed":0,"gold_gain":30,"player_choice":"Searched \u00272\u0027 times","damage_taken":0,"max_hp_gain":0,"max_hp_loss":0,"event_name":"Dead Adventurer","floor":14,"gold_loss":0}],"is_beta":false,"boss_relics":[{"not_picked":["Runic Cube","Runic Dome"],"picked":"Pandora\u0027s Box"}],"items_purged_floors":[],"is_endless":false,"potions_floor_spawned":[2,7,10,14,16,19],"killed_by":"Snake Plant","ascension_level":0}}