{"host":"rv17l6ilftf4fv77","time":1610130374,"event":{"mods":["BaseMod","Minty Spire (QoL Compilation)"],"gold_per_floor":[114,33,33,48,123,154,172,172,197,40,53,69,94,16,16,111,111,130,113,113,113,131,163,78,95,95,130,141,161,86,100,100,200,200,210,210,229,229,229],"floor_reached":38,"playtime":1657,"items_purged":["Strike_R"],"score":637,"play_id":"e6e01ce7-4e75-4fac-93dc-1079466214af","local_time":"20210109022614","is_ascension_mode":true,"campfire_choices":[{"floor":8.0,"key":"RECALL"},{"data":"Dark Embrace","floor":15.0,"key":"SMITH"},{"floor":32,"key":"REST"}],"circlet_count":0,"master_deck":["Strike_R+1","Strike_R","Strike_R+1","Strike_R","Defend_R","Defend_R","Defend_R","Defend_R","Bash","Inflame","Reaper","Rampage","Whirlwind","Reaper","Spot Weakness","Armaments","Berserk","Second Wind","Dark Embrace+1","Sentinel","Limit Break","Ghostly","Ghostly","Ghostly","Ghostly","Ghostly","Shrug It Off+1","Shockwave+1"],"relics":["Burning Blood","NeowsBlessing","Whetstone","PreservedInsect","Orrery","InkBottle","Fusion Hammer","Nilry\u0027s Codex","Omamori","Charon\u0027s Ashes","Strawberry","Meat on the Bone","Sozu"],"acts_visited":["Exordium","TheCity","TheBeyond"],"potions_floor_usage":[18,33],"damage_taken":[{"damage":0.0,"enemies":"Cultist","floor":1.0,"turns":1.0},{"damage":0.0,"enemies":"Small Slimes","floor":4.0,"turns":1.0},{"damage":0.0,"enemies":"Gremlin Nob","floor":6.0,"turns":1.0},{"damage":7.0,"enemies":"Jaw Worm","floor":7.0,"turns":3.0},{"damage":15.0,"enemies":"Large Slime","floor":11.0,"turns":6.0},{"damage":7.0,"enemies":"Looter","floor":12.0,"turns":3.0},{"damage":25.0,"enemies":"Lagavulin","floor":13.0,"turns":7.0},{"damage":62.0,"enemies":"Hexaghost","floor":16.0,"turns":10.0},{"damage":33,"enemies":"Spheric Guardian","floor":18,"turns":5},{"damage":34,"enemies":"2 Thieves","floor":19,"turns":4},{"damage":17,"enemies":"Cultist and Chosen","floor":22,"turns":7},{"damage":14,"enemies":"Slavers","floor":23,"turns":6},{"damage":21,"enemies":"Snake Plant","floor":25,"turns":6},{"damage":1,"enemies":"Book of Stabbing","floor":27,"turns":6},{"damage":1,"enemies":"Centurion and Healer","floor":28,"turns":9},{"damage":7,"enemies":"Shelled Parasite and Fungi","floor":29,"turns":5},{"damage":14,"enemies":"Chosen and Byrds","floor":31,"turns":8},{"damage":5,"enemies":"Champ","floor":33,"turns":12},{"damage":1,"enemies":"Orb Walker","floor":35,"turns":4},{"damage":0,"enemies":"3 Shapes","floor":37,"turns":4},{"damage":47,"enemies":"Spire Growth","floor":38,"turns":4}],"seed_played":"-4974645742935790933","potions_obtained":[{"floor":6.0,"key":"Fire Potion"},{"floor":7.0,"key":"Block Potion"},{"floor":11.0,"key":"Fire Potion"},{"floor":23,"key":"PowerPotion"},{"floor":25,"key":"SpeedPotion"},{"floor":28,"key":"SmokeBomb"}],"is_trial":false,"path_per_floor":["M","$","?","M","?","E","M","R","T","$","M","M","E","$","R","B",null,"M","M","?","?","M","E","?","M","T","E","M","M","$","M","R","B",null,"M","?","M","M"],"character_chosen":"IRONCLAD","items_purchased":["Reaper","Orrery","Sentinel"],"campfire_rested":1,"item_purchase_floors":[2,10,14],"current_hp_per_floor":[78,78,78,80,72,78,77,77,77,77,80,80,71,71,71,33,68,50,22,22,6,18,40,40,33,40,47,47,47,47,46,47,47,47,47,47,47,0,0],"gold":229,"neow_bonus":"THREE_ENEMY_KILL","is_daily":false,"chose_seed":false,"campfire_upgraded":1,"win_rate":0.0,"timestamp":1610130374,"path_taken":["M","$","?","M","?","E","M","R","T","$","M","?","E","?","R","BOSS","M","M","?","?","M","E","?","M","T","E","M","M","$","M","R","BOSS","M","?","?","?"],"items_purchased_type":["Card","Relic","Card"],"build_version":"2020-12-22","purchased_purges":1,"victory":false,"max_hp_per_floor":[80,80,80,80,80,80,80,80,80,80,80,80,80,80,80,80,80,80,80,40,40,40,40,40,40,47,47,47,47,47,47,47,47,47,47,47,47,47,47],"card_choices":[{"not_picked":["Warcry","True Grit"],"picked":"Inflame","floor":1.0},{"not_picked":["Wild Strike","Infernal Blade","Pommel Strike"],"picked":"SKIP","floor":4.0},{"not_picked":["Pommel Strike","Inflame","Cleave"],"picked":"SKIP","floor":6.0},{"not_picked":["Blood for Blood","Rupture"],"picked":"Rampage","floor":7.0},{"not_picked":["Thunderclap","Flame Barrier"],"picked":"Whirlwind","floor":10.0},{"not_picked":["Power Through","Searing Blow"],"picked":"Reaper","floor":10.0},{"not_picked":["Flex","True Grit"],"picked":"Spot Weakness","floor":10.0},{"not_picked":["Flame Barrier","Cleave"],"picked":"Armaments","floor":10.0},{"not_picked":["Pommel Strike","Warcry"],"picked":"Berserk","floor":10.0},{"not_picked":["Disarm","Iron Wave"],"picked":"Second Wind","floor":11.0},{"not_picked":["Body Slam","Pommel Strike","Sword Boomerang"],"picked":"SKIP","floor":12.0},{"not_picked":["Ghostly Armor","Feed"],"picked":"Dark Embrace","floor":13.0},{"not_picked":["Berserk","Reaper"],"picked":"Limit Break","floor":16.0},{"not_picked":["Havoc","Searing Blow+1","Seeing Red"],"picked":"SKIP","floor":18},{"not_picked":["Whirlwind","Clash","Warcry+1"],"picked":"SKIP","floor":19},{"not_picked":["Rampage","Wild Strike","True Grit"],"picked":"SKIP","floor":22},{"not_picked":["Iron Wave","Thunderclap","Carnage"],"picked":"SKIP","floor":23},{"not_picked":["Iron Wave","Thunderclap","Carnage"],"picked":"SKIP","floor":23},{"not_picked":["Dual Wield","Pommel Strike"],"picked":"Shrug It Off+1","floor":25},{"not_picked":["Intimidate+1","Pommel Strike+1","Sentinel"],"picked":"SKIP","floor":27},{"not_picked":["Spot Weakness","Havoc","Juggernaut"],"picked":"SKIP","floor":28},{"not_picked":["Armaments","True Grit","Shrug It Off"],"picked":"SKIP","floor":29},{"not_picked":["Disarm+1","Sword Boomerang","Cleave"],"picked":"SKIP","floor":31},{"not_picked":["Shrug It Off","Metallicize","Havoc+1"],"picked":"SKIP","floor":35},{"not_picked":["Body Slam","Pummel"],"picked":"Shockwave+1","floor":37}],"player_experience":195799,"relics_obtained":[{"floor":6.0,"key":"Whetstone"},{"floor":9.0,"key":"PreservedInsect"},{"floor":13.0,"key":"InkBottle"},{"floor":21,"key":"Nilry\u0027s Codex"},{"floor":23,"key":"Omamori"},{"floor":26,"key":"Strawberry"},{"floor":27,"key":"Meat on the Bone"}],"event_choices":[{"damage_healed":0.0,"max_hp_gain":0.0,"max_hp_loss":0.0,"gold_gain":0.0,"event_name":"Liars Game","player_choice":"Ignored","floor":3.0,"gold_loss":0.0,"damage_taken":0.0},{"damage_healed":0.0,"max_hp_gain":0.0,"max_hp_loss":0.0,"gold_gain":75.0,"event_name":"FaceTrader","player_choice":"Touch","floor":5.0,"gold_loss":0.0,"damage_taken":8.0},{"damage_healed":0,"gold_gain":0,"player_choice":"Became a Ghost","damage_taken":0,"max_hp_gain":0,"max_hp_loss":40,"event_name":"Ghosts","floor":20,"gold_loss":0,"cards_obtained":["Ghostly","Ghostly","Ghostly","Ghostly","Ghostly"]},{"damage_healed":0,"gold_gain":0,"player_choice":"Obtained Book","damage_taken":16,"max_hp_gain":0,"max_hp_loss":0,"event_name":"Cursed Tome","floor":21,"gold_loss":0},{"damage_healed":0,"gold_gain":0,"player_choice":"Obtained Relic","damage_taken":0,"relics_obtained":["Charon\u0027s Ashes"],"max_hp_gain":0,"max_hp_loss":0,"event_name":"Addict","floor":24,"gold_loss":85},{"damage_healed":0,"gold_gain":0,"player_choice":"Got Potions","damage_taken":0,"max_hp_gain":0,"max_hp_loss":0,"event_name":"Lab","floor":36,"gold_loss":0}],"is_beta":false,"boss_relics":[{"not_picked":["Tiny House","SacredBark"],"picked":"Fusion Hammer"},{"not_picked":["Runic Cube","SlaversCollar"],"picked":"Sozu"}],"items_purged_floors":[30],"is_endless":false,"potions_floor_spawned":[6,7,11,23,25,28,31,37],"killed_by":"Spire Growth","ascension_level":7}}