{"host":"gzsdmyo07u314vug","time":1610140426,"event":{"mods":["2.2 Compatiblity","BaseMod","Downfall","GifTheSpireLib","Minty Spire (QoL Compilation)","Quick Restart","Rare Cards Sparkle","Relic Stats","Replay The Spire","Robot Space Explorer","Shop Mod","StSLib","The Bug Knight","The Construct","The Elementalist","The IronCluck","The Marked","The Servant 0.9.4","Unceasing Turn Reminder","everything is the same but u backflip on backflip","slay the spire mod where everything is the same but ironclad has a cowboy hat","vexMod"],"gold_per_floor":[110,110,110,128,141,141,173,173,173,191,35,35,53,63,63,159,159,169,187,206,106,106,106,120,120,169,169,188,214,214,224,224,322,322,334,350,350,367,417,417,135,164,164,264,264,281,295,327,327,327],"floor_reached":51,"playtime":2898,"items_purged":["RobotSpaceExplorer:Strike","RobotSpaceExplorer:Strike","RobotSpaceExplorer:Strike"],"score":790,"play_id":"c95444a3-88ba-47ae-9195-77b6804907d2","local_time":"20210108181346","is_ascension_mode":true,"campfire_choices":[{"floor":6,"key":"DIG"},{"data":"RobotSpaceExplorer:Comet","floor":12,"key":"SMITH"},{"floor":15,"key":"DIG"},{"floor":23,"key":"DIG"},{"floor":25,"key":"DIG"},{"floor":27,"key":"DIG"},{"data":"RobotSpaceExplorer:Comet","floor":32,"key":"SMITH"},{"data":"RobotSpaceExplorer:TrailblazerForm","floor":40,"key":"SMITH"},{"floor":45,"key":"DIG"},{"floor":49,"key":"REST"}],"circlet_count":0,"master_deck":["RobotSpaceExplorer:Defend","RobotSpaceExplorer:Defend","RobotSpaceExplorer:Defend","RobotSpaceExplorer:Defend","RobotSpaceExplorer:Scan","RobotSpaceExplorer:MiniLasers+1","RobotSpaceExplorer:Pulsar+1","RobotSpaceExplorer:SurgingStrike","RobotSpaceExplorer:Comet+1","RobotSpaceExplorer:StarLightning","RobotSpaceExplorer:ScrapShield","Pot Of Greed","Pot Of Greed","RobotSpaceExplorer:Comet","RobotSpaceExplorer:StarLightning+1","RobotSpaceExplorer:Comet+1","RobotSpaceExplorer:TrailblazerForm+1","RobotSpaceExplorer:Pulsar+1"],"relics":["RobotSpaceExplorer:RoboCore","Shovel","Oddly Smooth Stone","Bag of Marbles","Gambling Chip","Grinning Jar","vexMod:TanglingVine","Akabeko","Art of War","vexMod:BarristanHead","Regal Pillow","Kunai","RobotSpaceExplorer:SearchSpecs","Bird Faced Urn","Bronze Scales","Omamori","ReplayTheSpireMod:Shallot","Toy Ornithopter","Divine Protection"],"acts_visited":["Exordium","TheCity","TheBeyond"],"potions_floor_usage":[7,16,19,50,50],"damage_taken":[{"damage":0,"enemies":"Small Slimes","floor":1,"turns":2},{"damage":0,"enemies":"Cultist","floor":4,"turns":3},{"damage":1,"enemies":"2 Louse","floor":5,"turns":3},{"damage":23,"enemies":"Lagavulin","floor":7,"turns":7},{"damage":5,"enemies":"Exordium Wildlife","floor":10,"turns":2},{"damage":0,"enemies":"Blue Slaver","floor":13,"turns":2},{"damage":0,"enemies":"3 Louse","floor":14,"turns":2},{"damage":2,"enemies":"Fading Forest","floor":16,"turns":11},{"damage":0,"enemies":"Spheric Guardian","floor":18,"turns":2},{"damage":0,"enemies":"Shell Parasite","floor":19,"turns":3},{"damage":1,"enemies":"Shelled Parasite and Fungi","floor":20,"turns":3},{"damage":0,"enemies":"Chosen and Byrds","floor":24,"turns":3},{"damage":0,"enemies":"Cultist and Chosen","floor":28,"turns":3},{"damage":9,"enemies":"Gremlin Leader","floor":29,"turns":4},{"damage":0,"enemies":"3 Cultists","floor":31,"turns":3},{"damage":0,"enemies":"Automaton","floor":33,"turns":5},{"damage":0,"enemies":"3 Shapes","floor":35,"turns":2},{"damage":16,"enemies":"Orb Walker","floor":36,"turns":3},{"damage":0,"enemies":"Sphere and 2 Shapes","floor":38,"turns":5},{"damage":0,"enemies":"Mind Bloom Boss Battle","floor":39,"turns":3},{"damage":13,"enemies":"Giant Head","floor":42,"turns":7},{"damage":0,"enemies":"3 Darklings","floor":46,"turns":2},{"damage":0,"enemies":"Sphere and 2 Shapes","floor":47,"turns":3},{"damage":1,"enemies":"HollowMod:StalkingDevout","floor":48,"turns":4},{"damage":3,"enemies":"Awakened One","floor":50,"turns":8}],"seed_played":"6895464923331923235","potions_obtained":[{"floor":5,"key":"LiquidBronze"},{"floor":7,"key":"Fire Potion"},{"floor":10,"key":"Explosive Potion"},{"floor":20,"key":"sneckomod:MuddlingPotion"},{"floor":28,"key":"Strength Potion"},{"floor":31,"key":"sneckomod:MuddlingPotion"},{"floor":33,"key":"Regen Potion"},{"floor":42,"key":"Toxic Potion"}],"is_trial":false,"path_per_floor":["M","?","?","M","M","R","E","?","T","M","$","R","M","M","R","B",null,"M","M","M","$","?","R","M","R","T","R","M","E","?","M","R","B",null,"M","M","?","M","?","R","$","E","T","?","R","M","M","E","R","B",null],"character_chosen":"RobotSpaceExplorer","items_purchased":["RobotSpaceExplorer:StarLightning","Bronze Scales"],"campfire_rested":1,"item_purchase_floors":[11,41],"current_hp_per_floor":[75,75,72,72,71,71,48,75,75,70,70,70,70,70,70,68,75,75,75,74,74,60,60,60,60,60,60,60,51,51,51,51,51,80,80,64,64,64,64,64,64,53,53,53,53,53,55,56,80,77],"gold":327,"neow_bonus":"UPGRADE_CARD","is_daily":false,"chose_seed":false,"campfire_upgraded":3,"win_rate":0.0,"timestamp":1610140426,"path_taken":["M","?","?","M","M","R","E","?","T","M","$","R","M","?","R","BOSS","M","M","?","$","?","R","M","R","T","R","M","E","?","M","R","BOSS","M","M","?","M","?","R","$","E","T","?","R","M","M","E","R","BOSS"],"items_purchased_type":["Card","Relic"],"build_version":"2020-12-22","purchased_purges":3,"victory":true,"max_hp_per_floor":[75,75,75,75,75,75,75,75,75,75,75,75,75,75,75,75,75,75,75,75,75,80,80,80,80,80,80,80,80,80,80,80,80,80,80,80,80,80,80,80,80,80,80,80,80,80,80,80,80,80],"relic_stats":{"Regal Pillow":0,"Shovel":6,"counters":[25,95],"Gambling Chip":[39],"Bird Faced Urn":[6],"Bronze Scales":[58],"Art of War":[7],"Kunai":[6],"obtain_stats":[{"Divine Protection":48,"Regal Pillow":27,"Oddly Smooth Stone":6,"RobotSpaceExplorer:RoboCore":0,"Omamori":42,"vexMod:TanglingVine":17,"Akabeko":23,"Shovel":3,"vexMod:BarristanHead":26,"ReplayTheSpireMod:Shallot":43,"Gambling Chip":9,"Bird Faced Urn":39,"Bronze Scales":41,"Bag of Marbles":7,"Art of War":25,"RobotSpaceExplorer:SearchSpecs":34,"Kunai":29,"Grinning Jar":15,"Toy Ornithopter":45},{"Divine Protection":24,"Regal Pillow":12,"Oddly Smooth Stone":3,"RobotSpaceExplorer:RoboCore":0,"Omamori":21,"vexMod:TanglingVine":8,"Akabeko":11,"Shovel":1,"vexMod:BarristanHead":12,"ReplayTheSpireMod:Shallot":21,"Gambling Chip":4,"Bird Faced Urn":20,"Bronze Scales":20,"Bag of Marbles":4,"Art of War":12,"RobotSpaceExplorer:SearchSpecs":16,"Kunai":14,"Grinning Jar":7,"Toy Ornithopter":21},{"Divine Protection":87,"Regal Pillow":43,"Oddly Smooth Stone":8,"RobotSpaceExplorer:RoboCore":0,"Omamori":78,"vexMod:TanglingVine":32,"Akabeko":40,"Shovel":2,"vexMod:BarristanHead":43,"ReplayTheSpireMod:Shallot":78,"Gambling Chip":15,"Bird Faced Urn":71,"Bronze Scales":71,"Bag of Marbles":15,"Art of War":43,"RobotSpaceExplorer:SearchSpecs":58,"Kunai":50,"Grinning Jar":21,"Toy Ornithopter":78}],"Toy Ornithopter":0},"card_choices":[{"not_picked":["RobotSpaceExplorer:Ammunition","RobotSpaceExplorer:SlimeMissile"],"picked":"RobotSpaceExplorer:Pulsar","floor":1},{"not_picked":["RobotSpaceExplorer:Counterblock","RobotSpaceExplorer:BlastShield"],"picked":"RobotSpaceExplorer:Electroshield","floor":4},{"not_picked":["RobotSpaceExplorer:FrostMissile","RobotSpaceExplorer:Probe"],"picked":"RobotSpaceExplorer:SurgingStrike","floor":5},{"not_picked":["RobotSpaceExplorer:MiniDrones","RobotSpaceExplorer:ImprovisedAttack"],"picked":"RobotSpaceExplorer:Comet","floor":7},{"not_picked":["RobotSpaceExplorer:BigMissile","RobotSpaceExplorer:Jetpack","RobotSpaceExplorer:ShovelStrike"],"picked":"SKIP","floor":10},{"not_picked":["RobotSpaceExplorer:Counterblock","RobotSpaceExplorer:Ammunition"],"picked":"RobotSpaceExplorer:ScrapShield","floor":13},{"not_picked":["RobotSpaceExplorer:SwiftStep","RobotSpaceExplorer:ShovelStrike","RobotSpaceExplorer:ShockKick"],"picked":"SKIP","floor":14},{"not_picked":["RobotSpaceExplorer:Asteroid","RobotSpaceExplorer:ShockMissile"],"picked":"RobotSpaceExplorer:Comet","floor":16},{"not_picked":["RobotSpaceExplorer:SelfCleaning+1","RobotSpaceExplorer:SurgingShield"],"picked":"RobotSpaceExplorer:StarLightning+1","floor":18},{"not_picked":["RobotSpaceExplorer:SelfCleaning","RobotSpaceExplorer:GlueShot","RobotSpaceExplorer:Discharger"],"picked":"SKIP","floor":19},{"not_picked":["RobotSpaceExplorer:Probe","RobotSpaceExplorer:ScrapMissile","RobotSpaceExplorer:PowerGlove"],"picked":"SKIP","floor":20},{"not_picked":["RobotSpaceExplorer:StunGrenade","RobotSpaceExplorer:DoubleBlock","RobotSpaceExplorer:MetalStrike"],"picked":"SKIP","floor":24},{"not_picked":["RobotSpaceExplorer:MiniBoosters","RobotSpaceExplorer:Ammunition","RobotSpaceExplorer:MakeshiftVolley"],"picked":"SKIP","floor":28},{"not_picked":["RobotSpaceExplorer:MiniBoosters","RobotSpaceExplorer:Reload"],"picked":"RobotSpaceExplorer:ScrapMissile","floor":29},{"not_picked":["RobotSpaceExplorer:Calculate","RobotSpaceExplorer:Probe"],"picked":"RobotSpaceExplorer:Comet","floor":31},{"not_picked":["RobotSpaceExplorer:Blaster","RobotSpaceExplorer:HighVoltage"],"picked":"RobotSpaceExplorer:TrailblazerForm","floor":33},{"not_picked":["RobotSpaceExplorer:PowerCollector+1","RobotSpaceExplorer:ImprovisedAttack","RobotSpaceExplorer:Fix"],"picked":"SKIP","floor":35},{"not_picked":["RobotSpaceExplorer:ExhaustFan","RobotSpaceExplorer:StunGrenade","RobotSpaceExplorer:Probe+1"],"picked":"SKIP","floor":36},{"not_picked":["RobotSpaceExplorer:Jetpack","RobotSpaceExplorer:MiniBoosters"],"picked":"RobotSpaceExplorer:Pulsar+1","floor":38},{"not_picked":["RobotSpaceExplorer:DoubleBlock","RobotSpaceExplorer:HighVoltage","RobotSpaceExplorer:MiniDrones"],"picked":"SKIP","floor":42},{"not_picked":["RobotSpaceExplorer:StunGrenade+1","RobotSpaceExplorer:Ammunition+1","RobotSpaceExplorer:ShockKick"],"picked":"SKIP","floor":46},{"not_picked":["RobotSpaceExplorer:StarLightning","RobotSpaceExplorer:GlueSpray+1","RobotSpaceExplorer:MiniDrones"],"picked":"SKIP","floor":47},{"not_picked":["RobotSpaceExplorer:SwiftStep+1","RobotSpaceExplorer:Asteroid","RobotSpaceExplorer:Ammunition"],"picked":"SKIP","floor":48}],"player_experience":674594,"relics_obtained":[{"floor":6,"key":"Oddly Smooth Stone"},{"floor":7,"key":"Bag of Marbles"},{"floor":9,"key":"Gambling Chip"},{"floor":15,"key":"Grinning Jar"},{"floor":23,"key":"Akabeko"},{"floor":25,"key":"Art of War"},{"floor":26,"key":"vexMod:BarristanHead"},{"floor":27,"key":"Regal Pillow"},{"floor":29,"key":"Kunai"},{"floor":39,"key":"Bird Faced Urn"},{"floor":42,"key":"Omamori"},{"floor":43,"key":"ReplayTheSpireMod:Shallot"},{"floor":45,"key":"Toy Ornithopter"},{"floor":48,"key":"Divine Protection"}],"event_choices":[{"damage_healed":0,"gold_gain":0,"player_choice":"Success","damage_taken":3,"relics_obtained":["Shovel"],"max_hp_gain":0,"max_hp_loss":0,"event_name":"Scrap Ooze","floor":3,"gold_loss":0},{"cards_removed":["RobotSpaceExplorer:Electroshield"],"damage_healed":27,"gold_gain":0,"player_choice":"Offered Uncommon","damage_taken":0,"max_hp_gain":0,"max_hp_loss":0,"event_name":"Bonfire Elementals","floor":8,"gold_loss":0},{"damage_healed":0,"gold_gain":0,"player_choice":"Shed Blood","damage_taken":19,"max_hp_gain":5,"max_hp_loss":0,"event_name":"Forgotten Altar","floor":22,"gold_loss":0},{"cards_removed":["RobotSpaceExplorer:Strike"],"damage_healed":0,"gold_gain":0,"player_choice":"Elegance","damage_taken":0,"max_hp_gain":0,"max_hp_loss":0,"event_name":"Back to Basics","floor":30,"gold_loss":0},{"cards_removed":["RobotSpaceExplorer:ScrapMissile"],"damage_healed":0,"gold_gain":0,"player_choice":"Removed Attack","damage_taken":0,"max_hp_gain":0,"max_hp_loss":0,"event_name":"Falling","floor":37,"gold_loss":0},{"damage_healed":0,"gold_gain":0,"player_choice":"Fight","damage_taken":0,"max_hp_gain":0,"max_hp_loss":0,"event_name":"MindBloom","floor":39,"gold_loss":0},{"damage_healed":0,"gold_gain":100,"player_choice":"Pray","damage_taken":0,"max_hp_gain":0,"max_hp_loss":0,"event_name":"Golden Shrine","floor":44,"gold_loss":0}],"is_beta":false,"boss_relics":[{"not_picked":["vexMod:RockOfEvil","Cursed Key"],"picked":"vexMod:TanglingVine"},{"not_picked":["ReplayTheSpireMod:DimensionalGlitch","Astrolabe"],"picked":"RobotSpaceExplorer:SearchSpecs"}],"items_purged_floors":[11,21,41],"is_endless":false,"potions_floor_spawned":[5,7,10,20,28,31,33,38,42,48],"ascension_level":1}}