{"host":"ct28ocsd8g8yr2ah","time":1610131320,"event":{"mods":["BaseMod","Better Third Choice","Hermit","Marisa????????","Minty Spire (QoL Compilation)","Remilia??????","StSLib","The Animator","The Gatherer","The Servant 0.9.4","Waifu the Spire"],"gold_per_floor":[118,138,138,238,251,278,278,303,303,337,54,54,80,93,93,192,192,206,206,231,279,279,279,279,279],"floor_reached":24,"playtime":1036,"items_purged":["hermit:Strike_Hermit"],"score":231,"play_id":"bfc0a6a0-c74a-4030-b5ce-9da1e6697235","local_time":"20210108234200","is_ascension_mode":true,"campfire_choices":[{"data":"hermit:HeroicBravado","floor":7,"key":"SMITH"},{"floor":15,"key":"REST"},{"floor":23,"key":"REST"}],"circlet_count":0,"master_deck":["hermit:Strike_Hermit","hermit:Defend_Hermit","hermit:Defend_Hermit","hermit:Defend_Hermit","hermit:Defend_Hermit","hermit:Snapshot","hermit:Covet","Jack Of All Trades","hermit:Dive","hermit:Horror","hermit:Quickdraw","hermit:HeroicBravado+1","hermit:Dive","hermit:Enervate","hermit:Enervate","hermit:SprayPray","Good Instincts","hermit:Misfire","hermit:Snipe","hermit:Coalescence","hermit:HeroicBravado","hermit:Snipe+1","hermit:ShadowCloak","hermit:FinalCanter"],"relics":["hermit:Momento","Centennial Puzzle","Dead Branch","Mercury Hourglass","Prayer Wheel","Akabeko","Runic Pyramid","Blood Vial","Red Mask"],"acts_visited":["Exordium","TheCity"],"potions_floor_usage":[6,8,16,24],"damage_taken":[{"damage":3,"enemies":"Jaw Worm","floor":1,"turns":4},{"damage":0,"enemies":"Cultist","floor":2,"turns":3},{"damage":2,"enemies":"Small Slimes","floor":5,"turns":3},{"damage":4,"enemies":"Lagavulin","floor":6,"turns":8},{"damage":19,"enemies":"Gremlin Nob","floor":8,"turns":4},{"damage":20,"enemies":"Lagavulin","floor":10,"turns":7},{"damage":10,"enemies":"3 Sentries","floor":13,"turns":6},{"damage":0,"enemies":"2 Fungi Beasts","floor":14,"turns":1},{"damage":43,"enemies":"Hexaghost","floor":16,"turns":10},{"damage":0,"enemies":"Spheric Guardian","floor":18,"turns":2},{"damage":40,"enemies":"Masked Bandits","floor":21,"turns":5},{"damage":53,"enemies":"Gremlin Leader","floor":24,"turns":6}],"seed_played":"-9183575653602314860","potions_obtained":[{"floor":2,"key":"SteroidPotion"},{"floor":6,"key":"SneckoOil"},{"floor":10,"key":"FearPotion"},{"floor":13,"key":"Strength Potion"}],"is_trial":false,"path_per_floor":["M","M","?","?","M","E","R","E","T","E","$","?","E","M","R","B",null,"M","?","T","?","?","R","E"],"character_chosen":"HERMIT","items_purchased":["hermit:Enervate","hermit:SprayPray","Good Instincts"],"campfire_rested":2,"item_purchase_floors":[11,11,11],"current_hp_per_floor":[72,72,65,65,63,59,59,40,40,20,20,45,35,35,57,14,75,75,75,75,35,21,45,0,0],"gold":279,"neow_bonus":"RANDOM_COLORLESS","is_daily":false,"chose_seed":false,"campfire_upgraded":1,"win_rate":0.0,"timestamp":1610131320,"path_taken":["M","M","?","?","?","E","R","E","T","E","?","?","E","M","R","BOSS","M","?","?","?","?","R","E"],"items_purchased_type":["Card","Card","Card"],"build_version":"2020-12-22","purchased_purges":1,"victory":false,"max_hp_per_floor":[75,75,75,75,75,75,75,75,75,75,75,75,75,75,75,75,75,75,75,75,75,80,80,80,80],"card_choices":[{"not_picked":["Madness","Purity"],"picked":"Jack Of All Trades","floor":0},{"not_picked":["hermit:Manifest","hermit:LowProfile"],"picked":"hermit:Dive","floor":1},{"not_picked":["hermit:Showdown","hermit:Roulette"],"picked":"hermit:Horror","floor":2},{"not_picked":["hermit:HoleUp","hermit:BodyArmor"],"picked":"hermit:Quickdraw","floor":5},{"not_picked":["hermit:TakeCover","hermit:Deadeye"],"picked":"hermit:HeroicBravado","floor":6},{"not_picked":["hermit:Combo","hermit:TakeCover"],"picked":"hermit:Dive","floor":8},{"not_picked":["hermit:Shortfuse","hermit:Quickdraw"],"picked":"hermit:Enervate","floor":10},{"not_picked":["hermit:HoleUp","hermit:Quickdraw"],"picked":"hermit:Misfire","floor":13},{"not_picked":["hermit:Feint","hermit:WideOpen"],"picked":"hermit:Snipe","floor":14},{"not_picked":["hermit:CursedWeapon","hermit:LowProfile"],"picked":"hermit:Coalescence","floor":14},{"not_picked":["hermit:HighNoon","hermit:Roughhouse"],"picked":"hermit:HeroicBravado","floor":16},{"not_picked":["hermit:FlashPowder+1","hermit:DeadMansHand"],"picked":"hermit:Snipe+1","floor":18},{"not_picked":["hermit:Midnight","hermit:Showdown"],"picked":"hermit:ShadowCloak","floor":18},{"not_picked":["hermit:Coalescence+1","hermit:HighCaliber+1"],"picked":"hermit:FinalCanter","floor":21}],"player_experience":487680,"relics_obtained":[{"floor":6,"key":"Centennial Puzzle"},{"floor":8,"key":"Dead Branch"},{"floor":9,"key":"Mercury Hourglass"},{"floor":10,"key":"Prayer Wheel"},{"floor":13,"key":"Akabeko"},{"floor":20,"key":"Blood Vial"},{"floor":21,"key":"Red Mask"}],"event_choices":[{"cards_removed":["hermit:Strike_Hermit"],"damage_healed":0,"gold_gain":0,"player_choice":"Card Removal","damage_taken":7,"max_hp_gain":0,"max_hp_loss":0,"event_name":"Golden Wing","floor":3,"gold_loss":0},{"damage_healed":0,"gold_gain":100,"player_choice":"Pray","damage_taken":0,"max_hp_gain":0,"max_hp_loss":0,"event_name":"Golden Shrine","floor":4,"gold_loss":0},{"damage_healed":25,"gold_gain":0,"player_choice":"Banana","damage_taken":0,"max_hp_gain":0,"max_hp_loss":0,"event_name":"Big Fish","floor":12,"gold_loss":0},{"cards_removed":["hermit:Strike_Hermit"],"damage_healed":0,"gold_gain":0,"player_choice":"Elegance","damage_taken":0,"max_hp_gain":0,"max_hp_loss":0,"event_name":"betterThird:BetterWriting","floor":19,"gold_loss":0},{"damage_healed":0,"gold_gain":0,"player_choice":"Fought Bandits","damage_taken":0,"max_hp_gain":0,"max_hp_loss":0,"event_name":"Masked Bandits","floor":21,"gold_loss":0},{"damage_healed":0,"gold_gain":0,"player_choice":"Shed Blood","damage_taken":19,"max_hp_gain":5,"max_hp_loss":0,"event_name":"Forgotten Altar","floor":22,"gold_loss":0}],"is_beta":false,"boss_relics":[{"not_picked":["Snecko Eye","Fusion Hammer"],"picked":"Runic Pyramid"}],"items_purged_floors":[11],"is_endless":false,"potions_floor_spawned":[2,6,10,13],"killed_by":"Gremlin Leader","ascension_level":1}}