{"host":"jm9833yuloeli2yd","time":1610129721,"event":{"mods":["BaseMod","Better Altar","Better Match","Better Note","Better Sensory Stone","Better Skull","Better Third Choice","Better Vampires","BetterRewards","Colored Map","Colored Powertips","DeckTracker","Minty Spire (QoL Compilation)","Permanent Neow","Quick Restart","StSLib","SuperFastMode"],"gold_per_floor":[116,133,158,170,170,201,201,232,232,232,260,272,87,97,97,172,172,187,187,199,211,101,127,127,153,153,53,80,93,93,107,107,185,185,196,71,84,101,101,130,130,156,156,190,0,30,55,55,55,55,55],"floor_reached":50,"playtime":1914,"items_purged":["Strike_G","Strike_G+1","Defend_G"],"score":1572,"play_id":"1e92c439-7b33-40fe-987f-9529e24f97f8","local_time":"20210108131521","is_ascension_mode":true,"campfire_choices":[{"data":"Finisher","floor":7,"key":"SMITH"},{"floor":10,"key":"REST"},{"data":"Blade Dance","floor":15,"key":"SMITH"},{"data":"Neutralize","floor":24,"key":"SMITH"},{"data":"Burst","floor":30,"key":"SMITH"},{"data":"Night Terror","floor":32,"key":"SMITH"},{"data":"Cloak And Dagger","floor":41,"key":"SMITH"},{"floor":49,"key":"RECALL"}],"circlet_count":0,"master_deck":["AscendersBane","Defend_G+1","Defend_G","Defend_G","Survivor","Neutralize+1","Finisher+1","Dash","Blade Dance+1","Well Laid Plans","Backflip+1","Heel Hook","Accuracy+1","PiercingWail","Accuracy","Adrenaline","Secret Weapon","Madness","Blur","Infinite Blades","Die Die Die","Burst+1","Night Terror+1","Deflect","Burst","Acrobatics+1","Cloak And Dagger+1","Envenom","Shame","Catalyst","Madness","Madness"],"relics":["Ring of the Snake","Whetstone","Bag of Marbles","Ancient Tea Set","Mummified Hand","Ornamental Fan","Bottled Tornado","Meat on the Bone","Empty Cage","MealTicket","Toy Ornithopter","Oddly Smooth Stone","Cursed Key","Blood Vial","Strawberry","War Paint","Shuriken","Red Mask","Anchor","Unceasing Top"],"acts_visited":["Exordium","TheCity","TheBeyond"],"potions_floor_usage":[6,16,21,23,29,38,50],"damage_taken":[{"damage":0,"enemies":"Cultist","floor":1,"turns":3},{"damage":0,"enemies":"Small Slimes","floor":2,"turns":4},{"damage":2,"enemies":"Jaw Worm","floor":4,"turns":4},{"damage":0,"enemies":"Gremlin Nob","floor":6,"turns":3},{"damage":39,"enemies":"Lagavulin","floor":8,"turns":6},{"damage":0,"enemies":"Gremlin Nob","floor":11,"turns":3},{"damage":0,"enemies":"Red Slaver","floor":12,"turns":1},{"damage":6,"enemies":"3 Louse","floor":14,"turns":2},{"damage":11,"enemies":"Slime Boss","floor":16,"turns":8},{"damage":0,"enemies":"Shell Parasite","floor":18,"turns":1},{"damage":0,"enemies":"Chosen","floor":20,"turns":1},{"damage":0,"enemies":"Snake Plant","floor":21,"turns":3},{"damage":19,"enemies":"Book of Stabbing","floor":23,"turns":5},{"damage":1,"enemies":"Slavers","floor":25,"turns":4},{"damage":0,"enemies":"Book of Stabbing","floor":28,"turns":4},{"damage":0,"enemies":"Snecko","floor":29,"turns":6},{"damage":10,"enemies":"Shelled Parasite and Fungi","floor":31,"turns":6},{"damage":0,"enemies":"Collector","floor":33,"turns":6},{"damage":1,"enemies":"3 Darklings","floor":35,"turns":5},{"damage":0,"enemies":"Orb Walker","floor":37,"turns":3},{"damage":18,"enemies":"Transient","floor":38,"turns":6},{"damage":21,"enemies":"Nemesis","floor":40,"turns":5},{"damage":62,"enemies":"Reptomancer","floor":42,"turns":5},{"damage":24,"enemies":"Giant Head","floor":44,"turns":7},{"damage":0,"enemies":"Nemesis","floor":46,"turns":5},{"damage":12,"enemies":"Mind Bloom Boss Battle","floor":47,"turns":4},{"damage":45,"enemies":"Donu and Deca","floor":50,"turns":4}],"seed_played":"4949803901366282122","potions_obtained":[{"floor":2,"key":"PowerPotion"},{"floor":11,"key":"SpeedPotion"},{"floor":12,"key":"Explosive Potion"},{"floor":16,"key":"LiquidBronze"},{"floor":20,"key":"Block Potion"},{"floor":25,"key":"FairyPotion"},{"floor":28,"key":"Regen Potion"},{"floor":33,"key":"ColorlessPotion"},{"floor":35,"key":"SkillPotion"},{"floor":42,"key":"SteroidPotion"},{"floor":47,"key":"FearPotion"}],"is_trial":false,"path_per_floor":["M","M","T","M","?","E","R","E","T","R","E","M","$","M","R","B",null,"M","?","M","M","?","E","R","E","T","$","E","M","R","M","R","B",null,"M","$","M","M","?","E","R","E","T","E","?","E","?","?","R","B"],"character_chosen":"THE_SILENT","items_purchased":["Accuracy","PiercingWail"],"campfire_rested":1,"item_purchase_floors":[13,13],"current_hp_per_floor":[59,59,59,57,52,52,52,13,13,32,32,44,44,38,38,39,59,59,59,59,59,59,40,40,39,39,54,54,66,66,56,56,56,64,63,66,66,48,48,39,39,38,38,28,28,42,44,31,31,0,0],"gold":55,"neow_bonus":"RANDOM_COMMON_RELIC","is_daily":false,"chose_seed":false,"campfire_upgraded":6,"win_rate":0.0,"timestamp":1610129721,"path_taken":["M","M","?","?","?","E","R","E","T","R","E","M","$","M","R","BOSS","M","?","M","M","?","E","R","E","T","$","E","M","R","?","R","BOSS","M","$","M","M","?","E","R","E","T","E","?","E","?","?","R","BOSS"],"items_purchased_type":["Card","Card"],"build_version":"2020-12-22","purchased_purges":3,"victory":false,"max_hp_per_floor":[66,66,66,66,66,66,66,66,66,66,66,66,66,66,66,66,66,66,66,66,66,66,66,66,66,66,66,66,66,66,66,66,66,66,66,66,66,66,66,66,66,73,73,73,73,73,73,73,73,73,73],"card_choices":[{"not_picked":["Outmaneuver","Escape Plan"],"picked":"Finisher","floor":1},{"not_picked":["Blade Dance","Bouncing Flask"],"picked":"Dash","floor":2},{"not_picked":["Predator","Dodge and Roll"],"picked":"Blade Dance","floor":4},{"not_picked":["Dagger Throw","Blade Dance"],"picked":"Well Laid Plans","floor":6},{"not_picked":["Bane","Finisher"],"picked":"Backflip","floor":8},{"not_picked":["Bane","Sucker Punch","Predator"],"picked":"SKIP","floor":11},{"not_picked":["Slice","Setup"],"picked":"Heel Hook","floor":12},{"not_picked":["Well Laid Plans","Caltrops"],"picked":"Accuracy","floor":14},{"not_picked":["Bullet Time","Unload"],"picked":"Adrenaline","floor":16},{"not_picked":["Outmaneuver","Sucker Punch","Noxious Fumes"],"picked":"SKIP","floor":18},{"not_picked":["The Bomb","Swift Strike"],"picked":"Secret Weapon","floor":19},{"not_picked":["Dramatic Entrance","Transmutation"],"picked":"Madness","floor":19},{"not_picked":["Prepared","Dagger Throw"],"picked":"Blur","floor":20},{"not_picked":["Dagger Spray","Burst"],"picked":"Infinite Blades","floor":21},{"not_picked":["Dodge and Roll","Skewer"],"picked":"Die Die Die","floor":23},{"not_picked":["Backstab","Blade Dance"],"picked":"Burst","floor":25},{"not_picked":["Cloak And Dagger","Deadly Poison"],"picked":"Night Terror","floor":28},{"not_picked":["Backflip","Predator"],"picked":"Deflect","floor":29},{"not_picked":["Dagger Throw","Outmaneuver","Quick Slash"],"picked":"SKIP","floor":31},{"not_picked":["Glass Knife","Storm of Steel"],"picked":"Burst","floor":33},{"not_picked":["All Out Attack","Underhanded Strike+1","Outmaneuver+1"],"picked":"SKIP","floor":35},{"not_picked":["Slice+1","Quick Slash","Flying Knee"],"picked":"SKIP","floor":37},{"not_picked":["Tactician","Heel Hook"],"picked":"Acrobatics+1","floor":38},{"not_picked":["Slice","Heel Hook"],"picked":"Cloak And Dagger","floor":40},{"not_picked":["Flying Knee","PiercingWail"],"picked":"Envenom","floor":42},{"not_picked":["Deflect","Dagger Spray+1","Quick Slash"],"picked":"SKIP","floor":44},{"not_picked":["Sucker Punch","Blade Dance","Outmaneuver"],"picked":"SKIP","floor":46},{"not_picked":["Backflip","Bane+1"],"picked":"Catalyst","floor":47}],"player_experience":1278716,"relics_obtained":[{"floor":3,"key":"Bag of Marbles"},{"floor":6,"key":"Mummified Hand"},{"floor":8,"key":"Ornamental Fan"},{"floor":9,"key":"Bottled Tornado"},{"floor":11,"key":"Meat on the Bone"},{"floor":23,"key":"MealTicket"},{"floor":25,"key":"Toy Ornithopter"},{"floor":28,"key":"Oddly Smooth Stone"},{"floor":40,"key":"Blood Vial"},{"floor":42,"key":"Strawberry"},{"floor":43,"key":"War Paint"},{"floor":44,"key":"Shuriken"},{"floor":46,"key":"Anchor"},{"floor":47,"key":"Unceasing Top"}],"event_choices":[{"damage_healed":0,"gold_gain":1,"player_choice":"Relic ","damage_taken":5,"max_hp_gain":0,"max_hp_loss":0,"event_name":"betterThird:BetterScrap","floor":5,"gold_loss":0,"cards_obtained":["Judgement"]},{"damage_healed":0,"gold_gain":2,"player_choice":"1","damage_taken":0,"max_hp_gain":0,"max_hp_loss":0,"event_name":"betterStone:BetterStone","floor":19,"gold_loss":0},{"cards_removed":["Defend_G"],"damage_healed":0,"gold_gain":0,"player_choice":"Upgrade and Remove","damage_taken":0,"max_hp_gain":0,"max_hp_loss":0,"event_name":"Designer","floor":22,"gold_loss":110,"cards_upgraded":["Accuracy"]},{"cards_removed":["Strike_G"],"damage_healed":0,"gold_gain":0,"player_choice":"Removed Attack","damage_taken":0,"max_hp_gain":0,"max_hp_loss":0,"event_name":"Falling","floor":39,"gold_loss":0},{"damage_healed":0,"gold_gain":0,"player_choice":"Paid","damage_taken":0,"relics_obtained":["Red Mask"],"max_hp_gain":0,"max_hp_loss":0,"event_name":"Tomb of Lord Red Mask","floor":45,"gold_loss":190},{"damage_healed":0,"gold_gain":0,"player_choice":"Fight","damage_taken":0,"max_hp_gain":0,"max_hp_loss":0,"event_name":"MindBloom","floor":47,"gold_loss":0},{"damage_healed":0,"gold_gain":0,"player_choice":"Embrace Madness","damage_taken":13,"max_hp_gain":0,"max_hp_loss":0,"event_name":"Winding Halls","floor":48,"gold_loss":0,"cards_obtained":["Madness","Madness"]}],"is_beta":false,"boss_relics":[{"not_picked":["Runic Pyramid","Runic Dome"],"picked":"Empty Cage"},{"not_picked":["Fusion Hammer","Snecko Eye"],"picked":"Cursed Key"}],"items_purged_floors":[13,27,36],"is_endless":false,"potions_floor_spawned":[2,11,12,16,20,25,28,33,35,42,47],"killed_by":"Donu and Deca","ascension_level":20}}