{"host":"i1h39d0gfh5c6uxl","time":1610098343,"event":{"mods":["AchievementEnabler","BaseMod","Colored Map","Colored Powertips","Highlight Path","Minty Spire (QoL Compilation)"],"gold_per_floor":[16,26,26,26,44,78,91,91,91,91,91,119,132,163,163,163,163],"floor_reached":16,"playtime":594,"items_purged":[],"score":240,"play_id":"75d20166-4047-4cdc-a292-29cf5b84066a","local_time":"20210108173223","is_ascension_mode":true,"campfire_choices":[{"data":"Whirlwind","floor":8,"key":"SMITH"},{"data":"Bash","floor":11,"key":"SMITH"},{"floor":15,"key":"REST"}],"circlet_count":0,"master_deck":["AscendersBane","Strike_R","Strike_R","Strike_R","Strike_R","Strike_R","Defend_R","Defend_R","Defend_R","Defend_R","Bash+1","Pommel Strike","Uppercut+1","Twin Strike","Whirlwind+1","Armaments","Pummel","Shrug It Off"],"relics":["Burning Blood","The Courier","Calipers","Girya","Nunchaku"],"acts_visited":["Exordium"],"potions_floor_usage":[6,7,14,14],"damage_taken":[{"damage":5,"enemies":"2 Louse","floor":1,"turns":3},{"damage":10,"enemies":"Small Slimes","floor":2,"turns":3},{"damage":4,"enemies":"Cultist","floor":5,"turns":3},{"damage":6,"enemies":"Gremlin Nob","floor":6,"turns":3},{"damage":11,"enemies":"Exordium Thugs","floor":7,"turns":5},{"damage":55,"enemies":"3 Sentries","floor":12,"turns":7},{"damage":9,"enemies":"Looter","floor":13,"turns":3},{"damage":22,"enemies":"Gremlin Nob","floor":14,"turns":4},{"damage":36,"enemies":"Hexaghost","floor":16,"turns":9}],"seed_played":"-4677391016571886634","potions_obtained":[{"floor":2,"key":"Block Potion"},{"floor":5,"key":"Strength Potion"},{"floor":12,"key":"AttackPotion"},{"floor":13,"key":"SkillPotion"}],"is_trial":false,"path_per_floor":["M","M","?","$","M","E","M","R","T","?","R","E","M","E","R","B"],"character_chosen":"IRONCLAD","items_purchased":[],"campfire_rested":1,"item_purchase_floors":[],"current_hp_per_floor":[83,79,79,79,81,81,76,76,76,76,76,27,24,8,34,0,0],"gold":163,"neow_bonus":"TWENTY_PERCENT_HP_BONUS","is_daily":false,"chose_seed":false,"campfire_upgraded":2,"win_rate":0.0,"timestamp":1610098343,"path_taken":["M","M","?","$","M","E","M","R","T","?","R","E","M","E","R","BOSS"],"items_purchased_type":[],"build_version":"2020-12-22","purchased_purges":0,"victory":false,"max_hp_per_floor":[89,89,89,89,89,89,89,89,89,89,89,89,89,89,89,89,89],"card_choices":[{"not_picked":["Reckless Charge","True Grit"],"picked":"Pommel Strike","floor":1},{"not_picked":["Power Through","Entrench"],"picked":"Uppercut","floor":2},{"not_picked":["Havoc","Dual Wield"],"picked":"Twin Strike","floor":5},{"not_picked":["Juggernaut","Reckless Charge"],"picked":"Whirlwind","floor":6},{"not_picked":["Havoc","Sever Soul","Infernal Blade"],"picked":"SKIP","floor":7},{"not_picked":["Iron Wave","Twin Strike"],"picked":"Armaments","floor":12},{"not_picked":["Fire Breathing","Pommel Strike"],"picked":"Pummel","floor":13},{"not_picked":["Headbutt","Clash"],"picked":"Shrug It Off","floor":14}],"player_experience":1331974,"relics_obtained":[{"floor":6,"key":"The Courier"},{"floor":9,"key":"Calipers"},{"floor":12,"key":"Girya"},{"floor":14,"key":"Nunchaku"}],"event_choices":[{"damage_healed":0,"gold_gain":0,"player_choice":"Grow","damage_taken":0,"max_hp_gain":0,"max_hp_loss":0,"event_name":"Living Wall","floor":3,"gold_loss":0,"cards_upgraded":["Uppercut"]},{"damage_healed":0,"gold_gain":0,"player_choice":"Ignored","damage_taken":0,"max_hp_gain":0,"max_hp_loss":0,"event_name":"Shining Light","floor":10,"gold_loss":0}],"is_beta":false,"boss_relics":[],"items_purged_floors":[],"is_endless":false,"potions_floor_spawned":[2,5,12,13],"killed_by":"Hexaghost","ascension_level":20}}