{"host":"9tzam4717zt8ei1o","time":1610126106,"event":{"mods":["BaseMod","Colored Map","Keyboard Shortcuts","Minty Spire (QoL Compilation)","Quick Restart","StSLib","SuperFastMode"],"gold_per_floor":[116,38,54,66,141,141,466,484,484,484,509,521,521,13,13,13,13],"floor_reached":16,"playtime":225,"items_purged":["Strike_R"],"score":200,"play_id":"b36cff53-a42c-4f4c-abba-845187a4a3d8","local_time":"20210109021506","is_ascension_mode":true,"campfire_choices":[{"data":"Blood for Blood","floor":6.0,"key":"SMITH"},{"floor":10.0,"key":"REST"},{"data":"Shockwave","floor":13.0,"key":"SMITH"},{"data":"Strike_R","floor":15.0,"key":"PURGE"}],"circlet_count":0,"master_deck":["AscendersBane","Strike_R","Strike_R","Strike_R","Defend_R","Defend_R","Defend_R+1","Defend_R","Bash","Reckless Charge","Wild Strike","Blood for Blood+1","Seeing Red","Offering+1","Shockwave+1","Shrug It Off"],"relics":["Burning Blood","Old Coin","Matryoshka","Vajra","War Paint","Peace Pipe"],"acts_visited":["Exordium"],"potions_floor_usage":[16],"damage_taken":[{"damage":10.0,"enemies":"Small Slimes","floor":1.0,"turns":4.0},{"damage":7.0,"enemies":"Jaw Worm","floor":3.0,"turns":3.0},{"damage":0.0,"enemies":"Cultist","floor":4.0,"turns":2.0},{"damage":41.0,"enemies":"Lagavulin","floor":7.0,"turns":6.0},{"damage":16.0,"enemies":"Exordium Thugs","floor":8.0,"turns":4.0},{"damage":6.0,"enemies":"Looter","floor":12.0,"turns":2.0},{"damage":55,"enemies":"Slime Boss","floor":16,"turns":7}],"seed_played":"-3921853808506151837","potions_obtained":[{"floor":1.0,"key":"SkillPotion"},{"floor":7.0,"key":"GamblersBrew"},{"floor":12.0,"key":"SpeedPotion"}],"is_trial":false,"path_per_floor":["M","$","M","M","?","R","E","M","T","R","T","M","R","$","R","B"],"character_chosen":"IRONCLAD","items_purchased":["Blood for Blood","Peace Pipe","BloodPotion","Shrug It Off"],"campfire_rested":1,"item_purchase_floors":[2,14,14,14],"current_hp_per_floor":[64,64,63,69,58,58,23,13,13,35,35,35,35,35,35,0,0],"gold":13,"neow_bonus":"THREE_CARDS","is_daily":false,"chose_seed":false,"campfire_upgraded":2,"win_rate":0.0,"timestamp":1610126106,"path_taken":["M","$","M","M","?","R","E","M","T","R","?","M","R","$","R","BOSS"],"items_purchased_type":["Card","Relic","Potion","Card"],"build_version":"2020-12-22","purchased_purges":1,"victory":false,"max_hp_per_floor":[75,75,75,75,75,75,75,75,75,75,75,75,75,75,75,75,75],"card_choices":[{"not_picked":["Armaments","Shrug It Off"],"picked":"Reckless Charge","floor":0.0},{"not_picked":["Disarm","Thunderclap"],"picked":"Wild Strike","floor":1.0},{"not_picked":["Warcry","Heavy Blade"],"picked":"Seeing Red","floor":3.0},{"not_picked":["Armaments","Clash","Sword Boomerang"],"picked":"SKIP","floor":4.0},{"not_picked":["Sever Soul","Armaments","Twin Strike"],"picked":"SKIP","floor":7.0},{"not_picked":["Twin Strike","Uppercut"],"picked":"Offering","floor":8.0},{"not_picked":["Seeing Red","Infernal Blade"],"picked":"Shockwave","floor":12.0}],"player_experience":159115,"relics_obtained":[{"floor":7.0,"key":"Old Coin"},{"floor":9.0,"key":"Matryoshka"},{"floor":11.0,"key":"Vajra"},{"floor":11.0,"key":"War Paint"}],"event_choices":[{"damage_healed":0.0,"max_hp_gain":0.0,"max_hp_loss":0.0,"gold_gain":75.0,"event_name":"World of Goop","player_choice":"Gather Gold","floor":5.0,"gold_loss":0.0,"damage_taken":11.0}],"is_beta":false,"boss_relics":[],"items_purged_floors":[14],"is_endless":false,"potions_floor_spawned":[1,7,12],"killed_by":"Slime Boss","ascension_level":20}}