{"host":"g8ufh7m4frdlkxwv","time":1610079068,"event":{"mods":["AchievementEnabler","BaseMod","Colored Map","Dark Map","Minty Spire (QoL Compilation)","Relic Stats","StSLib","The Blue Laboratory","ojb\u0027s Info Mod"],"gold_per_floor":[115,128,146,146,146,146,17,58,58,73,73,73],"floor_reached":11,"playtime":484,"items_purged":["Pain"],"score":146,"play_id":"71f674ed-8b0b-4de9-a53d-6260a5b3fd03","local_time":"20210108051108","is_ascension_mode":true,"campfire_choices":[{"data":"Poisoned Stab","floor":6,"key":"SMITH"}],"circlet_count":0,"master_deck":["AscendersBane","Strike_G","Strike_G","Strike_G","Strike_G","Strike_G","Defend_G","Defend_G","Defend_G","Defend_G","Defend_G","Survivor","Neutralize","Poisoned Stab+1","Deflect","Slice","Dagger Spray","Blade Dance","Deadly Poison"],"relics":["Ring of the Snake","Golden Idol","WarpedTongs","InkBottle","StrikeDummy"],"acts_visited":["Exordium"],"potions_floor_usage":[11],"damage_taken":[{"damage":1,"enemies":"Small Slimes","floor":1,"turns":4},{"damage":4,"enemies":"Jaw Worm","floor":2,"turns":5},{"damage":6,"enemies":"Cultist","floor":3,"turns":4},{"damage":17,"enemies":"3 Sentries","floor":8,"turns":8},{"damage":0,"enemies":"Exordium Thugs","floor":10,"turns":3},{"damage":38,"enemies":"Gremlin Nob","floor":11,"turns":3}],"seed_played":"3691510840037905314","potions_obtained":[{"floor":8,"key":"blueLaboratory:Moonshine"},{"floor":10,"key":"blueLaboratory:ArtistsPotion"}],"is_trial":false,"path_per_floor":["M","M","M","?","?","R","$","E","T","M","E"],"character_chosen":"THE_SILENT","items_purchased":["Dagger Spray"],"campfire_rested":0,"item_purchase_floors":[7],"current_hp_per_floor":[64,60,54,54,54,54,54,37,37,37,0,0],"gold":73,"neow_bonus":"TEN_PERCENT_HP_BONUS","is_daily":false,"chose_seed":false,"campfire_upgraded":1,"win_rate":0.0,"timestamp":1610079068,"path_taken":["M","M","M","?","?","R","$","E","T","?","E"],"items_purchased_type":["Card"],"build_version":"2020-12-22","purchased_purges":1,"victory":false,"max_hp_per_floor":[72,72,72,65,65,65,65,65,65,65,65,65],"relic_stats":{"counters":[6,27],"Golden Idol":11,"obtain_stats":[{"Golden Idol":4,"StrikeDummy":9,"InkBottle":8,"Ring of the Snake":0,"WarpedTongs":5},{"Golden Idol":3,"StrikeDummy":4,"InkBottle":4,"Ring of the Snake":0,"WarpedTongs":3},{"Golden Idol":13,"StrikeDummy":21,"InkBottle":21,"Ring of the Snake":0,"WarpedTongs":13}],"InkBottle":[2],"Ring of the Snake":[12],"WarpedTongs":[14]},"card_choices":[{"not_picked":["Dodge and Roll","Blade Dance"],"picked":"Poisoned Stab","floor":1},{"not_picked":["Setup","Cloak And Dagger"],"picked":"Deflect","floor":2},{"not_picked":["Blade Dance","Accuracy"],"picked":"Slice","floor":3},{"not_picked":["Outmaneuver","Dagger Spray"],"picked":"Blade Dance","floor":8},{"not_picked":["Tactician","Heel Hook"],"picked":"Deadly Poison","floor":10}],"player_experience":1020090,"relics_obtained":[{"floor":8,"key":"InkBottle"},{"floor":9,"key":"StrikeDummy"}],"event_choices":[{"damage_healed":0,"gold_gain":0,"player_choice":"Lose Max HP","damage_taken":0,"relics_obtained":["Golden Idol"],"max_hp_gain":0,"max_hp_loss":7,"event_name":"Golden Idol","floor":4,"gold_loss":0},{"damage_healed":0,"gold_gain":0,"player_choice":"Rummage","damage_taken":0,"relics_obtained":["WarpedTongs"],"max_hp_gain":0,"max_hp_loss":0,"event_name":"Accursed Blacksmith","floor":5,"gold_loss":0,"cards_obtained":["Pain"]}],"is_beta":false,"boss_relics":[],"items_purged_floors":[7],"is_endless":false,"potions_floor_spawned":[8,10],"killed_by":"Gremlin Nob","ascension_level":20}}