{"host":"lzpp66udqthct9jv","time":1610104227,"event":{"mods":["Act Like it!","BaseMod","Better-Laid Plans","Chen","Emptier Cage","Gensokyo","Highlight Path","Koishi","Marisa£®ÏF”Í°°ƒß¿Ì…≥£©","Minty Spire (QoL Compilation)","Pale of the Ancients","Quick Restart","Reimu£®≤©¿ˆ¡È√Œ£©","Remilia£®¿Ÿ√◊¿Ú—«£©","Shop Mod","StSLib","The Administrix","The Servant 0.9.4","Yakumo Yukari mod","Youmu£®ªÍ∆«—˝√Œ£©","Yuyuko","ÛÙª÷∏ƒœ"],"gold_per_floor":[369,388,54,54,54,79,79,109,109,435,435,216,242,260,260,361,361,380,260,270,270,288,318,318,350,350,382,382,413,413,49,49,145,145,158,158,158,33,49,78,78,103,103,103,131,131,147,147,147,147,165,177,177,258,258,274,274,45,45,45],"floor_reached":61,"playtime":3120,"items_purged":["Injury","Strike_R","Strike_R"],"score":1908,"play_id":"269ce289-0670-4f42-a490-e90b2c824647","local_time":"20210108191027","is_ascension_mode":true,"campfire_choices":[{"data":"Whirlwind","floor":7.0,"key":"SMITH"},{"data":"True Grit","floor":15.0,"key":"SMITH"},{"data":"Barricade","floor":24.0,"key":"SMITH"},{"data":"1","floor":30.0,"key":"LIFT"},{"data":"2","floor":32.0,"key":"LIFT"},{"data":"3","floor":41.0,"key":"LIFT"},{"data":"Body Slam","floor":44.0,"key":"SMITH"},{"floor":49.0,"key":"RECALL"},{"data":"Entrench","floor":55,"key":"SMITH"},{"data":"Feel No Pain","floor":57,"key":"SMITH"}],"circlet_count":0,"master_deck":["Defend_R","Defend_R","Defend_R","Bash","Seeing Red","Pommel Strike","Shrug It Off","Whirlwind+1","Disarm","Battle Trance","Shockwave","Offering+1","True Grit+1","Barricade+1","CurseOfTheBell","Dark Embrace","Offering+1","Body Slam+1","Evolve+1","Shrug It Off+1","Second Wind","Writhe","Power Through","Fire Breathing","Impervious","Burning Pact+1","True Grit+1","Power Through+1","Entrench+1","Offering","Feel No Pain+1","Bloodletting"],"relics":["Burning Blood","Orrery","Mango","Juzu Bracelet","Happy Flower","Shuriken","Darkstone Periapt","Charon\u0027s Ashes","Pear","Anchor","Bag of Preparation","StoneCalendar","Calling Bell","Pen Nib","Gremlin Horn","Gambling Chip","Gensokyo:FoxMask","TungstenRod","Eternal Feather","Pantograph","Kunai","Girya","ClockworkSouvenir","Runic Dome","Gensokyo:DualWield","Sundial","StrikeDummy","Nunchaku","paleoftheancients:Timepiece","paleoftheancients:KeyRelic","CultistMask","paleoftheancients:SoulOfTheWatcher","Self Forming Clay","Medical Kit"],"acts_visited":["Gensokyo:Gensokyo","Gensokyo:Gensokyoer","Gensokyo:Gensokyoest","paleoftheancients:PaleOfTheAncients"],"potions_floor_usage":[60,60,60],"damage_taken":[{"damage":4.0,"enemies":"Gensokyo:Python","floor":1.0,"turns":4.0},{"damage":5.0,"enemies":"Gensokyo:3_Fairies","floor":2.0,"turns":5.0},{"damage":17.0,"enemies":"Gensokyo:Mamizou","floor":6.0,"turns":10.0},{"damage":13.0,"enemies":"Gensokyo:Cirno","floor":8.0,"turns":5.0},{"damage":20.0,"enemies":"Gensokyo:Aya","floor":10.0,"turns":6.0},{"damage":6.0,"enemies":"Gensokyo:Gryphon","floor":14.0,"turns":2.0},{"damage":6.0,"enemies":"Gensokyo:Kokoro","floor":16.0,"turns":8.0},{"damage":16.0,"enemies":"Gensokyo:2_Gloops","floor":18.0,"turns":4.0},{"damage":6.0,"enemies":"Gensokyo:AngelMirror","floor":20.0,"turns":2.0},{"damage":32.0,"enemies":"Gensokyo:Wraith","floor":22.0,"turns":6.0},{"damage":42.0,"enemies":"Gensokyo:Koishi","floor":23.0,"turns":8.0},{"damage":10.0,"enemies":"Gensokyo:Reisen","floor":25.0,"turns":4.0},{"damage":10.0,"enemies":"Gensokyo:Tenshi","floor":27.0,"turns":2.0},{"damage":10.0,"enemies":"Gensokyo:Koishi","floor":29.0,"turns":4.0},{"damage":46.0,"enemies":"Gensokyo:Eternal_Rivals","floor":33.0,"turns":8.0},{"damage":5.0,"enemies":"Gensokyo:3_Boulders","floor":35.0,"turns":1.0},{"damage":0.0,"enemies":"Gensokyo:3_Bats","floor":39.0,"turns":1.0},{"damage":11.0,"enemies":"Gensokyo:Marisa","floor":40.0,"turns":6.0},{"damage":10.0,"enemies":"Gensokyo:Doremy","floor":42.0,"turns":4.0},{"damage":10.0,"enemies":"Gensokyo:Marisa","floor":45.0,"turns":5.0},{"damage":11.0,"enemies":"Gensokyo:AtlasGolem","floor":47.0,"turns":3.0},{"damage":10,"enemies":"Gensokyo:Scarlet_Devils","floor":50,"turns":7},{"damage":11,"enemies":"Gensokyo:Scarlet_Devils","floor":51,"turns":5},{"damage":10,"enemies":"Gensokyo:Scarlet_Devils","floor":52,"turns":7},{"damage":16,"enemies":"Gensokyo:Scarlet_Devils","floor":56,"turns":4},{"damage":13,"enemies":"paleoftheancients:N","floor":60,"turns":4}],"seed_played":"1816362613488780548","potions_obtained":[{"floor":1.0,"key":"Dexterity Potion"},{"floor":8.0,"key":"Fire Potion"},{"floor":20.0,"key":"BloodPotion"},{"floor":23.0,"key":"ZuzhouPotion:ReiMu"},{"floor":25.0,"key":"Explosive Potion"},{"floor":33.0,"key":"SpeedPotion"},{"floor":40.0,"key":"CultistPotion"},{"floor":52,"key":"ColorlessPotion"}],"is_trial":false,"path_per_floor":["M","M","COS","?","?","E","R","E","T","E","?","$","T","M","R","B",null,"M","?","M","?","M","E","R","E","T","E","?","E","R","$","R","B",null,"M","?","?","$","M","E","R","E","T","R","E","?","M","$","R","B","M","M","?","T","R","M","R","$","?","B",null],"character_chosen":"IRONCLAD","items_purchased":["Anchor","ClockworkSouvenir","Power Through","Fire Breathing","Medical Kit","Bloodletting"],"campfire_rested":0,"item_purchase_floors":[12,31,31,31,58,58],"current_hp_per_floor":[72,72,72,72,65,54,54,47,47,33,49,49,49,49,49,49,108,98,98,98,98,72,36,36,53,53,49,55,51,66,66,81,66,114,114,114,114,114,114,109,114,110,110,114,110,94,89,89,104,119,117,117,117,117,119,114,119,119,119,116],"gold":45,"neow_bonus":"TWO_FIFTY_GOLD","is_daily":false,"chose_seed":false,"campfire_upgraded":6,"win_rate":0.0,"timestamp":1610104227,"path_taken":["M","M","COS","?","?","E","R","E","T","E","?","?","?","M","R","BOSS","M","?","M","?","M","E","R","E","T","E","?","E","R","?","R","BOSS","M","?","?","$","M","E","R","E","T","R","E","?","M","$","R","BOSS","M","M","?","T","R","M","R","$","?","BOSS"],"items_purchased_type":["Relic","Relic","Card","Card","Relic","Card"],"build_version":"2020-12-22","purchased_purges":3,"victory":true,"max_hp_per_floor":[72,72,72,72,86,86,86,86,86,86,102,102,102,102,102,102,108,108,108,108,108,108,108,108,108,108,108,114,114,114,114,114,114,114,114,114,114,114,114,114,114,114,114,114,114,114,114,114,114,119,119,119,119,119,119,119,119,119,119,119],"card_choices":[{"not_picked":["Clash","Warcry"],"picked":"Seeing Red","floor":1.0},{"not_picked":["Anger","Warcry"],"picked":"Pommel Strike","floor":2.0},{"not_picked":["Anger","Thunderclap"],"picked":"Shrug It Off","floor":3.0},{"not_picked":["Cleave","Disarm"],"picked":"Whirlwind","floor":3.0},{"not_picked":["Dropkick","Searing Blow"],"picked":"Disarm","floor":3.0},{"not_picked":["Fire Breathing","Thunderclap"],"picked":"Battle Trance","floor":3.0},{"not_picked":["Reckless Charge","Flame Barrier"],"picked":"Shockwave","floor":3.0},{"not_picked":["Armaments+1","Pommel Strike+1"],"picked":"Offering+1","floor":6.0},{"not_picked":["Cleave","Body Slam","Clash"],"picked":"SKIP","floor":6.0},{"not_picked":["Twin Strike","Body Slam"],"picked":"True Grit","floor":8.0},{"not_picked":["Sword Boomerang","Anger","Iron Wave"],"picked":"SKIP","floor":10.0},{"not_picked":["Twin Strike","Clothesline","Carnage"],"picked":"SKIP","floor":14.0},{"not_picked":["Limit Break","Fiend Fire"],"picked":"Barricade","floor":16.0},{"not_picked":["Clash","Iron Wave","Havoc"],"picked":"SKIP","floor":18.0},{"not_picked":["Flex","Heavy Blade"],"picked":"Dark Embrace","floor":20.0},{"not_picked":["Clash+1","Iron Wave+1","Body Slam"],"picked":"SKIP","floor":22.0},{"not_picked":["Clash+1","Iron Wave+1"],"picked":"Body Slam","floor":22.0},{"not_picked":["Anger+1","Dark Embrace+1"],"picked":"Evolve+1","floor":23.0},{"not_picked":["Thunderclap","Twin Strike"],"picked":"Shrug It Off+1","floor":25.0},{"not_picked":["Havoc+1","Body Slam"],"picked":"Second Wind","floor":27.0},{"not_picked":["Perfected Strike","Intimidate","Juggernaut"],"picked":"SKIP","floor":29.0},{"not_picked":["Berserk","Corruption"],"picked":"Impervious","floor":33.0},{"not_picked":["Anger","Armaments","Clothesline+1"],"picked":"SKIP","floor":35.0},{"not_picked":["Pommel Strike","Twin Strike+1"],"picked":"Burning Pact+1","floor":39.0},{"not_picked":["Reckless Charge+1","Perfected Strike"],"picked":"True Grit+1","floor":40.0},{"not_picked":["Pommel Strike+1","Juggernaut","Immolate"],"picked":"SKIP","floor":42.0},{"not_picked":["Iron Wave+1","Burning Pact+1"],"picked":"Power Through+1","floor":45.0},{"not_picked":["Cleave","Rage+1","Hemokinesis"],"picked":"SKIP","floor":47.0},{"not_picked":["Headbutt+1","Iron Wave","Armaments"],"picked":"SKIP","floor":51},{"not_picked":["Armaments","True Grit"],"picked":"Entrench","floor":52},{"not_picked":["Heavy Blade+1","Power Through+1"],"picked":"Feel No Pain","floor":56}],"player_experience":1823780,"relics_obtained":[{"floor":6.0,"key":"Juzu Bracelet"},{"floor":8.0,"key":"Happy Flower"},{"floor":9.0,"key":"Shuriken"},{"floor":10.0,"key":"Charon\u0027s Ashes"},{"floor":13.0,"key":"Bag of Preparation"},{"floor":17.0,"key":"Pen Nib"},{"floor":17.0,"key":"Gremlin Horn"},{"floor":17.0,"key":"Gambling Chip"},{"floor":23.0,"key":"TungstenRod"},{"floor":25.0,"key":"Eternal Feather"},{"floor":26.0,"key":"Pantograph"},{"floor":27.0,"key":"Kunai"},{"floor":29.0,"key":"Girya"},{"floor":40.0,"key":"Sundial"},{"floor":42.0,"key":"StrikeDummy"},{"floor":45.0,"key":"Nunchaku"},{"floor":52,"key":"paleoftheancients:SoulOfTheWatcher"},{"floor":54,"key":"Self Forming Clay"},{"floor":56,"key":"paleoftheancients:SoulOfTheBandit"}],"event_choices":[{"damage_healed":0,"gold_gain":0,"cards_transformed":["Strike_R"],"player_choice":"Transformed","damage_taken":0,"max_hp_gain":0,"max_hp_loss":0,"event_name":"Transmorgrifier","floor":53,"gold_loss":0,"cards_obtained":["Offering"]}],"is_beta":false,"boss_relics":[{"not_picked":["Tiny House","Empty Cage"],"picked":"Calling Bell"},{"not_picked":["SlaversCollar","SacredBark"],"picked":"Runic Dome"}],"items_purged_floors":[12,31,38],"is_endless":false,"potions_floor_spawned":[1,8,20,23,25,33,40,42,51,52],"ascension_level":1}}