{"host":"2lo6hma6kymb0g9i","time":1610096355,"event":{"mods":["BaseMod","Colored Map","DeckTracker","Minty Spire (QoL Compilation)"],"gold_per_floor":[119,119,194,194,205,205,223,248,301,59,59,69,69,69,69,197,197,213,234,234,149,149,149],"floor_reached":22,"playtime":1012,"items_purged":["Strike_B"],"score":302,"play_id":"7f3fb72e-e993-48f3-9a77-9a0c98f08779","local_time":"20210108175915","is_ascension_mode":true,"campfire_choices":[{"data":"Streamline","floor":6,"key":"SMITH"},{"floor":15,"key":"REST"}],"circlet_count":0,"master_deck":["Defend_B+1","Defend_B+1","Defend_B","Defend_B","Zap","Dualcast+1","Forethought+1","Streamline+1","Defragment","Glacier","FTL","Apotheosis","Chaos","Multi-Cast","Go for the Eyes"],"relics":["Cracked Core","InkBottle","Bottled Flame","War Paint","Golden Idol","Empty Cage","Shuriken"],"acts_visited":["Exordium","TheCity"],"potions_floor_usage":[8,22],"damage_taken":[{"damage":2,"enemies":"2 Louse","floor":1,"turns":4},{"damage":0,"enemies":"Jaw Worm","floor":5,"turns":3},{"damage":0,"enemies":"Cultist","floor":7,"turns":3},{"damage":4,"enemies":"3 Sentries","floor":8,"turns":8},{"damage":1,"enemies":"2 Fungi Beasts","floor":12,"turns":3},{"damage":0,"enemies":"The Guardian","floor":16,"turns":10},{"damage":41,"enemies":"2 Thieves","floor":18,"turns":5},{"damage":7,"enemies":"Spheric Guardian","floor":19,"turns":4},{"damage":10,"enemies":"Snake Plant","floor":22,"turns":1}],"seed_played":"2566206040813387525","potions_obtained":[{"floor":1,"key":"Strength Potion"},{"floor":18,"key":"ColorlessPotion"}],"is_trial":false,"path_per_floor":["M","?","?","T","M","R","M","E","T","$","?","M","?","?","R","B",null,"M","M","?","?","M"],"character_chosen":"DEFECT","items_purchased":["Apotheosis"],"campfire_rested":1,"item_purchase_floors":[10],"current_hp_per_floor":[66,51,40,40,40,40,40,36,36,36,29,28,3,3,23,23,58,17,10,10,10,0,0],"gold":149,"neow_bonus":"RANDOM_COLORLESS","is_daily":false,"chose_seed":false,"campfire_upgraded":1,"win_rate":0.0,"timestamp":1610096355,"path_taken":["M","?","?","?","M","R","?","E","T","?","?","?","?","?","R","BOSS","M","M","?","?","M"],"items_purchased_type":["Card"],"build_version":"2020-12-22","purchased_purges":1,"victory":false,"max_hp_per_floor":[75,75,75,75,75,75,75,75,75,75,75,75,75,69,69,69,69,69,69,69,69,69,69],"card_choices":[{"not_picked":["Jack Of All Trades","Blind"],"picked":"Forethought","floor":0},{"not_picked":["Ball Lightning","Fusion"],"picked":"Streamline","floor":1},{"not_picked":["Sweeping Beam","Static Discharge"],"picked":"Defragment","floor":5},{"not_picked":["Beam Cell","Gash"],"picked":"Glacier","floor":7},{"not_picked":["Steam","Blizzard"],"picked":"FTL","floor":8},{"not_picked":["Rip and Tear","Barrage"],"picked":"Chaos","floor":12},{"not_picked":["Reboot","All For One"],"picked":"Multi-Cast","floor":16},{"not_picked":["Lockon","Compile Driver"],"picked":"Go for the Eyes","floor":18},{"not_picked":["Beam Cell+1","Compile Driver","Coolheaded"],"picked":"SKIP","floor":19}],"player_experience":968944,"relics_obtained":[{"floor":4,"key":"InkBottle"},{"floor":8,"key":"Bottled Flame"},{"floor":9,"key":"War Paint"}],"event_choices":[{"damage_healed":0,"gold_gain":0,"player_choice":"Entered Light","damage_taken":15,"max_hp_gain":0,"max_hp_loss":0,"event_name":"Shining Light","floor":2,"gold_loss":0,"cards_upgraded":["Defend_B","Defend_B"]},{"damage_healed":0,"gold_gain":75,"player_choice":"Gather Gold","damage_taken":11,"max_hp_gain":0,"max_hp_loss":0,"event_name":"World of Goop","floor":3,"gold_loss":0},{"damage_healed":0,"gold_gain":0,"player_choice":"Damaged","damage_taken":7,"max_hp_gain":0,"max_hp_loss":0,"event_name":"Wheel of Change","floor":11,"gold_loss":0},{"damage_healed":0,"gold_gain":0,"player_choice":"Fled","damage_taken":25,"max_hp_gain":0,"max_hp_loss":0,"event_name":"Scrap Ooze","floor":13,"gold_loss":0},{"damage_healed":0,"gold_gain":0,"player_choice":"Lose Max HP","damage_taken":0,"relics_obtained":["Golden Idol"],"max_hp_gain":0,"max_hp_loss":6,"event_name":"Golden Idol","floor":14,"gold_loss":0},{"cards_removed":["Strike_B"],"damage_healed":0,"gold_gain":0,"player_choice":"Elegance","damage_taken":0,"max_hp_gain":0,"max_hp_loss":0,"event_name":"Back to Basics","floor":20,"gold_loss":0},{"damage_healed":0,"gold_gain":0,"player_choice":"Obtained Relic","damage_taken":0,"relics_obtained":["Shuriken"],"max_hp_gain":0,"max_hp_loss":0,"event_name":"Addict","floor":21,"gold_loss":85}],"is_beta":false,"boss_relics":[{"not_picked":["Coffee Dripper","Tiny House"],"picked":"Empty Cage"}],"items_purged_floors":[10],"is_endless":false,"potions_floor_spawned":[1,18],"killed_by":"Snake Plant","ascension_level":6}}