{"host":"mydft8i2zzydgggw","time":1610142286,"event":{"mods":["AchievementEnabler","BaseMod","Colored Map","Colored Powertips","DeckTracker","Keyboard Shortcuts","Minty Spire (QoL Compilation)","Rare Cards Sparkle","StSLib","SuperFastMode","The Poker Player","everything is the same but u backflip on backflip"],"gold_per_floor":[119,119,44,57,57,57,90,90,117,117,142,178,178,194,194,314,314,339,14,39,57,75,115,35,35,35,59,59,59,59,78,78,78,78],"floor_reached":33,"playtime":847,"items_purged":["Strike_B","Static Discharge","Undo"],"score":420,"play_id":"f79b9ae0-0c18-46d9-8e7a-3ffd36772d9b","local_time":"20210109064446","is_ascension_mode":true,"campfire_choices":[{"data":"Zap","floor":6,"key":"SMITH"},{"data":"Coolheaded","floor":8,"key":"SMITH"},{"data":"Defragment","floor":10,"key":"SMITH"},{"data":"Genetic Algorithm","floor":15,"key":"SMITH"},{"data":"Chaos","floor":25,"key":"SMITH"},{"floor":32,"key":"REST"}],"circlet_count":0,"master_deck":["Zap+1","Coolheaded+1","Defragment+1","Genetic Algorithm+1","FTL","Turbo","Reboot","Chaos+1","All For One","Undo","Self Repair","Sunder","Aggregate+1","Barrage","Lockon"],"relics":["Cracked Core","NeowsBlessing","Golden Idol","Nunchaku","Potion Belt","The Courier","Pandora\u0027s Box","Dead Branch","Smiling Mask","InkBottle"],"acts_visited":["Exordium","TheCity"],"potions_floor_usage":[16,16,27,31,33],"damage_taken":[{"damage":0,"enemies":"Cultist","floor":1,"turns":1},{"damage":0,"enemies":"Small Slimes","floor":4,"turns":1},{"damage":0,"enemies":"3 Sentries","floor":7,"turns":2},{"damage":6,"enemies":"Jaw Worm","floor":11,"turns":3},{"damage":10,"enemies":"Lagavulin","floor":12,"turns":7},{"damage":11,"enemies":"Lots of Slimes","floor":14,"turns":4},{"damage":19,"enemies":"Hexaghost","floor":16,"turns":8},{"damage":0,"enemies":"Shell Parasite","floor":18,"turns":4},{"damage":0,"enemies":"Spheric Guardian","floor":20,"turns":4},{"damage":4,"enemies":"Snake Plant","floor":21,"turns":5},{"damage":1,"enemies":"Centurion and Healer","floor":22,"turns":4},{"damage":28,"enemies":"Slavers","floor":23,"turns":8},{"damage":16,"enemies":"Shelled Parasite and Fungi","floor":27,"turns":3},{"damage":24,"enemies":"Snake Plant","floor":31,"turns":3},{"damage":43,"enemies":"Champ","floor":33,"turns":5}],"seed_played":"6748271607001521561","potions_obtained":[{"floor":7,"key":"Energy Potion"},{"floor":12,"key":"FocusPotion"},{"floor":16,"key":"Dexterity Potion"},{"floor":23,"key":"BlessingOfTheForge"},{"floor":27,"key":"DistilledChaos"}],"is_trial":false,"path_per_floor":["M","?","$","M","?","R","E","R","T","R","M","E","?","M","R","B",null,"M","$","M","M","M","E","$","R","T","M","$","?","?","M","R","B"],"character_chosen":"DEFECT","items_purchased":["Dead Branch","Sunder"],"campfire_rested":1,"item_purchase_floors":[19,24],"current_hp_per_floor":[68,68,68,68,73,73,73,73,73,73,67,57,57,46,46,27,62,62,62,62,58,57,36,36,36,36,27,27,27,27,10,32,0,0],"gold":78,"neow_bonus":"THREE_ENEMY_KILL","is_daily":false,"chose_seed":false,"campfire_upgraded":5,"win_rate":0.0,"timestamp":1610142286,"path_taken":["M","?","$","M","?","R","E","R","T","R","M","E","?","M","R","BOSS","M","$","M","M","?","E","$","R","T","M","?","?","?","M","R","BOSS"],"items_purchased_type":["Relic","Card"],"build_version":"2020-12-22","purchased_purges":3,"victory":false,"max_hp_per_floor":[75,69,69,69,74,74,74,74,74,74,74,74,74,74,74,74,74,74,74,74,74,74,74,74,74,74,74,74,74,74,74,74,74,74],"card_choices":[{"not_picked":["Rip and Tear","Genetic Algorithm"],"picked":"Coolheaded","floor":1},{"not_picked":["Ball Lightning","Go for the Eyes"],"picked":"Defragment","floor":4},{"not_picked":["Rebound","Steam"],"picked":"Genetic Algorithm","floor":7},{"not_picked":["Ball Lightning","Blizzard","Sweeping Beam"],"picked":"SKIP","floor":11},{"not_picked":["Fusion","Creative AI"],"picked":"FTL","floor":12},{"not_picked":["Leap","Coolheaded"],"picked":"Turbo","floor":14},{"not_picked":["Multi-Cast","Fission"],"picked":"Reboot","floor":16},{"not_picked":["Coolheaded","Redo","Reprogram+1"],"picked":"SKIP","floor":18},{"not_picked":["Gash+1","Compile Driver","Beam Cell"],"picked":"SKIP","floor":20},{"not_picked":["Conserve Battery+1","Beam Cell","Cold Snap"],"picked":"SKIP","floor":21},{"not_picked":["Storm","Steam"],"picked":"Self Repair","floor":22},{"not_picked":["Barrage","Lockon+1","Steam Power"],"picked":"SKIP","floor":23},{"not_picked":["Coolheaded","Recycle"],"picked":"Aggregate+1","floor":27},{"not_picked":["Thunder Strike","Chaos","Redo"],"picked":"SKIP","floor":31}],"player_experience":153727,"relics_obtained":[{"floor":7,"key":"Nunchaku"},{"floor":9,"key":"Potion Belt"},{"floor":12,"key":"The Courier"},{"floor":23,"key":"Smiling Mask"},{"floor":26,"key":"InkBottle"}],"event_choices":[{"damage_healed":0,"gold_gain":0,"player_choice":"Lose Max HP","damage_taken":0,"relics_obtained":["Golden Idol"],"max_hp_gain":0,"max_hp_loss":6,"event_name":"Golden Idol","floor":2,"gold_loss":0},{"damage_healed":0,"gold_gain":0,"player_choice":"Donut","damage_taken":0,"max_hp_gain":5,"max_hp_loss":0,"event_name":"Big Fish","floor":5,"gold_loss":0},{"cards_removed":["Defend_B"],"damage_healed":0,"gold_gain":0,"player_choice":"Offered Basic","damage_taken":0,"max_hp_gain":0,"max_hp_loss":0,"event_name":"Bonfire Elementals","floor":13,"gold_loss":0},{"damage_healed":0,"gold_gain":0,"cards_transformed":["Meteor Strike","Dualcast"],"player_choice":"Became Test Subject","damage_taken":0,"max_hp_gain":0,"max_hp_loss":0,"event_name":"Drug Dealer","floor":30,"gold_loss":0,"cards_obtained":["Barrage","Lockon"]}],"is_beta":false,"boss_relics":[{"not_picked":["Busted Crown","Tiny House"],"picked":"Pandora\u0027s Box"}],"items_purged_floors":[3,19,24],"is_endless":false,"potions_floor_spawned":[7,12,16,23,27],"killed_by":"Champ","ascension_level":8}}