{"host":"oiw60b5ins9fyx34","time":1610089930,"event":{"mods":["BaseMod","Colored Powertips","Minty Spire (QoL Compilation)","Quick Restart","Relic Stats","Slay-I","StSLib"],"gold_per_floor":[109,109,129,146,146,178,6,21,21,21,21,32,32,32,32,128,128,141,172,122,139,149,179,179,213,240,240,257,287,287,299,299,299,299],"floor_reached":33,"playtime":2753,"items_purged":["Defend_G"],"score":320,"play_id":"97fee9b6-fe69-44f0-9205-912d2ca792d8","local_time":"20210108161210","is_ascension_mode":true,"campfire_choices":[{"data":"Terror","floor":10,"key":"SMITH"},{"data":"Noxious Fumes","floor":13,"key":"SMITH"},{"data":"Neutralize","floor":15,"key":"SMITH"},{"data":"Crippling Poison","floor":24,"key":"SMITH"},{"floor":27,"key":"REST"},{"data":"Well Laid Plans","floor":30,"key":"SMITH"},{"data":"Adrenaline","floor":32,"key":"SMITH"}],"circlet_count":0,"master_deck":["Strike_G","Strike_G","Strike_G","Strike_G","Defend_G","Defend_G","Defend_G","Defend_G","Survivor","Neutralize+1","Acrobatics","Dagger Throw","Crippling Poison+1","Terror+1","Noxious Fumes+1","Underhanded Strike","Quick Slash","Finisher","Adrenaline+1","CurseOfTheBell","Backflip","PiercingWail","Prepared+1","Poisoned Stab+1","Noxious Fumes+1","Unload","Well Laid Plans+1","Dagger Spray+1","Blur"],"relics":["Ring of the Snake","NeowsBlessing","FossilizedHelix","Smiling Mask","Lizard Tail","Calling Bell","Regal Pillow","Question Card","CaptainsWheel","Red Mask","Art of War","WingedGreaves","Anchor","Torii"],"acts_visited":["Exordium","TheCity"],"potions_floor_usage":[23,23,23,28],"damage_taken":[{"damage":0,"enemies":"Cultist","floor":1,"turns":1},{"damage":0,"enemies":"2 Louse","floor":3,"turns":1},{"damage":0,"enemies":"Small Slimes","floor":4,"turns":1},{"damage":38,"enemies":"3 Sentries","floor":6,"turns":13},{"damage":2,"enemies":"Looter","floor":8,"turns":4},{"damage":0,"enemies":"Blue Slaver","floor":12,"turns":5},{"damage":25,"enemies":"The Guardian","floor":16,"turns":11},{"damage":0,"enemies":"Shell Parasite","floor":18,"turns":7},{"damage":39,"enemies":"Masked Bandits","floor":19,"turns":6},{"damage":0,"enemies":"3 Byrds","floor":21,"turns":6},{"damage":4,"enemies":"3 Cultists","floor":22,"turns":5},{"damage":29,"enemies":"Slavers","floor":23,"turns":6},{"damage":18,"enemies":"Book of Stabbing","floor":25,"turns":6},{"damage":0,"enemies":"Snake Plant","floor":28,"turns":4},{"damage":6,"enemies":"Gremlin Leader","floor":29,"turns":5},{"damage":0,"enemies":"Chosen and Byrds","floor":31,"turns":4},{"damage":56,"enemies":"Champ","floor":33,"turns":10}],"seed_played":"-8957517834437328515","potions_obtained":[{"floor":6,"key":"LiquidMemories"},{"floor":8,"key":"Poison Potion"},{"floor":18,"key":"PowerPotion"},{"floor":23,"key":"Block Potion"},{"floor":28,"key":"SkillPotion"},{"floor":29,"key":"Ancient Potion"}],"is_trial":false,"path_per_floor":["M","T","M","M","?","E","$","M","T","R","$","M","R","$","R","B",null,"M","?","$","M","M","E","R","E","T","R","M","E","R","M","R","B"],"character_chosen":"THE_SILENT","items_purchased":["Noxious Fumes","Underhanded Strike","Quick Slash"],"campfire_rested":1,"item_purchase_floors":[7,7,7],"current_hp_per_floor":[70,70,70,70,70,32,32,30,30,30,30,30,30,30,30,5,70,70,31,31,31,27,33,33,15,15,51,51,45,45,45,45,0,0],"gold":299,"neow_bonus":"THREE_ENEMY_KILL","is_daily":false,"chose_seed":false,"campfire_upgraded":6,"win_rate":0.0,"timestamp":1610089930,"path_taken":["M","?","M","M","?","E","$","M","T","R","$","?","R","$","R","BOSS","M","?","$","M","M","E","R","E","T","R","M","E","R","M","R","BOSS"],"items_purchased_type":["Card","Card","Card"],"build_version":"2020-12-22","purchased_purges":1,"victory":false,"max_hp_per_floor":[70,70,70,70,70,70,70,70,70,70,70,70,70,70,70,70,70,70,70,70,70,70,70,70,70,70,70,70,70,70,70,70,70,70],"relic_stats":{"Lizard Tail":35,"Regal Pillow":15,"Torii":0,"counters":[17,95],"Art of War":[2],"Smiling Mask":25,"Question Card":9,"obtain_stats":[{"Regal Pillow":17,"NeowsBlessing":0,"Torii":29,"Smiling Mask":6,"Question Card":17,"Calling Bell":17,"Lizard Tail":9,"CaptainsWheel":17,"Anchor":26,"WingedGreaves":25,"Red Mask":19,"Art of War":23,"FossilizedHelix":2,"Ring of the Snake":0},{"Regal Pillow":7,"NeowsBlessing":0,"Torii":15,"Smiling Mask":4,"Question Card":7,"Calling Bell":7,"Lizard Tail":5,"CaptainsWheel":7,"Anchor":13,"WingedGreaves":13,"Red Mask":9,"Art of War":12,"FossilizedHelix":1,"Ring of the Snake":0},{"Regal Pillow":36,"NeowsBlessing":0,"Torii":81,"Smiling Mask":16,"Question Card":36,"Calling Bell":36,"Lizard Tail":20,"CaptainsWheel":36,"Anchor":72,"WingedGreaves":72,"Red Mask":49,"Art of War":66,"FossilizedHelix":1,"Ring of the Snake":0}],"Ring of the Snake":[34]},"card_choices":[{"not_picked":["Deflect","Sucker Punch"],"picked":"Acrobatics","floor":1},{"not_picked":["Prepared","PiercingWail"],"picked":"Dagger Throw","floor":3},{"not_picked":["Blade Dance","Outmaneuver"],"picked":"Crippling Poison","floor":4},{"not_picked":["Burst","Accuracy"],"picked":"Terror","floor":6},{"not_picked":["Bane","Concentrate"],"picked":"Finisher","floor":8},{"not_picked":["Accuracy","Dodge and Roll","Deadly Poison"],"picked":"SKIP","floor":12},{"not_picked":["Night Terror","Venomology"],"picked":"Adrenaline","floor":16},{"not_picked":["Acrobatics","Blade Dance","Quick Slash+1"],"picked":"Backflip","floor":18},{"not_picked":["Flying Knee","Expertise","Catalyst"],"picked":"PiercingWail","floor":19},{"not_picked":["Endless Agony","Acrobatics","Crippling Poison"],"picked":"Prepared+1","floor":21},{"not_picked":["Backflip","Acrobatics+1","Riddle With Holes+1"],"picked":"Poisoned Stab+1","floor":22},{"not_picked":["Reflex","Die Die Die","Prepared"],"picked":"Noxious Fumes+1","floor":23},{"not_picked":["Predator","Dodge and Roll+1","PiercingWail"],"picked":"Unload","floor":25},{"not_picked":["Underhanded Strike+1","Outmaneuver+1","Backflip"],"picked":"Well Laid Plans","floor":28},{"not_picked":["Infinite Blades","Dodge and Roll+1","Flying Knee"],"picked":"Dagger Spray+1","floor":29},{"not_picked":["Backflip","Deflect","Escape Plan"],"picked":"Blur","floor":31}],"player_experience":547602,"relics_obtained":[{"floor":2,"key":"FossilizedHelix"},{"floor":6,"key":"Smiling Mask"},{"floor":9,"key":"Lizard Tail"},{"floor":17,"key":"Regal Pillow"},{"floor":17,"key":"Question Card"},{"floor":17,"key":"CaptainsWheel"},{"floor":19,"key":"Red Mask"},{"floor":23,"key":"Art of War"},{"floor":25,"key":"WingedGreaves"},{"floor":26,"key":"Anchor"},{"floor":29,"key":"Torii"}],"event_choices":[{"cards_removed":["Strike_G"],"damage_healed":0,"gold_gain":0,"player_choice":"Offered Basic","damage_taken":0,"max_hp_gain":0,"max_hp_loss":0,"event_name":"Bonfire Elementals","floor":5,"gold_loss":0},{"damage_healed":0,"gold_gain":0,"player_choice":"Fought Bandits","damage_taken":0,"max_hp_gain":0,"max_hp_loss":0,"event_name":"Masked Bandits","floor":19,"gold_loss":0}],"is_beta":false,"boss_relics":[{"not_picked":["Velvet Choker","SlaversCollar"],"picked":"Calling Bell"}],"items_purged_floors":[20],"is_endless":false,"potions_floor_spawned":[6,8,18,22,23,28,29],"killed_by":"Champ","ascension_level":1}}