{"host":"dhv3u8yhd2rnugsp","time":1610142331,"event":{"mods":["BaseMod","Block Reminder","Colored Map","Googly Eyes","Highlight Path","Minty Spire (QoL Compilation)","Permanent Neow","Quick Restart","Random Character Button","StSLib"],"gold_per_floor":[167,0,0,0,18,18,51,51,51,82,40,52,78,93,93,168,168,183,200,200,220,232,232,246,275,351,401,18,18,18,31,31,107,107,126,126,138,149,149,149,169,169,169,201,201,229,50,66,66,66,66],"floor_reached":50,"playtime":2620,"items_purged":["Slice","Doppelganger"],"score":1155,"play_id":"fc714384-dd13-4a20-a34d-d4415fff1dfb","local_time":"20210108154531","is_ascension_mode":true,"campfire_choices":[{"data":"Dagger Spray","floor":6,"key":"SMITH"},{"data":"Deadly Poison","floor":8,"key":"SMITH"},{"floor":15,"key":"REST"},{"floor":23,"key":"REST"},{"data":"Wraith Form v2","floor":29,"key":"SMITH"},{"floor":32,"key":"REST"},{"data":"Catalyst","floor":40,"key":"SMITH"},{"floor":45,"key":"RECALL"},{"floor":49,"key":"REST"}],"circlet_count":0,"master_deck":["AscendersBane","Survivor","Neutralize","Deadly Poison+1","Dagger Spray+1","Cloak And Dagger","Blade Dance","Infinite Blades","Backflip","Dash","Footwork","Burst","Wraith Form v2+1","Venomology","Poisoned Stab+1","Dagger Spray+1","Bullet Time","Deadly Poison","Night Terror","Storm of Steel","Acrobatics","Catalyst+1","Noxious Fumes","PiercingWail","Deadly Poison+1","Malaise+1","Noxious Fumes","Good Instincts","Predator+1","Accuracy","Panache","Sadistic Nature","Accuracy+1"],"relics":["Tiny House","Vajra","Lantern","Mercury Hourglass","Darkstone Periapt","Snake Skull","Pandora\u0027s Box","Anchor","Singing Bowl","TwistedFunnel","Snecko Eye","Bird Faced Urn","Whetstone"],"acts_visited":["Exordium","TheCity","TheBeyond"],"potions_floor_usage":[7,10,16,21,22,24,25,25,33,33,37,37,41,44,46,48,50,50],"damage_taken":[{"damage":7,"enemies":"Jaw Worm","floor":1,"turns":4},{"damage":0,"enemies":"2 Louse","floor":5,"turns":3},{"damage":14,"enemies":"3 Sentries","floor":7,"turns":7},{"damage":8,"enemies":"Gremlin Nob","floor":10,"turns":4},{"damage":8,"enemies":"Small Slimes","floor":12,"turns":2},{"damage":16,"enemies":"3 Sentries","floor":13,"turns":5},{"damage":6,"enemies":"2 Fungi Beasts","floor":14,"turns":3},{"damage":14,"enemies":"Hexaghost","floor":16,"turns":9},{"damage":6,"enemies":"3 Byrds","floor":18,"turns":3},{"damage":30,"enemies":"Shell Parasite","floor":19,"turns":6},{"damage":5,"enemies":"Cultist and Chosen","floor":21,"turns":4},{"damage":3,"enemies":"Centurion and Healer","floor":22,"turns":7},{"damage":2,"enemies":"Sentry and Sphere","floor":24,"turns":5},{"damage":18,"enemies":"Slavers","floor":25,"turns":4},{"damage":9,"enemies":"Snake Plant","floor":31,"turns":3},{"damage":14,"enemies":"Champ","floor":33,"turns":6},{"damage":5,"enemies":"3 Shapes","floor":35,"turns":4},{"damage":9,"enemies":"3 Darklings","floor":37,"turns":3},{"damage":13,"enemies":"Sphere and 2 Shapes","floor":38,"turns":5},{"damage":3,"enemies":"Writhing Mass","floor":41,"turns":3},{"damage":5,"enemies":"Nemesis","floor":44,"turns":5},{"damage":1,"enemies":"Giant Head","floor":46,"turns":5},{"damage":20,"enemies":"Maw","floor":48,"turns":6},{"damage":69,"enemies":"Donu and Deca","floor":50,"turns":4}],"seed_played":"-6288449951388480423","potions_obtained":[{"floor":0,"key":"Regen Potion"},{"floor":1,"key":"GhostInAJar"},{"floor":5,"key":"Fire Potion"},{"floor":13,"key":"FearPotion"},{"floor":19,"key":"EssenceOfSteel"},{"floor":31,"key":"Strength Potion"},{"floor":35,"key":"CunningPotion"}],"is_trial":false,"path_per_floor":["M","$","?","?","M","R","E","R","T","E","$","M","E","M","R","B",null,"M","M","?","M","M","R","M","E","T","?","$","R","?","M","R","B",null,"M","?","M","M","?","R","M","?","T","E","R","E","$","M","R","B"],"character_chosen":"THE_SILENT","items_purchased":["Vajra","Infinite Blades","TwistedFunnel","Noxious Fumes","Good Instincts","DuplicationPotion"],"campfire_rested":4,"item_purchase_floors":[2,11,28,28,28,47],"current_hp_per_floor":[57,57,57,62,62,62,48,48,48,40,40,32,16,10,32,18,62,56,26,26,21,18,40,38,20,20,20,20,20,20,13,36,24,66,61,61,54,41,41,41,40,32,32,27,27,48,48,38,65,0,0],"gold":66,"neow_bonus":"BOSS_RELIC","is_daily":false,"chose_seed":false,"campfire_upgraded":4,"win_rate":0.0,"timestamp":1610142331,"path_taken":["M","$","?","?","M","R","E","R","T","E","$","M","E","M","R","BOSS","M","M","?","M","M","R","M","E","T","?","$","R","?","M","R","BOSS","M","?","M","?","?","R","M","?","T","E","R","E","$","?","R","BOSS"],"items_purchased_type":["Relic","Card","Relic","Card","Card","Potion"],"build_version":"2020-12-22","purchased_purges":2,"victory":false,"max_hp_per_floor":[71,71,71,76,76,76,76,76,76,76,76,76,76,76,76,76,76,76,76,76,76,76,76,76,76,76,76,76,76,76,78,78,80,80,80,80,82,82,82,82,84,86,86,86,86,88,88,90,90,90,90],"card_choices":[{"not_picked":["Distraction","Deflect"],"picked":"Slice","floor":0},{"not_picked":["Dagger Throw","Flying Knee"],"picked":"Deadly Poison","floor":1},{"not_picked":["Acrobatics","Expertise"],"picked":"Dagger Spray","floor":5},{"not_picked":["Poisoned Stab","Setup"],"picked":"Cloak And Dagger","floor":7},{"not_picked":["Escape Plan","Wraith Form v2"],"picked":"Blade Dance","floor":10},{"not_picked":["Prepared","Quick Slash"],"picked":"Backflip","floor":12},{"not_picked":["Riddle With Holes","Eviscerate"],"picked":"Dash","floor":13},{"not_picked":["Deadly Poison","Setup"],"picked":"Footwork","floor":14},{"not_picked":["Adrenaline","Unload"],"picked":"Burst","floor":16},{"not_picked":["All Out Attack","Poisoned Stab"],"picked":"Acrobatics","floor":18},{"not_picked":["Bane","Quick Slash+1"],"picked":"Catalyst","floor":19},{"not_picked":["Backflip","Quick Slash"],"picked":"PiercingWail","floor":21},{"not_picked":["Setup","Well Laid Plans"],"picked":"Deadly Poison+1","floor":22},{"not_picked":["Quick Slash","Poisoned Stab","Dagger Spray"],"picked":"SKIP","floor":24},{"not_picked":["Dagger Throw","All Out Attack+1"],"picked":"Malaise","floor":25},{"not_picked":["Prepared","Deflect","Acrobatics"],"picked":"Singing Bowl","floor":31},{"not_picked":["Envenom","Tools of the Trade","Night Terror"],"picked":"Singing Bowl","floor":33},{"not_picked":["Backstab+1","Cloak And Dagger+1"],"picked":"Predator+1","floor":35},{"not_picked":["All Out Attack+1","Infinite Blades","Flechettes+1"],"picked":"Singing Bowl","floor":37},{"not_picked":["Cloak And Dagger","Heel Hook"],"picked":"Accuracy","floor":38},{"not_picked":["Poisoned Stab","Blade Dance","Bouncing Flask"],"picked":"Singing Bowl","floor":41},{"not_picked":["Impatience","Enlightenment"],"picked":"Panache","floor":42},{"not_picked":["Enlightenment","Dark Shackles"],"picked":"Sadistic Nature","floor":42},{"not_picked":["Deep Breath","HandOfGreed","Transmutation"],"picked":"Singing Bowl","floor":42},{"not_picked":["Flying Knee","Slice"],"picked":"Accuracy+1","floor":44},{"not_picked":["Flechettes","Deadly Poison+1","Backflip"],"picked":"Singing Bowl","floor":46},{"not_picked":["Prepared","Distraction","Bane"],"picked":"Singing Bowl","floor":48}],"player_experience":1624889,"relics_obtained":[{"floor":7,"key":"Lantern"},{"floor":9,"key":"Mercury Hourglass"},{"floor":10,"key":"Darkstone Periapt"},{"floor":13,"key":"Snake Skull"},{"floor":25,"key":"Anchor"},{"floor":26,"key":"Singing Bowl"},{"floor":44,"key":"Bird Faced Urn"},{"floor":46,"key":"Whetstone"}],"event_choices":[{"damage_healed":0,"gold_gain":0,"player_choice":"Ignored","damage_taken":0,"max_hp_gain":0,"max_hp_loss":0,"event_name":"Liars Game","floor":3,"gold_loss":0},{"damage_healed":0,"gold_gain":0,"player_choice":"Donut","damage_taken":0,"max_hp_gain":5,"max_hp_loss":0,"event_name":"Big Fish","floor":4,"gold_loss":0},{"damage_healed":0,"gold_gain":0,"player_choice":"Read","damage_taken":0,"max_hp_gain":0,"max_hp_loss":0,"event_name":"The Library","floor":20,"gold_loss":0,"cards_obtained":["Noxious Fumes"]},{"damage_healed":0,"gold_gain":50,"player_choice":"Stole From Cult","damage_taken":0,"max_hp_gain":0,"max_hp_loss":0,"event_name":"Nest","floor":27,"gold_loss":0},{"cards_removed":["Choke"],"damage_healed":0,"gold_gain":0,"player_choice":"Elegance","damage_taken":0,"max_hp_gain":0,"max_hp_loss":0,"event_name":"Back to Basics","floor":30,"gold_loss":0},{"damage_healed":0,"gold_gain":0,"player_choice":"Forge","damage_taken":0,"max_hp_gain":0,"max_hp_loss":0,"event_name":"Accursed Blacksmith","floor":36,"gold_loss":0,"cards_upgraded":["Malaise"]},{"damage_healed":0,"gold_gain":0,"player_choice":"Ignored","damage_taken":0,"max_hp_gain":0,"max_hp_loss":0,"event_name":"Tomb of Lord Red Mask","floor":39,"gold_loss":0},{"damage_healed":0,"gold_gain":0,"player_choice":"Memory 3","damage_taken":10,"max_hp_gain":0,"max_hp_loss":0,"event_name":"SensoryStone","floor":42,"gold_loss":0}],"is_beta":false,"boss_relics":[{"not_picked":["Velvet Choker","Calling Bell"],"picked":"Pandora\u0027s Box"},{"not_picked":["Sozu","Coffee Dripper"],"picked":"Snecko Eye"}],"items_purged_floors":[28,47],"is_endless":false,"potions_floor_spawned":[1,5,13,19,21,24,31,35,44],"killed_by":"Donu and Deca","ascension_level":20}}