{"host":"ad59wuc8ynh8u2z6","time":1610115829,"event":{"mods":["AchievementEnabler","BaseMod","Colored Powertips","DeckTracker","Highlight Path","Minty Spire (QoL Compilation)","Permanent Neow"],"gold_per_floor":[117,131,141,141,157,183,183,108,159,109,133,159,159,159,159,260,260,273,223,235,235,235,267,267,297,297,323,323,121,138,148,148,243,243,254,270,270,288,47,72,72,87,112,145,161,196,214,239,239,239],"floor_reached":51,"playtime":2016,"items_purged":["Strike_G","Choke+1","Defend_G"],"score":1074,"play_id":"3baf46ca-c7e8-47a5-946f-0f2018a12e57","local_time":"20210108152349","is_ascension_mode":true,"campfire_choices":[{"data":"Bouncing Flask","floor":7.0,"key":"SMITH"},{"data":"Noxious Fumes","floor":13.0,"key":"SMITH"},{"data":"Neutralize","floor":15.0,"key":"SMITH"},{"data":"Burst","floor":24.0,"key":"SMITH"},{"data":"Catalyst","floor":32.0,"key":"SMITH"},{"data":"Night Terror","floor":41.0,"key":"SMITH"},{"floor":49,"key":"DIG"}],"circlet_count":0,"master_deck":["Defend_G+1","Defend_G+1","Defend_G+1","Survivor","Neutralize+1","Bouncing Flask+1","Noxious Fumes+1","Burst+1","Catalyst+1","Noxious Fumes","Noxious Fumes","Catalyst+1","Night Terror+1","Catalyst+1","Acrobatics+1","Backflip+1"],"relics":["Coffee Dripper","InkBottle","War Paint","Odd Mushroom","Smiling Mask","Empty Cage","Pear","Peace Pipe","Matryoshka","Blood Vial","Nilry\u0027s Codex","Philosopher\u0027s Stone","Snake Skull","Kunai","Strawberry","Regal Pillow","Shovel","Mercury Hourglass","Bag of Marbles","Sundial"],"acts_visited":["Exordium","TheCity","TheBeyond"],"potions_floor_usage":[48,50,50],"damage_taken":[{"damage":0.0,"enemies":"Small Slimes","floor":1.0,"turns":5.0},{"damage":0.0,"enemies":"Cultist","floor":2.0,"turns":3.0},{"damage":0.0,"enemies":"2 Louse","floor":3.0,"turns":2.0},{"damage":1.0,"enemies":"Large Slime","floor":5.0,"turns":6.0},{"damage":8.0,"enemies":"Lagavulin","floor":6.0,"turns":6.0},{"damage":6.0,"enemies":"The Mushroom Lair","floor":11.0,"turns":4.0},{"damage":2.0,"enemies":"Gremlin Nob","floor":12.0,"turns":3.0},{"damage":11.0,"enemies":"The Guardian","floor":16.0,"turns":7.0},{"damage":2.0,"enemies":"Shell Parasite","floor":18.0,"turns":3.0},{"damage":0.0,"enemies":"3 Byrds","floor":20.0,"turns":4.0},{"damage":13.0,"enemies":"Slavers","floor":23.0,"turns":7.0},{"damage":0.0,"enemies":"Book of Stabbing","floor":25.0,"turns":7.0},{"damage":0.0,"enemies":"Gremlin Leader","floor":27.0,"turns":3.0},{"damage":4.0,"enemies":"Snake Plant","floor":30.0,"turns":4.0},{"damage":0.0,"enemies":"Chosen and Byrds","floor":31.0,"turns":4.0},{"damage":4.0,"enemies":"Automaton","floor":33.0,"turns":5.0},{"damage":0.0,"enemies":"3 Shapes","floor":35.0,"turns":4.0},{"damage":7.0,"enemies":"Orb Walker","floor":36.0,"turns":3.0},{"damage":0.0,"enemies":"Writhing Mass","floor":38.0,"turns":3.0},{"damage":6.0,"enemies":"Giant Head","floor":40.0,"turns":3.0},{"damage":0.0,"enemies":"Maw","floor":42.0,"turns":2.0},{"damage":26.0,"enemies":"Nemesis","floor":44.0,"turns":3.0},{"damage":10.0,"enemies":"Spire Growth","floor":45.0,"turns":2.0},{"damage":0.0,"enemies":"Giant Head","floor":46.0,"turns":3.0},{"damage":4.0,"enemies":"Writhing Mass","floor":47.0,"turns":2.0},{"damage":0,"enemies":"Reptomancer","floor":48,"turns":2},{"damage":36,"enemies":"Time Eater","floor":50,"turns":5}],"seed_played":"9026288737646814805","potions_obtained":[{"floor":2.0,"key":"Fire Potion"},{"floor":3.0,"key":"Energy Potion"},{"floor":12.0,"key":"FearPotion"},{"floor":16.0,"key":"Block Potion"},{"floor":25.0,"key":"EssenceOfSteel"},{"floor":27.0,"key":"Ancient Potion"},{"floor":36.0,"key":"LiquidBronze"},{"floor":42.0,"key":"SkillPotion"},{"floor":44.0,"key":"Energy Potion"},{"floor":48,"key":"CunningPotion"}],"is_trial":false,"path_per_floor":["M","M","M","?","M","E","R","$","T","?","?","E","R","?","R","B",null,"M","$","M","?","?","E","R","E","T","E","?","$","M","M","R","B",null,"M","M","?","M","$","E","R","M","T","E","M","E","M","E","R","B",null],"character_chosen":"THE_SILENT","items_purchased":["Noxious Fumes","Regen Potion","Snake Skull","Fruit Juice"],"campfire_rested":0,"item_purchase_floors":[29,29,39,39],"current_hp_per_floor":[70,70,70,70,69,61,61,61,61,61,55,53,53,39,39,28,70,68,68,68,55,55,52,52,52,52,52,36,36,34,36,36,34,85,85,78,78,80,85,81,81,83,90,66,58,60,58,60,60,41],"gold":239,"neow_bonus":"BOSS_RELIC","is_daily":false,"chose_seed":false,"campfire_upgraded":6,"win_rate":0.0,"timestamp":1610115829,"path_taken":["M","M","M","?","?","E","R","$","T","?","?","E","R","?","R","BOSS","M","$","M","?","?","E","R","E","T","E","?","?","M","M","R","BOSS","M","M","?","M","$","E","R","M","T","E","M","E","M","E","R","BOSS"],"items_purchased_type":["Card","Potion","Relic","Potion"],"build_version":"2020-12-22","purchased_purges":3,"victory":true,"max_hp_per_floor":[70,70,70,70,70,70,70,70,70,70,70,70,70,70,70,70,70,70,70,70,75,75,85,85,85,85,85,85,85,85,85,85,85,85,85,85,85,85,90,90,90,90,97,97,97,97,97,97,97,97],"card_choices":[{"not_picked":["Acrobatics","Expertise"],"picked":"Bouncing Flask","floor":1.0},{"not_picked":["Reflex","Dodge and Roll","Poisoned Stab"],"picked":"SKIP","floor":2.0},{"not_picked":["Dodge and Roll","Backstab","Prepared"],"picked":"SKIP","floor":3.0},{"not_picked":["Underhanded Strike","Riddle With Holes","Distraction"],"picked":"SKIP","floor":5.0},{"not_picked":["Sucker Punch","Prepared"],"picked":"Unload","floor":6.0},{"not_picked":["Sucker Punch","Dagger Throw"],"picked":"Noxious Fumes","floor":11.0},{"not_picked":["Expertise","Dagger Throw","Bane"],"picked":"SKIP","floor":12.0},{"not_picked":["Unload","Venomology"],"picked":"Burst","floor":16.0},{"not_picked":["Quick Slash","Dagger Throw","Predator+1"],"picked":"SKIP","floor":18.0},{"not_picked":["Bane","Infinite Blades","Distraction+1"],"picked":"SKIP","floor":20.0},{"not_picked":["Choke","Masterful Stab","Dash+1"],"picked":"SKIP","floor":23.0},{"not_picked":["Backflip+1","Expertise"],"picked":"Catalyst+1","floor":25.0},{"not_picked":["PiercingWail","Reflex","Outmaneuver"],"picked":"SKIP","floor":27.0},{"not_picked":["Heel Hook","Flying Knee+1"],"picked":"Noxious Fumes","floor":30.0},{"not_picked":["Footwork","Accuracy+1"],"picked":"Catalyst","floor":31.0},{"not_picked":["Die Die Die","Tools of the Trade"],"picked":"Night Terror","floor":33.0},{"not_picked":["Underhanded Strike+1","Flying Knee","Choke"],"picked":"SKIP","floor":35.0},{"not_picked":["Acrobatics","PiercingWail+1","Deadly Poison+1"],"picked":"SKIP","floor":36.0},{"not_picked":["Dagger Throw+1","Endless Agony","Caltrops+1"],"picked":"SKIP","floor":38.0},{"not_picked":["Bouncing Flask","Slice","Tactician"],"picked":"SKIP","floor":40.0},{"not_picked":["Infinite Blades","Quick Slash+1","Well Laid Plans"],"picked":"SKIP","floor":42.0},{"not_picked":["Escape Plan+1","Caltrops+1"],"picked":"Catalyst+1","floor":44.0},{"not_picked":["Blade Dance+1","Slice+1","Dagger Throw+1"],"picked":"SKIP","floor":45.0},{"not_picked":["Caltrops","Phantasmal Killer","Acrobatics+1"],"picked":"SKIP","floor":46.0},{"not_picked":["Caltrops","Phantasmal Killer"],"picked":"Acrobatics+1","floor":46.0},{"not_picked":["Dash+1","Poisoned Stab+1","Quick Slash+1"],"picked":"SKIP","floor":47.0},{"not_picked":["Catalyst","Heel Hook+1"],"picked":"Backflip+1","floor":48}],"player_experience":49078,"relics_obtained":[{"floor":6.0,"key":"InkBottle"},{"floor":9.0,"key":"War Paint"},{"floor":11.0,"key":"Odd Mushroom"},{"floor":12.0,"key":"Smiling Mask"},{"floor":23.0,"key":"Pear"},{"floor":25.0,"key":"Peace Pipe"},{"floor":26.0,"key":"Matryoshka"},{"floor":27.0,"key":"Blood Vial"},{"floor":28.0,"key":"Nilry\u0027s Codex"},{"floor":40.0,"key":"Kunai"},{"floor":43.0,"key":"Strawberry"},{"floor":43.0,"key":"Regal Pillow"},{"floor":44.0,"key":"Shovel"},{"floor":46.0,"key":"Mercury Hourglass"},{"floor":48,"key":"Bag of Marbles"},{"floor":49,"key":"Sundial"}],"event_choices":[{"damage_healed":0.0,"max_hp_gain":0.0,"max_hp_loss":0.0,"gold_gain":0.0,"cards_transformed":["Strike_G"],"event_name":"Transmorgrifier","player_choice":"Transformed","floor":4.0,"gold_loss":0.0,"damage_taken":0.0,"cards_obtained":["Choke"]},{"cards_removed":["Strike_G"],"damage_healed":0.0,"max_hp_gain":0.0,"max_hp_loss":0.0,"gold_gain":0.0,"event_name":"The Cleric","player_choice":"Card Removal","floor":10.0,"gold_loss":50.0,"damage_taken":0.0},{"damage_healed":0.0,"max_hp_gain":0.0,"max_hp_loss":0.0,"gold_gain":0.0,"event_name":"Mushrooms","player_choice":"Fought Mushrooms","floor":11.0,"gold_loss":0.0,"damage_taken":0.0},{"damage_healed":0.0,"max_hp_gain":0.0,"max_hp_loss":0.0,"gold_gain":0.0,"event_name":"Shining Light","player_choice":"Entered Light","floor":14.0,"gold_loss":0.0,"damage_taken":14.0,"cards_upgraded":["Choke","Defend_G"]},{"damage_healed":0.0,"max_hp_gain":5.0,"max_hp_loss":0.0,"gold_gain":0.0,"event_name":"Forgotten Altar","player_choice":"Shed Blood","floor":21.0,"gold_loss":0.0,"damage_taken":18.0},{"cards_removed":["Unload"],"damage_healed":0.0,"max_hp_gain":0.0,"max_hp_loss":0.0,"gold_gain":0.0,"event_name":"Back to Basics","player_choice":"Elegance","floor":22.0,"gold_loss":0.0,"damage_taken":0.0},{"damage_healed":0.0,"max_hp_gain":0.0,"max_hp_loss":0.0,"gold_gain":0.0,"event_name":"Cursed Tome","player_choice":"Obtained Book","floor":28.0,"gold_loss":0.0,"damage_taken":16.0},{"cards_removed":["Defend_G"],"damage_healed":0.0,"max_hp_gain":0.0,"max_hp_loss":0.0,"gold_gain":0.0,"event_name":"Wheel of Change","player_choice":"Card Removal","floor":37.0,"gold_loss":0.0,"damage_taken":0.0}],"is_beta":false,"boss_relics":[{"not_picked":["Runic Dome","HoveringKite"],"picked":"Empty Cage"},{"not_picked":["Sozu","Runic Pyramid"],"picked":"Philosopher\u0027s Stone"}],"items_purged_floors":[8,19,29],"is_endless":false,"potions_floor_spawned":[2,3,12,16,20,25,27,36,42,44,47,48],"ascension_level":2}}