{"host":"rylkjufw9dlhr07b","time":1610113453,"event":{"mods":["AchievementEnabler","BaseMod","Better Note","BetterRewards","Hubris","Minty Spire (QoL Compilation)","Quick Restart","Replay The Spire","StSLib"],"gold_per_floor":[112,112,137,137,137,137,273,273,273,273,273,296,296,336,336,457,457,482,482,84,107,16,16,16,16,34,34,34,34,54,54,70,70,70,70,70],"floor_reached":35,"playtime":1497,"items_purged":[],"score":543,"play_id":"608dff93-9a59-4896-9aa0-7b189f7066df","local_time":"20210108144413","is_ascension_mode":true,"campfire_choices":[{"data":"Streamline","floor":6.0,"key":"SMITH"},{"data":"Zap","floor":8.0,"key":"SMITH"},{"data":"Dualcast","floor":10.0,"key":"SMITH"},{"data":"Capacitor","floor":25,"key":"SMITH"},{"data":"Cold Snap","floor":27,"key":"SMITH"},{"floor":31,"key":"REST"},{"floor":34,"key":"REST"}],"circlet_count":0,"master_deck":["AscendersBane","Strike_B","Strike_B","Strike_B","Strike_B","Defend_B","Defend_B","Defend_B","Defend_B+1","Zap+1","Dualcast+1","Finesse+1","Auto Shields+1","Streamline+1","Go for the Eyes","Heatsinks","Coolheaded+1","Ball Lightning","ReplayTheSpireMod:Omega Cannon+1","Bandage Up+1","Streamline","Capacitor+1","Streamline","Cold Snap+1","Genetic Algorithm+1","ReplayTheSpireMod:System Scan+1","Redo+1"],"relics":["Cracked Core","Runic Capacitor","Golden Idol","MealTicket","Toxic Egg 2","ReplayTheSpireMod:TigerMarble","Spirit Poop","War Paint","Ring of Chaos","Art of War","Guide Book","Symbiotic Virus"],"acts_visited":["Exordium","TheCity"],"potions_floor_usage":[18,21,32,35,35],"damage_taken":[{"damage":8.0,"enemies":"Small Slimes","floor":1.0,"turns":4.0},{"damage":2.0,"enemies":"2 Louse","floor":3.0,"turns":3.0},{"damage":2.0,"enemies":"Cultist","floor":12.0,"turns":3.0},{"damage":8.0,"enemies":"3 Sentries","floor":14.0,"turns":7.0},{"damage":6,"enemies":"The Guardian","floor":16,"turns":11},{"damage":20,"enemies":"Chosen","floor":18,"turns":5},{"damage":8,"enemies":"2 Thieves","floor":21,"turns":2},{"damage":27,"enemies":"Sentry and Sphere","floor":26,"turns":5},{"damage":31,"enemies":"Shelled Parasite and Fungi","floor":30,"turns":7},{"damage":13,"enemies":"Snake Plant","floor":32,"turns":5},{"damage":67,"enemies":"Pondfish","floor":35,"turns":8}],"seed_played":"5264204786799428485","potions_obtained":[{"floor":1.0,"key":"Adrenaline Potion"},{"floor":12.0,"key":"Elixir"},{"floor":18,"key":"Energy Potion"},{"floor":30,"key":"Flashbang"},{"floor":32,"key":"Explosive Potion"}],"is_trial":false,"path_per_floor":["M","?","M","?","?","R","?","R","T","R","T","M","?","E","R","B",null,"M","?","$","M","$","PTL","PTL","R","M","R","T","?","M","R","M","?","R","B"],"character_chosen":"DEFECT","items_purchased":["Finesse","Runic Capacitor","Bandage Up+1","Art of War","Guide Book","Capacitor","Streamline"],"campfire_rested":2,"item_purchase_floors":[0,0,20,20,20,22,22],"current_hp_per_floor":[54,54,52,57,57,57,57,57,57,57,57,55,55,47,47,41,70,50,50,65,57,72,72,72,72,51,51,51,45,20,44,37,37,61,0,0],"gold":70,"neow_bonus":"","is_daily":false,"chose_seed":false,"campfire_upgraded":5,"win_rate":0.0,"timestamp":1610113453,"path_taken":["M","?","M","?","?","R","?","R","T","R","?","?","?","E","R","BOSS","M","?","$","?","?","PTL","PTL","R","M","R","T","?","?","R","M","?","R","BOSS"],"items_purchased_type":["Card","Relic","Card","Relic","Relic","Card","Card"],"build_version":"2020-12-22","purchased_purges":0,"victory":false,"max_hp_per_floor":[75,75,75,80,80,80,80,80,80,80,80,80,80,80,80,80,80,80,80,80,80,80,80,80,80,80,80,80,80,80,80,80,80,80,80,80],"card_choices":[{"not_picked":["Panic Button","Cold Snap"],"picked":"Auto Shields","floor":1.0},{"not_picked":["Auto Shields","Reinforced Body"],"picked":"Streamline","floor":3.0},{"not_picked":["Hologram","Undo"],"picked":"Go for the Eyes","floor":7.0},{"not_picked":["Rebound","ReplayTheSpireMod:Reroute Power"],"picked":"Heatsinks","floor":7.0},{"not_picked":["Panic Button+1","Double Energy+1"],"picked":"Coolheaded+1","floor":12.0},{"not_picked":["Barrage","Undo+1"],"picked":"Ball Lightning","floor":14.0},{"not_picked":["Amplify+1","hubris:Prefetch+1"],"picked":"ReplayTheSpireMod:Omega Cannon","floor":16},{"not_picked":["Beam Cell","Coolheaded+1"],"picked":"Cold Snap","floor":18},{"not_picked":["Beam Cell+1","Hologram+1"],"picked":"Streamline","floor":21},{"not_picked":["Streamline","Turbo+1"],"picked":"Cold Snap","floor":26},{"not_picked":["ReplayTheSpireMod:GoodbyeWorld","Turbo+1"],"picked":"Genetic Algorithm+1","floor":30},{"not_picked":["Turbo+1","Rebound+1"],"picked":"ReplayTheSpireMod:System Scan+1","floor":32}],"player_experience":523668,"relics_obtained":[{"floor":7.0,"key":"MealTicket"},{"floor":9.0,"key":"Toxic Egg 2"},{"floor":11.0,"key":"ReplayTheSpireMod:TigerMarble"},{"floor":14.0,"key":"War Paint"},{"floor":28,"key":"Symbiotic Virus"}],"event_choices":[{"damage_healed":0.0,"max_hp_gain":0.0,"max_hp_loss":0.0,"gold_gain":0.0,"event_name":"Golden Idol","player_choice":"Take Wound","floor":2.0,"gold_loss":0.0,"damage_taken":0.0,"relics_obtained":["Golden Idol"],"cards_obtained":["Injury"]},{"damage_healed":0.0,"max_hp_gain":5.0,"max_hp_loss":0.0,"gold_gain":0.0,"event_name":"Big Fish","player_choice":"Donut","floor":4.0,"gold_loss":0.0,"damage_taken":0.0},{"cards_removed":["Injury"],"damage_healed":0.0,"max_hp_gain":0.0,"max_hp_loss":0.0,"gold_gain":0.0,"event_name":"Living Wall","player_choice":"Forget","floor":5.0,"gold_loss":0.0,"damage_taken":0.0},{"cards_removed":["ReplayTheSpireMod:Splinters"],"damage_healed":0.0,"max_hp_gain":0.0,"max_hp_loss":0.0,"gold_gain":0.0,"event_name":"Bonfire Elementals","player_choice":"Offered Curse","floor":13.0,"gold_loss":0.0,"damage_taken":0.0,"relics_obtained":["Spirit Poop"]},{"damage_healed":0.0,"max_hp_gain":0.0,"max_hp_loss":0.0,"gold_gain":0.0,"event_name":"The Woman in Blue","player_choice":"Bought 0 Potions","floor":15.0,"gold_loss":0.0,"damage_taken":0.0},{"cards_removed":["Cold Snap"],"damage_healed":0,"gold_gain":0,"player_choice":"Purged","damage_taken":0,"max_hp_gain":0,"max_hp_loss":0,"event_name":"Purifier","floor":19,"gold_loss":0},{"damage_healed":0,"gold_gain":0,"player_choice":"","damage_taken":6,"max_hp_gain":0,"max_hp_loss":0,"event_name":"Knowing Skull","floor":29,"potions_obtained":[],"gold_loss":0,"cards_obtained":[]},{"cards_removed":["Bandage Up"],"damage_healed":0,"gold_gain":0,"player_choice":"Take \u0026 Give","damage_taken":0,"max_hp_gain":0,"max_hp_loss":0,"event_name":"betterNote:BetterNote","floor":33,"gold_loss":0,"cards_obtained":["Redo"]}],"is_beta":false,"boss_relics":[{"not_picked":["Replay:Wanted Poster","hubris:VirtuousBlindfold"],"picked":"Ring of Chaos"}],"items_purged_floors":[],"is_endless":false,"potions_floor_spawned":[1,12,18,30,32],"killed_by":"Pondfish","ascension_level":11}}