{"host":"5m2js577gj4e7pak","time":1610148221,"event":{"mods":["AchievementEnabler","BaseMod","Better Match","BetterRewards","Colored Map","Colored Powertips","Googly Eyes","Highlight Path","Lobotomy","LobotomyExtend","Minty Spire (QoL Compilation)","Quick Restart","Relic Filter","StSLib"],"gold_per_floor":[118,193,206,55,230,559,147,211,236,80,80,98,98,123,123,228,228,228,262,262,279,279,279,306,306,306,231,241,253,273,284,284,381,381,391,391,391,408,408,408,428,428,428,91,108,120,342,371,371,371,371],"floor_reached":50,"playtime":2934,"items_purged":[],"score":697,"play_id":"f4c4b81d-b6e9-4277-a1b9-06f1fc1efeb0","local_time":"20210109002341","is_ascension_mode":true,"campfire_choices":[],"circlet_count":0,"master_deck":["SpecialBullet","SpecialBullet","SpecialBullet","SpecialBullet","SpecialBullet","SpecialBullet","SpecialBullet","SpecialBullet","InformationCode","SecurityCode","ExtractionCode","FrostShard","FourthMatchFlame+1","Harvest","Hypocrisy","WristCuter+1","ShedSkin+1","SolemnVow","ScreamingWedge","CherryBlossom","Beak","Blind","BeautyBeast","CherryBlossom+1","Pleasure","Woodsman","Horn","Horn","OSAHOGD","Regret_ego+1","Pinks","Justitia","Wingbeat","DisciplinaryCode","Heaven","Logging","TrainingCode","CENSORED_ego+1","Blind","TodaysExpression","Christmas+1","Christmas+1","BigBird","RapturousDream","Tough+1","Harvest","Pleasure","BearPaw","HappyTeddy","Soda+1","RapturousDream+1","ControlCode","ShedSkin+1","TT2Protocol","Gaze","FourthMatchFlame+1","Bandage Up","BlueStar","Wingbeat+1","CENSORED_ego","ShyLook","ShedSkin+1"],"relics":["CogitoBucket","LetterFromLob","Orrery","Old Coin","Frozen Egg 2","WingedGreaves","Toy Ornithopter","Whetstone","Shuriken","Sozu","Red Mask","BehaviorAdjustment","Nilry\u0027s Codex","Meat on the Bone","Shovel","HellTrain","Fusion Hammer","LaetitiaHeart","Moonlight_r","FossilizedHelix","Molten Egg 2","Bottled Flame","Strange Spoon","LuminousBracelet","AtMidnight","RedMistMask","Vajra"],"acts_visited":["Exordium","TheCity","TheBeyond"],"potions_floor_usage":[16,16,19],"damage_taken":[{"damage":6,"enemies":"2 Louse","floor":1,"turns":2},{"damage":21,"enemies":"Jaw Worm","floor":3,"turns":4},{"damage":22,"enemies":"Gremlin Nob","floor":6,"turns":4},{"damage":40,"enemies":"Gremlin Nob","floor":8,"turns":6},{"damage":0,"enemies":"Small Slimes","floor":12,"turns":4},{"damage":16,"enemies":"Lagavulin","floor":14,"turns":8},{"damage":34,"enemies":"Hexaghost","floor":16,"turns":10},{"damage":17,"enemies":"Masked Bandits","floor":19,"turns":15},{"damage":17,"enemies":"Shell Parasite","floor":21,"turns":3},{"damage":7,"enemies":"Book of Stabbing","floor":24,"turns":10},{"damage":34,"enemies":"2 Thieves","floor":28,"turns":5},{"damage":36,"enemies":"Snake Plant","floor":29,"turns":4},{"damage":6,"enemies":"Cultist and Chosen","floor":30,"turns":3},{"damage":30,"enemies":"3 Cultists","floor":31,"turns":6},{"damage":29,"enemies":"Champ","floor":33,"turns":9},{"damage":29,"enemies":"3 Darklings","floor":35,"turns":3},{"damage":0,"enemies":"3 Darklings","floor":36,"turns":1},{"damage":0,"enemies":"3 Darklings","floor":36,"turns":1},{"damage":16,"enemies":"Orb Walker","floor":38,"turns":4},{"damage":12,"enemies":"Sphere and 2 Shapes","floor":41,"turns":3},{"damage":102,"enemies":"Jaw Worm Horde","floor":45,"turns":26},{"damage":3,"enemies":"Maw","floor":46,"turns":6},{"damage":74,"enemies":"Nemesis","floor":48,"turns":7},{"damage":72,"enemies":"Donu and Deca","floor":50,"turns":4}],"seed_played":"5101304026863510418","potions_obtained":[{"floor":3,"key":"SpeedPotion"},{"floor":14,"key":"Block Potion"},{"floor":16,"key":"Strength Potion"}],"is_trial":false,"path_per_floor":["M","?","M","$","?","E","$","?","T","$","R","M","R","E","R","B",null,"M","?","?","M","?","R","E","R","T","?","M","M","M","M","R","B",null,"M","?","T","M","?","R","M","R","T","$","M","M","?","E","R","B"],"character_chosen":"Angela","items_purchased":["Orrery","Frozen Egg 2","Beak","Blind","Whetstone","Strange Spoon","Gaze","FourthMatchFlame+1","Bandage Up"],"campfire_rested":0,"item_purchase_floors":[4,7,7,7,10,44,44,44,44],"current_hp_per_floor":[77,66,53,53,53,42,42,16,16,16,16,30,30,38,38,38,77,77,77,63,82,66,66,82,82,82,82,78,68,80,82,82,71,82,82,34,34,56,56,56,80,80,80,80,97,97,97,54,54,0,0],"gold":371,"neow_bonus":"TEN_PERCENT_HP_BONUS","is_daily":false,"chose_seed":false,"campfire_upgraded":0,"win_rate":0.0,"timestamp":1610148221,"path_taken":["M","?","M","$","?","E","$","?","T","$","R","M","R","E","R","BOSS","M","?","?","M","?","R","E","R","T","?","M","M","M","?","R","BOSS","M","?","?","M","?","R","M","R","T","$","?","M","?","E","R","BOSS"],"items_purchased_type":["Relic","Relic","Card","Card","Relic","Relic","Card","Card","Card"],"build_version":"2020-12-22","purchased_purges":0,"victory":false,"max_hp_per_floor":[77,77,77,77,77,77,77,77,77,77,77,77,77,77,77,77,77,77,77,82,82,82,82,82,82,82,82,82,82,82,82,82,82,82,82,82,82,82,82,82,82,82,82,82,97,97,97,87,87,87,87],"card_choices":[{"not_picked":["Tough"],"picked":"FrostShard","floor":1},{"not_picked":["Regret_ego"],"picked":"FourthMatchFlame","floor":1},{"not_picked":["Regret_ego"],"picked":"Harvest","floor":3},{"not_picked":["Reverberation"],"picked":"Hypocrisy","floor":3},{"not_picked":["CherryBlossom"],"picked":"WristCuter","floor":4},{"not_picked":["Hypocrisy"],"picked":"TodaysExpression","floor":4},{"not_picked":["SoundOfStar"],"picked":"ShedSkin","floor":4},{"not_picked":["CUTE"],"picked":"SolemnVow","floor":4},{"not_picked":["TodaysExpression"],"picked":"ScreamingWedge","floor":4},{"not_picked":["Regret_ego"],"picked":"CherryBlossom","floor":6},{"not_picked":["Wellcheers","LaLuna"],"picked":"BeautyBeast","floor":8},{"not_picked":["Amita"],"picked":"CherryBlossom+1","floor":8},{"not_picked":["BlackSwan_ego"],"picked":"Pleasure","floor":12},{"not_picked":["VoidDream","Wellcheers"],"picked":"Woodsman","floor":12},{"not_picked":["BlackSwan_ego"],"picked":"Horn","floor":12},{"not_picked":["MagicBullet"],"picked":"Horn","floor":14},{"not_picked":["BigBird","Scorched"],"picked":"OSAHOGD","floor":14},{"not_picked":["CUTE"],"picked":"Regret_ego+1","floor":14},{"not_picked":["Twilight"],"picked":"Pinks","floor":16},{"not_picked":["DaCapo"],"picked":"Justitia","floor":16},{"not_picked":["FrostShard"],"picked":"Wingbeat","floor":19},{"not_picked":["Noise"],"picked":"Heaven","floor":19},{"not_picked":["CUTE+1"],"picked":"Logging","floor":21},{"not_picked":["Tough"],"picked":"CENSORED_ego","floor":24},{"not_picked":["Good Instincts"],"picked":"Blind","floor":27},{"not_picked":["Loneliness"],"picked":"TodaysExpression","floor":27},{"not_picked":["Moonlight"],"picked":"Christmas","floor":27},{"not_picked":["Laetitia_ego"],"picked":"Christmas+1","floor":28},{"not_picked":["Scarecrow","Mercenary"],"picked":"BigBird","floor":28},{"not_picked":["Laetitia_ego"],"picked":"RapturousDream","floor":28},{"not_picked":["Beak"],"picked":"Tough+1","floor":29},{"not_picked":["ScreamingWedge"],"picked":"Harvest","floor":30},{"not_picked":["SolemnVow"],"picked":"Pleasure","floor":31},{"not_picked":["Horn"],"picked":"BearPaw","floor":35},{"not_picked":["RedShoes","BlackSwan"],"picked":"HappyTeddy","floor":38},{"not_picked":["Reverberation"],"picked":"Soda+1","floor":38},{"not_picked":["Adoration"],"picked":"RapturousDream+1","floor":38},{"not_picked":["Regret_ego+1"],"picked":"ShedSkin+1","floor":41},{"not_picked":["Loneliness","Penitence"],"picked":"SKIP","floor":45},{"not_picked":["BigBadWolf","Scarecrow"],"picked":"BlueStar","floor":46},{"not_picked":["Loneliness"],"picked":"Wingbeat+1","floor":46},{"not_picked":["TodaysExpression+1"],"picked":"CENSORED_ego","floor":48},{"not_picked":["QueenOfHatred","SpiderBud"],"picked":"ShyLook","floor":48},{"not_picked":["CrimsonScar+1"],"picked":"ShedSkin+1","floor":48}],"player_experience":36538,"relics_obtained":[{"floor":1,"key":"LetterFromLob"},{"floor":6,"key":"Old Coin"},{"floor":9,"key":"Toy Ornithopter"},{"floor":14,"key":"Shuriken"},{"floor":19,"key":"Red Mask"},{"floor":22,"key":"Nilry\u0027s Codex"},{"floor":24,"key":"Meat on the Bone"},{"floor":26,"key":"Shovel"},{"floor":37,"key":"FossilizedHelix"},{"floor":43,"key":"Bottled Flame"},{"floor":45,"key":"AtMidnight"},{"floor":45,"key":"RedMistMask"},{"floor":48,"key":"Vajra"}],"event_choices":[{"damage_healed":0,"gold_gain":75,"player_choice":"Gather Gold","damage_taken":11,"max_hp_gain":0,"max_hp_loss":0,"event_name":"World of Goop","floor":2,"gold_loss":0},{"damage_healed":0,"gold_gain":175,"player_choice":"AGREE","damage_taken":0,"max_hp_gain":0,"max_hp_loss":0,"event_name":"Liars Game","floor":5,"gold_loss":0,"cards_obtained":["Doubt"]},{"damage_healed":0,"gold_gain":0,"player_choice":"Searched \u00273\u0027 times","damage_taken":0,"relics_obtained":["WingedGreaves"],"max_hp_gain":0,"max_hp_loss":0,"event_name":"Dead Adventurer","floor":8,"gold_loss":0},{"damage_healed":0,"gold_gain":0,"player_choice":"Fought Bandits","damage_taken":0,"max_hp_gain":0,"max_hp_loss":0,"event_name":"Masked Bandits","floor":19,"gold_loss":0},{"damage_healed":0,"gold_gain":0,"player_choice":"Shed Blood","damage_taken":19,"max_hp_gain":5,"max_hp_loss":0,"event_name":"Forgotten Altar","floor":20,"gold_loss":0},{"damage_healed":0,"gold_gain":0,"player_choice":"Obtained Book","damage_taken":16,"max_hp_gain":0,"max_hp_loss":0,"event_name":"Cursed Tome","floor":22,"gold_loss":0},{"damage_healed":0,"gold_gain":0,"player_choice":"1","damage_taken":0,"max_hp_gain":0,"max_hp_loss":0,"event_name":"betterMatch:BetterMatch","floor":27,"gold_loss":0,"cards_obtained":["betterMatch:ColorlessUncommonCard","betterMatch:CommonCard","betterMatch:UncommonCard"]},{"cards_removed":["TodaysExpression"],"damage_healed":0,"gold_gain":0,"player_choice":"Gave Card","damage_taken":0,"relics_obtained":["Molten Egg 2"],"max_hp_gain":0,"max_hp_loss":0,"event_name":"WeMeetAgain","floor":39,"gold_loss":0},{"damage_healed":0,"gold_gain":222,"player_choice":"Wore Mask","damage_taken":0,"max_hp_gain":0,"max_hp_loss":0,"event_name":"Tomb of Lord Red Mask","floor":47,"gold_loss":0}],"is_beta":false,"boss_relics":[{"not_picked":["Coffee Dripper","Tiny House"],"picked":"Sozu"},{"not_picked":["Busted Crown","Astrolabe"],"picked":"Fusion Hammer"}],"items_purged_floors":[],"is_endless":false,"potions_floor_spawned":[3,14,16,19,28,30,33,36,38],"killed_by":"Donu and Deca","ascension_level":1}}