{"host":"9709z2dy8v1s63sm","time":1610124895,"event":{"mods":["AchievementEnabler","BaseMod","Minty Spire (QoL Compilation)","StSLib","SuperFastMode"],"gold_per_floor":[411,411,310,310,310,310,344,344,344,360,378,393,433,288,288,419,419,437,458,373,162,162,162,197,218,218,218,251,272,397,432,432,556,556,574,589,589,607,607,641,641,681,681,681,725,725,765,788,788,788,788,788,30,64,64],"floor_reached":56,"playtime":2607,"items_purged":["Strike_B","Strike_B","Defend_B","Strike_B"],"score":1614,"play_id":"e6e4e975-3a79-4982-8a1b-43338c7cae55","local_time":"20210109015455","is_ascension_mode":true,"campfire_choices":[{"data":"Zap","floor":6.0,"key":"SMITH"},{"data":"Buffer","floor":15,"key":"SMITH"},{"data":"Defragment","floor":23,"key":"SMITH"},{"data":"Scrape","floor":27,"key":"SMITH"},{"data":"Echo Form","floor":32,"key":"SMITH"},{"data":"Go for the Eyes","floor":41,"key":"SMITH"},{"floor":44,"key":"RECALL"},{"data":"Storm","floor":46,"key":"SMITH"},{"data":"Storm","floor":49,"key":"SMITH"},{"data":"FTL","floor":52,"key":"SMITH"}],"circlet_count":0,"master_deck":["Strike_B","Defend_B","Defend_B","Defend_B","Zap+1","Dualcast+1","Beam Cell+1","Go for the Eyes+1","Buffer+1","Coolheaded+1","FTL","Scrape+1","Coolheaded+1","Fission+1","Gash","FTL+1","Defragment+1","Gash","Storm+1","Echo Form+1","Force Field+1","Force Field+1","All For One","Glacier+1","Hologram+1","Glacier+1","Capacitor+1","Force Field+1","Consume+1","Storm+1","Loop","Self Repair","Loop","Coolheaded+1","Loop"],"relics":["Cracked Core","Old Coin","Golden Idol","Meat on the Bone","Toxic Egg 2","Vajra","Inserter","Juzu Bracelet","White Beast Statue","Toy Ornithopter","Sundial","Pocketwatch","FossilizedHelix","Question Card","Cables","Black Star","MealTicket","Blood Vial","Mummified Hand","Bottled Lightning","The Courier","Lizard Tail","Boot","Strawberry","Lantern","Bottled Tornado","Centennial Puzzle","Thread and Needle","Blue Candle"],"acts_visited":["Exordium","TheCity","TheBeyond","TheEnding"],"potions_floor_usage":[25,28,29,30,31,55,55,55],"damage_taken":[{"damage":4.0,"enemies":"2 Louse","floor":1.0,"turns":3.0},{"damage":21.0,"enemies":"Lagavulin","floor":7.0,"turns":7.0},{"damage":1.0,"enemies":"Cultist","floor":10.0,"turns":3.0},{"damage":0.0,"enemies":"Jaw Worm","floor":11.0,"turns":2.0},{"damage":15,"enemies":"Exordium Thugs","floor":12,"turns":4},{"damage":21,"enemies":"Gremlin Nob","floor":13,"turns":4},{"damage":12,"enemies":"Slime Boss","floor":16,"turns":9},{"damage":0,"enemies":"Chosen","floor":18,"turns":3},{"damage":0,"enemies":"Spheric Guardian","floor":19,"turns":3},{"damage":8,"enemies":"Book of Stabbing","floor":24,"turns":4},{"damage":0,"enemies":"3 Cultists","floor":25,"turns":3},{"damage":9,"enemies":"Gremlin Leader","floor":28,"turns":5},{"damage":18,"enemies":"Snecko","floor":29,"turns":5},{"damage":0,"enemies":"Colosseum Slavers","floor":30,"turns":3},{"damage":1,"enemies":"Colosseum Nobs","floor":30,"turns":3},{"damage":7,"enemies":"Book of Stabbing","floor":31,"turns":4},{"damage":0,"enemies":"Collector","floor":33,"turns":8},{"damage":9,"enemies":"3 Darklings","floor":35,"turns":6},{"damage":6,"enemies":"Orb Walker","floor":36,"turns":4},{"damage":16,"enemies":"4 Shapes","floor":38,"turns":5},{"damage":12,"enemies":"Nemesis","floor":40,"turns":9},{"damage":14,"enemies":"Reptomancer","floor":42,"turns":6},{"damage":26,"enemies":"Nemesis","floor":45,"turns":5},{"damage":0,"enemies":"Giant Head","floor":47,"turns":5},{"damage":0,"enemies":"Maw","floor":48,"turns":7},{"damage":20,"enemies":"Donu and Deca","floor":50,"turns":8},{"damage":10,"enemies":"Shield and Spear","floor":54,"turns":5},{"damage":7,"enemies":"The Heart","floor":55,"turns":9}],"seed_played":"6491250202045254590","potions_obtained":[{"floor":10.0,"key":"PowerPotion"},{"floor":12,"key":"EssenceOfSteel"},{"floor":13,"key":"ColorlessPotion"},{"floor":25,"key":"FearPotion"},{"floor":28,"key":"GamblersBrew"},{"floor":29,"key":"Fire Potion"},{"floor":30,"key":"DistilledChaos"},{"floor":31,"key":"Ancient Potion"},{"floor":40,"key":"CultistPotion"}],"is_trial":false,"path_per_floor":["M","?","$","?","?","R","E","?","T","M","M","M","E","$","R","B",null,"M","M","?","$","T","R","E","M","T","R","E","M","?","E","R","B",null,"M","M","?","M","?","E","R","E","T","R","E","R","E","M","R","B",null,"R","$","E","B",null],"character_chosen":"DEFECT","items_purchased":["Go for the Eyes","Coolheaded+1","Defragment","Gash","Loop","Self Repair","Loop","Lantern","Bottled Tornado","Centennial Puzzle","Coolheaded+1"],"campfire_rested":0,"item_purchase_floors":[3,14,21,21,53,53,53,53,53,53,53],"current_hp_per_floor":[64,69,69,69,51,51,30,15,15,26,38,35,26,26,26,26,73,73,73,73,73,73,73,65,70,70,70,64,51,55,53,53,53,73,64,58,58,42,42,42,42,42,42,42,30,30,51,53,53,47,76,76,76,73,76],"gold":64,"neow_bonus":"ONE_RARE_RELIC","is_daily":false,"chose_seed":false,"campfire_upgraded":9,"win_rate":0.0,"timestamp":1610124895,"path_taken":["M","?","$","?","?","R","E","?","T","M","M","M","E","?","R","BOSS","M","?","?","$","?","R","E","M","T","R","E","M","?","E","R","BOSS","M","M","?","M","?","E","R","E","T","R","E","R","E","M","R","BOSS","R","$","E","BOSS"],"items_purchased_type":["Card","Card","Card","Card","Card","Card","Card","Relic","Relic","Relic","Card"],"build_version":"2020-12-22","purchased_purges":4,"victory":true,"max_hp_per_floor":[68,73,73,73,73,73,73,73,73,73,73,73,73,73,73,73,73,73,73,73,73,73,73,73,73,73,73,73,73,73,73,73,73,73,73,73,73,73,69,69,69,69,69,69,69,69,76,76,76,76,76,76,76,76,76],"card_choices":[{"not_picked":["Gash","Steam"],"picked":"Beam Cell","floor":1.0},{"not_picked":["Beam Cell","Redo","Static Discharge"],"picked":"SKIP","floor":7.0},{"not_picked":["Sweeping Beam","Blizzard"],"picked":"Buffer","floor":10.0},{"not_picked":["Double Energy+1","Lockon"],"picked":"Coolheaded+1","floor":11.0},{"not_picked":["Barrage","Reprogram+1"],"picked":"FTL","floor":12},{"not_picked":["Hologram+1","Blizzard"],"picked":"Scrape","floor":13},{"not_picked":["Rainbow+1","Core Surge"],"picked":"Fission+1","floor":16},{"not_picked":["Doom and Gloom+1","Static Discharge"],"picked":"Gash","floor":18},{"not_picked":["Go for the Eyes","Stack+1"],"picked":"FTL","floor":19},{"not_picked":["Barrage","Hologram+1","Rebound+1"],"picked":"SKIP","floor":24},{"not_picked":["Streamline+1","BootSequence+1"],"picked":"Storm","floor":25},{"not_picked":["Coolheaded+1","Turbo+1"],"picked":"Echo Form","floor":28},{"not_picked":["Redo+1","Aggregate+1"],"picked":"Force Field+1","floor":29},{"not_picked":["Beam Cell","Streamline","Scrape"],"picked":"Force Field+1","floor":31},{"not_picked":["Thunder Strike","Machine Learning","Echo Form"],"picked":"All For One","floor":33},{"not_picked":["Compile Driver+1","Genetic Algorithm+1","Sweeping Beam+1"],"picked":"Glacier+1","floor":35},{"not_picked":["Ball Lightning","Coolheaded+1","Aggregate+1"],"picked":"Hologram+1","floor":36},{"not_picked":["Coolheaded+1","FTL+1","Steam+1"],"picked":"Glacier+1","floor":38},{"not_picked":["White Noise+1","Chaos+1","Recycle+1"],"picked":"Capacitor+1","floor":40},{"not_picked":["Reprogram+1","Conserve Battery+1","White Noise+1"],"picked":"Force Field+1","floor":42},{"not_picked":["Doom and Gloom","Leap+1","Conserve Battery+1","Stack+1"],"picked":"SKIP","floor":45},{"not_picked":["Coolheaded+1","Turbo+1","Ball Lightning+1"],"picked":"Consume+1","floor":47},{"not_picked":["All For One","Streamline","Beam Cell+1"],"picked":"Storm","floor":48},{"not_picked":["Compile Driver","Coolheaded+1","Undo+1"],"picked":"Loop","floor":54}],"player_experience":58735,"relics_obtained":[{"floor":7.0,"key":"Meat on the Bone"},{"floor":9.0,"key":"Toxic Egg 2"},{"floor":13,"key":"Vajra"},{"floor":22,"key":"White Beast Statue"},{"floor":24,"key":"Toy Ornithopter"},{"floor":26,"key":"Sundial"},{"floor":28,"key":"Pocketwatch"},{"floor":30,"key":"FossilizedHelix"},{"floor":30,"key":"Question Card"},{"floor":31,"key":"Cables"},{"floor":40,"key":"MealTicket"},{"floor":40,"key":"Blood Vial"},{"floor":42,"key":"Mummified Hand"},{"floor":42,"key":"Bottled Lightning"},{"floor":45,"key":"The Courier"},{"floor":45,"key":"Lizard Tail"},{"floor":47,"key":"Boot"},{"floor":47,"key":"Strawberry"},{"floor":54,"key":"Thread and Needle"},{"floor":54,"key":"Blue Candle"}],"event_choices":[{"damage_healed":0.0,"max_hp_gain":5.0,"max_hp_loss":0.0,"gold_gain":0.0,"event_name":"Big Fish","player_choice":"Donut","floor":2.0,"gold_loss":0.0,"damage_taken":0.0},{"damage_healed":0.0,"max_hp_gain":0.0,"max_hp_loss":0.0,"gold_gain":0.0,"event_name":"Liars Game","player_choice":"Ignored","floor":4.0,"gold_loss":0.0,"damage_taken":0.0},{"damage_healed":0.0,"max_hp_gain":0.0,"max_hp_loss":0.0,"gold_gain":0.0,"event_name":"Golden Idol","player_choice":"Take Damage","floor":5.0,"gold_loss":0.0,"damage_taken":18.0,"relics_obtained":["Golden Idol"]},{"damage_healed":0.0,"max_hp_gain":0.0,"max_hp_loss":0.0,"gold_gain":0.0,"event_name":"Shining Light","player_choice":"Entered Light","floor":8.0,"gold_loss":0.0,"damage_taken":15.0,"cards_upgraded":["Dualcast","Beam Cell"]},{"damage_healed":0,"gold_gain":0,"player_choice":"Obtained Relic","damage_taken":0,"relics_obtained":["Juzu Bracelet"],"max_hp_gain":0,"max_hp_loss":0,"event_name":"Addict","floor":20,"gold_loss":85},{"damage_healed":0,"gold_gain":0,"player_choice":"Fight","damage_taken":0,"max_hp_gain":0,"max_hp_loss":0,"event_name":"Colosseum","floor":30,"gold_loss":0},{"damage_healed":0,"gold_gain":0,"player_choice":"Fought Nobs","damage_taken":0,"max_hp_gain":0,"max_hp_loss":0,"event_name":"Colosseum","floor":30,"gold_loss":0},{"damage_healed":0,"gold_gain":0,"player_choice":"Ignored","damage_taken":0,"max_hp_gain":0,"max_hp_loss":0,"event_name":"Tomb of Lord Red Mask","floor":37,"gold_loss":0},{"damage_healed":0,"gold_gain":0,"player_choice":"Max HP","damage_taken":0,"max_hp_gain":0,"max_hp_loss":4,"event_name":"Winding Halls","floor":39,"gold_loss":0}],"is_beta":false,"boss_relics":[{"not_picked":["Empty Cage","Runic Dome"],"picked":"Inserter"},{"not_picked":["Philosopher\u0027s Stone","Velvet Choker"],"picked":"Black Star"}],"items_purged_floors":[3,14,21,53],"is_endless":false,"potions_floor_spawned":[10,12,13,16,24,25,28,29,30,30,31,33,35,36,38,40,42,45,47,48,54],"ascension_level":2}}