{"host":"ueaobptuyu87ouwy","time":1610090229,"event":{"mods":["Aspiration","Bard","BaseMod","Better Altar","Better Match","Better Note","Better Sensory Stone","Better Skull","Better Third Choice","BetterRewards","CCEM","Colored Map","Conspire","Downfall","GifTheSpireLib","GungeonMod","Halation","Hermit","Highlight Path","Hubris","Infinite Spire","Jedi Mod","Jorbs\u0027s Wanderer Trilogy","Marisa????????","Marked Mod","Mimic Mod","Minty Spire (QoL Compilation)","Permanent Neow","Replay The Spire","Shop Mod","Small Relic Pack","StSLib","Stuff the Spire","The Runesmith","Unceasing Turn Reminder","everything is the same but u backflip on backflip","slay the spire mod where everything is the same but ironclad has a cowboy hat"],"gold_per_floor":[115,115,135,146,77,77,141,141,141,141,160,181,181,207,207,333,333,378,404,404,62,87,87,109,109],"floor_reached":24,"playtime":2403,"items_purged":[],"score":188,"play_id":"6be57d98-4561-4fd8-9985-6fa68d08e65d","local_time":"20210108151709","is_ascension_mode":false,"campfire_choices":[{"floor":6,"key":"REST"},{"floor":8,"key":"REST"},{"floor":13,"key":"REST"},{"data":"DemoMod:PotionOfGunFriendShip","floor":15,"key":"SMITH"},{"data":"DemoMod:GunslingerForm","floor":23,"key":"SMITH"}],"circlet_count":0,"master_deck":["DemoMod:Strike_Huntress","DemoMod:Strike_Huntress","DemoMod:Strike_Huntress","DemoMod:Defend_Huntress","DemoMod:Defend_Huntress","DemoMod:Defend_Huntress","DemoMod:Defend_Huntress","DemoMod:Roll","DemoMod:ManualReload","DemoMod:RustySidearm","DemoMod:CrossBow","DemoMod:RadGun","DemoMod:TableSutra","DemoMod:MegaHand","DemoMod:FortunesFavor","DemoMod:FastSwitch","DemoMod:RadGun","DemoMod:PotionOfGunFriendShip+1","DemoMod:GunslingerForm+1","DemoMod:GunstockTap+1","hermit:Defend_Hermit","DemoMod:BattleInHaste","DemoMod:SkilledReload","DemoMod:TripleGun","DemoMod:SAA+1"],"relics":["DemoMod:Dog","ReplayTheSpireMod:Lightbulb","halation:PrussianBluePaint","infinitespire:Midas Blood","Runesmith:AutoHammer","conspire:SpecialSausage","CCEMRelics:SpiritsEdge","PreservedInsect"],"acts_visited":["Exordium","TheCity"],"potions_floor_usage":[16],"damage_taken":[{"damage":3,"enemies":"Jaw Worm","floor":1,"turns":4},{"damage":22,"enemies":"infinitespire:Voidling","floor":3,"turns":6},{"damage":0,"enemies":"2 Louse","floor":4,"turns":3},{"damage":26,"enemies":"Red Slaver","floor":7,"turns":5},{"damage":6,"enemies":"Blue Slaver","floor":11,"turns":5},{"damage":13,"enemies":"Lots of Slimes","floor":12,"turns":8},{"damage":7,"enemies":"Looter","floor":14,"turns":3},{"damage":18,"enemies":"The Guardian","floor":16,"turns":11},{"damage":19,"enemies":"3 Byrds","floor":18,"turns":7},{"damage":16,"enemies":"Chosen","floor":22,"turns":5},{"damage":37,"enemies":"Replay:Snechameleon","floor":24,"turns":9}],"seed_played":"7317379504990711860","potions_obtained":[{"floor":1,"key":"Doom Potion"},{"floor":12,"key":"FearPotion"},{"floor":14,"key":"jedi:mysterypotion"},{"floor":18,"key":"Elixir"}],"is_trial":false,"path_per_floor":["M","?","M","M","$","R","M","R","T","?","M","M","R","M","R","B",null,"M","T","?","$","M","R","E"],"character_chosen":"HUNTRESS","items_purchased":["DemoMod:FortunesFavor","DemoMod:BattleInHaste","DemoMod:SkilledReload","PreservedInsect","DemoMod:TripleGun"],"campfire_rested":3,"item_purchase_floors":[5,21,21,21,21],"current_hp_per_floor":[67,34,12,12,12,33,7,28,28,28,22,9,30,23,23,5,70,51,51,51,51,35,35,0,0],"gold":109,"neow_bonus":"THREE_CARDS","is_daily":false,"chose_seed":false,"campfire_upgraded":2,"win_rate":0.0,"timestamp":1610090229,"path_taken":["M","?","?","M","$","R","M","R","T","?","?","M","R","M","R","BOSS","M","?","?","$","M","R","E"],"items_purchased_type":["Card","Card","Card","Relic","Card"],"build_version":"2020-12-13","purchased_purges":0,"victory":false,"max_hp_per_floor":[70,70,70,70,70,70,70,70,70,70,70,70,70,70,70,70,70,70,70,70,70,70,70,70,70],"card_choices":[{"not_picked":["DemoMod:Ejector","DemoMod:StickyCrossBow"],"picked":"DemoMod:RadGun","floor":0},{"not_picked":["DemoMod:SAA","DemoMod:Unity"],"picked":"DemoMod:TableSutra","floor":1},{"not_picked":["DemoMod:MachoBrace","DemoMod:FeignSurrender","DemoMod:CursedBullets"],"picked":"SKIP","floor":3},{"not_picked":["DemoMod:HuntsMan","DemoMod:LifeOrb"],"picked":"DemoMod:MegaHand","floor":4},{"not_picked":["DemoMod:Camera","DemoMod:TeaPot"],"picked":"DemoMod:FastSwitch","floor":7},{"not_picked":["DemoMod:JK47","DemoMod:FightSabre"],"picked":"DemoMod:RadGun","floor":11},{"not_picked":["DemoMod:DoubleSwitch","DemoMod:Ejector"],"picked":"DemoMod:PotionOfGunFriendShip","floor":12},{"not_picked":["DemoMod:AC15","DemoMod:HardPowerCard","DemoMod:MegaHand"],"picked":"SKIP","floor":14},{"not_picked":["DemoMod:FightSabre","DemoMod:BlackHoleGun"],"picked":"DemoMod:GunslingerForm","floor":16},{"not_picked":["DemoMod:BoxingGlove","DemoMod:StickyCrossBow"],"picked":"DemoMod:GunstockTap+1","floor":18},{"not_picked":["DemoMod:MegaHand","DemoMod:MachoBrace"],"picked":"DemoMod:SAA+1","floor":22}],"player_experience":61768,"relics_obtained":[{"floor":9,"key":"infinitespire:Midas Blood"},{"floor":19,"key":"CCEMRelics:SpiritsEdge"}],"event_choices":[{"damage_healed":0,"gold_gain":0,"player_choice":"RE RE ","damage_taken":37,"relics_obtained":["ReplayTheSpireMod:Lightbulb","halation:PrussianBluePaint"],"max_hp_gain":0,"max_hp_loss":0,"event_name":"betterSkull:BetterSkull","floor":2,"gold_loss":0,"cards_upgraded":[]},{"damage_healed":0,"gold_gain":0,"player_choice":"Gave Potion","damage_taken":0,"relics_obtained":["Runesmith:AutoHammer"],"max_hp_gain":0,"max_hp_loss":0,"event_name":"WeMeetAgain","floor":10,"gold_loss":0},{"damage_healed":0,"gold_gain":0,"player_choice":"Take","damage_taken":0,"max_hp_gain":0,"max_hp_loss":0,"event_name":"betterNote:BetterNote","floor":20,"gold_loss":0,"cards_obtained":["hermit:Defend_Hermit"]}],"is_beta":false,"boss_relics":[{"not_picked":["Cursed Key","Runic Dome"],"picked":"conspire:SpecialSausage"}],"items_purged_floors":[],"is_endless":false,"potions_floor_spawned":[1,12,14,18],"killed_by":"Replay:Snechameleon","ascension_level":0}}