{"host":"yiwf5cuj7e45awf3","time":1610103368,"event":{"mods":["BaseMod","Downfall","Hermit","Highlight Path","Hubris","Infinite Spire","Lobotomy","Marisa£®ÏF”Í°°ƒß¿Ì…≥£©","Minty Spire (QoL Compilation)","READ ME - Guardian Mod","Remilia£®¿Ÿ√◊¿Ú—«£©","Replay The Spire","StSLib","The Animator","The Construct","The Cursed","The Disciple","The Hierophant","The Jungle","The Necromancer","The Runesmith","The Servant 0.9.4"],"gold_per_floor":[109,184,184,184,22,22,22,22,22,35,59,59,59,74,74,74,74],"floor_reached":16,"playtime":614,"items_purged":["Injury"],"score":88,"play_id":"a42940c5-396b-4f56-89ab-e075936030b4","local_time":"20210108185608","is_ascension_mode":false,"campfire_choices":[{"data":"expansioncontent:DefensiveStance","floor":6,"key":"SMITH"},{"data":"KidneyShot","floor":8,"key":"SMITH"},{"data":"Starlight","floor":12,"key":"SMITH"},{"data":"Foresight","floor":15,"key":"SMITH"}],"circlet_count":0,"master_deck":["Strike_S+1","Strike_S","Strike_S","Strike_S","Defend_S","Defend_S","Defend_S","Defend_S","KidneyShot+1","Exchange","WasteNot+1","expansioncontent:DefensiveStance+1","Ricochet","Starlight+1","Foresight+1"],"relics":["Uniform","Golden Idol","ReplayFunnel"],"acts_visited":["Exordium"],"potions_floor_usage":[16,16],"damage_taken":[{"damage":4,"enemies":"2 Louse","floor":1,"turns":3},{"damage":0,"enemies":"Small Slimes","floor":10,"turns":4},{"damage":1,"enemies":"Jaw Worm","floor":11,"turns":4},{"damage":0,"enemies":"2 Fungi Beasts","floor":14,"turns":3},{"damage":49,"enemies":"Slime Boss","floor":16,"turns":12}],"seed_played":"5114764232214130520","potions_obtained":[{"floor":1,"key":"AttackPotion"},{"floor":14,"key":"Venom Potion"}],"is_trial":false,"path_per_floor":["M","?","?","?","$","R","$","R","T","M","M","R","?","M","R","B"],"character_chosen":"THE_SERVANT","items_purchased":["expansioncontent:DefensiveStance"],"campfire_rested":0,"item_purchase_floors":[5],"current_hp_per_floor":[61,50,50,50,50,50,50,50,50,50,49,49,49,49,49,0,0],"gold":74,"neow_bonus":"RANDOM_EVENT","is_daily":false,"chose_seed":false,"campfire_upgraded":4,"win_rate":0.0,"timestamp":1610103368,"path_taken":["M","?","?","?","$","R","?","R","T","M","M","R","?","?","R","BOSS"],"items_purchased_type":["Card"],"build_version":"2020-12-22","purchased_purges":1,"victory":false,"max_hp_per_floor":[65,65,65,65,65,65,65,65,65,65,65,65,65,65,65,65,65],"card_choices":[{"not_picked":["ShiftingGears","InstantArmor"],"picked":"WasteNot","floor":1},{"not_picked":["GearUp","Revamp"],"picked":"Ricochet","floor":10},{"not_picked":["DoubleEdge","TimeWarp"],"picked":"Starlight","floor":11},{"not_picked":["DoubleEdge","TimeWarp"],"picked":"Foresight","floor":14}],"player_experience":69552,"relics_obtained":[{"floor":9,"key":"ReplayFunnel"}],"event_choices":[{"damage_healed":0,"gold_gain":75,"player_choice":"Gather Gold","damage_taken":11,"max_hp_gain":0,"max_hp_loss":0,"event_name":"World of Goop","floor":2,"gold_loss":0},{"damage_healed":0,"gold_gain":0,"player_choice":"Take Wound","damage_taken":0,"relics_obtained":["Golden Idol"],"max_hp_gain":0,"max_hp_loss":0,"event_name":"Golden Idol","floor":4,"gold_loss":0,"cards_obtained":["Injury"]}],"is_beta":false,"boss_relics":[],"items_purged_floors":[5],"is_endless":false,"potions_floor_spawned":[1,14],"killed_by":"Slime Boss","ascension_level":0}}