{"host":"mytek2nu1hrzdnew","time":1610073329,"event":{"mods":["Aspiration","BaseMod","Conspire","Evolution","GifTheSpireLib","Gold Saver","Hubris","Kratos Character Expansion","Minty Spire (QoL Compilation)","Replay The Spire","StSLib","Stuff the Spire","Uncapped"],"gold_per_floor":[893,893,909,138,158,191,191,204,227,253,253,34,34,65,65,169,169,187,112,132,182,251,284,295,2,2,2,32,32,51,70,70,168,168,185,235,302,321,221,221,247,297,297,297,314,328,328,344,344,344],"floor_reached":51,"playtime":4047,"items_purged":["Defend_G","Defend_G","Strike_G","Defend_G"],"score":894,"play_id":"2420d9f3-b1ef-4c51-87d8-8064dec729f3","local_time":"20210107213529","is_ascension_mode":true,"campfire_choices":[{"data":"StuffTheSpire:Shiver","floor":7,"key":"SMITH"},{"floor":11,"key":"REST"},{"floor":27,"key":"REST"},{"floor":29,"key":"REST"},{"data":"StuffTheSpire:Shiver+1","floor":32,"key":"SMITH"},{"data":"conspire:DoublingDagger+1","floor":40,"key":"SMITH"},{"data":"conspire:DoublingDagger+2","floor":44,"key":"SMITH"},{"data":"StuffTheSpire:Incantation","floor":47,"key":"SMITH"},{"data":"conspire:DoublingDagger+3","floor":49,"key":"SMITH"}],"circlet_count":0,"master_deck":["Quick Slash+1","Strike_G","Strike_G","Strike_G","Defend_G","Survivor","Neutralize+1","Blade Dance","StuffTheSpire:Shiver+2","StuffTheSpire:Shiver+1","StuffTheSpire:Shiver","Prepared","StuffTheSpire:DoubleShiv+1","conspire:Banana+1","Deflect","ReplayTheSpireMod:Shiv Toss","StuffTheSpire:Incantation+1","conspire:DoublingDagger+4","Adrenaline","conspire:Banana","ReplayTheSpireMod:Shiv Toss"],"relics":["Ring of the Snake","EVO:Axolotl","aspiration:Nostalgia","Burning Blood","aspiration:Lifesprig","Guide Book","Meat on the Bone","Replay:Bottled Steam","Replay:Accelerometer","SsserpentHead","hubris:Spice","Gremlin Food","conspire:InfiniteJournal","conspire:Flyswatter","Akabeko","Ancient Tea Set","StuffTheSpire:OldFever","StuffTheSpire:Barrel"],"acts_visited":["Exordium","TheCity","TheBeyond"],"potions_floor_usage":[6,10,16,20,20,23,33,41,50,50],"damage_taken":[{"damage":1,"enemies":"Small Slimes","floor":1,"turns":5},{"damage":1,"enemies":"Jaw Worm","floor":3,"turns":3},{"damage":0,"enemies":"Cultist","floor":5,"turns":3},{"damage":12,"enemies":"Lagavulin","floor":6,"turns":4},{"damage":13,"enemies":"Large Slime","floor":8,"turns":3},{"damage":14,"enemies":"3 Sentries","floor":10,"turns":5},{"damage":17,"enemies":"Lagavulin","floor":14,"turns":5},{"damage":24,"enemies":"Hexaghost","floor":16,"turns":7},{"damage":17,"enemies":"Chosen","floor":18,"turns":5},{"damage":16,"enemies":"2 Thieves","floor":20,"turns":3},{"damage":14,"enemies":"Cultist and Chosen","floor":22,"turns":6},{"damage":32,"enemies":"Book of Stabbing","floor":23,"turns":5},{"damage":30,"enemies":"Snake Plant","floor":24,"turns":5},{"damage":35,"enemies":"conspire:Head Lice","floor":28,"turns":8},{"damage":23,"enemies":"Shelled Parasite and Fungi","floor":30,"turns":3},{"damage":24,"enemies":"conspire:HollyBat","floor":31,"turns":5},{"damage":65,"enemies":"hubris:MusketHawk","floor":33,"turns":7},{"damage":12,"enemies":"Orb Walker","floor":35,"turns":3},{"damage":27,"enemies":"3 Darklings","floor":37,"turns":5},{"damage":5,"enemies":"Maw","floor":38,"turns":5},{"damage":22,"enemies":"R_Hoarder","floor":41,"turns":5},{"damage":11,"enemies":"Jaw Worm Horde","floor":45,"turns":3},{"damage":8,"enemies":"Sphere and 2 Shapes","floor":46,"turns":3},{"damage":10,"enemies":"3 Darklings","floor":48,"turns":3},{"damage":68,"enemies":"Donu and Deca","floor":50,"turns":6}],"seed_played":"231427465793063417","potions_obtained":[{"floor":1,"key":"Dexterity Potion"},{"floor":8,"key":"Flashbang"},{"floor":14,"key":"CunningPotion"},{"floor":15,"key":"CunningPotion"},{"floor":16,"key":"Dexterity Potion"},{"floor":18,"key":"Weak Potion"},{"floor":22,"key":"Swift Potion"},{"floor":30,"key":"SkillPotion"},{"floor":33,"key":"Energy Potion"},{"floor":38,"key":"Poison Potion"},{"floor":41,"key":"DistilledChaos"},{"floor":48,"key":"Regen Potion"}],"is_trial":false,"path_per_floor":["M","?","M","$","M","E","R","M","T","E","R","$","?","E","R","B",null,"M","$","M","?","M","E","M","$","T","R","E","R","M","M","R","B",null,"M","?","M","M","$","R","E","?","T","R","M","M","R","M","R","B",null],"character_chosen":"THE_SILENT","items_purchased":["aspiration:Lifesprig","Guide Book","Meat on the Bone","StuffTheSpire:Shiver","DistilledChaos","conspire:Banana","Deflect","conspire:InfiniteJournal"],"campfire_rested":3,"item_purchase_floors":[4,4,4,4,4,12,12,25],"current_hp_per_floor":[70,70,70,70,70,64,64,57,57,49,70,70,70,68,68,51,88,78,78,69,69,63,51,41,41,41,69,54,83,68,64,64,19,96,92,92,73,76,76,76,62,62,62,62,60,61,61,60,60,28],"gold":344,"neow_bonus":"NOSTALGIA","is_daily":false,"chose_seed":false,"campfire_upgraded":6,"win_rate":0.0,"timestamp":1610073329,"path_taken":["M","?","M","$","M","E","R","M","T","E","R","$","?","E","R","BOSS","M","?","M","?","?","E","M","$","T","R","E","R","M","M","R","BOSS","M","?","?","M","?","R","E","?","T","R","M","M","R","M","R","BOSS"],"items_purchased_type":["Relic","Relic","Relic","Card","Potion","Card","Card","Relic"],"build_version":"2020-12-22","purchased_purges":4,"victory":true,"max_hp_per_floor":[70,70,70,70,70,70,70,70,70,70,70,70,70,79,79,80,88,89,89,90,90,92,94,96,96,96,96,98,98,100,102,102,104,96,98,98,92,94,94,94,96,96,96,96,91,94,94,97,97,100],"card_choices":[{"not_picked":["Blur","Underhanded Strike"],"picked":"Blade Dance","floor":1},{"not_picked":["Flying Knee","Bane"],"picked":"StuffTheSpire:Shiver","floor":3},{"not_picked":["Dagger Throw","StuffTheSpire:BumpUp"],"picked":"Prepared","floor":5},{"not_picked":["StuffTheSpire:BumpUp","Blade Dance","Leg Sweep"],"picked":"SKIP","floor":6},{"not_picked":["Deflect","Deadly Poison"],"picked":"StuffTheSpire:DoubleShiv","floor":8},{"not_picked":["ReplayTheSpireMod:Exploit Weakness","Flying Knee","StuffTheSpire:BumpUp"],"picked":"SKIP","floor":10},{"not_picked":["hubris:Counter","conspire:PoisonWeapons","Backflip"],"picked":"SKIP","floor":14},{"not_picked":["Deflect","StuffTheSpire:Python"],"picked":"ReplayTheSpireMod:Shiv Toss","floor":18},{"not_picked":["Dagger Spray","Blade Dance","PiercingWail"],"picked":"SKIP","floor":20},{"not_picked":["ReplayTheSpireMod:From All Sides","Heel Hook"],"picked":"StuffTheSpire:Incantation","floor":22},{"not_picked":["Tactician+1","Dagger Spray"],"picked":"conspire:DoublingDagger+1","floor":23},{"not_picked":["Dodge and Roll","hubris:SlightOfHand","Backflip"],"picked":"SKIP","floor":24},{"not_picked":["Deadly Poison+1","ReplayTheSpireMod:From All Sides","Slice"],"picked":"SKIP","floor":28},{"not_picked":["Prepared","All Out Attack+1","Acrobatics+1"],"picked":"SKIP","floor":30},{"not_picked":["StuffTheSpire:BumpUp+1","Backflip","Deflect+1"],"picked":"SKIP","floor":31},{"not_picked":["ReplayTheSpireMod:Necrosis","A Thousand Cuts"],"picked":"Adrenaline","floor":33},{"not_picked":["All Out Attack","Sucker Punch","Blur"],"picked":"SKIP","floor":35},{"not_picked":["Cloak And Dagger+1","StuffTheSpire:Sprint+1"],"picked":"hubris:SpiceAddiction","floor":37},{"not_picked":["StuffTheSpire:Python+1","Backflip","StuffTheSpire:BumpUp+1"],"picked":"SKIP","floor":38},{"not_picked":["Footwork+1","Well Laid Plans","Dagger Spray"],"picked":"SKIP","floor":41},{"not_picked":["Finesse","Secret Weapon"],"picked":"conspire:Banana","floor":42},{"not_picked":["Distraction+1","hubris:SpiceAddiction","StuffTheSpire:ClusterCrunch"],"picked":"SKIP","floor":45},{"not_picked":["Distraction+1","StuffTheSpire:ClusterCrunch"],"picked":"hubris:SpiceAddiction","floor":45},{"not_picked":["Acrobatics+1","StuffTheSpire:BumpUp","ReplayTheSpireMod:Speed Training"],"picked":"SKIP","floor":46},{"not_picked":["Hidden Blade+1","Calculated Gamble"],"picked":"ReplayTheSpireMod:Shiv Toss","floor":48}],"player_experience":1024418,"relics_obtained":[{"floor":6,"key":"Replay:Bottled Steam"},{"floor":10,"key":"Replay:Accelerometer"},{"floor":14,"key":"hubris:Spice"},{"floor":23,"key":"Gremlin Food"},{"floor":26,"key":"conspire:Flyswatter"},{"floor":28,"key":"Akabeko"},{"floor":41,"key":"StuffTheSpire:OldFever"},{"floor":43,"key":"StuffTheSpire:Barrel"}],"event_choices":[{"damage_healed":0,"gold_gain":0,"player_choice":"Trade","damage_taken":0,"relics_obtained":["SsserpentHead"],"max_hp_gain":0,"max_hp_loss":0,"event_name":"FaceTrader","floor":13,"gold_loss":0},{"damage_healed":0,"gold_gain":0,"player_choice":"Forge","damage_taken":0,"max_hp_gain":0,"max_hp_loss":0,"event_name":"Accursed Blacksmith","floor":21,"gold_loss":0,"cards_upgraded":["conspire:Banana"]},{"damage_healed":0,"gold_gain":0,"player_choice":"Gave Potion","damage_taken":0,"relics_obtained":["Ancient Tea Set"],"max_hp_gain":0,"max_hp_loss":0,"event_name":"WeMeetAgain","floor":36,"gold_loss":0},{"damage_healed":0,"gold_gain":0,"player_choice":"Memory 1","damage_taken":0,"max_hp_gain":0,"max_hp_loss":0,"event_name":"SensoryStone","floor":42,"gold_loss":0}],"is_beta":false,"boss_relics":[{"not_picked":["hubris:TerracottaHorce","hubris:Spice"],"picked":"hubris:Spice"},{"not_picked":["Runic Pyramid","Replay:Ancient Bell"],"picked":"hubris:Spice"}],"items_purged_floors":[4,12,19,39],"is_endless":false,"potions_floor_spawned":[1,8,14,16,18,22,30,33,38,41,48],"ascension_level":3}}