{"host":"z89hp9g41jphfk9d","time":1610106677,"event":{"mods":["Act Like it!","BaseMod","Gensokyo","GifTheSpireLib","Gremlin Mod","HololiveMod","KinomotoSakuraMod(ƒæ÷Æ±æ”£)","LagranYue(¿≠∏Ò¿ °§‘¬)","Luminous","Marisa£®ÏF”Í°°ƒß¿Ì…≥£©","Minty Spire (QoL Compilation)","Reimu£®≤©¿ˆ¡È√Œ£©","Replay The Spire","Spicy Shops","StSLib","The Bug Knight","The Construct","The Cursed","The Servant 0.9.4","Yakumo Yukari mod"],"gold_per_floor":[134,146,156,347,277,277,277],"floor_reached":6,"playtime":317,"items_purged":[],"score":36,"play_id":"0315140b-4631-44f4-b0b7-073f25df69f7","local_time":"20210108195117","is_ascension_mode":false,"campfire_choices":[],"circlet_count":0,"master_deck":["AT_purpleEX","AT_purpleEX","AT_purpleEX","AT_purpleEX","Defend_purpleEX+1","Defend_purpleEX","Defend_purpleEX","Defend_purpleEX","Observe_purple_1+1","Observe_purple_2","Shallow_ocean_purpleEX","Mirror_FormAndEmptin_purple","Yakumo_Ran_purple","SharpContractionReality_purple"],"relics":["Boundary_crack","Memoryfragments_purpleEX","LagranYue:RandomDrawCardRelic","NeowsBlessing"],"acts_visited":[],"potions_floor_usage":[],"damage_taken":[{"damage":0.0,"enemies":"Gensokyo:Python","floor":1.0,"turns":1.0},{"damage":0.0,"enemies":"Gensokyo:2_Kodama","floor":2.0,"turns":1.0},{"damage":0.0,"enemies":"Gensokyo:Gryphon","floor":3.0,"turns":1.0},{"damage":54,"enemies":"Gensokyo:Cirno","floor":6,"turns":9}],"seed_played":"6598309677581645732","potions_obtained":[{"floor":3.0,"key":"Adrenaline Potion"}],"is_trial":false,"path_per_floor":["M","M","M","?","?","E"],"character_chosen":"Youkari","items_purchased":[],"campfire_rested":0,"item_purchase_floors":[],"current_hp_per_floor":[70,70,70,53,53,0,0],"gold":277,"neow_bonus":"THREE_ENEMY_KILL","is_daily":false,"chose_seed":false,"campfire_upgraded":0,"win_rate":0.0,"timestamp":1610106677,"path_taken":["M","M","M","?","?","E"],"items_purchased_type":[],"build_version":"2020-12-22","purchased_purges":0,"victory":false,"max_hp_per_floor":[70,70,70,70,70,70,70],"card_choices":[{"not_picked":["Boundary_of_Extermination_purpleEX","CommonSense_AntiCommonSense_purple"],"picked":"Shallow_ocean_purpleEX","floor":1.0},{"not_picked":["ExistenceContinue_purple","Worldmountain_purple"],"picked":"Mirror_FormAndEmptin_purple","floor":2.0},{"not_picked":["MNeedle_purple","MeetDecomposer_purple"],"picked":"Yakumo_Ran_purple","floor":3.0},{"not_picked":["Umbrella_purple","AdvanceAttack_purple"],"picked":"SharpContractionReality_purple","floor":4.0}],"player_experience":102166,"relics_obtained":[],"event_choices":[],"is_beta":false,"boss_relics":[],"items_purged_floors":[],"is_endless":false,"potions_floor_spawned":[3],"killed_by":"Gensokyo:Cirno","ascension_level":0}}