{"host":"f7rb14kzcw8hx1r1","time":1610129245,"event":{"mods":["BaseMod","Better Note","Better Third Choice","Colored Map","Highlight Path","Hubris","Minty Spire (QoL Compilation)","Replay The Spire","StSLib","The Forsaken"],"gold_per_floor":[116,128,141,161,179,210,210,210,235,235,85,96,112,141,141,238,238,250,700,800,814,833,833,859,859,885,504,522,219,232,84,84,189,189,205,205,229,51,62,62,113,37,63,63,77,89,26,39,39,39],"floor_reached":51,"playtime":2375,"items_purged":["Amnesia","theForsaken:TheForsaken_Strike","theForsaken:TheForsaken_Strike","theForsaken:TheForsaken_Strike","theForsaken:TheForsaken_Strike"],"score":729,"play_id":"df4900f3-6571-4b7c-a2b5-f97e4427e6c9","local_time":"20210108190725","is_ascension_mode":false,"campfire_choices":[{"data":"theForsaken:Smite","floor":7.0,"key":"SMITH"},{"data":"theForsaken:Eulogy","floor":10.0,"key":"SMITH"},{"data":"Body Slam","floor":15.0,"key":"SMITH"},{"data":"theForsaken:SacredOath","floor":23.0,"key":"SMITH"},{"data":"theForsaken:Prudence","floor":25.0,"key":"SMITH"},{"data":"hubris:EnhanceAbility","floor":32.0,"key":"SMITH"},{"data":"theForsaken:WordsOfMight","floor":40,"key":"SMITH"},{"data":"theForsaken:Bolster","floor":44,"key":"SMITH"},{"data":"theForsaken:Confusion","floor":49,"key":"SMITH"}],"circlet_count":1,"master_deck":["theForsaken:TheForsaken_Defend","theForsaken:TheForsaken_Defend","theForsaken:TheForsaken_Defend","theForsaken:TheForsaken_Defend","theForsaken:Smite+1","theForsaken:Penitence","theForsaken:FatRoll+1","theForsaken:Eulogy+1","theForsaken:RainingSunlight","theForsaken:LightRoll","Pot Of Greed","Pot Of Greed+1","theForsaken:AncientWords","Body Slam+1","theForsaken:Prudence+1","theForsaken:Confusion+1","theForsaken:SacredOath+1","theForsaken:Bolster+1","hubris:EnhanceAbility+1","theForsaken:FatRoll+1","Offering","Pot Of Greed","theForsaken:FuryStrikes+1","theForsaken:WordsOfMight+1","theForsaken:HymnOfPatience+1"],"relics":["theForsaken:JudgementScales","hubris:SlimyHat","Circlet","hubris:DisguiseKit","Grinning Jar","Happy Flower","Philosopher\u0027s Stone","Potion Belt","Pet Ghost","Membership Card","ReplayTheSpireMod:TigerMarble","Vajra","Medical Kit","Cauldron","Coffee Dripper","theForsaken:Gavel","ClockworkSouvenir","Molten Egg 2","War Paint","Bag of Marbles"],"acts_visited":["Exordium","TheCity","TheBeyond"],"potions_floor_usage":[50,50,50],"damage_taken":[{"damage":3.0,"enemies":"Jaw Worm","floor":1.0,"turns":4.0},{"damage":0.0,"enemies":"2 Louse","floor":2.0,"turns":3.0},{"damage":8.0,"enemies":"Cultist","floor":3.0,"turns":5.0},{"damage":7.0,"enemies":"Looter","floor":4.0,"turns":5.0},{"damage":8.0,"enemies":"Exordium Wildlife","floor":5.0,"turns":6.0},{"damage":34.0,"enemies":"Gremlin Nob","floor":6.0,"turns":5.0},{"damage":4.0,"enemies":"Blue Slaver","floor":12.0,"turns":5.0},{"damage":3.0,"enemies":"Large Slime","floor":13.0,"turns":8.0},{"damage":9.0,"enemies":"Lagavulin","floor":14.0,"turns":7.0},{"damage":11.0,"enemies":"The Guardian","floor":16.0,"turns":13.0},{"damage":3.0,"enemies":"Chosen","floor":18.0,"turns":4.0},{"damage":4.0,"enemies":"Shell Parasite","floor":21.0,"turns":7.0},{"damage":9.0,"enemies":"Snake Plant","floor":22.0,"turns":8.0},{"damage":44.0,"enemies":"Book of Stabbing","floor":24.0,"turns":8.0},{"damage":2.0,"enemies":"Shelled Parasite and Fungi","floor":28.0,"turns":6.0},{"damage":0.0,"enemies":"Snecko","floor":30.0,"turns":6.0},{"damage":6.0,"enemies":"Automaton","floor":33.0,"turns":9.0},{"damage":6,"enemies":"Orb Walker","floor":35,"turns":3},{"damage":0,"enemies":"3 Darklings","floor":39,"turns":3},{"damage":0,"enemies":"Transient","floor":45,"turns":5},{"damage":10,"enemies":"Sphere and 2 Shapes","floor":46,"turns":4},{"damage":6,"enemies":"Maw","floor":48,"turns":7},{"damage":14,"enemies":"Time Eater","floor":50,"turns":5}],"seed_played":"5089459719340224599","potions_obtained":[{"floor":2.0,"key":"Regen Potion"},{"floor":3.0,"key":"SkillPotion"},{"floor":4.0,"key":"Adrenaline Potion"},{"floor":12.0,"key":"Adrenaline Potion"},{"floor":18.0,"key":"LifebloodPotion"},{"floor":31.0,"key":"LiquidMemories"},{"floor":31.0,"key":"LiquidMemories"},{"floor":31.0,"key":"Languid Potion"},{"floor":31.0,"key":"FairyPotion"},{"floor":33.0,"key":"GamblersBrew"},{"floor":35,"key":"DistilledChaos"},{"floor":39,"key":"Cursed Concoction"},{"floor":46,"key":"ColorlessPotion"}],"is_trial":false,"path_per_floor":["M","M","M","M","M","E","R","?","T","R","$","M","M","E","R","B",null,"M","?","?","M","M","R","E","R","T","$","M","$","M","$","R","B",null,"M","?","T","$","M","R","?","$","T","R","M","M","$","M","R","B",null],"character_chosen":"THE_FORSAKEN","items_purchased":["theForsaken:AncientWords","Membership Card","ReplayTheSpireMod:TigerMarble","Adrenaline Potion","ColorlessPotion","Vajra","Medical Kit","hubris:EnhanceAbility","Cauldron","ClockworkSouvenir","theForsaken:WordsOfMight","War Paint","Adrenaline Potion","Reflective Coating"],"campfire_rested":0,"item_purchase_floors":[11,27,27,27,27,29,29,29,31,38,38,42,47,47],"current_hp_per_floor":[49,51,48,44,44,17,17,17,17,17,17,36,33,27,27,65,65,65,19,19,29,58,58,41,41,41,41,65,65,65,65,65,64,65,62,62,62,62,65,65,49,49,49,49,61,54,54,59,59,54],"gold":39,"neow_bonus":"ONE_RARE_RELIC","is_daily":false,"chose_seed":false,"campfire_upgraded":9,"win_rate":0.0,"timestamp":1610129245,"path_taken":["M","M","M","M","M","E","R","?","T","R","$","M","M","E","R","BOSS","M","?","?","?","M","R","E","R","T","$","M","$","M","$","R","BOSS","M","?","?","$","M","R","?","?","T","R","M","?","$","M","R","BOSS"],"items_purchased_type":["Card","Relic","Relic","Potion","Potion","Relic","Relic","Card","Relic","Relic","Card","Relic","Potion","Potion"],"build_version":"2020-12-22","purchased_purges":5,"victory":true,"max_hp_per_floor":[65,65,65,65,65,65,65,65,65,65,65,65,65,65,65,65,65,65,65,65,65,65,65,65,65,65,65,65,65,65,65,65,65,65,65,65,65,65,65,65,65,65,65,65,65,65,65,65,65,65],"card_choices":[{"not_picked":["theForsaken:CreepingInfection","theForsaken:NobleSacrifice","theForsaken:Enfeeble"],"picked":"SKIP","floor":1.0},{"not_picked":["theForsaken:Backlash","theForsaken:MagicWeapon"],"picked":"theForsaken:FatRoll","floor":2.0},{"not_picked":["theForsaken:InspiringBlow","theForsaken:PowerUp","theForsaken:HymnOfPatience"],"picked":"SKIP","floor":3.0},{"not_picked":["theForsaken:Tranquility","theForsaken:WardingHymn"],"picked":"theForsaken:Eulogy","floor":4.0},{"not_picked":["theForsaken:WordOfPower","theForsaken:FatRoll"],"picked":"theForsaken:RainingSunlight","floor":5.0},{"not_picked":["theForsaken:RainingSunlight","theForsaken:Thunderbolt"],"picked":"theForsaken:LightRoll","floor":6.0},{"not_picked":["theForsaken:ScorchingSunlight","theForsaken:Tranquility","theForsaken:HealingLight"],"picked":"Body Slam","floor":12.0},{"not_picked":["theForsaken:HymnOfRest","theForsaken:RainingSunlight","theForsaken:Tranquility","Entrench"],"picked":"SKIP","floor":13.0},{"not_picked":["theForsaken:Eulogy","theForsaken:ChargeAttack","ReplayTheSpireMod:Limb From Limb"],"picked":"theForsaken:Prudence","floor":14.0},{"not_picked":["theForsaken:DivineGuidance","theForsaken:FountainOfLife","Eclipse"],"picked":"theForsaken:Confusion","floor":16.0},{"not_picked":["theForsaken:Backlash+1","theForsaken:HealingLight+1","theForsaken:RainingSunlight","Fire Breathing"],"picked":"SKIP","floor":18.0},{"not_picked":["theForsaken:Thunderbolt+1","theForsaken:Eulogy","Armaments"],"picked":"theForsaken:SacredOath","floor":21.0},{"not_picked":["theForsaken:FuryStrikes","theForsaken:HymnOfPatience","theForsaken:WrathOfGod","Feel No Pain"],"picked":"SKIP","floor":22.0},{"not_picked":["theForsaken:Backlash","theForsaken:MagicWeapon","True Grit"],"picked":"theForsaken:Bolster","floor":24.0},{"not_picked":["theForsaken:ScorchingSunlight","theForsaken:BindingThorns","theForsaken:ShieldBash","ReplayTheSpireMod:Strike From Hell"],"picked":"SKIP","floor":28.0},{"not_picked":["theForsaken:BlightOfFamine+1","theForsaken:HymnOfPatience+1","Clash"],"picked":"theForsaken:FatRoll+1","floor":30.0},{"not_picked":["theForsaken:TearsOfSunlight","theForsaken:Temperance","theForsaken:SpreadingPlague"],"picked":"Offering","floor":33.0},{"not_picked":["theForsaken:PowerUp+1","theForsaken:HymnOfPatience+1","Wild Strike"],"picked":"theForsaken:FuryStrikes+1","floor":35},{"not_picked":["theForsaken:DarkBargain+1","theForsaken:PreciseStrike","theForsaken:StoreUp","Clash"],"picked":"SKIP","floor":39},{"not_picked":["theForsaken:AncientWords+1","theForsaken:BlindFaith+1","Thunderclap+1"],"picked":"theForsaken:HymnOfPatience+1","floor":41},{"not_picked":["theForsaken:PanicDive","theForsaken:Backlash","theForsaken:QuickAttack+1","Armaments"],"picked":"SKIP","floor":45},{"not_picked":["theForsaken:HymnOfRest+1","theForsaken:ShieldCharge+1","theForsaken:CowardsBrand+1","Abandon"],"picked":"SKIP","floor":46},{"not_picked":["theForsaken:CowardsBrand+1","theForsaken:HorrifyingStrike+1","theForsaken:Retribution","Headbutt"],"picked":"SKIP","floor":48}],"player_experience":909696,"relics_obtained":[{"floor":6.0,"key":"hubris:SlimyHat"},{"floor":9.0,"key":"Grinning Jar"},{"floor":14.0,"key":"Happy Flower"},{"floor":24.0,"key":"Potion Belt"},{"floor":26.0,"key":"Pet Ghost"},{"floor":37,"key":"theForsaken:Gavel"},{"floor":41,"key":"Molten Egg 2"},{"floor":43,"key":"Bag of Marbles"}],"event_choices":[{"damage_healed":0.0,"max_hp_gain":0.0,"max_hp_loss":0.0,"gold_gain":450.0,"event_name":"Knowing Skull","player_choice":"GOLD GOLD GOLD GOLD GOLD ","floor":19.0,"potions_obtained":[],"gold_loss":0.0,"damage_taken":46.0,"cards_obtained":[]},{"damage_healed":0.0,"max_hp_gain":0.0,"max_hp_loss":0.0,"gold_gain":100.0,"event_name":"Golden Shrine","player_choice":"Pray","floor":20.0,"gold_loss":0.0,"damage_taken":0.0},{"damage_healed":0,"gold_gain":0,"player_choice":"Ignored","damage_taken":0,"max_hp_gain":0,"max_hp_loss":0,"event_name":"Tomb of Lord Red Mask","floor":36,"gold_loss":0}],"is_beta":false,"boss_relics":[{"not_picked":["Calling Bell","SacredBark"],"picked":"Philosopher\u0027s Stone"},{"not_picked":["Fusion Hammer","Pandora\u0027s Box"],"picked":"Coffee Dripper"}],"items_purged_floors":[11,27,29,31,38],"is_endless":false,"potions_floor_spawned":[2,3,4,12,18,33,35,39,46],"ascension_level":0}}