{"host":"2he95iptrbxkejc1","time":1610118557,"event":{"mods":["AchievementEnabler","BaseMod","Colored Powertips","Hermit","Infinite Spire","Marisa????????","Minty Spire (QoL Compilation)","Random Character Mod","Replay The Spire","StSLib","Td1madao Mod","The Cursed","The Disciple","The Hierophant","The Marked","The Mystic","The Necromancer","The Poker Player","The Runesmith","The Servant 0.9.4"],"gold_per_floor":[119,129,142,142,67,101,116,116,116,183,183,183,209,221,221,221,221,221,221],"floor_reached":18,"playtime":766,"items_purged":["Defend_G"],"score":137,"play_id":"e4d85bae-e248-4ae0-9fc8-373a00f6a67c","local_time":"20210108150917","is_ascension_mode":true,"campfire_choices":[{"floor":8,"key":"REST"},{"floor":11,"key":"REST"},{"floor":17,"key":"REST"}],"circlet_count":0,"master_deck":["Strike_G","Strike_G","Strike_G","Strike_G","Strike_G","Defend_G","Defend_G","Defend_G+1","Defend_G+1","Survivor","Neutralize","Finisher","Slice","Prepared","Blade Dance","Replay:Bag of Tricks","Quick Slash","Dagger Spray"],"relics":["Ring of the Snake","NeowsBlessing","infinitespire:Satchel","infinitespire:WardingShard","Letter Opener","Mummified Hand"],"acts_visited":["Exordium"],"potions_floor_usage":[10,13],"damage_taken":[{"damage":0,"enemies":"Small Slimes","floor":1,"turns":1},{"damage":0,"enemies":"2 Louse","floor":2,"turns":1},{"damage":0,"enemies":"Cultist","floor":3,"turns":1},{"damage":22,"enemies":"Lagavulin","floor":6,"turns":8},{"damage":9,"enemies":"Looter","floor":7,"turns":3},{"damage":12,"enemies":"3 Sentries","floor":10,"turns":6},{"damage":15,"enemies":"Gremlin Nob","floor":13,"turns":3},{"damage":14,"enemies":"Exordium Thugs","floor":14,"turns":3},{"damage":41,"enemies":"Slime Boss","floor":18,"turns":9}],"seed_played":"-2032736143553835314","potions_obtained":[{"floor":6,"key":"ColorlessPotion"},{"floor":7,"key":"Weak Potion"}],"is_trial":false,"path_per_floor":["M","M","M","?","$","E","M","R","T","E","R","?","E","M","PTL","PTL","R","B"],"character_chosen":"THE_SILENT","items_purchased":[],"campfire_rested":3,"item_purchase_floors":[],"current_hp_per_floor":[70,70,70,56,56,34,25,46,46,34,55,48,33,19,19,19,40,0,0],"gold":221,"neow_bonus":"THREE_ENEMY_KILL","is_daily":false,"chose_seed":false,"campfire_upgraded":0,"win_rate":0.0,"timestamp":1610118557,"path_taken":["M","M","M","?","$","E","M","R","T","E","R","?","E","?","PTL","PTL","R","BOSS"],"items_purchased_type":[],"build_version":"2020-12-22","purchased_purges":1,"victory":false,"max_hp_per_floor":[70,70,70,70,70,70,70,70,70,70,70,70,70,70,70,70,70,70,70],"card_choices":[{"not_picked":["Deflect","Dash"],"picked":"Finisher","floor":1},{"not_picked":["Skewer","All Out Attack"],"picked":"Slice","floor":2},{"not_picked":["Sucker Punch","Slice"],"picked":"Prepared","floor":3},{"not_picked":["Backflip","Riddle With Holes","Slice"],"picked":"SKIP","floor":6},{"not_picked":["Unload","Dodge and Roll"],"picked":"Blade Dance","floor":7},{"not_picked":["Acrobatics","Underhanded Strike"],"picked":"Replay:Bag of Tricks","floor":10},{"not_picked":["Choke","Draining Mist"],"picked":"Quick Slash","floor":13},{"not_picked":["Caltrops","Flying Knee"],"picked":"Dagger Spray","floor":14}],"player_experience":86775,"relics_obtained":[{"floor":6,"key":"infinitespire:Satchel"},{"floor":9,"key":"infinitespire:WardingShard"},{"floor":10,"key":"Letter Opener"},{"floor":13,"key":"Mummified Hand"}],"event_choices":[{"damage_healed":0,"gold_gain":0,"player_choice":"Entered Light","damage_taken":14,"max_hp_gain":0,"max_hp_loss":0,"event_name":"Shining Light","floor":4,"gold_loss":0,"cards_upgraded":["Defend_G","Defend_G"]},{"damage_healed":0,"gold_gain":0,"player_choice":"Damaged","damage_taken":7,"max_hp_gain":0,"max_hp_loss":0,"event_name":"Wheel of Change","floor":12,"gold_loss":0}],"is_beta":false,"boss_relics":[],"items_purged_floors":[5],"is_endless":false,"potions_floor_spawned":[6,7],"killed_by":"Slime Boss","ascension_level":1}}