{"host":"uflv0e3ja7hvnij7","time":1610068967,"event":{"mods":["BaseMod","Better Altar","Better Match","Better Note","Better Sensory Stone","Better Skull","Better Third Choice","Marisa????????","Minty Spire (QoL Compilation)","Permanent Neow","Replay The Spire","StSLib"],"gold_per_floor":[114,36,50,69,69,69,97,117,117,42,42,98,98,143,143,263,263,263],"floor_reached":17,"playtime":1101,"items_purged":["Defend_MRS"],"score":182,"play_id":"2d3efdf1-659d-4c83-be30-cc387604b8b5","local_time":"20210107202247","is_ascension_mode":false,"campfire_choices":[{"data":"DC","floor":6,"key":"SMITH"},{"data":"GalacticHalo","floor":11,"key":"SMITH"},{"data":"UpSweep","floor":15,"key":"SMITH"}],"circlet_count":0,"master_deck":["Strike_MRS","Strike_MRS","Strike_MRS","Strike_MRS","Defend_MRS","Defend_MRS","Defend_MRS","MasterSpark","UpSweep+1","Panacea","OortCloud","OrrerysSun","DC+1","GalacticHalo+1","Amnesia","OrrerysSun","EventHorizon","MillisecondPulsars","ManaRampage"],"relics":["MiniHakkero","ReplayTheSpireMod:Ring of Challenge","Ring of Searing","Replay:Mystery Machine","Letter Opener","Golden Idol","RampagingMagicTools"],"acts_visited":["Exordium","TheCity"],"potions_floor_usage":[7,7,14],"damage_taken":[{"damage":3,"enemies":"Small Slimes","floor":1,"turns":3},{"damage":2,"enemies":"2 Louse","floor":3,"turns":3},{"damage":6,"enemies":"Jaw Worm","floor":4,"turns":3},{"damage":12,"enemies":"Replay:BlueRogue","floor":7,"turns":4},{"damage":6,"enemies":"3 Louse","floor":8,"turns":3},{"damage":3,"enemies":"2 Fungi Beasts","floor":12,"turns":3},{"damage":5,"enemies":"Gremlin Gang","floor":14,"turns":4},{"damage":15,"enemies":"Hexaghost","floor":16,"turns":10}],"seed_played":"8378655704327181388","potions_obtained":[{"floor":3,"key":"LifebloodPotion"},{"floor":4,"key":"Toxic Potion"},{"floor":7,"key":"AttackPotion"},{"floor":12,"key":"Reflective Coating"}],"is_trial":false,"path_per_floor":["M","$","M","M","?","R","E","M","T","$","R","M","?","M","R","B",null],"character_chosen":"MARISA","items_purchased":["OrrerysSun"],"campfire_rested":0,"item_purchase_floors":[2],"current_hp_per_floor":[72,72,70,64,64,64,52,46,46,46,46,43,43,38,38,23,69,69],"gold":263,"neow_bonus":"RANDOM_COLORLESS","is_daily":false,"chose_seed":false,"campfire_upgraded":3,"win_rate":0.0,"timestamp":1610068967,"path_taken":["M","$","M","M","?","R","E","M","T","$","R","M","?","M","R","BOSS"],"items_purchased_type":["Card"],"build_version":"2020-12-22","purchased_purges":1,"victory":false,"max_hp_per_floor":[75,75,75,75,75,75,75,75,75,75,75,75,69,69,69,69,69,69],"card_choices":[{"not_picked":["Swift Strike","Dark Shackles"],"picked":"Panacea","floor":0},{"not_picked":["MachineGunSpark","GasGiant"],"picked":"OortCloud","floor":1},{"not_picked":["ShootingEcho","ShootTheMoon"],"picked":"DC","floor":3},{"not_picked":["IllusionStar","MeteoricShower"],"picked":"GalacticHalo","floor":4},{"not_picked":["WitchLeyline","OneTimeOff"],"picked":"OrrerysSun","floor":7},{"not_picked":["ShootingEcho","UnstableBomb"],"picked":"EventHorizon","floor":8},{"not_picked":["DoubleSpark","MysteriousBeam"],"picked":"MillisecondPulsars","floor":12},{"not_picked":["ShootingEcho","6A","StarlightTyphoon"],"picked":"SKIP","floor":14},{"not_picked":["StarDustReverie","SatelliteIllusion"],"picked":"ManaRampage","floor":16}],"player_experience":515482,"relics_obtained":[{"floor":5,"key":"ReplayTheSpireMod:Ring of Challenge"},{"floor":5,"key":"Ring of Searing"},{"floor":7,"key":"Replay:Mystery Machine"},{"floor":9,"key":"Letter Opener"}],"event_choices":[{"damage_healed":0,"gold_gain":0,"player_choice":"Lose Max HP","damage_taken":0,"relics_obtained":["Golden Idol"],"max_hp_gain":0,"max_hp_loss":6,"event_name":"Golden Idol","floor":13,"gold_loss":0}],"is_beta":false,"boss_relics":[{"not_picked":["Snecko Eye","Replay:Drink Me"],"picked":"RampagingMagicTools"}],"items_purged_floors":[10],"is_endless":false,"potions_floor_spawned":[3,4,7,12],"ascension_level":0}}