{"host":"38maufg2dcy7va3m","time":1610090360,"event":{"mods":["Act Like it!","BaseMod","Downfall","GifTheSpireLib","Hubris","Infinite Spire","Minty Spire (QoL Compilation)","Replay The Spire","StSLib","The Construct","The Cursed","The Hierophant","The Necromancer","The Poker Player","The Runesmith","everything is the same but u backflip on backflip"],"gold_per_floor":[111,111,126,34,54,54,54,69,94,109,184,184,202,248,248,347,347,366,356,283,303,303,303,303],"floor_reached":23,"playtime":1831,"items_purged":[],"score":183,"play_id":"bf2e7e97-8169-4627-9ca9-42a80776120a","local_time":"20210107231920","is_ascension_mode":false,"campfire_choices":[{"data":"Toxin Wave","floor":6,"key":"SMITH"},{"floor":12,"key":"REST"},{"data":"Neutralize","floor":15,"key":"SMITH"}],"circlet_count":0,"master_deck":["Strike_G","Strike_G","Strike_G+1","Defend_G","Defend_G","Defend_G","Defend_G","Survivor","Neutralize+1","Deflect","Toxin Wave+1","Cloak And Dagger","Slice","Dagger Throw","PiercingWail","Dodge and Roll","Cloak And Dagger","Burst","All Out Attack+1","ReplayTheSpireMod:The Works+1","Concentrate+1","Outmaneuver+1","Hidden Blade","Infinite Blades","Deadly Poison"],"relics":["Ring of the Snake","Bronze Scales","hubris:SlimyHat","Astrolabe"],"acts_visited":["Exordium","TheCity"],"potions_floor_usage":[16,16,18,21],"damage_taken":[{"damage":1,"enemies":"Cultist","floor":1,"turns":4},{"damage":0,"enemies":"2 Louse","floor":3,"turns":3},{"damage":0,"enemies":"Jaw Worm","floor":5,"turns":3},{"damage":5,"enemies":"2 Fungi Beasts","floor":8,"turns":2},{"damage":1,"enemies":"Looter","floor":10,"turns":2},{"damage":0,"enemies":"Blue Slaver","floor":13,"turns":3},{"damage":2,"enemies":"The Guardian","floor":16,"turns":11},{"damage":20,"enemies":"Shell Parasite","floor":18,"turns":6},{"damage":14,"enemies":"2 Thieves","floor":19,"turns":4},{"damage":40,"enemies":"Centurion and Healer","floor":21,"turns":12},{"damage":7,"enemies":"Gremlin Leader","floor":23,"turns":1}],"seed_played":"9162019823676549735","potions_obtained":[{"floor":8,"key":"Dexterity Potion"},{"floor":10,"key":"PowerPotion"},{"floor":16,"key":"BlessingOfTheForge"},{"floor":19,"key":"SkillPotion"}],"is_trial":false,"path_per_floor":["M","?","M","$","M","R","?","M","T","M","?","R","M","T","R","B",null,"M","M","$","M","?","E"],"character_chosen":"THE_SILENT","items_purchased":["Cloak And Dagger","Slice","Infinite Blades"],"campfire_rested":1,"item_purchase_floors":[4,4,20],"current_hp_per_floor":[76,76,76,76,76,76,76,71,71,70,59,77,77,77,77,75,77,57,43,43,3,3,0,0],"gold":303,"neow_bonus":"TEN_PERCENT_HP_BONUS","is_daily":false,"chose_seed":false,"campfire_upgraded":2,"win_rate":0.0,"timestamp":1610090360,"path_taken":["M","?","M","$","M","R","?","M","T","M","?","R","M","?","R","BOSS","M","M","$","M","?","E"],"items_purchased_type":["Card","Card","Card"],"build_version":"2020-12-22","purchased_purges":0,"victory":false,"max_hp_per_floor":[77,77,77,77,77,77,77,77,77,77,77,77,77,77,77,77,77,77,77,77,77,77,77,77],"card_choices":[{"not_picked":["Acrobatics","Outmaneuver"],"picked":"Deflect","floor":1},{"not_picked":["Endless Agony","Underhanded Strike"],"picked":"Toxin Wave","floor":3},{"not_picked":["Choke","Riddle With Holes"],"picked":"Dagger Throw","floor":5},{"not_picked":["Sucker Punch","Outmaneuver"],"picked":"PiercingWail","floor":8},{"not_picked":["Tools of the Trade","Bane"],"picked":"Dodge and Roll","floor":10},{"not_picked":["ReplayTheSpireMod:Speed Training","Finisher"],"picked":"Cloak And Dagger","floor":13},{"not_picked":["Envenom","infinitespire:Neurotoxin"],"picked":"Burst","floor":16},{"not_picked":["Eviscerate","Backflip"],"picked":"Outmaneuver+1","floor":18},{"not_picked":["Riddle With Holes","PiercingWail+1"],"picked":"Hidden Blade","floor":19},{"not_picked":["Outmaneuver","ReplayTheSpireMod:Scrap Shanks"],"picked":"Deadly Poison","floor":21}],"player_experience":236530,"relics_obtained":[{"floor":9,"key":"Bronze Scales"},{"floor":14,"key":"hubris:SlimyHat"}],"event_choices":[{"damage_healed":0,"gold_gain":0,"player_choice":"Ignored","damage_taken":0,"max_hp_gain":0,"max_hp_loss":0,"event_name":"Golden Wing","floor":7,"gold_loss":0},{"damage_healed":0,"gold_gain":75,"player_choice":"Gather Gold","damage_taken":11,"max_hp_gain":0,"max_hp_loss":0,"event_name":"World of Goop","floor":11,"gold_loss":0}],"is_beta":false,"boss_relics":[{"not_picked":["Snecko Scales","Empty Cage"],"picked":"Astrolabe"}],"items_purged_floors":[],"is_endless":false,"potions_floor_spawned":[8,10,16,19],"killed_by":"Gremlin Leader","ascension_level":0}}