{"host":"e4hse1vg61zltgzv","time":1610120098,"event":{"mods":["AchievementEnabler","BaseMod","Block Reminder","Colored Map","DeckTracker","GifTheSpireLib","Minty Spire (QoL Compilation)","Rare Cards Sparkle","StSLib","SuperFastMode","everything is the same but u backflip on backflip"],"gold_per_floor":[117,3,3,23,23,48,48,65,65,15,32,32,66,91,91,91,91],"floor_reached":16,"playtime":401,"items_purged":["Strike_R"],"score":270,"play_id":"273181a2-10f9-4ada-b003-b6d662a6acc5","local_time":"20210109003458","is_ascension_mode":true,"campfire_choices":[{"data":"Inflame","floor":7.0,"key":"SMITH"},{"data":"Burning Pact","floor":15.0,"key":"SMITH"}],"circlet_count":0,"master_deck":["AscendersBane","Strike_R+1","Strike_R","Strike_R","Defend_R","Defend_R","Defend_R","Defend_R+1","Bash","Wild Strike","Inflame+1","Battle Trance","Second Wind","Shrug It Off","Burning Pact+1"],"relics":["Burning Blood","NeowsBlessing","Pear","Molten Egg 2","Golden Idol","Sundial"],"acts_visited":["Exordium"],"potions_floor_usage":[],"damage_taken":[{"damage":0.0,"enemies":"Cultist","floor":1.0,"turns":1.0},{"damage":0.0,"enemies":"Small Slimes","floor":4.0,"turns":1.0},{"damage":0.0,"enemies":"Gremlin Nob","floor":6.0,"turns":1.0},{"damage":2.0,"enemies":"Jaw Worm","floor":8.0,"turns":3.0},{"damage":7.0,"enemies":"Exordium Thugs","floor":11.0,"turns":5.0},{"damage":15.0,"enemies":"Lagavulin","floor":13.0,"turns":7.0},{"damage":16.0,"enemies":"Gremlin Gang","floor":14.0,"turns":6.0},{"damage":0,"enemies":"The Guardian","floor":16,"turns":2}],"seed_played":"-745786075085213139","potions_obtained":[{"floor":4.0,"key":"SkillPotion"},{"floor":6.0,"key":"Fire Potion"},{"floor":14.0,"key":"Explosive Potion"}],"is_trial":false,"path_per_floor":["M","$","?","M","?","E","R","M","T","$","M","?","E","M","R","B"],"character_chosen":"IRONCLAD","items_purchased":["Inflame","Shrug It Off"],"campfire_rested":0,"item_purchase_floors":[2,10],"current_hp_per_floor":[74,74,67,73,50,66,66,70,70,70,69,40,31,21,21,21,21],"gold":91,"neow_bonus":"THREE_ENEMY_KILL","is_daily":false,"chose_seed":false,"campfire_upgraded":2,"win_rate":0.0,"timestamp":1610120098,"path_taken":["M","$","?","M","?","E","R","M","T","?","?","?","E","M","R","BOSS"],"items_purchased_type":["Card","Card"],"build_version":"2020-12-22","purchased_purges":1,"victory":false,"max_hp_per_floor":[75,75,75,75,75,85,85,85,85,85,85,85,85,85,85,85,85],"card_choices":[{"not_picked":["Iron Wave","Havoc"],"picked":"Wild Strike","floor":1.0},{"not_picked":["Sever Soul","Wild Strike","Headbutt"],"picked":"SKIP","floor":4.0},{"not_picked":["Brutality","Havoc"],"picked":"Battle Trance","floor":6.0},{"not_picked":["Pommel Strike","Flex"],"picked":"Second Wind","floor":8.0},{"not_picked":["Headbutt+1","Clash+1"],"picked":"Burning Pact","floor":11.0},{"not_picked":["Combust","Bloodletting","Twin Strike+1"],"picked":"SKIP","floor":13.0},{"not_picked":["True Grit","Dropkick+1","Infernal Blade"],"picked":"SKIP","floor":14.0}],"player_experience":783391,"relics_obtained":[{"floor":6.0,"key":"Pear"},{"floor":9.0,"key":"Molten Egg 2"},{"floor":13.0,"key":"Sundial"}],"event_choices":[{"cards_removed":["Strike_R"],"damage_healed":0.0,"max_hp_gain":0.0,"max_hp_loss":0.0,"gold_gain":0.0,"event_name":"Golden Wing","player_choice":"Card Removal","floor":3.0,"gold_loss":0.0,"damage_taken":7.0},{"damage_healed":0.0,"max_hp_gain":0.0,"max_hp_loss":0.0,"gold_gain":0.0,"event_name":"Shining Light","player_choice":"Entered Light","floor":5.0,"gold_loss":0.0,"damage_taken":23.0,"cards_upgraded":["Strike_R","Defend_R"]},{"damage_healed":0.0,"max_hp_gain":0.0,"max_hp_loss":0.0,"gold_gain":0.0,"event_name":"Golden Idol","player_choice":"Take Damage","floor":12.0,"gold_loss":0.0,"damage_taken":29.0,"relics_obtained":["Golden Idol"]}],"is_beta":false,"boss_relics":[],"items_purged_floors":[2],"is_endless":false,"potions_floor_spawned":[4,6,8,14],"killed_by":"The Guardian","ascension_level":20}}