{"host":"56ghxnzsglgdq727","time":1610111740,"event":{"mods":["AchievementEnabler","BaseMod","Downfall","Duelist Mod","Hermit","Minty Spire (QoL Compilation)","Rare Cards Sparkle","SOS???????","StSLib","The Bug Knight","The Senshi","The Servant 0.9.4","The Wild Card","Yuri Mod"],"gold_per_floor":[110,110,110,110,124,124,124,124,149,149,95,114,133,149,149,246,246,256,266,119,139,139,169,169,185,185,185,185,185,185,40,40,40,40],"floor_reached":33,"playtime":1463,"items_purged":[],"score":278,"play_id":"eba8b496-56a3-4d95-97cd-446ebdfee619","local_time":"20210108081540","is_ascension_mode":false,"campfire_choices":[{"data":"theSenshi:SteeledNerves","floor":6,"key":"SMITH"},{"data":"theWildCard:Alice","floor":8,"key":"SMITH"},{"data":"theSenshi:MoonPrismPowerMakeUp","floor":10,"key":"SMITH"},{"data":"theSenshi:MoonCrisisMakeUp","floor":15,"key":"SMITH"},{"floor":24,"key":"REST"},{"data":"theSenshi:SilverMoonCrystalPowerKiss","floor":27,"key":"SMITH"},{"floor":30,"key":"REST"},{"data":"theSenshi:FatedKiss","floor":32,"key":"SMITH"}],"circlet_count":0,"master_deck":["theSenshi:SailorKick+1","theSenshi:SailorKick","theSenshi:SailorKick","theSenshi:SailorBlock","theSenshi:SailorBlock","theSenshi:SailorBlock+1","theSenshi:RoseThrow+1","theSenshi:MoonPrismPowerMakeUp+1","theSenshi:UranusStrength+1","theWildCard:Alice+1","theSenshi:SteeledNerves+1","theSenshi:MoonCrisisMakeUp+1","theSenshi:SilverMoonCrystalPowerKiss+1","theSenshi:SailorChibiMoonAssists+1","theSenshi:TuxedoMaskAssists+1","theSenshi:JupitersPower+1","theSenshi:SailorMarsAssists","theSenshi:ChibiMoonsLove","theSenshi:FatedKiss+1"],"relics":["theSenshi:TransformationBroochRelic","Singing Bowl","War Paint","Astrolabe","Sling","MutagenicStrength","Juzu Bracelet","Sundial","Darkstone Periapt"],"acts_visited":["Exordium","TheCity"],"potions_floor_usage":[14,16,16,23,33],"damage_taken":[{"damage":0,"enemies":"2 Louse","floor":1,"turns":4},{"damage":0,"enemies":"Small Slimes","floor":5,"turns":2},{"damage":6,"enemies":"Jaw Worm","floor":12,"turns":2},{"damage":7,"enemies":"2 Fungi Beasts","floor":13,"turns":4},{"damage":10,"enemies":"Exordium Thugs","floor":14,"turns":3},{"damage":32,"enemies":"The Guardian","floor":16,"turns":16},{"damage":34,"enemies":"2 Thieves","floor":18,"turns":5},{"damage":14,"enemies":"Shell Parasite","floor":19,"turns":5},{"damage":10,"enemies":"Shelled Parasite and Fungi","floor":21,"turns":6},{"damage":14,"enemies":"Gremlin Leader","floor":23,"turns":4},{"damage":31,"enemies":"Sentry and Sphere","floor":25,"turns":5},{"damage":46,"enemies":"Automaton","floor":33,"turns":6}],"seed_played":"1216085724581122620","potions_obtained":[{"floor":5,"key":"Ancient Potion"},{"floor":12,"key":"Dexterity Potion"},{"floor":13,"key":"ColorlessPotion"},{"floor":14,"key":"SmokeBomb"},{"floor":18,"key":"BlessingOfTheForge"},{"floor":19,"key":"SteroidPotion"}],"is_trial":false,"path_per_floor":["M","?","?","?","M","R","T","R","T","R","$","M","M","M","R","B",null,"M","M","$","M","?","E","R","M","T","R","?","?","R","$","R","B"],"character_chosen":"THE_SENSHI","items_purchased":["theSenshi:EncouragingSpeech","Sling","theSenshi:FatedKiss"],"campfire_rested":2,"item_purchase_floors":[11,20,31],"current_hp_per_floor":[82,82,75,59,59,59,59,59,59,59,59,53,46,38,38,6,84,50,38,38,30,30,16,42,13,13,13,13,13,40,40,40,0,0],"gold":40,"neow_bonus":"TEN_PERCENT_HP_BONUS","is_daily":false,"chose_seed":false,"campfire_upgraded":6,"win_rate":0.0,"timestamp":1610111740,"path_taken":["M","?","?","?","M","R","?","R","T","R","?","?","M","M","R","BOSS","M","M","$","M","?","E","R","M","T","R","?","?","R","$","R","BOSS"],"items_purchased_type":["Card","Relic","Card"],"build_version":"2020-12-22","purchased_purges":0,"victory":false,"max_hp_per_floor":[82,82,82,82,82,82,82,82,82,82,82,82,82,84,84,84,84,84,86,86,88,88,88,88,90,90,90,90,90,90,90,90,90,90],"card_choices":[{"not_picked":["theSenshi:TuxedoSmokingBomber","theSenshi:MoonKick"],"picked":"theSenshi:UranusStrength","floor":1},{"not_picked":["theSenshi:SailorV","theSenshi:MoonlightKnight"],"picked":"theSenshi:SteeledNerves","floor":5},{"not_picked":["theSenshi:MoonPrincessHalation","theSenshi:MoonSpiralHeartAttack"],"picked":"theSenshi:NeptunesGrace","floor":12},{"not_picked":["theSenshi:NeptunesGrace","theSenshi:MoonCrystalPowerMakeUp"],"picked":"theSenshi:MoonCrisisMakeUp","floor":13},{"not_picked":["theSenshi:SailorStarMakerAssists","theSenshi:SailorVenusAssists","theSenshi:OdangoHead"],"picked":"Singing Bowl","floor":14},{"not_picked":["theSenshi:LunaSensingAllies","theSenshi:SailorCosmosAssists"],"picked":"theSenshi:SilverMoonCrystalPowerKiss","floor":16},{"not_picked":["theSenshi:MoonTiaraMagic","theSenshi:HesSoDreamy"],"picked":"theSenshi:SailorMarsAssists","floor":18},{"not_picked":["theSenshi:YouCanTalk","theSenshi:TuxedoSmokingBomber","theSenshi:MoonTiaraMagic"],"picked":"Singing Bowl","floor":19},{"not_picked":["theSenshi:NeptunesGrace","theSenshi:TuxedoSmokingBomber","theSenshi:Sidestep"],"picked":"Singing Bowl","floor":21},{"not_picked":["theSenshi:MoonlightKnight","theSenshi:SailorStarMakerAssists+1"],"picked":"theSenshi:ChibiMoonsLove","floor":23},{"not_picked":["theSenshi:MoonCosmicPowerMakeUp","theSenshi:MoonSpiralHeartAttack","theSenshi:DramaticEntrance+1"],"picked":"Singing Bowl","floor":25}],"player_experience":191060,"relics_obtained":[{"floor":7,"key":"Singing Bowl"},{"floor":9,"key":"War Paint"},{"floor":23,"key":"Juzu Bracelet"},{"floor":26,"key":"Sundial"}],"event_choices":[{"cards_removed":["theSenshi:SailorBlock"],"damage_healed":0,"gold_gain":0,"player_choice":"Card Removal","damage_taken":7,"max_hp_gain":0,"max_hp_loss":0,"event_name":"Golden Wing","floor":3,"gold_loss":0},{"damage_healed":0,"gold_gain":0,"player_choice":"Entered Light","damage_taken":16,"max_hp_gain":0,"max_hp_loss":0,"event_name":"Shining Light","floor":4,"gold_loss":0,"cards_upgraded":["theSenshi:SailorKick","theSenshi:SailorBlock"]},{"damage_healed":0,"gold_gain":0,"player_choice":"Inject Mutagens","damage_taken":0,"relics_obtained":["MutagenicStrength"],"max_hp_gain":0,"max_hp_loss":0,"event_name":"Drug Dealer","floor":22,"gold_loss":0},{"damage_healed":0,"gold_gain":0,"player_choice":"Opened","damage_taken":0,"relics_obtained":["Darkstone Periapt"],"max_hp_gain":0,"max_hp_loss":0,"event_name":"The Mausoleum","floor":28,"gold_loss":0},{"damage_healed":0,"gold_gain":0,"player_choice":"Ignored","damage_taken":0,"max_hp_gain":0,"max_hp_loss":0,"event_name":"Cursed Tome","floor":29,"gold_loss":0}],"is_beta":false,"boss_relics":[{"not_picked":["Philosopher\u0027s Stone","SlaversCollar"],"picked":"Astrolabe"}],"items_purged_floors":[],"is_endless":false,"potions_floor_spawned":[5,12,13,14,18,19],"killed_by":"Automaton","ascension_level":0}}