{"host":"6h0diz2ap0m56grs","time":1610140895,"event":{"mods":["2.2 Compatiblity","BaseMod","Colored Map","Marisa????????","Minty Spire (QoL Compilation)","Quick Restart","Replay The Spire","Shop Mod","StSLib","The Servant 0.9.4"],"gold_per_floor":[110,120,120,120,19,44,69,96,96,107,107,136,136,153,153,251,251,267,267,279,152,152,182,216,243,266,293,253,253,253,9,9,110,110,123,175,31,41,41,67,99,124,151,151,151,151,15,48,48,48],"floor_reached":51,"playtime":2389,"items_purged":[],"score":1504,"play_id":"c2b14737-6890-432d-a9f9-f9f488dab1f8","local_time":"20210108152135","daily_mods":["SealedDeck","Heirloom","Time Dilation","Flight"],"is_ascension_mode":true,"campfire_choices":[{"data":"Loop","floor":11,"key":"SMITH"},{"data":"Capacitor","floor":13,"key":"SMITH"},{"data":"Doom and Gloom","floor":15,"key":"SMITH"},{"data":"BasicCrystalCard","floor":30,"key":"SMITH"},{"data":"Seek","floor":32,"key":"SMITH"},{"data":"Multi-Cast","floor":44,"key":"SMITH"},{"data":"Loop","floor":45,"key":"SMITH"},{"data":"BasicCrystalCard","floor":46,"key":"SMITH"},{"data":"Creative AI","floor":49,"key":"SMITH"}],"circlet_count":0,"master_deck":["Compile Driver","Loop+1","Coolheaded","Leap","Reinforced Body","Leap","Ball Lightning+1","Cold Snap","Cold Snap","Ball Lightning","Capacitor+1","Defragment+1","Defragment+1","Defragment+1","Barrage","Doom and Gloom+1","Electrodynamics","Capacitor+1","Storm+1","BasicCrystalCard+1","Chill+1","BasicCrystalCard+1","Seek+1","Biased Cognition","Multi-Cast+1","Loop+1","Creative AI+1"],"relics":["Cracked Core","replay:Trail_Library","Replay:Bottled Eggs","Art of War","Vajra","Runic Pyramid","MerchantsRug","Lantern","Juzu Bracelet","Nloth\u0027s Gift","Membership Card","Bottled Lightning","ChewingGum","CatCart","Incense Burner","The Courier","Happy Flower","Smiling Mask","ReplayTheSpireMod:CursedCoin","Divine Protection","Mirror","ReplayFunnel","ReplayTheSpireMod:Lightbulb"],"acts_visited":["Exordium","TheCity","TheBeyond"],"potions_floor_usage":[27,50,50,50,50],"damage_taken":[{"damage":0,"enemies":"2 Louse","floor":1,"turns":2},{"damage":0,"enemies":"Small Slimes","floor":2,"turns":2},{"damage":3,"enemies":"3 Sentries","floor":6,"turns":8},{"damage":0,"enemies":"Gremlin Nob","floor":7,"turns":3},{"damage":0,"enemies":"Lagavulin","floor":8,"turns":6},{"damage":0,"enemies":"Cultist","floor":10,"turns":3},{"damage":0,"enemies":"Gremlin Nob","floor":12,"turns":3},{"damage":0,"enemies":"Looter","floor":14,"turns":2},{"damage":0,"enemies":"Slime Boss","floor":16,"turns":3},{"damage":0,"enemies":"Spheric Guardian","floor":18,"turns":4},{"damage":0,"enemies":"3 Byrds","floor":20,"turns":2},{"damage":12,"enemies":"Replay:Snechameleon","floor":23,"turns":4},{"damage":0,"enemies":"Gremlin Leader","floor":24,"turns":4},{"damage":9,"enemies":"Book of Stabbing","floor":25,"turns":4},{"damage":0,"enemies":"Replay:Snechameleon","floor":27,"turns":5},{"damage":0,"enemies":"Pondfish","floor":33,"turns":6},{"damage":0,"enemies":"3 Shapes","floor":35,"turns":3},{"damage":0,"enemies":"Orin","floor":36,"turns":5},{"damage":4,"enemies":"Orb Walker","floor":38,"turns":2},{"damage":0,"enemies":"R_Hoarder","floor":40,"turns":5},{"damage":7,"enemies":"Giant Head","floor":41,"turns":7},{"damage":4,"enemies":"Nemesis","floor":42,"turns":3},{"damage":9,"enemies":"Reptomancer","floor":48,"turns":4},{"damage":0,"enemies":"Time Eater","floor":50,"turns":7}],"seed_played":"6625965185608486083","potions_obtained":[{"floor":1,"key":"BlessingOfTheForge"},{"floor":6,"key":"SkillPotion"},{"floor":8,"key":"SteroidPotion"},{"floor":12,"key":"FocusPotion"},{"floor":14,"key":"Block Potion"},{"floor":20,"key":"Energy Potion"},{"floor":33,"key":"CultistPotion"},{"floor":35,"key":"SteroidPotion"},{"floor":41,"key":"FearPotion"},{"floor":48,"key":"Strength Potion"}],"is_trial":true,"path_per_floor":["M","M","?","?","$","E","E","E","T","M","R","E","R","M","R","B",null,"M","?","M","$","?","E","E","E","T","E","?","?","R","$","R","B",null,"M","?","$","M","?","E","E","E","T","R","R","R","$","E","R","B",null],"character_chosen":"DEFECT","items_purchased":["Defragment","FocusPotion","MerchantsRug","Lantern","Membership Card","Seek","Bottled Lightning","Incense Burner","ReplayTheSpireMod:CursedCoin","Creative AI","Divine Protection","Mirror","ReplayFunnel"],"campfire_rested":0,"item_purchase_floors":[5,5,21,21,31,31,31,37,47,47,47,47,47],"current_hp_per_floor":[75,75,75,75,75,72,72,72,72,72,72,72,72,72,72,72,75,75,75,75,75,75,63,63,54,54,54,54,54,54,54,54,54,75,75,75,75,71,71,71,64,60,60,60,60,60,60,51,51,51],"gold":48,"neow_bonus":"","is_daily":false,"chose_seed":false,"campfire_upgraded":9,"win_rate":0.0,"timestamp":1610140895,"path_taken":["M","M","?","?","$","E","E","E","T","?","R","E","R","M","R","BOSS","M","?","?","$","?","E","E","E","T","E","?","?","R","$","R","BOSS","M","?","$","M","?","E","E","E","T","R","R","R","?","E","R","BOSS"],"items_purchased_type":["Card","Potion","Relic","Relic","Relic","Card","Relic","Relic","Relic","Card","Relic","Relic","Relic"],"build_version":"2020-12-22","purchased_purges":0,"victory":true,"max_hp_per_floor":[75,75,75,75,75,75,75,75,75,75,75,75,75,75,75,75,75,75,75,75,75,75,75,75,75,75,75,75,75,75,75,75,75,75,75,75,75,75,75,75,75,75,75,75,75,75,75,75,75,75],"card_choices":[{"not_picked":["Rebound","Turbo","Double Energy"],"picked":"SKIP","floor":1},{"not_picked":["Undo","Beam Cell"],"picked":"Capacitor","floor":2},{"not_picked":["Aggregate","Turbo","Auto Shields"],"picked":"SKIP","floor":6},{"not_picked":["Double Energy","Compile Driver","Force Field"],"picked":"SKIP","floor":7},{"not_picked":["Rebound","Recycle","Auto Shields"],"picked":"SKIP","floor":8},{"not_picked":["Coolheaded","Static Discharge","Streamline"],"picked":"SKIP","floor":10},{"not_picked":["Redo","Hologram"],"picked":"Barrage","floor":12},{"not_picked":["BasicCrystalCard","Compile Driver"],"picked":"Doom and Gloom","floor":14},{"not_picked":["Meteor Strike","Seek"],"picked":"Electrodynamics","floor":16},{"not_picked":["Cold Snap+1","Undo","Hologram+1"],"picked":"SKIP","floor":18},{"not_picked":["Redo","Blizzard"],"picked":"Storm+1","floor":20},{"not_picked":["BasicCrystalCard","Loop","Stack"],"picked":"SKIP","floor":23},{"not_picked":["Conserve Battery","ReplayRNGCard"],"picked":"Chill+1","floor":24},{"not_picked":["ReplayTheSpireMod:Fabricate Wheel","Reprogram","Hologram"],"picked":"SKIP","floor":25},{"not_picked":["Turbo+1","Gash","Go for the Eyes+1"],"picked":"SKIP","floor":27},{"not_picked":["ReplayTheSpireMod:Omega Cannon","Reboot"],"picked":"Biased Cognition","floor":33},{"not_picked":["BasicCrystalCard+1","Barrage+1","Gash"],"picked":"SKIP","floor":35},{"not_picked":["ReplayGash","Heatsinks+1","Undo+1"],"picked":"SKIP","floor":38},{"not_picked":["ReplayTheSpireMod:Omega Cannon","Aggregate+1","Steam Power+1"],"picked":"SKIP","floor":40},{"not_picked":["Fusion+1","Scrape"],"picked":"Multi-Cast","floor":41},{"not_picked":["White Noise","Amplify","ReplaySort+1"],"picked":"SKIP","floor":42},{"not_picked":["Rebound","Reprogram","Leap+1"],"picked":"SKIP","floor":48}],"player_experience":127321,"relics_obtained":[{"floor":6,"key":"Toy Ornithopter"},{"floor":7,"key":"Replay:Bottled Eggs"},{"floor":8,"key":"Art of War"},{"floor":9,"key":"Vajra"},{"floor":12,"key":"Peace Pipe"},{"floor":23,"key":"Blue Candle"},{"floor":24,"key":"Replay:Baseball"},{"floor":25,"key":"Juzu Bracelet"},{"floor":26,"key":"Potion Belt"},{"floor":27,"key":"Dream Catcher"},{"floor":36,"key":"CatCart"},{"floor":40,"key":"The Courier"},{"floor":41,"key":"Happy Flower"},{"floor":42,"key":"Smiling Mask"},{"floor":43,"key":"Omamori"},{"floor":48,"key":"ReplayTheSpireMod:Lightbulb"}],"event_choices":[{"damage_healed":0,"gold_gain":0,"player_choice":"Grow","damage_taken":0,"max_hp_gain":0,"max_hp_loss":0,"event_name":"Living Wall","floor":3,"gold_loss":0,"cards_upgraded":["Ball Lightning"]},{"damage_healed":0,"gold_gain":0,"player_choice":"Bought 0 Potions","damage_taken":0,"max_hp_gain":0,"max_hp_loss":0,"event_name":"The Woman in Blue","floor":4,"gold_loss":0},{"damage_healed":0,"gold_gain":0,"player_choice":"Copied","damage_taken":0,"max_hp_gain":0,"max_hp_loss":0,"event_name":"Duplicator","floor":19,"gold_loss":0,"cards_obtained":["Capacitor"]},{"damage_healed":0,"gold_gain":0,"player_choice":"Read","damage_taken":0,"max_hp_gain":0,"max_hp_loss":0,"event_name":"The Library","floor":22,"gold_loss":0,"cards_obtained":["BasicCrystalCard"]},{"damage_healed":0,"gold_gain":0,"player_choice":"Traded Relic","damage_taken":0,"relics_obtained":["Nloth\u0027s Gift"],"max_hp_gain":0,"max_hp_loss":0,"event_name":"N\u0027loth","floor":29,"relics_lost":["Dream Catcher"],"gold_loss":0},{"damage_healed":0,"gold_gain":0,"player_choice":"Fight","damage_taken":0,"max_hp_gain":0,"max_hp_loss":0,"event_name":"OrinTheCat","floor":36,"gold_loss":0}],"is_beta":false,"boss_relics":[{"not_picked":["Nuclear Battery","SacredBark"],"picked":"Runic Pyramid"},{"not_picked":["ReplayTheSpireMod:DimensionalGlitch","Replay:Ancient Bell"],"picked":"ChewingGum"}],"items_purged_floors":[],"is_endless":false,"potions_floor_spawned":[1,6,8,12,14,18,20,33,35,41,42,48],"ascension_level":1}}