{"host":"7xbu8gt067z192g2","time":1610091119,"event":{"mods":["BaseMod","Better Note","Colored Map","Colored Powertips","Googly Eyes","Highlight Path","Minty Spire (QoL Compilation)","Rare Cards Sparkle","Replay The Spire","StSLib","The Bladedancer","The Cursed","The Hierophant","The Valiant","The Wild Card"],"gold_per_floor":[116,116,133,143,143,143,19,29,29,66,89,126,138,168,180,291,303,327,359,371,13,31,65,65,81,81,81,81,108,124,137,137,233,233,251,270,3,3,3,3,30,30,54,54,54],"floor_reached":44,"playtime":2427,"items_purged":["Body Slam","Barricade","Shrug It Off"],"score":705,"play_id":"7567f376-c3e1-4720-a275-7ad388d5104e","local_time":"20210108023159","is_ascension_mode":true,"campfire_choices":[{"data":"Body Slam","floor":6,"key":"SMITH"},{"data":"Barricade","floor":15,"key":"SMITH"},{"data":"Juggernaut","floor":24,"key":"SMITH"},{"data":"Shrug It Off","floor":28,"key":"SMITH"},{"data":"Armaments","floor":32,"key":"SMITH"},{"data":"Entrench","floor":40,"key":"SMITH"},{"data":"Demon Form","floor":42,"key":"SMITH"}],"circlet_count":0,"master_deck":["Body Slam+1","Body Slam+1","Entrench+1","Entrench+1","Barricade+1","Shrug It Off+1","Impervious","ReplayTheSpireMod:Stacked","Armaments+1","Berserk","Armaments","Power Through","Juggernaut+1","Havoc+1","True Grit+1","Feel No Pain","Fiend Fire","True Grit+1","Demon Form+1","Flame Barrier","Warcry","Feel No Pain","True Grit"],"relics":["Burning Blood","NeowsBlessing","MawBank","Replay:WaspNest","Orichalcum","Painkiller Herb","Blue Doll","Boot","Bottled Tornado","ReplayTheSpireMod:Shallot","Sozu","Membership Card","Gremlin Food"],"acts_visited":["TheCity","TheBeyond"],"potions_floor_usage":[12,16,25,44],"damage_taken":[{"damage":0,"enemies":"Small Slimes","floor":1,"turns":3},{"damage":0,"enemies":"Cultist","floor":3,"turns":1},{"damage":0,"enemies":"2 Louse","floor":4,"turns":1},{"damage":0,"enemies":"Blue Slaver","floor":8,"turns":2},{"damage":11,"enemies":"Replay:BlueRogue","floor":10,"turns":4},{"damage":9,"enemies":"2 Fungi Beasts","floor":11,"turns":4},{"damage":17,"enemies":"Gremlin Nob","floor":12,"turns":4},{"damage":13,"enemies":"Large Slime","floor":14,"turns":3},{"damage":5,"enemies":"Hexaghost","floor":16,"turns":6},{"damage":0,"enemies":"3 Byrds","floor":18,"turns":3},{"damage":19,"enemies":"2 Thieves","floor":19,"turns":4},{"damage":26,"enemies":"3 Cultists","floor":22,"turns":5},{"damage":13,"enemies":"Slavers","floor":23,"turns":5},{"damage":9,"enemies":"Centurion and Healer","floor":25,"turns":6},{"damage":0,"enemies":"Gremlin Leader","floor":29,"turns":7},{"damage":0,"enemies":"Snake Plant","floor":30,"turns":4},{"damage":0,"enemies":"Sentry and Sphere","floor":31,"turns":3},{"damage":0,"enemies":"Automaton","floor":33,"turns":4},{"damage":1,"enemies":"3 Shapes","floor":35,"turns":4},{"damage":0,"enemies":"3 Darklings","floor":36,"turns":6},{"damage":0,"enemies":"Reptomancer","floor":41,"turns":3},{"damage":101,"enemies":"2 Orb Walkers","floor":44,"turns":4}],"seed_played":"-8884142912691176511","potions_obtained":[{"floor":1,"key":"FearPotion"},{"floor":4,"key":"Ancient Potion"},{"floor":10,"key":"Explosive Potion"},{"floor":12,"key":"LiquidBronze"},{"floor":18,"key":"Explosive Potion"},{"floor":25,"key":"Reflective Coating"},{"floor":27,"key":"SpeedPotion"},{"floor":31,"key":"BlessingOfTheForge"}],"is_trial":false,"path_per_floor":["M","?","M","M","?","R","$","M","T","E","M","E","?","M","R","B",null,"?","?","?","T","?","E","T","?","T","?","T","E","?","?","T","B",null,"?","?","T","?","T","T","E","T","T","?"],"character_chosen":"IRONCLAD","items_purchased":["Armaments","True Grit+1","Feel No Pain","Blue Doll","Membership Card","Feel No Pain","True Grit"],"campfire_rested":0,"item_purchase_floors":[7,21,21,21,37,37,37],"current_hp_per_floor":[80,80,80,80,80,80,80,80,80,75,72,61,61,54,54,55,80,80,67,67,67,47,40,40,37,37,37,37,43,49,55,55,61,80,80,80,80,76,76,76,76,76,76,0,0],"gold":54,"neow_bonus":"THREE_ENEMY_KILL","is_daily":false,"chose_seed":false,"campfire_upgraded":7,"win_rate":0.0,"timestamp":1610091119,"path_taken":["M","?","M","?","?","R","$","M","T","E","M","E","?","M","R","BOSS","?","?","?","T","?","E","T","?","T","?","T","E","?","?","T","BOSS","?","?","T","?","T","T","E","T","T","?"],"items_purchased_type":["Card","Card","Card","Relic","Relic","Card","Card"],"build_version":"2020-12-22","purchased_purges":3,"victory":false,"max_hp_per_floor":[80,80,80,80,80,80,80,80,80,80,80,80,80,80,80,80,80,80,80,80,80,80,80,80,80,80,80,80,80,80,80,80,80,80,80,80,80,76,76,76,76,76,76,76,76],"card_choices":[{"not_picked":["ReplayTheSpireMod:Limb From Limb","Massacre"],"picked":"ReplayTheSpireMod:Stacked","floor":1},{"not_picked":["Sword Boomerang","Clash","Clothesline"],"picked":"SKIP","floor":3},{"not_picked":["Perfected Strike","Clash","Clothesline"],"picked":"SKIP","floor":4},{"not_picked":["Perfected Strike","Run Through","Anger"],"picked":"SKIP","floor":8},{"not_picked":["Run Through","Heavy Blade"],"picked":"Berserk","floor":10},{"not_picked":["Replay:Undeath\u0027s Touch","Shrug It Off","Rupture"],"picked":"SKIP","floor":11},{"not_picked":["Iron Wave","Replay:Undeath\u0027s Touch"],"picked":"Armaments","floor":12},{"not_picked":["Body Slam","Intimidate"],"picked":"Power Through","floor":14},{"not_picked":["Berserk","Demonic Infusion"],"picked":"Juggernaut","floor":16},{"not_picked":["Thunderclap","Clothesline"],"picked":"Havoc+1","floor":18},{"not_picked":["Clash","Massacre","Blood for Blood"],"picked":"SKIP","floor":19},{"not_picked":["ReplayTheSpireMod:Strike From Hell","Shrug It Off","Infernal Blade"],"picked":"SKIP","floor":22},{"not_picked":["Seeing Red","Inflame"],"picked":"Fiend Fire","floor":23},{"not_picked":["Clash","ReplayTheSpireMod:LeadingStrike+1","Replay:Undeath\u0027s Touch"],"picked":"SKIP","floor":25},{"not_picked":["Havoc","Thunderclap","ReplayTheSpireMod:Stacked"],"picked":"SKIP","floor":29},{"not_picked":["Perfected Strike","Thunderclap"],"picked":"True Grit+1","floor":30},{"not_picked":["Clothesline+1","Run Through","Thunderclap"],"picked":"SKIP","floor":31},{"not_picked":["Fiend Fire","Reaper"],"picked":"Demon Form","floor":33},{"not_picked":["Burning Pact","ReplayTheSpireMod:LeadingStrike"],"picked":"Flame Barrier","floor":35},{"not_picked":["Pommel Strike+1","Power Through+1"],"picked":"Warcry","floor":36},{"not_picked":["Barricade","Uppercut","Massacre"],"picked":"SKIP","floor":41}],"player_experience":158432,"relics_obtained":[{"floor":9,"key":"MawBank"},{"floor":10,"key":"Replay:WaspNest"},{"floor":12,"key":"Orichalcum"},{"floor":23,"key":"Boot"},{"floor":26,"key":"Bottled Tornado"},{"floor":29,"key":"ReplayTheSpireMod:Shallot"},{"floor":41,"key":"Gremlin Food"}],"event_choices":[{"damage_healed":0,"gold_gain":0,"player_choice":"0 cards matched","damage_taken":0,"max_hp_gain":0,"max_hp_loss":0,"event_name":"Match and Keep!","floor":2,"gold_loss":0,"cards_obtained":[]},{"damage_healed":0,"gold_gain":0,"player_choice":"Grow","damage_taken":0,"max_hp_gain":0,"max_hp_loss":0,"event_name":"Living Wall","floor":5,"gold_loss":0,"cards_upgraded":["Body Slam"]},{"damage_healed":0,"gold_gain":0,"player_choice":"Ignored","damage_taken":0,"max_hp_gain":0,"max_hp_loss":0,"event_name":"Ghosts","floor":20,"gold_loss":0},{"damage_healed":0,"gold_gain":0,"player_choice":"Got Potions","damage_taken":0,"max_hp_gain":0,"max_hp_loss":0,"event_name":"Lab","floor":27,"gold_loss":0},{"damage_healed":0,"gold_gain":0,"player_choice":"Max HP","damage_taken":0,"max_hp_gain":0,"max_hp_loss":4,"event_name":"Winding Halls","floor":38,"gold_loss":0},{"damage_healed":0,"gold_gain":0,"player_choice":"Fight","damage_taken":0,"max_hp_gain":0,"max_hp_loss":0,"event_name":"Mysterious Sphere","floor":44,"gold_loss":0}],"is_beta":false,"boss_relics":[{"not_picked":["SacredBark","Runic Pyramid"],"picked":"Painkiller Herb"},{"not_picked":["Tiny House","Honey Jar"],"picked":"Sozu"}],"items_purged_floors":[7,21,37],"is_endless":false,"potions_floor_spawned":[1,4,10,12,18,23,25,31,36],"killed_by":"2 Orb Walkers","ascension_level":3}}