{"host":"6hzrz31j95f2y1pa","time":1610071762,"event":{"mods":["BaseMod","Colored Map","Downfall","Minty Spire (QoL Compilation)","StSLib"],"gold_per_floor":[99,111,123,134,44,44,71,102,102,120,45,45,75,88,101,101,101,101],"floor_reached":16,"playtime":418,"items_purged":["hexamod:Defend"],"score":179,"play_id":"e15db2e7-0087-4db0-bf1b-4cd757a0ad09","local_time":"20210107210922","is_ascension_mode":true,"campfire_choices":[{"data":"hexamod:Sear","floor":1,"key":"SMITH"},{"floor":6,"key":"RECALL"},{"data":"hexamod:Again","floor":11,"key":"SMITH"}],"circlet_count":0,"master_deck":["AscendersBane","hexamod:Strike","hexamod:Strike","hexamod:Strike","hexamod:Defend","hexamod:Defend","hexamod:Defend","hexamod:Sear+1","hexamod:Float","hexamod:SwordOfDarkness","hexamod:SpectersWail","hexamod:Hexaguard","hexamod:GhostLash","hexamod:Again+1","hexamod:RainOfEmbers"],"relics":["Coffee Dripper","Vajra","Pen Nib","downfall:HeartBlessingRed","hexamod:CandleOfCauterizing","FossilizedHelix"],"acts_visited":["Exordium"],"potions_floor_usage":[14,14],"damage_taken":[{"damage":0,"enemies":"Cultist","floor":2,"turns":3},{"damage":6,"enemies":"Small Slimes","floor":3,"turns":3},{"damage":9,"enemies":"Jaw Worm","floor":4,"turns":3},{"damage":0,"enemies":"downfall:FleeingMerchant","floor":5,"turns":4},{"damage":29,"enemies":"Lagavulin","floor":8,"turns":5},{"damage":9,"enemies":"3 Louse","floor":10,"turns":2},{"damage":0,"enemies":"2 Fungi Beasts","floor":14,"turns":1},{"damage":0,"enemies":"Blue Slaver","floor":15,"turns":2},{"damage":20,"enemies":"downfall:Watcher","floor":16,"turns":4}],"seed_played":"-1337843221192694250","potions_obtained":[{"floor":4,"key":"Swift Potion"},{"floor":10,"key":"Explosive Potion"},{"floor":14,"key":"BlessingOfTheForge"}],"is_trial":false,"path_per_floor":["R","M","M","M","$","R","T","E","?","M","R","T","?","M","M","B"],"character_chosen":"THE_SPIRIT","items_purchased":[],"campfire_rested":0,"item_purchase_floors":[],"current_hp_per_floor":[57,57,51,42,42,42,42,13,13,4,4,4,4,4,4,0,0,0],"gold":101,"neow_bonus":"BOSS_RELIC","is_daily":false,"chose_seed":false,"campfire_upgraded":2,"win_rate":0.0,"timestamp":1610071762,"path_taken":["R","M","M","M","?","R","T","E","?","M","R","?","?","M","M","BOSS"],"items_purchased_type":[],"build_version":"2020-12-22","purchased_purges":1,"victory":false,"max_hp_per_floor":[63,63,63,63,63,63,63,63,63,63,63,63,63,63,63,63,63,63],"card_choices":[{"not_picked":["hexamod:GhostLash","hexamod:RecurringNightmare"],"picked":"hexamod:SwordOfDarkness","floor":2},{"not_picked":["hexamod:BacktrackSmack","hexamod:NightmareGuise"],"picked":"hexamod:SpectersWail","floor":3},{"not_picked":["hexamod:AdvancingGuard","hexamod:SpectersWail"],"picked":"hexamod:Hexaguard","floor":4},{"not_picked":["hexamod:BacktrackSmack","hexamod:EtherealExpedition"],"picked":"hexamod:GhostLash","floor":5},{"not_picked":["hexamod:SwordOfDarkness","hexamod:SuperheatedStrike"],"picked":"hexamod:Again","floor":8},{"not_picked":["hexamod:InspiringFlames","hexamod:BurningTouch"],"picked":"hexamod:RainOfEmbers","floor":10},{"not_picked":["hexamod:PowerFromBeyond","hexamod:RainOfEmbers","hexamod:InspiringFlames"],"picked":"SKIP","floor":14},{"not_picked":["hexamod:EmpoweringStance","hexamod:SpectersWail","hexamod:HeatShield"],"picked":"SKIP","floor":15}],"player_experience":1301186,"relics_obtained":[{"floor":7,"key":"Vajra"},{"floor":8,"key":"Pen Nib"},{"floor":12,"key":"hexamod:CandleOfCauterizing"}],"event_choices":[],"is_beta":false,"boss_relics":[],"items_purged_floors":[5],"is_endless":false,"potions_floor_spawned":[4,10,14],"killed_by":"downfall:Watcher","ascension_level":15}}