{"host":"x7xd4wkamhrqrrvw","time":1610071184,"event":{"mods":["BaseMod","Minty Spire (QoL Compilation)","StSLib"],"gold_per_floor":[110,57,69,146,157,157,189,189,214,214,235,250,260,294,294,391,391,406,418,433,433,448,473,473,49,72,84,101,101,127,127,127,226,226,237,250,267,167,185,185,235,235,284,284,334,354,354,387,387,387,387,387,194,226,226],"floor_reached":56,"playtime":4009,"items_purged":["Eruption","Strike_P","Defend_P"],"score":1630,"play_id":"bd0d7d7a-4f08-45cb-bde2-b5bd69f7c8ea","local_time":"20210107235944","is_ascension_mode":true,"campfire_choices":[{"data":"PathToVictory","floor":6,"key":"SMITH"},{"data":"Study","floor":8,"key":"SMITH"},{"data":"PathToVictory","floor":10,"key":"SMITH"},{"data":"Perseverance","floor":15,"key":"SMITH"},{"data":"Vault","floor":24,"key":"SMITH"},{"data":"LikeWater","floor":29,"key":"SMITH"},{"data":"ThirdEye","floor":32,"key":"SMITH"},{"data":"ThirdEye","floor":40,"key":"SMITH"},{"floor":42,"key":"RECALL"},{"data":"EmptyMind","floor":44,"key":"PURGE"},{"data":"Defend_P","floor":47,"key":"PURGE"},{"data":"PathToVictory","floor":49,"key":"SMITH"},{"data":"Defend_P","floor":52,"key":"PURGE"}],"circlet_count":0,"master_deck":["Defend_P","Vigilance","DeceiveReality","PathToVictory+1","PathToVictory+1","Study+1","LikeWater+1","Perseverance+1","Vault+1","DeceiveReality+1","CutThroughFate+1","Crescendo+1","Nirvana","ThirdEye+1","Sanctity+1","Blind","ThirdEye+1","PathToVictory+1","Vault+1"],"relics":["Coffee Dripper","Meat on the Bone","Omamori","Odd Mushroom","Gremlin Horn","Astrolabe","Happy Flower","Pantograph","Centennial Puzzle","Bag of Preparation","Sozu","Peace Pipe","Smiling Mask","Ginger","DollysMirror","Boot"],"acts_visited":["Exordium","TheCity","TheBeyond","TheEnding"],"potions_floor_usage":[14,16,18,22,23,55,55],"damage_taken":[{"damage":0,"enemies":"Cultist","floor":1,"turns":2},{"damage":0,"enemies":"Small Slimes","floor":3,"turns":5},{"damage":0,"enemies":"2 Louse","floor":5,"turns":3},{"damage":1,"enemies":"Lagavulin","floor":7,"turns":5},{"damage":13,"enemies":"The Mushroom Lair","floor":11,"turns":4},{"damage":0,"enemies":"Blue Slaver","floor":12,"turns":4},{"damage":0,"enemies":"2 Fungi Beasts","floor":13,"turns":3},{"damage":19,"enemies":"Gremlin Nob","floor":14,"turns":4},{"damage":12,"enemies":"Slime Boss","floor":16,"turns":8},{"damage":17,"enemies":"2 Thieves","floor":18,"turns":6},{"damage":0,"enemies":"Spheric Guardian","floor":19,"turns":7},{"damage":1,"enemies":"Snake Plant","floor":20,"turns":4},{"damage":0,"enemies":"Cultist and Chosen","floor":22,"turns":8},{"damage":21,"enemies":"Slavers","floor":23,"turns":9},{"damage":0,"enemies":"Shelled Parasite and Fungi","floor":27,"turns":5},{"damage":0,"enemies":"Snake Plant","floor":28,"turns":4},{"damage":0,"enemies":"Book of Stabbing","floor":30,"turns":8},{"damage":28,"enemies":"Champ","floor":33,"turns":10},{"damage":12,"enemies":"3 Darklings","floor":35,"turns":6},{"damage":0,"enemies":"Orb Walker","floor":36,"turns":4},{"damage":0,"enemies":"Transient","floor":37,"turns":6},{"damage":0,"enemies":"Spire Growth","floor":39,"turns":6},{"damage":0,"enemies":"Mind Bloom Boss Battle","floor":41,"turns":8},{"damage":6,"enemies":"2 Orb Walkers","floor":45,"turns":7},{"damage":0,"enemies":"4 Shapes","floor":46,"turns":6},{"damage":1,"enemies":"Giant Head","floor":48,"turns":7},{"damage":2,"enemies":"Awakened One","floor":50,"turns":9},{"damage":7,"enemies":"Shield and Spear","floor":54,"turns":6},{"damage":35,"enemies":"The Heart","floor":55,"turns":8}],"seed_played":"-5412876441486926263","potions_obtained":[{"floor":1,"key":"Strength Potion"},{"floor":7,"key":"SteroidPotion"},{"floor":11,"key":"FearPotion"},{"floor":12,"key":"StancePotion"},{"floor":14,"key":"EssenceOfSteel"},{"floor":16,"key":"Strength Potion"},{"floor":19,"key":"Fire Potion"},{"floor":23,"key":"Dexterity Potion"},{"floor":33,"key":"Dexterity Potion"}],"is_trial":false,"path_per_floor":["M","$","M","T","M","R","E","R","T","R","?","M","M","E","R","B",null,"M","M","M","?","M","E","R","$","T","M","M","R","E","?","R","B",null,"M","M","M","$","M","R","?","R","T","R","?","M","R","E","R","B",null,"R","$","E","B",null],"character_chosen":"WATCHER","items_purchased":["PathToVictory","Blind","Pantograph","DollysMirror"],"campfire_rested":0,"item_purchase_floors":[2,25,25,53],"current_hp_per_floor":[65,65,65,65,65,65,64,64,64,64,51,51,51,44,44,44,65,48,48,47,34,46,37,37,37,37,49,49,49,49,49,49,46,69,57,57,57,57,57,57,77,77,77,77,71,71,71,70,70,75,77,77,77,70,42],"gold":226,"neow_bonus":"BOSS_RELIC","is_daily":false,"chose_seed":false,"campfire_upgraded":9,"win_rate":0.0,"timestamp":1610071184,"path_taken":["M","$","M","?","?","R","E","R","T","R","?","M","M","E","R","BOSS","M","M","M","?","M","E","R","$","T","M","M","R","E","?","R","BOSS","M","M","M","$","M","R","?","R","T","R","?","M","R","E","R","BOSS","R","$","E","BOSS"],"items_purchased_type":["Card","Card","Relic","Relic"],"build_version":"2020-12-22","purchased_purges":3,"victory":true,"max_hp_per_floor":[72,72,72,72,72,72,72,72,72,72,72,72,72,72,72,72,72,72,72,72,77,77,77,77,77,77,77,77,77,77,77,77,77,77,77,77,77,77,77,77,77,77,77,77,77,77,77,77,77,77,77,77,77,77,77],"card_choices":[{"not_picked":["FlyingSleeves","Consecrate"],"picked":"DeceiveReality","floor":1},{"not_picked":["EmptyBody","Worship"],"picked":"PathToVictory","floor":3},{"not_picked":["WheelKick","Wireheading"],"picked":"Study","floor":5},{"not_picked":["Wireheading","Swivel"],"picked":"EmptyMind","floor":7},{"not_picked":["Crescendo","ClearTheMind","BowlingBash"],"picked":"SKIP","floor":12},{"not_picked":["Nirvana","WreathOfFlame"],"picked":"LikeWater","floor":13},{"not_picked":["PathToVictory","SandsOfTime"],"picked":"Perseverance","floor":14},{"not_picked":["Alpha","LessonLearned"],"picked":"Vault","floor":16},{"not_picked":["Swivel","Evaluate"],"picked":"Nirvana","floor":18},{"not_picked":["Fasting2","Consecrate"],"picked":"ThirdEye","floor":19},{"not_picked":["Evaluate","Swivel","CutThroughFate+1"],"picked":"SKIP","floor":20},{"not_picked":["Protect","EmptyFist","ReachHeaven"],"picked":"SKIP","floor":22},{"not_picked":["Consecrate+1","EmptyBody"],"picked":"Sanctity+1","floor":23},{"not_picked":["SashWhip+1","BowlingBash","JustLucky"],"picked":"SKIP","floor":27},{"not_picked":["WreathOfFlame+1","FlyingSleeves"],"picked":"ThirdEye","floor":28},{"not_picked":["CrushJoints","JustLucky","Wish"],"picked":"SKIP","floor":30},{"not_picked":["Protect","Crescendo","Collect+1"],"picked":"SKIP","floor":35},{"not_picked":["FlurryOfBlows","ThirdEye+1","Protect+1"],"picked":"SKIP","floor":36},{"not_picked":["CutThroughFate+1","Halt","Fasting2"],"picked":"SKIP","floor":37},{"not_picked":["TalkToTheHand","Prostrate","Omniscience"],"picked":"SKIP","floor":39},{"not_picked":["PathToVictory","WreathOfFlame+1","Prostrate"],"picked":"SKIP","floor":46},{"not_picked":["Devotion","Sanctity"],"picked":"PathToVictory","floor":48},{"not_picked":["ClearTheMind","ThirdEye","BowlingBash"],"picked":"SKIP","floor":54}],"player_experience":273319,"relics_obtained":[{"floor":4,"key":"Meat on the Bone"},{"floor":7,"key":"Omamori"},{"floor":11,"key":"Odd Mushroom"},{"floor":14,"key":"Gremlin Horn"},{"floor":23,"key":"Happy Flower"},{"floor":26,"key":"Centennial Puzzle"},{"floor":30,"key":"Bag of Preparation"},{"floor":41,"key":"Peace Pipe"},{"floor":43,"key":"Smiling Mask"},{"floor":48,"key":"Ginger"},{"floor":54,"key":"Boot"}],"event_choices":[{"damage_healed":0,"gold_gain":0,"player_choice":"Fought Mushrooms","damage_taken":0,"max_hp_gain":0,"max_hp_loss":0,"event_name":"Mushrooms","floor":11,"gold_loss":0},{"damage_healed":0,"gold_gain":0,"player_choice":"Shed Blood","damage_taken":18,"max_hp_gain":5,"max_hp_loss":0,"event_name":"Forgotten Altar","floor":21,"gold_loss":0},{"damage_healed":0,"gold_gain":0,"player_choice":"Ignored","damage_taken":0,"max_hp_gain":0,"max_hp_loss":0,"event_name":"The Mausoleum","floor":31,"gold_loss":0},{"damage_healed":0,"gold_gain":0,"player_choice":"Fight","damage_taken":0,"max_hp_gain":0,"max_hp_loss":0,"event_name":"MindBloom","floor":41,"gold_loss":0},{"damage_healed":0,"gold_gain":0,"player_choice":"Fight","damage_taken":0,"max_hp_gain":0,"max_hp_loss":0,"event_name":"Mysterious Sphere","floor":45,"gold_loss":0}],"is_beta":false,"boss_relics":[{"not_picked":["Tiny House","Runic Pyramid"],"picked":"Astrolabe"},{"not_picked":["Philosopher\u0027s Stone","Black Star"],"picked":"Sozu"}],"items_purged_floors":[25,38,53],"is_endless":false,"potions_floor_spawned":[1,7,11,12,14,16,19,23,33,36,37,45,46,54],"ascension_level":9}}