{"host":"2lvuisjyit3p3u01","time":1610146751,"event":{"mods":["Act Like it!","BaseMod","Bestiary","Better Synergies","CapriCore","Colored Map","Colored Powertips","Duelist Mod","GifTheSpireLib","Minty Spire (QoL Compilation)","Quick Restart","Replay The Spire","StSLib"],"gold_per_floor":[136,136,155,93,107,107,137,137,161,161,175,193,193,221,221,320,320,338,588,528,41,41,41,63,63,63,63,100,135,35,56,56,171,171,204,239,45,45,79,79,97,131,131,131,131,198,225,254,254,270,270],"floor_reached":50,"playtime":3678,"items_purged":["Looming Evil","ReplayTheSpireMod:Splinters","theDuelist:CastleWalls"],"score":597,"play_id":"2eccfb63-acd7-4252-8656-943463f0fde8","local_time":"20210109005911","is_ascension_mode":false,"campfire_choices":[{"data":"theDuelist:UnionHangar","floor":6.0,"key":"SMITH"},{"data":"theDuelist:MetalDetector","floor":8.0,"key":"SMITH"},{"floor":10.0,"key":"REST"},{"data":"theDuelist:Oilman","floor":15.0,"key":"SMITH"},{"floor":23.0,"key":"REST"},{"data":"theDuelist:JunkKuriboh","floor":25.0,"key":"SMITH"},{"floor":27.0,"key":"REST"},{"data":"theDuelist:MachineKingPrototype","floor":32,"key":"SMITH"},{"floor":40,"key":"REST"}],"circlet_count":0,"master_deck":["theDuelist:AncientGearExplosive","theDuelist:Deskbot004+1","theDuelist:UnionHangar+1","theDuelist:PowerGiant","theDuelist:IronhammerGiant+1","theDuelist:BlockGolem","AbeCurse","theDuelist:CoreBlaster+4","theDuelist:Deskbot005+1","theDuelist:JunkSpeeder","theDuelist:Deskbot001","theDuelist:Deskbot004+1","theDuelist:Sparks","theDuelist:JunkKuriboh+1","theDuelist:MachineKingPrototype+1","theDuelist:StimPack","theDuelist:GreenGadget+1","theDuelist:Tuningware+1","theDuelist:Sparks","theDuelist:Oilman+1","theDuelist:Biofalcon+1","theDuelist:PotDuality","theDuelist:CastleWalls","theDuelist:GenexAllyBirdman","theDuelist:MetalDetector+1","theDuelist:Deskbot005+1","theDuelist:QuillboltHedgehog+1"],"relics":["theDuelist:MillenniumPuzzle","theDuelist:CardPoolRelic","theDuelist:CardPoolBasicRelic","theDuelist:BoosterPackPoolRelic","theDuelist:CardPoolAddRelic","theDuelist:CardPoolMinusRelic","theDuelist:CardPoolSaveRelic","theDuelist:CardPoolOptionsRelic","ReplayFunnel","Dream Catcher","theDuelist:MillenniumArmor","Nunchaku","Replay:Ancient Bell","Replay:Bandana","Gremlin Horn","Replay:Towering Pillar of Hats","King of Hearts","theDuelist:DuelistTeaSet","Thread and Needle","Tiny Chest","Fusion Hammer","Blue Candle","ReplayTheSpireMod:Ninjato","theDuelist:ArmorPlateD","Replay:Arrowhead","Magic Flower"],"acts_visited":["Exordium","TheCity","TheBeyond"],"potions_floor_usage":[31,33,33,46,47,47],"damage_taken":[{"damage":5.0,"enemies":"Jaw Worm","floor":1.0,"turns":4.0},{"damage":4.0,"enemies":"Cultist","floor":3.0,"turns":4.0},{"damage":0.0,"enemies":"2 Louse","floor":5.0,"turns":4.0},{"damage":18.0,"enemies":"Lagavulin","floor":7.0,"turns":12.0},{"damage":0.0,"enemies":"Blue Slaver","floor":11.0,"turns":5.0},{"damage":10.0,"enemies":"Exordium Wildlife","floor":12.0,"turns":5.0},{"damage":6.0,"enemies":"3 Sentries","floor":14.0,"turns":12.0},{"damage":7.0,"enemies":"The Guardian","floor":16.0,"turns":11.0},{"damage":43.0,"enemies":"3 Byrds","floor":18.0,"turns":12.0},{"damage":3.0,"enemies":"Spheric Guardian","floor":24.0,"turns":4.0},{"damage":0.0,"enemies":"theDuelist:KaibaA2","floor":28.0,"turns":4.0},{"damage":8.0,"enemies":"3 Cultists","floor":29.0,"turns":5.0},{"damage":8,"enemies":"Shelled Parasite and Fungi","floor":31,"turns":4},{"damage":35,"enemies":"Champ","floor":33,"turns":8},{"damage":3,"enemies":"Orb Walker","floor":35,"turns":3},{"damage":5,"enemies":"3 Darklings","floor":36,"turns":6},{"damage":1,"enemies":"Jaw Worm Horde","floor":39,"turns":5},{"damage":0,"enemies":"Spire Growth","floor":41,"turns":6},{"damage":4,"enemies":"Sphere and 2 Shapes","floor":42,"turns":4},{"damage":11,"enemies":"Sphere and 2 Shapes","floor":46,"turns":7},{"damage":1,"enemies":"3 Darklings","floor":47,"turns":6},{"damage":0,"enemies":"Spire Growth","floor":48,"turns":5},{"damage":74,"enemies":"Awakened One","floor":50,"turns":8}],"seed_played":"6144689413557783601","potions_obtained":[{"floor":1.0,"key":"theDuelist:TokenPotion"},{"floor":7.0,"key":"Flashbang"},{"floor":12.0,"key":"theDuelist:BottledKuriboh"},{"floor":14.0,"key":"theDuelist:VampireVial"},{"floor":18.0,"key":"Milkshake"},{"floor":39,"key":"Toxic Potion"},{"floor":42,"key":"LiquidBronze"},{"floor":46,"key":"SkillPotion"}],"is_trial":false,"path_per_floor":["M","?","M","?","M","R","E","R","T","R","M","M","?","E","R","B",null,"M","?","?","$","?","R","M","R","T","R","E","M","$","M","R","B",null,"M","M","$","?","M","R","M","M","T","T","$","?","M","M","R_BF","B"],"character_chosen":"THE_DUELIST","items_purchased":["King of Hearts","theDuelist:Deskbot001","theDuelist:GenexAllyBirdman","theDuelist:JunkKuriboh","theDuelist:VampireVial","theDuelist:MegaupgradePotion","theDuelist:QuillboltHedgehog"],"campfire_rested":4,"item_purchase_floors":[21,21,21,21,21,21,37],"current_hp_per_floor":[75,75,71,71,71,71,53,53,53,77,77,67,61,55,55,48,80,37,37,37,37,31,53,50,50,50,72,72,64,64,56,56,21,74,71,66,66,66,65,74,74,70,70,70,70,59,58,58,74,0,0],"gold":270,"neow_bonus":"RANDOM_EVENT","is_daily":false,"chose_seed":false,"campfire_upgraded":5,"win_rate":0.0,"timestamp":1610146751,"path_taken":["M","?","?","?","M","R","E","R","T","R","M","M","?","E","R","BOSS","M","?","?","?","?","R","M","R","T","R","E","M","$","?","R","BOSS","M","M","$","?","?","R","M","M","T","?","?","?","M","M","R_BF","BOSS"],"items_purchased_type":["Relic","Card","Card","Card","Potion","Potion","Card"],"build_version":"2020-12-22","purchased_purges":3,"victory":false,"max_hp_per_floor":[80,80,80,80,80,80,80,80,80,80,80,80,80,80,80,80,80,80,74,74,74,74,74,74,74,74,74,74,74,74,74,74,74,74,74,74,74,74,74,74,74,74,74,74,74,74,74,74,74,74,74],"card_choices":[{"not_picked":["theDuelist:PortableBatteryPack","theDuelist:OrbitalBombardment","theDuelist:BlastingFuse","theDuelist:BlastHeldTribute"],"picked":"theDuelist:MetalDetector","floor":1.0},{"not_picked":["theDuelist:OrbitalBombardment","theDuelist:Flashbang","theDuelist:BlindDestruction"],"picked":"SKIP","floor":3.0},{"not_picked":["theDuelist:JunkWarrior","theDuelist:Deskbot001","theDuelist:Deskbot003","theDuelist:BlackSalvo"],"picked":"theDuelist:Tuningware","floor":5.0},{"not_picked":["theDuelist:RoboticKnight","theDuelist:BlackSalvo","theDuelist:GadgetSoldier","theDuelist:HeavyMechSupportArmor"],"picked":"theDuelist:PotDuality","floor":7.0},{"not_picked":["theDuelist:HeavyMechSupportPlatform","theDuelist:AncientGearWorkshop"],"picked":"theDuelist:Oilman","floor":10.0},{"not_picked":["theDuelist:RevolvingSwitchyard+1","theDuelist:Geartown+1","theDuelist:ArtifactSanctum+1","theDuelist:MachineFactory+1","theDuelist:GravityAxe+1"],"picked":"SKIP","floor":11.0},{"not_picked":["theDuelist:SparkBlaster+1","theDuelist:ParallelPortArmor","theDuelist:AncientGearFist+1","theDuelist:Wiretap"],"picked":"theDuelist:CoreBlaster+1","floor":12.0},{"not_picked":["theDuelist:BlockGolem","theDuelist:GemElephant","theDuelist:LabyrinthWall","theDuelist:LostGuardian"],"picked":"theDuelist:PowerGiant","floor":14.0},{"not_picked":["theDuelist:PineappleBlast","theDuelist:MachineKing","theDuelist:GoldenBlastJuggler","theDuelist:Deskbot007"],"picked":"theDuelist:MachineKingPrototype","floor":16.0},{"not_picked":["Voices","theDuelist:DuelistAscender"],"picked":"ReplayTheSpireMod:Splinters","floor":17.0},{"not_picked":["Hallucinations","Spreading Infection"],"picked":"AbeCurse","floor":17.0},{"not_picked":["ReplayTheSpireMod:Restless Dread","Replay:Hysterical Blindness"],"picked":"Looming Evil","floor":17.0},{"not_picked":["theDuelist:Flashbang+1","theDuelist:CoreBlaster","theDuelist:RainbowBridge+1","theDuelist:ElectromagneticTurtle","theDuelist:MetalDetector+1"],"picked":"SKIP","floor":18.0},{"not_picked":["theDuelist:JunkWarrior","theDuelist:DoubleTool","theDuelist:CyberArchfiend","theDuelist:AncientGearChimera","theDuelist:AirCrackingStorm"],"picked":"SKIP","floor":24.0},{"not_picked":["theDuelist:Deskbot001","theDuelist:BlastingFuse"],"picked":"theDuelist:AncientGearExplosive","floor":27.0},{"not_picked":["theDuelist:JunkSpeeder","theDuelist:Terraforming","theDuelist:LostGuardian","theDuelist:ScrapFactory+1","theDuelist:PotGreed"],"picked":"SKIP","floor":28.0},{"not_picked":["theDuelist:CyberArchfiend+1","theDuelist:Deskbot005","theDuelist:YellowGadget","theDuelist:CyberRaider","theDuelist:GadgetSoldier"],"picked":"SKIP","floor":29.0},{"not_picked":["theDuelist:Geargiauger","theDuelist:JunkKuriboh","theDuelist:Biofalcon+1","theDuelist:StimPack","theDuelist:Deskbot005+1"],"picked":"SKIP","floor":31},{"not_picked":["theDuelist:LightningVortex","theDuelist:Sangan","theDuelist:BattleFootballer","theDuelist:IronCall","theDuelist:Wiseman"],"picked":"SKIP","floor":35},{"not_picked":["theDuelist:WormWarlord","theDuelist:Kuriboh+1","theDuelist:WingedKuriboh+1","theDuelist:MagicalStone+1"],"picked":"theDuelist:BlockGolem","floor":36},{"not_picked":["theDuelist:RoboticKnight+1","theDuelist:GenexAllyBirdman+1","theDuelist:IronDraw","theDuelist:Deskbot002+1","theDuelist:AncientGearGadjiltron+1"],"picked":"SKIP","floor":39},{"not_picked":["theDuelist:LightningVortex+1","theDuelist:BigEye+1","theDuelist:Solidarity","theDuelist:PotGenerosity+1","theDuelist:YamiForm+1"],"picked":"SKIP","floor":41},{"not_picked":["theDuelist:Hinotama+1","theDuelist:Sangan","theDuelist:WingedKuriboh","theDuelist:WormWarlord+1"],"picked":"theDuelist:JunkSpeeder","floor":42},{"not_picked":["theDuelist:GravityBlaster","theDuelist:DigitalBug","theDuelist:Oilman+1","theDuelist:SolemnStrike"],"picked":"theDuelist:IronhammerGiant","floor":46},{"not_picked":["theDuelist:UnionHangar+1","theDuelist:Jinzo+1","theDuelist:Geartown+1","theDuelist:CatapultTurtle"],"picked":"SKIP","floor":47},{"not_picked":["theDuelist:ScrapBeast+1","theDuelist:DoubleTool+2","theDuelist:ScrapIronScarecrow","theDuelist:Factory100Machines","theDuelist:PortableBatteryPack"],"picked":"SKIP","floor":48},{"not_picked":["theDuelist:LimiterRemoval","theDuelist:AncientGearExplosive"],"picked":"theDuelist:StimPack","floor":49}],"player_experience":278574,"relics_obtained":[{"floor":7.0,"key":"ReplayFunnel"},{"floor":9.0,"key":"Dream Catcher"},{"floor":14.0,"key":"Nunchaku"},{"floor":26.0,"key":"Thread and Needle"},{"floor":28.0,"key":"Tiny Chest"},{"floor":43,"key":"Blue Candle"},{"floor":44,"key":"ReplayTheSpireMod:Ninjato"},{"floor":46,"key":"theDuelist:ArmorPlateD"},{"floor":46,"key":"Replay:Arrowhead"},{"floor":46,"key":"Magic Flower"}],"event_choices":[{"damage_healed":0.0,"max_hp_gain":0.0,"max_hp_loss":0.0,"gold_gain":0.0,"event_name":"Living Wall","player_choice":"Grow","floor":0.0,"gold_loss":0.0,"damage_taken":0.0,"cards_upgraded":["theDuelist:Biofalcon"]},{"damage_healed":0.0,"max_hp_gain":0.0,"max_hp_loss":0.0,"gold_gain":0.0,"event_name":"Visit from Anubis","player_choice":"Leave","duelist":true,"floor":2.0,"gold_loss":0.0,"damage_taken":0.0},{"damage_healed":0.0,"max_hp_gain":0.0,"max_hp_loss":0.0,"gold_gain":0.0,"event_name":"Card Trader","player_choice":"Purchased Union Hangar for 62 Gold.","duelist":true,"floor":4.0,"gold_loss":0.0,"damage_taken":0.0},{"damage_healed":0.0,"max_hp_gain":0.0,"max_hp_loss":0.0,"gold_gain":0.0,"event_name":"Aknamkanon\u0027s Tomb","player_choice":"Dig - random Duelist relic","duelist":true,"floor":13.0,"gold_loss":0.0,"damage_taken":0.0},{"total_magic_score":62.0,"gold_gain":250.0,"greed_reward":1.0,"duelist":true,"damage_taken":0.0,"relics_obtained":[],"points":4.0,"max_hp_gain":0.0,"max_hp_loss":6.0,"spent_points":{"magic":1.0,"greed":1.0,"war":0.0,"power":1.0,"hunger":1.0},"event_name":"Nameless Tomb","floor":19.0,"gold_loss":0.0,"cards_obtained":[]},{"damage_healed":0.0,"max_hp_gain":0.0,"max_hp_loss":0.0,"gold_gain":0.0,"event_name":"Aknamkanon\u0027s Tomb","player_choice":"Dig - random Duelist relic","duelist":true,"floor":22.0,"gold_loss":0.0,"damage_taken":0.0},{"damage_healed":0,"gold_gain":0,"player_choice":"Forge","damage_taken":0,"max_hp_gain":0,"max_hp_loss":0,"event_name":"Accursed Blacksmith","floor":38,"gold_loss":0,"cards_upgraded":["theDuelist:QuillboltHedgehog"]},{"damage_healed":0,"gold_gain":0,"player_choice":"Fight","duelist":true,"damage_taken":0,"max_hp_gain":0,"max_hp_loss":0,"event_name":"Battle City","floor":46,"gold_loss":0}],"is_beta":false,"boss_relics":[{"not_picked":["Replay:Wanted Poster","ChewingGum"],"picked":"Replay:Ancient Bell"},{"not_picked":["Blue Doll","Centennial Puzzle"],"picked":"Replay:Bandana"},{"not_picked":["theDuelist:BoosterPackHealer","Cables"],"picked":"Gremlin Horn"},{"not_picked":["Incense Burner","Replay:Byrd Feeder"],"picked":"Replay:Towering Pillar of Hats"},{"not_picked":["SacredBark","Cursed Key"],"picked":"Fusion Hammer"}],"items_purged_floors":[21,30,37],"is_endless":false,"potions_floor_spawned":[1,7,12,14,18,28,29,39,42,46],"killed_by":"Awakened One","ascension_level":0}}