{"host":"f5ezd1v29dtbwkzo","time":1610097957,"event":{"mods":["2.2 Compatiblity","BaseMod","Hermit","Hubris","Infinite Spire","Minty Spire (QoL Compilation)","Rare Cards Sparkle","Replay The Spire","StSLib"],"gold_per_floor":[118,137,137,154,166,194,194,223,246,257,269,287,304,304,304,400,400,400,247,247,232,232,232,232,232,232,232,232,232,232,77,77,77,77,77,77,77,77,77,77,77,77,77,77,77,77,77,2,2,2,2,2,2],"floor_reached":52,"playtime":2470,"items_purged":["Replay:Hysterical Blindness","Strike_R"],"score":677,"play_id":"1915aec5-1794-441a-9574-130d38ac17ae","local_time":"20210108122557","is_ascension_mode":false,"campfire_choices":[{"floor":7,"key":"REST"},{"data":"Strike_R+1","floor":23,"key":"SMITH"},{"data":"Strike_R+2","floor":25,"key":"SMITH"},{"floor":32,"key":"REST"},{"floor":41,"key":"REST"},{"data":"Strike_R+3","floor":47,"key":"SMITH"},{"data":"hubris:InfiniteBlow+9","floor":49,"key":"SMITH"},{"floor":51,"key":"DIG"}],"circlet_count":0,"master_deck":["Strike_R+4","Strike_R","Strike_R","Strike_R","Defend_R","Defend_R","Defend_R+1","Defend_R","Bash","Double Tap","Run Through","Anger","Carnage","Intimidate","infinitespire:OneForAll","Flex","Infernal Blade+1","Headbutt","Reaper","Rage","Hemokinesis","ReplayTheSpireMod:Corrosion Curse+1","Flex","Anger","Exhume","Writhe","Clumsy","True Grit+1","Fire Breathing+1","Run Through+1","hubris:InfiniteBlow+10","hubris:DuctTapeCard","Seeing Red+1"],"relics":["Burning Blood","Toy Ornithopter","infinitespire:Lucky Rock","Bag of Marbles","hubris:Towel","Ectoplasm","Simple Rune","hubris:ChampionShield","ReplayFunnel","Oddly Smooth Stone","Replay:Ancient Bell","Pet Ghost","Snack Pack","hubris:GlazedTorus","ReplayTheSpireMod:Spearhead","infinitespire:EvilPickle","hubris:DuctTape","Replay:Arrowhead"],"acts_visited":["Exordium","TheCity","TheBeyond"],"potions_floor_usage":[6,6,11,12,21,24,27,33,37,38,39,40],"damage_taken":[{"damage":12,"enemies":"2 Louse","floor":1,"turns":3},{"damage":1,"enemies":"Cultist","floor":2,"turns":3},{"damage":0,"enemies":"Small Slimes","floor":4,"turns":3},{"damage":15,"enemies":"Gremlin Gang","floor":5,"turns":5},{"damage":30,"enemies":"Lagavulin","floor":6,"turns":6},{"damage":45,"enemies":"Gremlin Nob","floor":8,"turns":5},{"damage":16,"enemies":"Exordium Thugs","floor":10,"turns":3},{"damage":0,"enemies":"3 Louse","floor":11,"turns":1},{"damage":7,"enemies":"Blue Slaver","floor":12,"turns":2},{"damage":0,"enemies":"Exordium Thugs","floor":13,"turns":3},{"damage":32,"enemies":"Slime Boss","floor":16,"turns":8},{"damage":0,"enemies":"Chosen","floor":18,"turns":2},{"damage":7,"enemies":"2 Thieves","floor":21,"turns":2},{"damage":18,"enemies":"Snake Plant","floor":22,"turns":2},{"damage":20,"enemies":"3 Cultists","floor":24,"turns":5},{"damage":18,"enemies":"Chosen and Byrds","floor":27,"turns":5},{"damage":18,"enemies":"Shelled Parasite and Fungi","floor":29,"turns":4},{"damage":69,"enemies":"Pondfish","floor":33,"turns":13},{"damage":16,"enemies":"Orb Walker","floor":35,"turns":4},{"damage":11,"enemies":"3 Shapes","floor":36,"turns":4},{"damage":7,"enemies":"3 Darklings","floor":37,"turns":8},{"damage":32,"enemies":"Spire Growth","floor":38,"turns":4},{"damage":39,"enemies":"Jaw Worm Horde","floor":39,"turns":5},{"damage":67,"enemies":"Giant Head","floor":40,"turns":8},{"damage":35,"enemies":"3 Darklings","floor":44,"turns":6},{"damage":4,"enemies":"Transient","floor":50,"turns":5},{"damage":120,"enemies":"infinitespire:MassOfShapes","floor":52,"turns":11}],"seed_played":"-8401913660398868228","potions_obtained":[{"floor":1,"key":"infinitespire:BlackPotion"},{"floor":2,"key":"FearPotion"},{"floor":10,"key":"BlessingOfTheForge"},{"floor":11,"key":"Swift Potion"},{"floor":16,"key":"FearPotion"},{"floor":18,"key":"Adrenaline Potion"},{"floor":21,"key":"AttackPotion"},{"floor":24,"key":"Block Potion"},{"floor":29,"key":"Cursed Concoction"},{"floor":35,"key":"ColorlessPotion"},{"floor":36,"key":"Toxic Potion"},{"floor":37,"key":"PowerPotion"}],"is_trial":false,"path_per_floor":["M","M","?","M","M","E","R","E","T","M","M","M","M","?","R","B",null,"M","$","?","M","M","R","M","R","T","M","T","M","?","$","R","B",null,"M","M","M","M","M","E","R","AVR","T","M","PTL","PTL","R","$","R","M","R","B"],"character_chosen":"IRONCLAD","items_purchased":["Simple Rune","Oddly Smooth Stone"],"campfire_rested":3,"item_purchase_floors":[19,31],"current_hp_per_floor":[74,79,79,80,71,47,71,32,32,22,33,37,43,43,67,41,80,80,80,80,79,67,67,66,66,66,64,64,56,56,56,80,30,80,77,80,80,68,48,19,43,43,43,59,59,59,59,59,59,74,74,0,0],"gold":2,"neow_bonus":"THREE_RARE_CARDS","is_daily":false,"chose_seed":false,"campfire_upgraded":4,"win_rate":0.0,"timestamp":1610097957,"path_taken":["M","M","?","?","M","E","R","E","T","M","M","M","M","?","R","BOSS","M","$","?","M","M","R","M","R","T","?","?","M","?","?","R","BOSS","M","M","M","M","M","E","R","AVR","T","M","PTL","PTL","R","$","R","M","R","BOSS"],"items_purchased_type":["Relic","Relic"],"build_version":"2020-12-22","purchased_purges":2,"victory":false,"max_hp_per_floor":[80,80,80,80,80,80,80,80,80,80,80,80,80,80,80,80,80,80,80,80,80,80,80,80,80,80,80,80,80,80,80,80,80,80,80,80,80,80,80,80,80,80,80,80,80,80,80,80,80,80,80,80,80],"card_choices":[{"not_picked":["Corruption","Exhume"],"picked":"Double Tap","floor":0},{"not_picked":["ReplayTheSpireMod:Strike From Hell","Iron Wave"],"picked":"Run Through","floor":1},{"not_picked":["Pommel Strike","ReplayTheSpireMod:Limb From Limb"],"picked":"Anger","floor":2},{"not_picked":["Clothesline","Shrug It Off"],"picked":"Carnage","floor":4},{"not_picked":["Body Slam","Clothesline"],"picked":"Intimidate","floor":5},{"not_picked":["Hemogenesis","Clash"],"picked":"infinitespire:OneForAll","floor":6},{"not_picked":["Cleave","Replay:Undeath\u0027s Touch","Body Slam"],"picked":"SKIP","floor":8},{"not_picked":["Clothesline","Sword Boomerang"],"picked":"Flex","floor":10},{"not_picked":["Heavy Blade","True Grit","Evolve"],"picked":"SKIP","floor":11},{"not_picked":["Run Through","Replay:Undeath\u0027s Touch"],"picked":"Infernal Blade","floor":12},{"not_picked":["Cleave","Armaments"],"picked":"Headbutt","floor":13},{"not_picked":["Offering","Impervious"],"picked":"Reaper","floor":16},{"not_picked":["Replay:Undeath\u0027s Touch","Heavy Blade"],"picked":"Rage","floor":18},{"not_picked":["Hemogenesis","Battle Trance"],"picked":"Hemokinesis","floor":21},{"not_picked":["Sever Soul","True Grit"],"picked":"ReplayTheSpireMod:Corrosion Curse+1","floor":22},{"not_picked":["Anger","Bloodletting+1"],"picked":"Flex","floor":24},{"not_picked":["Massacre","hubris:CleavingFinish","Flex"],"picked":"SKIP","floor":27},{"not_picked":["True Grit","Barricade"],"picked":"Anger","floor":29},{"not_picked":["Eclipse","Offering"],"picked":"Exhume","floor":33},{"not_picked":["hubris:Lust","Pain"],"picked":"Replay:Hysterical Blindness","floor":34},{"not_picked":["hubris:Despair","Looming Evil"],"picked":"Writhe","floor":34},{"not_picked":["Spreading Infection","Voices"],"picked":"Clumsy","floor":34},{"not_picked":["Headbutt","Dual Wield+1"],"picked":"True Grit+1","floor":35},{"not_picked":["Defy Death+1","Twin Strike"],"picked":"Fire Breathing+1","floor":36},{"not_picked":["Warcry+1","Replay:Many Hands"],"picked":"Intimidate+1","floor":37},{"not_picked":["Twin Strike","Spot Weakness+1"],"picked":"Run Through+1","floor":38},{"not_picked":["Searing Blow+1","Havoc","Dual Wield"],"picked":"SKIP","floor":39},{"not_picked":["Sever Soul+1","Carnage"],"picked":"Shockwave+1","floor":40},{"not_picked":["Berserk","hubris:ReadiedAction"],"picked":"Seeing Red+1","floor":44},{"not_picked":["Uppercut","True Grit","Anger"],"picked":"SKIP","floor":50}],"player_experience":360909,"relics_obtained":[{"floor":6,"key":"Toy Ornithopter"},{"floor":8,"key":"infinitespire:Lucky Rock"},{"floor":9,"key":"Bag of Marbles"},{"floor":26,"key":"hubris:ChampionShield"},{"floor":28,"key":"ReplayFunnel"},{"floor":40,"key":"ReplayTheSpireMod:Spearhead"},{"floor":43,"key":"hubris:DuctTape"},{"floor":51,"key":"Replay:Arrowhead"}],"event_choices":[{"cards_removed":["Spreading Infection"],"damage_healed":0,"gold_gain":0,"player_choice":"Removed Curses","damage_taken":0,"max_hp_gain":0,"max_hp_loss":0,"event_name":"Fountain of Cleansing","floor":3,"gold_loss":0},{"damage_healed":0,"gold_gain":100,"player_choice":"Pray","damage_taken":0,"max_hp_gain":0,"max_hp_loss":0,"event_name":"Golden Shrine","floor":20,"gold_loss":0},{"damage_healed":0,"gold_gain":99,"player_choice":"Stole From Cult","damage_taken":0,"max_hp_gain":0,"max_hp_loss":0,"event_name":"Nest","floor":30,"gold_loss":0}],"is_beta":false,"boss_relics":[{"not_picked":["Coffee Dripper","hubris:BlackHole"],"picked":"Ectoplasm"},{"not_picked":["Busted Crown","hubris:ScarierMask"],"picked":"Replay:Ancient Bell"},{"not_picked":["ReplayTheSpireMod:Lightbulb","Boot"],"picked":"Pet Ghost"},{"not_picked":["Pear","infinitespire:WardingShard"],"picked":"Snack Pack"},{"not_picked":["Ginger","Mango"],"picked":"hubris:GlazedTorus"}],"items_purged_floors":[42,48],"is_endless":false,"potions_floor_spawned":[1,2,10,11,16,18,21,24,29,35,36,37],"killed_by":"infinitespire:MassOfShapes","ascension_level":0}}