{"host":"ty2cix8xj6r3ad26","time":1610148709,"event":{"mods":["AchievementEnabler","BaseMod","BetterRewards","Minty Spire (QoL Compilation)","Replay The Spire","StSLib","SuperFastMode","The Cursed","The Disciple"],"gold_per_floor":[112,132,7,20,20,50,50,68,68,68,85,85,102,116,116,212,212,231,231,81,97,97,97,97],"floor_reached":23,"playtime":1319,"items_purged":["Strike_R","Defend_R","Strike_R","Strike_R"],"score":195,"play_id":"695ae5a7-c821-40e3-b7a2-cbff42137eb4","local_time":"20210109013149","is_ascension_mode":false,"campfire_choices":[{"floor":7,"key":"REST"},{"data":"Entrench","floor":10,"key":"SMITH"},{"data":"Strike_R","floor":15,"key":"PURGE"}],"circlet_count":0,"master_deck":["Strike_R","Defend_R+1","Defend_R","Defend_R","Bash","Entrench+1","Double Tap","Bludgeon+1"],"relics":["Burning Blood","Calipers","Kunai","Replay:Wax Seal","Gremlin Food","Toy Ornithopter","Mark of Pain"],"acts_visited":["Exordium","TheCity"],"potions_floor_usage":[6,16,22,23],"damage_taken":[{"damage":0,"enemies":"Cultist","floor":1,"turns":3},{"damage":3,"enemies":"Jaw Worm","floor":2,"turns":4},{"damage":2,"enemies":"Small Slimes","floor":4,"turns":6},{"damage":36,"enemies":"Gremlin Nob","floor":6,"turns":5},{"damage":21,"enemies":"3 Louse","floor":8,"turns":5},{"damage":1,"enemies":"2 Fungi Beasts","floor":11,"turns":3},{"damage":0,"enemies":"Large Slime","floor":13,"turns":2},{"damage":4,"enemies":"Blue Slaver","floor":14,"turns":2},{"damage":17,"enemies":"Slime Boss","floor":16,"turns":8},{"damage":22,"enemies":"2 Thieves","floor":18,"turns":3},{"damage":15,"enemies":"Shell Parasite","floor":21,"turns":6},{"damage":0,"enemies":"Snake Plant","floor":22,"turns":2},{"damage":60,"enemies":"Book of Stabbing","floor":23,"turns":5}],"seed_played":"7803765343472656689","potions_obtained":[{"floor":6,"key":"LiquidBronze"},{"floor":8,"key":"Energy Potion"},{"floor":11,"key":"SmokeBomb"},{"floor":18,"key":"Venom Potion"}],"is_trial":false,"path_per_floor":["M","M","$","M","?","E","R","M","T","R","M","?","M","M","R","B",null,"M","?","$","M","M","E"],"character_chosen":"IRONCLAD","items_purchased":["Calipers","Kunai","Replay:Wax Seal","FearPotion"],"campfire_rested":1,"item_purchase_floors":[0,0,0,0],"current_hp_per_floor":[50,53,53,57,57,27,51,36,36,36,41,41,47,49,49,43,80,64,49,49,40,51,0,0],"gold":97,"neow_bonus":"","is_daily":false,"chose_seed":false,"campfire_upgraded":1,"win_rate":0.0,"timestamp":1610148709,"path_taken":["M","M","?","M","?","E","R","?","T","R","M","?","?","M","R","BOSS","M","?","$","M","M","E"],"items_purchased_type":["Relic","Relic","Relic","Potion"],"build_version":"2020-12-22","purchased_purges":4,"victory":false,"max_hp_per_floor":[80,80,80,80,80,80,80,80,80,80,80,80,80,80,80,80,80,80,85,85,85,85,85,85],"card_choices":[{"not_picked":["Iron Wave","Inflame"],"picked":"Entrench","floor":1},{"not_picked":["Replay:Undeath\u0027s Touch","Defy Death","ReplayTheSpireMod:Muscle Training"],"picked":"SKIP","floor":2},{"not_picked":["Power Through","Abandon","Wild Strike"],"picked":"SKIP","floor":4},{"not_picked":["ReplayTheSpireMod:Corrosion Curse","Havoc"],"picked":"Bludgeon","floor":6},{"not_picked":["Pommel Strike","Iron Wave","Cleave"],"picked":"SKIP","floor":8},{"not_picked":["Clothesline","Dark Embrace","Headbutt"],"picked":"SKIP","floor":11},{"not_picked":["Replay:Undeath\u0027s Touch","Ghostly Armor","ReplayTheSpireMod:Strike From Hell"],"picked":"SKIP","floor":13},{"not_picked":["Perfected Strike","Heavy Blade","Replay:Many Hands"],"picked":"SKIP","floor":14},{"not_picked":["Flex","Clothesline","Run Through"],"picked":"SKIP","floor":18},{"not_picked":["Clash","Dark Embrace","Run Through"],"picked":"SKIP","floor":21},{"not_picked":["Clash","Dark Embrace","Run Through"],"picked":"SKIP","floor":21}],"player_experience":470916,"relics_obtained":[{"floor":6,"key":"Gremlin Food"},{"floor":9,"key":"Toy Ornithopter"}],"event_choices":[{"damage_healed":0,"gold_gain":0,"player_choice":"1 cards matched","damage_taken":0,"max_hp_gain":0,"max_hp_loss":0,"event_name":"Match and Keep!","floor":5,"gold_loss":0,"cards_obtained":["Double Tap"]},{"damage_healed":0,"gold_gain":0,"player_choice":"Upgraded","damage_taken":0,"max_hp_gain":0,"max_hp_loss":0,"event_name":"Upgrade Shrine","floor":12,"gold_loss":0,"cards_upgraded":["Bludgeon"]},{"damage_healed":0,"gold_gain":0,"player_choice":"Shed Blood","damage_taken":20,"max_hp_gain":5,"max_hp_loss":0,"event_name":"Forgotten Altar","floor":19,"gold_loss":0}],"is_beta":false,"boss_relics":[{"not_picked":["Replay:Bronze Core","Tiny House"],"picked":"Mark of Pain"}],"items_purged_floors":[0,0,3,20],"is_endless":false,"potions_floor_spawned":[6,8,11,18],"killed_by":"Book of Stabbing","ascension_level":0}}