{"host":"a3oe3gstxz77c7qu","time":1610147899,"event":{"mods":["2.2 Compatiblity","Act Like it!","BaseMod","Bestiary","Better Altar","Better Match","Better Note","Better Skull","Better Third Choice","Block Reminder","Curses Come First","Custom Start","Downfall","Friendly Minions","GifTheSpireLib","Hermit","Infinite Spire","Jorbs\u0027s Wanderer Trilogy","Lobotomy","LobotomyExtend","Marisa????????","Minty Spire (QoL Compilation)","Permanent Neow","Quick Restart","Relic Stats","Replay The Spire","StSLib","The Bug Knight","The Disciple","Uncapped","Wandering Minibosses"],"gold_per_floor":[111,111,129,145,155,155,1,1,1,18,18,43,43,53,53,152,252,263,263,274,274,274,274,288,307,307,307,307,307,232,232,232,330,330,345,357,357,370,295,295,220,220,220,220,232,262,262,262,262],"floor_reached":48,"playtime":3284,"items_purged":["Strike_Br","Wraith"],"score":504,"play_id":"f4577fe8-29fe-4b5a-9d43-06122947efd1","local_time":"20210108231819","is_ascension_mode":true,"campfire_choices":[{"floor":6.0,"key":"REST"},{"floor":8.0,"key":"REST"},{"data":"SecondHand","floor":11.0,"key":"SMITH"},{"floor":13.0,"key":"REST"},{"data":"BeatsPerMinute","floor":15.0,"key":"SMITH"},{"data":"infinitespire:SevenWalls","floor":23.0,"key":"SMITH"},{"floor":27.0,"key":"REST"},{"floor":32,"key":"REST"},{"data":"wanderingMiniBosses:FinaleOfPromise","floor":40,"key":"SMITH"},{"data":"Keepsakes","floor":42,"key":"SMITH"},{"data":"TickedOff","floor":44,"key":"SMITH"}],"circlet_count":0,"master_deck":["BodiesMountain","BlueStar","Allargando+1","BigBird","LongBird","Strike_Br","Strike_Br","Strike_Br","Defend_Br","Defend_Br","Defend_Br","Defend_Br","SecondHand+1","PatternShift","BlueShift","ExoVibe","UniverseFragment","BeatsPerMinute+1","SlimeSpray","ExoVibe","HereticApostle","Keepsakes+1","SnowQueen","infinitespire:SevenWalls+1","SingingMachine","TickedOff+1","wanderingMiniBosses:FinaleOfPromise+1","Cuckoo"],"relics":["CogitoBucket","RabbitCall","LetterFromLob","Justitia_r","HandDrill","Regal Pillow","Iron Hammer","BackwardClock","Replay:Wanted Poster","Chronograph","Turnip","Ring of Panic","Ring of Searing","Lamp_r","TreeSap","HollowMod:StagPassRelic","SoundOfStar_r","Snecko Heart","TheSmile_r","AtMidnight","wanderingMiniBosses:Blackblade","SkinProphecy","Quantum Egg","Replay:Rubber Ducky"],"acts_visited":["Exordium","TheCity","TheBeyond"],"potions_floor_usage":[33,35,38],"damage_taken":[{"damage":3.0,"enemies":"2 Louse","floor":1.0,"turns":4.0},{"damage":46.0,"enemies":"Cultist","floor":3.0,"turns":8.0},{"damage":2.0,"enemies":"Jaw Worm","floor":4.0,"turns":6.0},{"damage":1.0,"enemies":"3 Louse","floor":5.0,"turns":6.0},{"damage":22.0,"enemies":"Lots of Slimes","floor":10.0,"turns":7.0},{"damage":2.0,"enemies":"Replay:BlueRogue","floor":12.0,"turns":5.0},{"damage":1.0,"enemies":"Large Slime","floor":14.0,"turns":5.0},{"damage":7.0,"enemies":"Fading Forest","floor":16.0,"turns":11.0},{"damage":2.0,"enemies":"Chosen","floor":18.0,"turns":6.0},{"damage":0.0,"enemies":"Shell Parasite","floor":20.0,"turns":6.0},{"damage":31.0,"enemies":"Centurion and Healer","floor":24.0,"turns":9.0},{"damage":15.0,"enemies":"Snake Plant","floor":25.0,"turns":4.0},{"damage":19,"enemies":"Sentry and Sphere","floor":28,"turns":5},{"damage":50,"enemies":"Colosseum Slavers","floor":29,"turns":4},{"damage":27,"enemies":"Pondfish","floor":33,"turns":11},{"damage":17,"enemies":"3 Darklings","floor":35,"turns":4},{"damage":53,"enemies":"3 Shapes","floor":36,"turns":9},{"damage":9,"enemies":"Spire Growth","floor":38,"turns":2},{"damage":18,"enemies":"4 Shapes","floor":45,"turns":2},{"damage":23,"enemies":"Nemesis","floor":46,"turns":5},{"damage":75,"enemies":"Maw","floor":48,"turns":4}],"seed_played":"-4833067271687814679","potions_obtained":[{"floor":1.0,"key":"SpeedPotion"},{"floor":10.0,"key":"EssenceOfSteel"},{"floor":14.0,"key":"LiquidBronze"},{"floor":16.0,"key":"Swift Potion"},{"floor":25.0,"key":"champ:CounterPotion"},{"floor":33,"key":"sneckomod:MuddlingPotion"},{"floor":36,"key":"Fire Potion"},{"floor":45,"key":"Energy Potion"}],"is_trial":false,"path_per_floor":["M","?","M","M","M","R","$","R","T","M","R","E","R","M","R","B",null,"M","AVR","M","?","?","R","M","M","T","R","M","?","?","?","R","B",null,"M","M","?","M","?","R","$","R","T","R","M","E","$","M"],"character_chosen":"CHRONO_CLASS","items_purchased":["HandDrill"],"campfire_rested":5,"item_purchase_floors":[7],"current_hp_per_floor":[62,62,16,14,13,32,32,51,51,29,29,27,61,60,60,65,65,63,63,63,63,63,63,32,21,21,55,48,10,10,10,44,60,65,54,43,43,56,56,56,56,56,56,56,52,59,59,0,0],"gold":262,"neow_bonus":"","is_daily":false,"chose_seed":false,"campfire_upgraded":6,"win_rate":0.0,"timestamp":1610147899,"path_taken":["M","?","M","M","M","R","$","R","T","M","R","E","R","M","R","BOSS","M","AVR","M","?","?","R","M","M","T","R","?","?","?","?","R","BOSS","M","M","?","M","?","R","$","R","T","R","M","E","?","M"],"items_purchased_type":["Relic"],"build_version":"2020-12-22","purchased_purges":2,"victory":false,"max_hp_per_floor":[65,65,65,65,65,65,65,65,65,65,65,65,65,65,65,65,65,65,65,65,65,65,65,65,65,65,65,65,65,65,65,65,65,65,65,65,65,67,67,67,67,67,67,67,69,71,71,75,75],"relic_stats":{"Regal Pillow":45,"counters":[25,125],"Turnip":[10],"HandDrill":[34],"obtain_stats":[{"RabbitCall":0,"Regal Pillow":9,"Snecko Heart":34,"SkinProphecy":36,"HollowMod:StagPassRelic":26,"Ring of Searing":22,"Replay:Rubber Ducky":46,"Replay:Wanted Poster":17,"Lamp_r":24,"CogitoBucket":0,"TreeSap":25,"Iron Hammer":12,"HandDrill":7,"Ring of Panic":22,"BackwardClock":14,"Quantum Egg":43,"Chronograph":19,"wanderingMiniBosses:Blackblade":36,"Chronometer":0,"TheSmile_r":35,"SoundOfStar_r":33,"AtMidnight":36,"Turnip":19,"LetterFromLob":1,"Justitia_r":3},{"RabbitCall":0,"Regal Pillow":4,"Snecko Heart":17,"SkinProphecy":20,"HollowMod:StagPassRelic":14,"Ring of Searing":11,"Replay:Rubber Ducky":23,"Replay:Wanted Poster":9,"Lamp_r":12,"CogitoBucket":0,"TreeSap":14,"Iron Hammer":6,"HandDrill":4,"Ring of Panic":11,"BackwardClock":8,"Quantum Egg":21,"Chronograph":10,"wanderingMiniBosses:Blackblade":20,"Chronometer":0,"TheSmile_r":18,"SoundOfStar_r":17,"AtMidnight":20,"Turnip":10,"LetterFromLob":1,"Justitia_r":2},{"RabbitCall":0,"Regal Pillow":24,"Snecko Heart":99,"SkinProphecy":113,"HollowMod:StagPassRelic":79,"Ring of Searing":65,"Replay:Rubber Ducky":121,"Replay:Wanted Poster":53,"Lamp_r":68,"CogitoBucket":0,"TreeSap":79,"Iron Hammer":36,"HandDrill":24,"Ring of Panic":65,"BackwardClock":42,"Quantum Egg":115,"Chronograph":59,"wanderingMiniBosses:Blackblade":113,"Chronometer":0,"TheSmile_r":103,"SoundOfStar_r":97,"AtMidnight":113,"Turnip":59,"LetterFromLob":4,"Justitia_r":11}]},"card_choices":[{"not_picked":["BeautyBeast","CrumblingArmor"],"picked":"LongBird","floor":1.0},{"not_picked":["AlternateTimeline","DaylightSavings","BiteCommand"],"picked":"SKIP","floor":1.0},{"not_picked":["LockedScales","ReapSow"],"picked":"BlueShift","floor":3.0},{"not_picked":["SnowQueen","Wellcheers","Murderer"],"picked":"Singing Bowl","floor":3.0},{"not_picked":["BiteCommand","Parity"],"picked":"ExoVibe","floor":4.0},{"not_picked":["ShyLook","BeautyBeast"],"picked":"UniverseFragment","floor":4.0},{"not_picked":["LockedMedicine","LockedOrichalcum"],"picked":"BeatsPerMinute","floor":5.0},{"not_picked":["HeroicMonk","SnowQueen","Wellcheers"],"picked":"Singing Bowl","floor":5.0},{"not_picked":["Break","LockedMedicine"],"picked":"SlimeSpray","floor":10.0},{"not_picked":["RedShoes","GreedKing","Bloodbath"],"picked":"Singing Bowl","floor":10.0},{"not_picked":["HappyTeddy","ShyLook"],"picked":"BlueStar","floor":10.0},{"not_picked":["WindUp","FormalWear"],"picked":"ExoVibe","floor":12.0},{"not_picked":["ShyLook","CherryBlossoms","QueenBee"],"picked":"Singing Bowl","floor":12.0},{"not_picked":["Mercenary","Variant","Yin"],"picked":"Singing Bowl","floor":14.0},{"not_picked":["LockedFlame","LockedMedicine","WindUp"],"picked":"SKIP","floor":14.0},{"not_picked":["Echonomics","LockedAstrolabe"],"picked":"OldTimer","floor":16.0},{"not_picked":["OSAHOGD","PunishingBird","CrumblingArmor"],"picked":"Singing Bowl","floor":16.0},{"not_picked":["LockedOrichalcum","CrunchTime"],"picked":"Keepsakes","floor":18.0},{"not_picked":["Wellcheers","DespairKnight"],"picked":"SnowQueen","floor":18.0},{"not_picked":["QueenOfHatred","Porccubus","Laetitia"],"picked":"Singing Bowl","floor":20.0},{"not_picked":["SpiderBud","BigBadWolf"],"picked":"BigBird","floor":20.0},{"not_picked":["WindUp","BiteCommand","Cuckoo"],"picked":"SKIP","floor":20.0},{"not_picked":["ShyLook","CrumblingArmor"],"picked":"BodiesMountain","floor":24.0},{"not_picked":["Parity+1","LockedBlood","BlueShift"],"picked":"SKIP","floor":24.0},{"not_picked":["Parity+1","LockedBlood","BlueShift"],"picked":"SKIP","floor":24.0},{"not_picked":["GreedKing","OSAHOGD"],"picked":"QueenOfHatred","floor":25.0},{"not_picked":["Parity+1","WatchCommand","MasterKey"],"picked":"SKIP","floor":25.0},{"not_picked":["FairyFestival","Alriune","Wellcheers"],"picked":"Singing Bowl","floor":28},{"not_picked":["Goo","AlternateTimeline","TiringSlam"],"picked":"SKIP","floor":28},{"not_picked":["FieryBird","LaLuna","Mercenary"],"picked":"Singing Bowl","floor":33},{"not_picked":["Variant","Wellcheers"],"picked":"SingingMachine","floor":33},{"not_picked":["ReapSow+1","Tempo+1"],"picked":"TickedOff","floor":35},{"not_picked":["Murderer","Scorched","MeatLantern"],"picked":"Singing Bowl","floor":35},{"not_picked":[],"picked":"wanderingMiniBosses:FinaleOfPromise","floor":36},{"not_picked":["Engulf","HandsUpC"],"picked":"Cuckoo","floor":36},{"not_picked":["DreamingCurrent","LittlePrince","Scarecrow"],"picked":"Singing Bowl","floor":36},{"not_picked":["LittlePrince","MeatLantern","HeroicMonk"],"picked":"Singing Bowl","floor":38},{"not_picked":["Break","LockedMedicine+1","AlternateTimeline+1"],"picked":"SKIP","floor":38},{"not_picked":["Freischutz","WhitesApple","Rudolta"],"picked":"Singing Bowl","floor":45},{"not_picked":["WhitesApple","FieryBird"],"picked":"WhiteNight","floor":45},{"not_picked":["LockedAnchor","ReapSow","ExoVibe"],"picked":"SKIP","floor":45},{"not_picked":["LittleHelper","LittlePrince"],"picked":"MeltingLove","floor":46},{"not_picked":["LockedBlood+1","LockedFlame","LockedPlans+1"],"picked":"SKIP","floor":46}],"player_experience":941066,"relics_obtained":[{"floor":1.0,"key":"LetterFromLob"},{"floor":9.0,"key":"Regal Pillow"},{"floor":12.0,"key":"Iron Hammer"},{"floor":22.0,"key":"Ring of Panic"},{"floor":22.0,"key":"Ring of Searing"},{"floor":26.0,"key":"HollowMod:StagPassRelic"},{"floor":36,"key":"AtMidnight"},{"floor":36,"key":"wanderingMiniBosses:Blackblade"},{"floor":43,"key":"Quantum Egg"},{"floor":46,"key":"Replay:Rubber Ducky"}],"event_choices":[{"damage_healed":0.0,"max_hp_gain":0.0,"max_hp_loss":0.0,"gold_gain":0.0,"event_name":"The Woman in Blue","player_choice":"Bought 0 Potions","floor":2.0,"gold_loss":0.0,"damage_taken":0.0},{"damage_healed":0,"gold_gain":0,"player_choice":"Fight","damage_taken":0,"max_hp_gain":0,"max_hp_loss":0,"event_name":"Colosseum","floor":29,"gold_loss":0},{"damage_healed":0,"gold_gain":0,"player_choice":"Fled From Nobs","damage_taken":0,"max_hp_gain":0,"max_hp_loss":0,"event_name":"Colosseum","floor":29,"gold_loss":0},{"cards_removed":["Languid"],"damage_healed":0,"gold_gain":0,"player_choice":"Gave Gold","damage_taken":0,"max_hp_gain":0,"max_hp_loss":0,"event_name":"Beggar","floor":30,"gold_loss":75},{"damage_healed":0,"gold_gain":0,"player_choice":"Upgraded","damage_taken":0,"max_hp_gain":0,"max_hp_loss":0,"event_name":"Upgrade Shrine","floor":31,"gold_loss":0,"cards_upgraded":["OldTimer"]},{"damage_healed":0,"gold_gain":0,"player_choice":"Ignored","damage_taken":0,"max_hp_gain":0,"max_hp_loss":0,"event_name":"OrinTheCat","floor":37,"gold_loss":0},{"damage_healed":0,"gold_gain":0,"player_choice":"3","damage_taken":0,"max_hp_gain":0,"max_hp_loss":0,"event_name":"betterMatch:BetterMatch","floor":39,"gold_loss":0,"cards_obtained":[]}],"is_beta":false,"boss_relics":[{"not_picked":["Abe\u0027s Treasure","Kintsugi"],"picked":"Replay:Wanted Poster"},{"not_picked":["Pandora\u0027s Box","Metronome"],"picked":"Snecko Heart"}],"items_purged_floors":[19,41],"is_endless":false,"potions_floor_spawned":[1,10,14,16,25,33,36,45],"killed_by":"Maw","ascension_level":2}}