{"host":"9tzam4717zt8ei1o","time":1610123646,"event":{"mods":["BaseMod","Colored Map","Keyboard Shortcuts","Minty Spire (QoL Compilation)","Quick Restart","StSLib","SuperFastMode"],"gold_per_floor":[115,115,133,150,165,165,195,195,221,146,173,86,100,118,118,192,192,202,202,127,27,27,27,27,27],"floor_reached":24,"playtime":481,"items_purged":["Strike_R","Strike_R"],"score":412,"play_id":"ee89b77f-35c0-4328-a7d9-1441fbf74fca","local_time":"20210109013406","is_ascension_mode":true,"campfire_choices":[{"data":"Wild Strike","floor":6.0,"key":"SMITH"},{"data":"Shockwave","floor":8.0,"key":"SMITH"},{"data":"Pommel Strike","floor":15.0,"key":"SMITH"},{"data":"Barricade","floor":23.0,"key":"SMITH"}],"circlet_count":0,"master_deck":["AscendersBane","Strike_R","Defend_R","Defend_R","Defend_R","Defend_R","Bash","Wild Strike+1","Pommel Strike+1","Shockwave+1","Second Wind","Feel No Pain","Feel No Pain","Barricade+1"],"relics":["Burning Blood","Boot","Toy Ornithopter","Art of War","Mark of Pain"],"acts_visited":["Exordium","TheCity"],"potions_floor_usage":[],"damage_taken":[{"damage":1.0,"enemies":"Cultist","floor":1.0,"turns":3.0},{"damage":6.0,"enemies":"Jaw Worm","floor":3.0,"turns":4.0},{"damage":0.0,"enemies":"2 Louse","floor":4.0,"turns":3.0},{"damage":12.0,"enemies":"Looter","floor":5.0,"turns":3.0},{"damage":40.0,"enemies":"Lagavulin","floor":7.0,"turns":6.0},{"damage":30.0,"enemies":"3 Sentries","floor":11.0,"turns":6.0},{"damage":7.0,"enemies":"Blue Slaver","floor":13.0,"turns":5.0},{"damage":8.0,"enemies":"3 Louse","floor":14.0,"turns":4.0},{"damage":11.0,"enemies":"Slime Boss","floor":16.0,"turns":13.0},{"damage":26.0,"enemies":"3 Byrds","floor":18.0,"turns":9.0},{"damage":0.0,"enemies":"Shell Parasite","floor":19.0,"turns":1.0},{"damage":67,"enemies":"Book of Stabbing","floor":24,"turns":7}],"seed_played":"5782669033851088724","potions_obtained":[{"floor":4.0,"key":"Swift Potion"},{"floor":5.0,"key":"LiquidMemories"},{"floor":14.0,"key":"EntropicBrew"}],"is_trial":false,"path_per_floor":["M","?","M","M","M","R","E","R","T","$","E","$","M","M","R","B",null,"M","M","?","$","?","R","E"],"character_chosen":"IRONCLAD","items_purchased":["Feel No Pain"],"campfire_rested":0,"item_purchase_floors":[12],"current_hp_per_floor":[69,69,69,75,69,69,35,35,35,35,21,21,20,18,18,23,73,53,64,64,64,64,64,0,0],"gold":27,"neow_bonus":"TWENTY_PERCENT_HP_BONUS","is_daily":false,"chose_seed":false,"campfire_upgraded":4,"win_rate":0.0,"timestamp":1610123646,"path_taken":["M","?","M","M","?","R","E","R","T","$","E","$","M","?","R","BOSS","M","M","?","$","?","R","E"],"items_purchased_type":["Card"],"build_version":"2020-12-22","purchased_purges":2,"victory":false,"max_hp_per_floor":[89,89,89,89,89,89,89,89,89,89,89,89,89,89,89,89,89,89,89,89,89,89,89,89,89],"card_choices":[{"not_picked":["Armaments","Rampage"],"picked":"Wild Strike","floor":1.0},{"not_picked":["Perfected Strike","Pummel","Clothesline"],"picked":"SKIP","floor":3.0},{"not_picked":["Clash","Dual Wield"],"picked":"Pommel Strike","floor":4.0},{"not_picked":["Iron Wave","Infernal Blade","Combust"],"picked":"SKIP","floor":5.0},{"not_picked":["Havoc","Clash"],"picked":"Shockwave","floor":7.0},{"not_picked":["Headbutt","Hemokinesis"],"picked":"Second Wind","floor":11.0},{"not_picked":["Rampage","Armaments"],"picked":"Feel No Pain","floor":13.0},{"not_picked":["Perfected Strike","Whirlwind","Armaments"],"picked":"SKIP","floor":14.0},{"not_picked":["Demon Form","Immolate"],"picked":"Barricade","floor":16.0},{"not_picked":["Flex","Sword Boomerang","True Grit"],"picked":"SKIP","floor":18.0}],"player_experience":157412,"relics_obtained":[{"floor":7.0,"key":"Boot"},{"floor":9.0,"key":"Toy Ornithopter"},{"floor":11.0,"key":"Art of War"}],"event_choices":[{"cards_removed":["Strike_R"],"damage_healed":0.0,"max_hp_gain":0.0,"max_hp_loss":0.0,"gold_gain":0.0,"event_name":"Bonfire Elementals","player_choice":"Offered Basic","floor":2.0,"gold_loss":0.0,"damage_taken":0.0},{"cards_removed":["Strike_R"],"damage_healed":0.0,"max_hp_gain":0.0,"max_hp_loss":0.0,"gold_gain":0.0,"event_name":"Beggar","player_choice":"Gave Gold","floor":20.0,"gold_loss":75.0,"damage_taken":0.0},{"damage_healed":0.0,"max_hp_gain":0.0,"max_hp_loss":0.0,"gold_gain":0.0,"event_name":"The Mausoleum","player_choice":"Ignored","floor":22.0,"gold_loss":0.0,"damage_taken":0.0}],"is_beta":false,"boss_relics":[{"not_picked":["Tiny House","Calling Bell"],"picked":"Mark of Pain"}],"items_purged_floors":[10,21],"is_endless":false,"potions_floor_spawned":[4,5,14],"killed_by":"Book of Stabbing","ascension_level":20}}