{"host":"1shobamjx3kfwgso","time":1610067912,"event":{"mods":["2.2 Compatiblity","AchievementEnabler","Act Like it!","Aspiration","BaseMod","Beaked The Cultist","Better Altar","Better Match","Better Sensory Stone","Better Skull","Better Third Choice","BetterRewards","Block Reminder","CCEM","CapriCore","Challenge The Spire","Clockwork Mod","Colored Map","Colored Powertips","Conjunction","Conspire","Defuse TimeMaze Blight","Downfall","Energized Spire","Exacting","FoggyMod","GifTheSpireLib","GungeonMod","Halation","Hallownest","Hermit","Highlight Path","Hubris","Infinite Spire","Ironclad Rager","JesterMod","Lobotomy","LobotomyExtend","Mimic Mod","Minty Spire (QoL Compilation)","Pale of the Ancients","Quick Restart","Relic Sorter","Replay The Spire","Shade Mod","Shop Mod","StSLib","Stuff the Spire","The Bladedancer","The Blue Laboratory","The Bug Knight","The Construct","The Cursed","The Dragon Tamer","The Druid","The Immortal","The Juggle","The Marked","The Mystic","The Sage","The Servant 0.9.4","TheFirefly","TheVacant","Uncapped","vexMod"],"gold_per_floor":[118,118,118,118,118,118,132,132,178,206,206,206,33,50,50,149,149,164,79,79,79,79,79,79,126,152,168,168,168,168,268,268,382,382,404,404,504,54,2,2,42,53,53,53,53,175,175,215,215,220,275,275],"floor_reached":53,"playtime":3224,"items_purged":[],"score":818,"play_id":"5c4437d4-cd8b-483e-9eae-02f0ebe52990","local_time":"20210107200512","is_ascension_mode":false,"campfire_choices":[{"data":"DemoMod:ManualReload","floor":6.0,"key":"SMITH"},{"data":"DemoMod:HungryBullets","floor":8.0,"key":"SMITH"},{"data":"DemoMod:PotionOfGunFriendShip","floor":15.0,"key":"SMITH"},{"floor":23.0,"key":"REST"},{"floor":28.0,"key":"REST"},{"floor":32.0,"key":"REST"},{"floor":40.0,"key":"REST"},{"floor":44.0,"key":"RECALL"},{"data":"hubris:Fate","floor":47.0,"key":"SMITH"},{"data":"DemoMod:BulletBore","floor":49.0,"key":"SMITH"}],"circlet_count":0,"master_deck":["DemoMod:Strike_Huntress","DemoMod:Strike_Huntress","DemoMod:Defend_Huntress","DemoMod:Defend_Huntress","DemoMod:Defend_Huntress","DemoMod:Defend_Huntress","DemoMod:Roll","DemoMod:ManualReload+1","DemoMod:RustySidearm","DemoMod:CrossBow","OSAHOGD","DemoMod:TableSutra+1","Bloodbath","DemoMod:HungryBullets+1","DemoMod:AbyssalTentacle+1","DemoMod:Evolver","DemoMod:Evolver","DemoMod:HungryBullets","DemoMod:HungryBullets","DemoMod:PotionOfGunFriendShip+1","MHz","Wellcheers","Bite","Bite","Bite","Bite","Bite","infinitespire:Starlight","hubris:Fate+1","DemoMod:FinishedGun+1","DemoMod:BlankBullets+1","DemoMod:FullFirepower+1","DemoMod:FightSabre+1","LongBird","DemoMod:BlankBullets+1","expansioncontent:DecasProtection","DemoMod:FightSabre+1","DemoMod:BulletBore+1"],"relics":["DemoMod:Dog","halation:PinkSoulGem","hubris:Icosahedron","CogitoBucket","RabbitCall","LetterFromLob","hubris:Towel","Omamori","Bronze Scales","sagemod:Creepy_Carousel","DemoMod:GnawedKey","halation:PinkAlligatorPlush","CCEMRelics:Pendulum","MutagenicStrength","Necronomicon","ReplayTheSpireMod:Shallot","Gremlin Horn","StuffTheSpire:Mouthbags","vexMod:GildedClover","DemoMod:RatBoots","Golden Egg","aspiration:RitualDagger","Mango","vexMod:Spyglass","DemoMod:WhiteGuonStone","Mercury Hourglass"],"acts_visited":["Exordium","TheCity","TheBeyond"],"potions_floor_usage":[],"damage_taken":[{"damage":0.0,"enemies":"Small Slimes","floor":1.0,"turns":4.0},{"damage":0.0,"enemies":"Jaw Worm","floor":7.0,"turns":4.0},{"damage":0.0,"enemies":"2 Louse","floor":9.0,"turns":9.0},{"damage":9.0,"enemies":"3 Sentries","floor":10.0,"turns":10.0},{"damage":9.0,"enemies":"2 Louse","floor":14.0,"turns":3.0},{"damage":4.0,"enemies":"Hexaghost","floor":16.0,"turns":9.0},{"damage":38.0,"enemies":"Spheric Guardian","floor":18.0,"turns":3.0},{"damage":22.0,"enemies":"2 Thieves","floor":25.0,"turns":11.0},{"damage":2.0,"enemies":"2 Thieves","floor":27.0,"turns":1.0},{"damage":26.0,"enemies":"Colosseum Slavers","floor":31.0,"turns":5.0},{"damage":6.0,"enemies":"Colosseum Nobs","floor":31.0,"turns":3.0},{"damage":2.0,"enemies":"conspire:MysteriousRune","floor":33.0,"turns":1.0},{"damage":111.0,"enemies":"3 Shapes","floor":35.0,"turns":11.0},{"damage":50.0,"enemies":"Orb Walker","floor":41.0,"turns":4.0},{"damage":15.0,"enemies":"Transient","floor":42.0,"turns":3.0},{"damage":3.0,"enemies":"Sphere and 2 Shapes","floor":48.0,"turns":1.0},{"damage":212.0,"enemies":"Awakened One","floor":50.0,"turns":11.0},{"damage":96.0,"enemies":"Malkuth","floor":51.0,"turns":13.0},{"damage":123.0,"enemies":"Hod","floor":51.0,"turns":12.0},{"damage":5.0,"enemies":"Geburah","floor":52.0,"turns":1.0},{"damage":87,"enemies":"Hokma","floor":53,"turns":4},{"damage":22,"enemies":"Angela","floor":53,"turns":2}],"seed_played":"2785467752291117625","potions_obtained":[{"floor":7.0,"key":"SkillPotion"},{"floor":10.0,"key":"blueLaboratory:LouseDecoction"},{"floor":14.0,"key":"Energy Potion"},{"floor":18.0,"key":"Venom Potion"},{"floor":27.0,"key":"DemoMod:LeadSkinPotion"},{"floor":33.0,"key":"DemoMod:LeadSkinPotion"},{"floor":35.0,"key":"blueLaboratory:HorrorPotion"},{"floor":46.0,"key":"FairyPotion"}],"is_trial":false,"path_per_floor":["M","?","?","T","?","R","M","R","MIM","E","?","?","$","M","R","B",null,"M","?","M","?","?","R","?","MIM","T","M","R","?","AVR","?","R","B",null,"M","?","M","$","$","R","M","M","T","R","?","?","R","M","R","B",null,null,null,null,null],"character_chosen":"HUNTRESS","items_purchased":["DemoMod:GnawedKey","DemoMod:HungryBullets","Mango","vexMod:Spyglass","Energy Potion"],"campfire_rested":4,"item_purchase_floors":[13,13,38,38,39],"current_hp_per_floor":[70,70,70,70,70,70,70,70,70,65,65,65,65,59,59,59,70,32,32,32,16,16,37,37,25,25,25,46,46,46,41,62,60,70,7,7,7,21,21,46,12,84,84,84,84,84,84,83,83,35,84,79],"gold":275,"neow_bonus":"","is_daily":false,"chose_seed":false,"campfire_upgraded":5,"win_rate":0.0,"timestamp":1610067912,"path_taken":["M","?","?","?","?","R","?","R","MIM","E","?","?","$","?","R","BOSS","M","?","?","?","?","R","?","?","T","?","R","?","AVR","?","R","BOSS","M","?","?","?","?","R","?","?","T","R","?","?","R","?","R","BOSS"],"items_purchased_type":["Relic","Card","Relic","Relic","Potion"],"build_version":"2020-12-22","purchased_purges":0,"victory":true,"max_hp_per_floor":[70,70,70,70,70,70,70,70,70,70,70,70,70,70,70,70,70,70,70,70,70,70,70,70,70,70,70,70,70,70,70,70,70,70,70,70,70,84,84,84,84,84,84,84,84,84,84,84,84,84,84,84],"card_choices":[{"not_picked":["OldLady","Scorched"],"picked":"OSAHOGD","floor":1.0},{"not_picked":["DemoMod:HardPowerCard","DemoMod:BattleInHaste"],"picked":"DemoMod:TableSutra","floor":1.0},{"not_picked":["SilentOrchestra","HappyTeddy","Rudolta"],"picked":"Singing Bowl","floor":7.0},{"not_picked":["OldLady","DreamingCurrent"],"picked":"Bloodbath","floor":7.0},{"not_picked":["DemoMod:HardPowerCard","DemoMod:RadGun"],"picked":"DemoMod:HungryBullets","floor":7.0},{"not_picked":["UniverseFragment","FieryBird"],"picked":"PunishingBird","floor":9.0},{"not_picked":["DemoMod:ProbeStrike","DemoMod:SAA"],"picked":"DemoMod:AbyssalTentacle","floor":9.0},{"not_picked":["DemoMod:Polaris","DemoMod:HungryBullets"],"picked":"DemoMod:Evolver","floor":10.0},{"not_picked":["Porccubus","CherryBlossoms","Murderer"],"picked":"Singing Bowl","floor":10.0},{"not_picked":["DemoMod:FeignSurrender","DemoMod:RadGun"],"picked":"DemoMod:Evolver","floor":10.0},{"not_picked":["DemoMod:ShadowBullets","DemoMod:CombinedRifle"],"picked":"DemoMod:PotionOfGunFriendShip","floor":14.0},{"not_picked":["LaLuna","SpiderBud"],"picked":"MHz","floor":14.0},{"not_picked":["Scorched","CherryBlossoms","Funeral"],"picked":"Singing Bowl","floor":16.0},{"not_picked":["DemoMod:BSG","DemoMod:FullFirepower"],"picked":"DemoMod:BulletBore","floor":16.0},{"not_picked":["DemoMod:GunstockTap","DemoMod:DirectionalPad","DemoMod:FastSwitch"],"picked":"SKIP","floor":18.0},{"not_picked":["Funeral","GalaxyChild"],"picked":"Wellcheers","floor":25.0},{"not_picked":["WallGazer","NakedNest"],"picked":"LongBird","floor":27.0},{"not_picked":["DemoMod:ChanceBullets","DemoMod:HuntsMan","DemoMod:FastSwitch"],"picked":"SKIP","floor":27.0},{"not_picked":["Woodsman","WallGazer","HeroicMonk"],"picked":"Singing Bowl","floor":31.0},{"not_picked":["DemoMod:Elimentaler","DemoMod:BulletBore"],"picked":"DemoMod:FinishedGun","floor":31.0},{"not_picked":["DemoMod:Desperate","DemoMod:Eureka"],"picked":"DemoMod:BlankBullets","floor":33.0},{"not_picked":["LaLuna","BeautyBeast","Woodsman"],"picked":"Singing Bowl","floor":33.0},{"not_picked":["DemoMod:Elimentaler","DemoMod:DarkMarker"],"picked":"DemoMod:FullFirepower","floor":35.0},{"not_picked":["ShyLook","BigBadWolf"],"picked":"BigBird","floor":35.0},{"not_picked":["VoidDream","CENSORED","GalaxyChild"],"picked":"Singing Bowl","floor":41.0},{"not_picked":["DemoMod:Desperate","DemoMod:BulletBore"],"picked":"DemoMod:FightSabre","floor":41.0},{"not_picked":["BigBird","BlackArmy"],"picked":"LongBird","floor":42.0},{"not_picked":["DemoMod:Behold!","DemoMod:FullFirepower"],"picked":"DemoMod:BlankBullets","floor":42.0},{"not_picked":["ReplayTheSpireMod:Brewmster","expansioncontent:PrepareCrush"],"picked":"expansioncontent:DecasProtection","floor":46.0},{"not_picked":["LittleHelper","NothingThere","LittlePrince"],"picked":"Singing Bowl","floor":48.0},{"not_picked":["DemoMod:Desperate","DemoMod:BalloonGun"],"picked":"DemoMod:FightSabre","floor":48.0}],"player_experience":299353,"relics_obtained":[{"floor":1.0,"key":"LetterFromLob"},{"floor":4.0,"key":"Blood Vial"},{"floor":9.0,"key":"Omamori"},{"floor":9.0,"key":"Bronze Scales"},{"floor":10.0,"key":"sagemod:Creepy_Carousel"},{"floor":21.0,"key":"Necronomicon"},{"floor":25.0,"key":"ReplayTheSpireMod:Shallot"},{"floor":25.0,"key":"Gremlin Horn"},{"floor":26.0,"key":"StuffTheSpire:Mouthbags"},{"floor":31.0,"key":"DemoMod:RatBoots"},{"floor":31.0,"key":"Golden Egg"},{"floor":43.0,"key":"DemoMod:WhiteGuonStone"},{"floor":46.0,"key":"Mercury Hourglass"}],"event_choices":[{"damage_healed":0.0,"max_hp_gain":0.0,"max_hp_loss":0.0,"gold_gain":0.0,"event_name":"Living Wall","player_choice":"Grow","floor":3.0,"gold_loss":0.0,"damage_taken":0.0,"cards_upgraded":["DemoMod:TableSutra"]},{"damage_healed":0.0,"max_hp_gain":0.0,"max_hp_loss":0.0,"gold_gain":0.0,"event_name":"Upgrade Shrine","player_choice":"Upgraded","floor":12.0,"gold_loss":0.0,"damage_taken":0.0,"cards_upgraded":["DemoMod:AbyssalTentacle"]},{"damage_healed":0.0,"max_hp_gain":0.0,"max_hp_loss":0.0,"gold_gain":0.0,"event_name":"Addict","player_choice":"Obtained Relic","floor":19.0,"gold_loss":85.0,"damage_taken":0.0,"relics_obtained":["CCEMRelics:Pendulum"]},{"damage_healed":0.0,"max_hp_gain":0.0,"max_hp_loss":0.0,"gold_gain":0.0,"event_name":"Drug Dealer","player_choice":"Inject Mutagens","floor":20.0,"gold_loss":0.0,"damage_taken":0.0,"relics_obtained":["MutagenicStrength"]},{"damage_healed":0.0,"max_hp_gain":0.0,"max_hp_loss":0.0,"gold_gain":0.0,"event_name":"Cursed Tome","player_choice":"Obtained Book","floor":21.0,"gold_loss":0.0,"damage_taken":16.0},{"damage_healed":0.0,"max_hp_gain":0.0,"max_hp_loss":0.0,"gold_gain":0.0,"event_name":"conspire:Investor","player_choice":"Leave","floor":22.0,"gold_loss":0.0,"damage_taken":0.0},{"damage_healed":0.0,"max_hp_gain":0.0,"max_hp_loss":0.0,"gold_gain":0.0,"event_name":"Vampires","player_choice":"Became a vampire (Vial)","floor":29.0,"relics_lost":["Blood Vial"],"gold_loss":0.0,"damage_taken":0.0,"cards_obtained":["Bite","Bite","Bite","Bite","Bite"]},{"damage_healed":0.0,"max_hp_gain":0.0,"max_hp_loss":0.0,"gold_gain":0.0,"event_name":"Colosseum","player_choice":"Fight","floor":31.0,"gold_loss":0.0,"damage_taken":0.0},{"damage_healed":0.0,"max_hp_gain":0.0,"max_hp_loss":0.0,"gold_gain":0.0,"event_name":"Colosseum","player_choice":"Fought Nobs","floor":31.0,"gold_loss":0.0,"damage_taken":0.0},{"damage_healed":0.0,"max_hp_gain":0.0,"max_hp_loss":0.0,"gold_gain":0.0,"event_name":"The Woman in Blue","player_choice":"Bought 0 Potions","floor":36.0,"gold_loss":0.0,"damage_taken":0.0},{"damage_healed":0.0,"max_hp_gain":0.0,"max_hp_loss":0.0,"gold_gain":100.0,"event_name":"Golden Shrine","player_choice":"Pray","floor":37.0,"gold_loss":0.0,"damage_taken":0.0},{"cards_removed":["DemoMod:Strike_Huntress"],"damage_healed":0.0,"max_hp_gain":0.0,"max_hp_loss":0.0,"gold_gain":0.0,"event_name":"Wheel of Change","player_choice":"Card Removal","floor":45.0,"gold_loss":0.0,"damage_taken":0.0},{"damage_healed":0.0,"max_hp_gain":0.0,"max_hp_loss":0.0,"gold_gain":0.0,"event_name":"betterThird:BetterPortal","player_choice":"Random: Red","floor":46.0,"gold_loss":0.0,"damage_taken":0.0}],"is_beta":false,"boss_relics":[{"not_picked":["Coffee Dripper","halation:PlatinumPhoenix"],"picked":"halation:PinkAlligatorPlush"},{"not_picked":["Painkiller Herb","conspire:RunicOctahedron"],"picked":"aspiration:RitualDagger"}],"items_purged_floors":[],"is_endless":false,"potions_floor_spawned":[7,10,14,18,27,33,35],"ascension_level":0}}