{"host":"w11d5xug8ost5klq","time":1610071116,"event":{"mods":["100% Spire Juice","2.2 Compatiblity","BaseMod","Better Third Choice","Emptier Cage","Evolution","Highlight Path","Minty Spire (QoL Compilation)","Quick Restart","Spicy Shops","StSLib"],"gold_per_floor":[114,127,7,20,31,58,58,68,94,108,33,33,51,61,61,61,61],"floor_reached":16,"playtime":617,"items_purged":["Moonworks:CloudOfSeagulls"],"score":106,"play_id":"f4bdfd0d-17ef-407b-95a0-a4ca5c0937f3","local_time":"20210107195836","is_ascension_mode":false,"campfire_choices":[{"data":"Moonworks:CloudOfSeagulls","floor":7,"key":"SMITH"},{"floor":12,"key":"REST"},{"floor":15,"key":"REST"}],"circlet_count":0,"master_deck":["Moonworks:CloudOfSeagulls+1","Moonworks:Strike","Moonworks:Strike","Moonworks:Strike","Moonworks:Defend","Moonworks:Defend","Moonworks:Defend","Moonworks:Defend","Moonworks:Ambush","Moonworks:LongDistanceShot","Moonworks:FullSpeedAlicianrone","Moonworks:EvilSpyWorkPreparation","Moonworks:PlushieMaster","Moonworks:EvilSpyWorkPreparation","Moonworks:LulusLuckyEgg","Moonworks:StiffCrystal"],"relics":["Moonworks:BrokenBomb","Moonworks:Homemark","EVO:Axolotl","NeowsBlessing","Tiny Chest","Lantern"],"acts_visited":["Exordium"],"potions_floor_usage":[],"damage_taken":[{"damage":0,"enemies":"Cultist","floor":1,"turns":1},{"damage":0,"enemies":"2 Louse","floor":2,"turns":1},{"damage":0,"enemies":"Small Slimes","floor":4,"turns":1},{"damage":7,"enemies":"Red Slaver","floor":5,"turns":3},{"damage":37,"enemies":"Lagavulin","floor":6,"turns":6},{"damage":3,"enemies":"2 Fungi Beasts","floor":8,"turns":4},{"damage":6,"enemies":"Exordium Wildlife","floor":10,"turns":3},{"damage":0,"enemies":"Large Slime","floor":13,"turns":5},{"damage":12,"enemies":"3 Louse","floor":14,"turns":2},{"damage":33,"enemies":"The Guardian","floor":16,"turns":13}],"seed_played":"7168088311431136961","potions_obtained":[{"floor":1,"key":"SmokeBomb"},{"floor":5,"key":"DistilledChaos"},{"floor":10,"key":"EssenceOfSteel"}],"is_trial":false,"path_per_floor":["M","M","?","M","M","E","R","M","T","M","$","R","M","M","R","B"],"character_chosen":"THE_STARBREAKER","items_purchased":[],"campfire_rested":2,"item_purchase_floors":[],"current_hp_per_floor":[60,60,60,60,53,16,16,13,13,7,7,25,25,13,31,0,0],"gold":61,"neow_bonus":"THREE_ENEMY_KILL","is_daily":false,"chose_seed":false,"campfire_upgraded":1,"win_rate":0.0,"timestamp":1610071116,"path_taken":["M","?","?","M","M","E","R","M","T","?","?","R","M","M","R","BOSS"],"items_purchased_type":[],"build_version":"2020-12-22","purchased_purges":1,"victory":false,"max_hp_per_floor":[60,60,60,60,60,60,60,60,60,60,60,60,60,60,60,60,60],"card_choices":[{"not_picked":["Moonworks:MiracleRedBeanIceCream","Moonworks:CloudOfSeagulls"],"picked":"Moonworks:FullSpeedAlicianrone","floor":1},{"not_picked":["Moonworks:Assault","Moonworks:JonathanRush"],"picked":"Moonworks:CloudOfSeagulls","floor":2},{"not_picked":["Moonworks:SakisCookie","Moonworks:IndiscriminateFireSupport"],"picked":"Moonworks:EvilSpyWorkPreparation","floor":4},{"not_picked":["Moonworks:Assault","Moonworks:SakisCookie"],"picked":"Moonworks:PlushieMaster","floor":5},{"not_picked":["Moonworks:UnluckyCharm","Moonworks:CastOff"],"picked":"Moonworks:EvilSpyWorkPreparation","floor":6},{"not_picked":["Moonworks:EvilSpyWorkPreparation","Moonworks:CloudOfSeagulls"],"picked":"Moonworks:LulusLuckyEgg","floor":8},{"not_picked":["Moonworks:TacticalRetreat","Moonworks:SelfDestruct"],"picked":"Moonworks:StiffCrystal","floor":10},{"not_picked":["Moonworks:CloudOfSeagulls","Moonworks:ForcedRevival","Moonworks:LulusLuckyEgg"],"picked":"SKIP","floor":13},{"not_picked":["Moonworks:FullSpeedAlicianrone","Moonworks:JonathanRush","Moonworks:ImOnFire"],"picked":"SKIP","floor":14}],"player_experience":89109,"relics_obtained":[{"floor":6,"key":"Tiny Chest"},{"floor":9,"key":"Lantern"}],"event_choices":[{"damage_healed":0,"gold_gain":0,"player_choice":"Ignored","damage_taken":0,"max_hp_gain":0,"max_hp_loss":0,"event_name":"NoteForYourself","floor":3,"gold_loss":0}],"is_beta":false,"boss_relics":[],"items_purged_floors":[11],"is_endless":false,"potions_floor_spawned":[1,5,10,13],"killed_by":"The Guardian","ascension_level":0}}