{"host":"kag8mfq4or8nkqb2","time":1610141369,"event":{"mods":["2.2 Compatiblity","Act Like it!","BaseMod","Beaked The Cultist","Clockwork Mod","Colored Map","Colored Powertips","GifTheSpireLib","Halation","Highlight Path","Hubris","Infinite Spire","Minty Spire (QoL Compilation)","Quick Restart","Rare Cards Sparkle","Relic Stats","Shop Mod","StSLib","The Bug Knight","The Construct","The Disciple","The Jungle","The Necromancer","The Runesmith","The Servant 0.9.4","TheBandit","Unceasing Turn Reminder","Unknown Chances","thorton"],"gold_per_floor":[109,123,123,123,123,123,149,164,164,198,217,217,245,86,86,158,158,172,192,92,102,102,102,102,102,152,76,76,89,89,89,89,164,164,175,175,186,197,197,197,227,227,227,243,290,165,190,216,216,216,216],"floor_reached":50,"playtime":2559,"items_purged":["Regret","Neutralize","Strike_G"],"score":1013,"play_id":"eea9e6dc-75dd-4d81-8d9d-bbb8afa76716","local_time":"20210108212929","is_ascension_mode":true,"campfire_choices":[{"data":"Blade Dance","floor":6,"key":"SMITH"},{"data":"Noxious Fumes","floor":15,"key":"SMITH"},{"data":"Wraith Form v2","floor":23,"key":"SMITH"},{"data":"Crippling Poison","floor":28,"key":"SMITH"},{"data":"Noxious Fumes","floor":30,"key":"SMITH"},{"data":"Leg Sweep","floor":32,"key":"SMITH"},{"floor":40,"key":"RECALL"},{"data":"Noxious Fumes","floor":42,"key":"SMITH"},{"data":"Leg Sweep","floor":49,"key":"SMITH"}],"circlet_count":0,"master_deck":["AscendersBane","Strike_G","Strike_G","Strike_G","Strike_G","Defend_G","Defend_G","Defend_G","Defend_G","Defend_G","Survivor","Blade Dance+1","Dagger Spray","Infinite Blades","PiercingWail","Cloak And Dagger","Tools of the Trade","PiercingWail","infinitespire:FinalStrike","Leg Sweep+1","Noxious Fumes+1","Wraith Form v2+1","Deadly Poison","Leg Sweep+1","Crippling Poison+1","Noxious Fumes+1","Bullet Time","Noxious Fumes+1","Backflip","Leg Sweep+1"],"relics":["Ring of the Snake","NeowsBlessing","Letter Opener","Runesmith:Locket","Lantern","MealTicket","infinitespire:FocusingShard","halation:BottledLove","Snecko Eye","halation:PinkSoulGem","Bag of Marbles","Nilry\u0027s Codex","Sozu","hubris:Towel","Eternal Feather","hubris:AstralHammer","The Specimen","infinitespire:Lychee Nut","Tingsha","Potion Belt"],"acts_visited":["Exordium","TheCity","TheBeyond"],"potions_floor_usage":[10,10,11,13,16,33,45],"damage_taken":[{"damage":0,"enemies":"Jaw Worm","floor":1,"turns":1},{"damage":0,"enemies":"2 Louse","floor":2,"turns":1},{"damage":0,"enemies":"Lagavulin","floor":7,"turns":1},{"damage":2,"enemies":"Small Slimes","floor":8,"turns":2},{"damage":15,"enemies":"3 Sentries","floor":10,"turns":5},{"damage":10,"enemies":"Exordium Wildlife","floor":11,"turns":6},{"damage":6,"enemies":"Lagavulin","floor":13,"turns":3},{"damage":17,"enemies":"The Guardian","floor":16,"turns":8},{"damage":17,"enemies":"3 Byrds","floor":18,"turns":5},{"damage":1,"enemies":"Spheric Guardian","floor":19,"turns":4},{"damage":2,"enemies":"Snake Plant","floor":21,"turns":4},{"damage":13,"enemies":"Centurion and Healer","floor":29,"turns":6},{"damage":8,"enemies":"Champ","floor":33,"turns":9},{"damage":7,"enemies":"Orb Walker","floor":35,"turns":3},{"damage":0,"enemies":"3 Shapes","floor":37,"turns":4},{"damage":23,"enemies":"Writhing Mass","floor":38,"turns":8},{"damage":11,"enemies":"Nightmare","floor":41,"turns":10},{"damage":19,"enemies":"Spire Growth","floor":44,"turns":6},{"damage":22,"enemies":"2 Orb Walkers","floor":45,"turns":5},{"damage":0,"enemies":"Mind Bloom Boss Battle","floor":47,"turns":5},{"damage":51,"enemies":"Time Eater","floor":50,"turns":4}],"seed_played":"-4628867177301591537","potions_obtained":[{"floor":1,"key":"ColorlessPotion"},{"floor":8,"key":"EntropicBrew"},{"floor":11,"key":"SpeedPotion"},{"floor":18,"key":"Swift Potion"},{"floor":19,"key":"GamblersBrew"}],"is_trial":false,"path_per_floor":["M","M","?","?","?","R","E","M","T","E","M","?","E","$","R","B",null,"M","M","$","M","?","R","T","?","T","$","R","M","R","?","R","B",null,"M","?","M","M","T","R","NM","R","T","M","?","$","?","T","R","B"],"character_chosen":"THE_SILENT","items_purchased":["Noxious Fumes","Noxious Fumes"],"campfire_rested":0,"item_purchase_floors":[14,27],"current_hp_per_floor":[59,59,59,54,54,54,54,52,52,37,27,11,5,20,20,3,50,33,32,47,45,45,45,45,45,45,60,60,47,47,26,26,18,54,47,47,47,24,24,42,31,49,49,30,8,23,29,29,47,0,0],"gold":216,"neow_bonus":"THREE_ENEMY_KILL","is_daily":false,"chose_seed":false,"campfire_upgraded":8,"win_rate":0.0,"timestamp":1610141369,"path_taken":["M","M","?","?","?","R","E","M","T","E","M","?","E","$","R","BOSS","M","M","$","M","?","R","?","?","T","?","R","?","R","?","R","BOSS","M","?","M","M","?","R","NM","R","T","?","?","$","?","?","R","BOSS"],"items_purchased_type":["Card","Card"],"build_version":"2020-12-22","purchased_purges":3,"victory":false,"max_hp_per_floor":[66,66,66,66,66,66,66,66,66,66,66,66,66,66,66,66,66,66,66,66,66,66,66,66,66,66,66,66,66,66,66,66,66,66,66,66,66,66,66,66,66,66,66,66,49,49,49,49,49,49,49],"relic_stats":{"Sozu":3,"counters":[21,100],"Snecko Eye":[139,138,153,139],"MealTicket":60,"Eternal Feather":54,"Tingsha":[3],"Letter Opener":[169],"obtain_stats":[{"Potion Belt":48,"Lantern":7,"NeowsBlessing":0,"The Specimen":43,"halation:BottledLove":13,"Nilry\u0027s Codex":31,"Runesmith:Locket":4,"Eternal Feather":39,"Tingsha":47,"infinitespire:FocusingShard":10,"Letter Opener":3,"hubris:Towel":36,"Sozu":34,"hubris:AstralHammer":41,"infinitespire:Lychee Nut":45,"Snecko Eye":17,"MealTicket":9,"Bag of Marbles":26,"halation:PinkSoulGem":22,"Ring of the Snake":0},{"Potion Belt":20,"Lantern":3,"NeowsBlessing":0,"The Specimen":17,"halation:BottledLove":7,"Nilry\u0027s Codex":12,"Runesmith:Locket":2,"Eternal Feather":16,"Tingsha":20,"infinitespire:FocusingShard":5,"Letter Opener":2,"hubris:Towel":14,"Sozu":13,"hubris:AstralHammer":17,"infinitespire:Lychee Nut":19,"Snecko Eye":8,"MealTicket":4,"Bag of Marbles":11,"halation:PinkSoulGem":11,"Ring of the Snake":0},{"Potion Belt":96,"Lantern":3,"NeowsBlessing":0,"The Specimen":80,"halation:BottledLove":19,"Nilry\u0027s Codex":46,"Runesmith:Locket":2,"Eternal Feather":70,"Tingsha":96,"infinitespire:FocusingShard":10,"Letter Opener":2,"hubris:Towel":58,"Sozu":55,"hubris:AstralHammer":80,"infinitespire:Lychee Nut":91,"Snecko Eye":27,"MealTicket":5,"Bag of Marbles":40,"halation:PinkSoulGem":40,"Ring of the Snake":0}],"Ring of the Snake":[42]},"card_choices":[{"not_picked":["Deflect","Acrobatics"],"picked":"Blade Dance","floor":1},{"not_picked":["Riddle With Holes","Prepared"],"picked":"Dagger Spray","floor":2},{"not_picked":["Prepared","Predator"],"picked":"PiercingWail","floor":7},{"not_picked":["Bane","Grand Finale"],"picked":"Cloak And Dagger","floor":8},{"not_picked":["Deadly Poison","Dagger Throw"],"picked":"Tools of the Trade","floor":10},{"not_picked":["Flying Knee","Riddle With Holes"],"picked":"PiercingWail","floor":11},{"not_picked":["hubris:Rewind","hubris:InfiniteBlow"],"picked":"infinitespire:FinalStrike","floor":12},{"not_picked":["Acrobatics","hubris:SlightOfHand"],"picked":"Leg Sweep","floor":13},{"not_picked":["Burst","Venomology"],"picked":"Wraith Form v2","floor":16},{"not_picked":["PiercingWail","Flying Knee"],"picked":"Deadly Poison","floor":18},{"not_picked":["Reflex","Finisher","PiercingWail"],"picked":"SKIP","floor":19},{"not_picked":["Flechettes","Escape Plan"],"picked":"Leg Sweep","floor":21},{"not_picked":["Flechettes","Dagger Throw","Sucker Punch+1"],"picked":"SKIP","floor":29},{"not_picked":["Glass Knife","Unload"],"picked":"Bullet Time","floor":33},{"not_picked":["Finisher","Poisoned Stab","All Out Attack"],"picked":"SKIP","floor":35},{"not_picked":["Bane","Blur"],"picked":"Noxious Fumes","floor":37},{"not_picked":["Deadly Poison","Outmaneuver"],"picked":"Backflip","floor":38},{"not_picked":["PiercingWail","Terror+1","hubris:SlightOfHand"],"picked":"SKIP","floor":41},{"not_picked":["Terror+1","Cloak And Dagger+1","Outmaneuver+1"],"picked":"SKIP","floor":44},{"not_picked":["Terror+1","Cloak And Dagger+1","Outmaneuver+1"],"picked":"SKIP","floor":44},{"not_picked":["Dash","Blade Dance"],"picked":"Leg Sweep+1","floor":47}],"player_experience":1092403,"relics_obtained":[{"floor":7,"key":"Lantern"},{"floor":9,"key":"MealTicket"},{"floor":10,"key":"infinitespire:FocusingShard"},{"floor":13,"key":"halation:BottledLove"},{"floor":26,"key":"Bag of Marbles"},{"floor":31,"key":"Nilry\u0027s Codex"},{"floor":39,"key":"Eternal Feather"},{"floor":41,"key":"hubris:AstralHammer"},{"floor":43,"key":"The Specimen"},{"floor":45,"key":"infinitespire:Lychee Nut"},{"floor":47,"key":"Tingsha"},{"floor":48,"key":"Potion Belt"}],"event_choices":[{"damage_healed":0,"gold_gain":0,"player_choice":"Box","damage_taken":0,"relics_obtained":["Letter Opener"],"max_hp_gain":0,"max_hp_loss":0,"event_name":"Big Fish","floor":3,"gold_loss":0,"cards_obtained":["Regret"]},{"damage_healed":0,"gold_gain":0,"player_choice":"Success","damage_taken":5,"relics_obtained":["Runesmith:Locket"],"max_hp_gain":0,"max_hp_loss":0,"event_name":"Scrap Ooze","floor":4,"gold_loss":0},{"damage_healed":0,"gold_gain":0,"player_choice":"Read","damage_taken":0,"max_hp_gain":0,"max_hp_loss":0,"event_name":"The Library","floor":25,"gold_loss":0,"cards_obtained":["Crippling Poison"]},{"damage_healed":0,"gold_gain":0,"player_choice":"Obtained Book","damage_taken":21,"max_hp_gain":0,"max_hp_loss":0,"event_name":"Cursed Tome","floor":31,"gold_loss":0},{"damage_healed":0,"gold_gain":0,"player_choice":"Fight","damage_taken":0,"max_hp_gain":0,"max_hp_loss":0,"event_name":"Mysterious Sphere","floor":45,"gold_loss":0},{"damage_healed":0,"gold_gain":0,"player_choice":"Fight","damage_taken":0,"max_hp_gain":0,"max_hp_loss":0,"event_name":"MindBloom","floor":47,"gold_loss":0}],"is_beta":false,"boss_relics":[{"not_picked":["infinitespire:Cupcake","construct:ClawGrip"],"picked":"Snecko Eye"},{"not_picked":["Astrolabe","HoveringKite"],"picked":"Sozu"}],"items_purged_floors":[14,20,46],"is_endless":true,"potions_floor_spawned":[1,8,10,11,18,19,41,44,47],"killed_by":"Time Eater","ascension_level":17}}