{"host":"1c52r9kaxdyo25eq","time":1610115237,"event":{"mods":["AchievementEnabler","BaseMod","Minty Spire (QoL Compilation)","Rare Cards Sparkle","SuperFastMode","everything is the same but u backflip on backflip"],"gold_per_floor":[117,127,73,73,92,92,117,117,117,174,192,117,142,156,156,156,156],"floor_reached":16,"playtime":325,"items_purged":["Defend_G"],"score":200,"play_id":"b857ce7d-13d8-4617-aca8-81c0087e81ff","local_time":"20210108231357","is_ascension_mode":true,"campfire_choices":[{"data":"Prepared","floor":6,"key":"SMITH"},{"data":"Masterful Stab","floor":8,"key":"SMITH"},{"data":"Calculated Gamble","floor":15,"key":"SMITH"}],"circlet_count":0,"master_deck":["AscendersBane","Strike_G","Strike_G","Strike_G","Strike_G","Defend_G","Defend_G","Defend_G","Defend_G","Survivor","Neutralize","Eviscerate","Dagger Spray","Prepared+1","Masterful Stab+1","Calculated Gamble+1"],"relics":["Ring of the Snake","Blue Candle","Ninja Scroll","Dream Catcher"],"acts_visited":["Exordium"],"potions_floor_usage":[7],"damage_taken":[{"damage":0,"enemies":"2 Louse","floor":1,"turns":3},{"damage":4,"enemies":"Jaw Worm","floor":2,"turns":3},{"damage":0,"enemies":"Cultist","floor":5,"turns":4},{"damage":26,"enemies":"Gremlin Nob","floor":7,"turns":4},{"damage":5,"enemies":"Large Slime","floor":11,"turns":4},{"damage":0,"enemies":"2 Fungi Beasts","floor":14,"turns":2},{"damage":12,"enemies":"Slime Boss","floor":16,"turns":5}],"seed_played":"3524249586793821552","potions_obtained":[{"floor":2,"key":"SteroidPotion"},{"floor":5,"key":"Fruit Juice"}],"is_trial":false,"path_per_floor":["M","M","$","?","M","R","E","R","T","?","M","$","T","M","R","B"],"character_chosen":"THE_SILENT","items_purchased":["Prepared"],"campfire_rested":0,"item_purchase_floors":[3],"current_hp_per_floor":[59,55,55,55,55,55,29,29,29,29,24,24,24,24,24,12,12],"gold":156,"neow_bonus":"TRANSFORM_CARD","is_daily":false,"chose_seed":false,"campfire_upgraded":3,"win_rate":0.0,"timestamp":1610115237,"path_taken":["M","M","$","?","M","R","E","R","T","?","M","$","?","M","R","BOSS"],"items_purchased_type":["Card"],"build_version":"2020-12-22","purchased_purges":1,"victory":false,"max_hp_per_floor":[66,66,66,66,66,66,66,66,66,66,66,66,66,66,66,66,66],"card_choices":[{"not_picked":["PiercingWail","Dash"],"picked":"Dagger Spray","floor":1},{"not_picked":["Flechettes","Poisoned Stab","Riddle With Holes"],"picked":"SKIP","floor":2},{"not_picked":["Flechettes","Poisoned Stab","Riddle With Holes"],"picked":"SKIP","floor":2},{"not_picked":["Quick Slash","Flying Knee"],"picked":"Masterful Stab","floor":5},{"not_picked":["Bane","Caltrops","Slice"],"picked":"SKIP","floor":7},{"not_picked":["Cloak And Dagger","Deflect","Dodge and Roll"],"picked":"SKIP","floor":11},{"not_picked":["Dodge and Roll","Dash"],"picked":"Calculated Gamble","floor":14}],"player_experience":565358,"relics_obtained":[{"floor":7,"key":"Blue Candle"},{"floor":9,"key":"Ninja Scroll"},{"floor":13,"key":"Dream Catcher"}],"event_choices":[{"damage_healed":0,"gold_gain":0,"player_choice":"Leave","damage_taken":0,"max_hp_gain":0,"max_hp_loss":0,"event_name":"The Cleric","floor":4,"gold_loss":0},{"damage_healed":0,"gold_gain":57,"player_choice":"Gained Gold","damage_taken":0,"max_hp_gain":0,"max_hp_loss":0,"event_name":"Golden Wing","floor":10,"gold_loss":0}],"is_beta":false,"boss_relics":[],"items_purged_floors":[12],"is_endless":false,"potions_floor_spawned":[2,5],"killed_by":"Slime Boss","ascension_level":20}}