{"host":"i1h39d0gfh5c6uxl","time":1610107745,"event":{"mods":["AchievementEnabler","BaseMod","Colored Map","Colored Powertips","Highlight Path","Minty Spire (QoL Compilation)"],"gold_per_floor":[111,36,0,16,16,16,41,41,41,41,67,97,97,114,114,114,114],"floor_reached":16,"playtime":413,"items_purged":[],"score":212,"play_id":"424410bc-9f33-4d36-a1fb-fbe25bb20179","local_time":"20210108200905","is_ascension_mode":true,"campfire_choices":[{"data":"Bash","floor":6,"key":"SMITH"},{"floor":8,"key":"REST"},{"floor":13,"key":"REST"},{"data":"Clothesline","floor":15,"key":"SMITH"}],"circlet_count":0,"master_deck":["AscendersBane","Strike_R","Strike_R","Strike_R","Strike_R","Strike_R","Defend_R","Defend_R","Defend_R","Defend_R","Bash+1","Pummel","Twin Strike","Clothesline+1","Rampage","Feed"],"relics":["Burning Blood","Magic Flower","Orichalcum","Bird Faced Urn","WingedGreaves","Prayer Wheel"],"acts_visited":["Exordium"],"potions_floor_usage":[7,16],"damage_taken":[{"damage":7,"enemies":"Jaw Worm","floor":1,"turns":4},{"damage":10,"enemies":"Small Slimes","floor":4,"turns":3},{"damage":47,"enemies":"Lagavulin","floor":7,"turns":6},{"damage":24,"enemies":"3 Sentries","floor":11,"turns":10},{"damage":0,"enemies":"2 Louse","floor":14,"turns":3},{"damage":66,"enemies":"The Guardian","floor":16,"turns":16}],"seed_played":"1519609244667743482","potions_obtained":[{"floor":4,"key":"Weak Potion"},{"floor":14,"key":"Dexterity Potion"}],"is_trial":false,"path_per_floor":["M","?","?","M","$","R","E","R","T","?","E","?","R","M","R","B"],"character_chosen":"IRONCLAD","items_purchased":[],"campfire_rested":2,"item_purchase_floors":[],"current_hp_per_floor":[70,70,70,69,69,69,31,52,52,47,32,32,53,62,62,0,0],"gold":114,"neow_bonus":"ONE_RARE_RELIC","is_daily":false,"chose_seed":false,"campfire_upgraded":2,"win_rate":0.0,"timestamp":1610107745,"path_taken":["M","?","?","M","?","R","E","R","T","?","E","?","R","?","R","BOSS"],"items_purchased_type":[],"build_version":"2020-12-22","purchased_purges":0,"victory":false,"max_hp_per_floor":[75,72,72,72,72,72,72,72,72,72,72,72,72,72,72,72,72],"card_choices":[{"not_picked":["Wild Strike","Thunderclap"],"picked":"Pummel","floor":1},{"not_picked":["Sword Boomerang","Second Wind"],"picked":"Twin Strike","floor":4},{"not_picked":["Spot Weakness","Battle Trance"],"picked":"Clothesline","floor":7},{"not_picked":["Reckless Charge","Intimidate","Body Slam"],"picked":"SKIP","floor":11},{"not_picked":["Havoc","Clash"],"picked":"Rampage","floor":14},{"not_picked":["Sword Boomerang","Heavy Blade"],"picked":"Feed","floor":14}],"player_experience":1335595,"relics_obtained":[{"floor":7,"key":"Orichalcum"},{"floor":9,"key":"Bird Faced Urn"},{"floor":11,"key":"Prayer Wheel"}],"event_choices":[{"cards_removed":["Parasite"],"damage_healed":0,"gold_gain":0,"player_choice":"Card Removal","damage_taken":0,"max_hp_gain":0,"max_hp_loss":0,"event_name":"The Cleric","floor":2,"gold_loss":75},{"damage_healed":0,"gold_gain":0,"player_choice":"Left Gold","damage_taken":0,"max_hp_gain":0,"max_hp_loss":0,"event_name":"World of Goop","floor":3,"gold_loss":36},{"damage_healed":0,"gold_gain":0,"player_choice":"Success","damage_taken":5,"relics_obtained":["WingedGreaves"],"max_hp_gain":0,"max_hp_loss":0,"event_name":"Scrap Ooze","floor":10,"gold_loss":0},{"damage_healed":0,"gold_gain":30,"player_choice":"Searched \u00271\u0027 times","damage_taken":0,"max_hp_gain":0,"max_hp_loss":0,"event_name":"Dead Adventurer","floor":12,"gold_loss":0}],"is_beta":false,"boss_relics":[],"items_purged_floors":[],"is_endless":false,"potions_floor_spawned":[4,14],"killed_by":"The Guardian","ascension_level":20}}