{"host":"0vobf7lgf552vogm","time":1610065019,"event":{"mods":["AchievementEnabler","Act Like it!","BaseMod","Better Sensory Stone","Colored Map","DeckTracker","Hermit","Minty Spire (QoL Compilation)","Pale of the Ancients","Rare Cards Sparkle","Relic Stats","StSLib","Synergy Search","Unceasing Turn Reminder","Wandering Minibosses"],"gold_per_floor":[118,136,136,154,154,154,154,79,79,122,141,141,166,241,241,365,365,379,379,133,147,168,168,188,188,188,213,227,245,245,265,265,265,265],"floor_reached":33,"playtime":4341,"items_purged":["hermit:Defend_Hermit","hermit:Defend_Hermit"],"score":251,"play_id":"8dbdcb26-bd13-425d-90fa-57d40ce8209d","local_time":"20210108011659","is_ascension_mode":false,"campfire_choices":[{"data":"hermit:FlashPowder","floor":6,"key":"SMITH"},{"floor":12,"key":"REST"},{"floor":15,"key":"REST"},{"data":"hermit:BlackWind","floor":23,"key":"SMITH"},{"floor":25,"key":"REST"},{"floor":32,"key":"REST"}],"circlet_count":0,"master_deck":["hermit:Strike_Hermit","hermit:Strike_Hermit+1","hermit:Strike_Hermit+1","hermit:Defend_Hermit","hermit:Defend_Hermit","hermit:Snapshot","hermit:Covet","Dramatic Entrance","hermit:TakeAim","hermit:LuckOfTheDraw","hermit:FlashPowder+1","hermit:Shortfuse","hermit:Glare","hermit:Feint","hermit:BlackWind+1","hermit:Virtue","Bandage Up","Impatience","hermit:Malice","hermit:Brawl","hermit:BodyArmor+1","Decay","hermit:GoldenBullet","hermit:Roulette","hermit:Vantage","hermit:FlashPowder"],"relics":["hermit:Momento","Golden Idol","Sundial","PreservedInsect","Cursed Key","TheAbacus","Art of War"],"acts_visited":["Exordium","TheCity"],"potions_floor_usage":[10,18,22,29,33,33,33,33,33,33],"damage_taken":[{"damage":6,"enemies":"Jaw Worm","floor":1,"turns":2},{"damage":0,"enemies":"Small Slimes","floor":2,"turns":2},{"damage":0,"enemies":"2 Louse","floor":4,"turns":2},{"damage":7,"enemies":"Lagavulin","floor":10,"turns":7},{"damage":3,"enemies":"Large Slime","floor":11,"turns":5},{"damage":13,"enemies":"3 Louse","floor":13,"turns":6},{"damage":26,"enemies":"The Guardian","floor":16,"turns":11},{"damage":5,"enemies":"2 Thieves","floor":18,"turns":4},{"damage":3,"enemies":"Spheric Guardian","floor":21,"turns":3},{"damage":16,"enemies":"Shelled Parasite and Fungi","floor":22,"turns":5},{"damage":27,"enemies":"Centurion and Healer","floor":24,"turns":4},{"damage":10,"enemies":"Snake Plant","floor":27,"turns":4},{"damage":15,"enemies":"Snecko","floor":28,"turns":6},{"damage":33,"enemies":"Centurion and Healer","floor":29,"turns":7},{"damage":6,"enemies":"Chosen and Byrds","floor":31,"turns":5},{"damage":69,"enemies":"Champ","floor":33,"turns":12}],"seed_played":"3577040924049064636","potions_obtained":[{"floor":2,"key":"hermit:Tonic"},{"floor":11,"key":"BlessingOfTheForge"},{"floor":16,"key":"ColorlessPotion"},{"floor":21,"key":"Fire Potion"},{"floor":24,"key":"PowerPotion"},{"floor":28,"key":"Ancient Potion"},{"floor":29,"key":"EntropicBrew"}],"is_trial":false,"path_per_floor":["M","M","?","M","?","R","?","$","T","E","M","R","M","?","R","B",null,"M","?","$","M","M","R","M","R","T","M","M","M","?","M","R","B"],"character_chosen":"HERMIT","items_purchased":["TheAbacus"],"campfire_rested":4,"item_purchase_floors":[20],"current_hp_per_floor":[69,69,51,51,36,36,36,36,36,29,26,48,35,24,46,20,75,70,70,70,71,59,59,36,58,58,52,41,12,37,35,57,0,0],"gold":265,"neow_bonus":"RANDOM_COLORLESS","is_daily":false,"chose_seed":false,"campfire_upgraded":2,"win_rate":0.0,"timestamp":1610065019,"path_taken":["M","M","?","M","?","R","?","?","T","E","M","R","M","?","R","BOSS","M","?","$","M","M","R","M","R","T","M","M","M","?","M","R","BOSS"],"items_purchased_type":["Relic"],"build_version":"2020-12-22","purchased_purges":2,"victory":false,"max_hp_per_floor":[75,75,75,75,75,75,75,75,75,75,75,75,75,75,75,75,75,75,75,75,75,75,75,75,75,75,75,75,75,75,75,75,75,75],"relic_stats":{"TheAbacus":[84],"counters":[16,85],"Golden Idol":77,"Sundial":[22],"PreservedInsect":0,"Art of War":[3],"Cursed Key":1,"obtain_stats":[{"TheAbacus":20,"Golden Idol":3,"Sundial":9,"PreservedInsect":10,"Art of War":26,"Cursed Key":17,"hermit:Momento":0},{"TheAbacus":8,"Golden Idol":2,"Sundial":3,"PreservedInsect":4,"Art of War":11,"Cursed Key":7,"hermit:Momento":0},{"TheAbacus":39,"Golden Idol":4,"Sundial":6,"PreservedInsect":13,"Art of War":51,"Cursed Key":35,"hermit:Momento":0}]},"card_choices":[{"not_picked":["Bandage Up","Jack Of All Trades"],"picked":"Dramatic Entrance","floor":0},{"not_picked":["hermit:Misfire","hermit:Roulette"],"picked":"hermit:TakeAim","floor":1},{"not_picked":["hermit:DeadMansHand","hermit:TakeCover"],"picked":"hermit:LuckOfTheDraw","floor":2},{"not_picked":["hermit:WideOpen","hermit:Midnight"],"picked":"hermit:FlashPowder","floor":4},{"not_picked":["hermit:Gestalt","hermit:HoleUp"],"picked":"hermit:Shortfuse","floor":10},{"not_picked":["hermit:TakeCover","hermit:CalledShot"],"picked":"hermit:Glare","floor":11},{"not_picked":["hermit:ItchyTrigger","hermit:Desperado"],"picked":"hermit:Feint","floor":13},{"not_picked":["hermit:Magnum","hermit:OverwhelmingPower"],"picked":"hermit:BlackWind","floor":16},{"not_picked":["hermit:TakeCover","hermit:Ricochet"],"picked":"hermit:Virtue","floor":18},{"not_picked":["Apotheosis","Chrysalis"],"picked":"Bandage Up","floor":19},{"not_picked":["Master of Strategy","Secret Technique"],"picked":"Impatience","floor":19},{"not_picked":["hermit:WideOpen","hermit:TakeCover"],"picked":"hermit:Malice","floor":21},{"not_picked":["hermit:Glare","hermit:LuckOfTheDraw"],"picked":"hermit:Brawl","floor":22},{"not_picked":["hermit:Glare","hermit:Brawl"],"picked":"hermit:BodyArmor+1","floor":24},{"not_picked":["hermit:SprayPray","hermit:Midnight"],"picked":"hermit:GoldenBullet","floor":27},{"not_picked":["hermit:Maintenance","hermit:Ricochet+1"],"picked":"hermit:Roulette","floor":28},{"not_picked":["hermit:Desperado","hermit:Misfire"],"picked":"hermit:Vantage","floor":29},{"not_picked":["hermit:Roulette","hermit:TakeCover+1"],"picked":"hermit:FlashPowder","floor":31}],"player_experience":798178,"relics_obtained":[{"floor":9,"key":"Sundial"},{"floor":10,"key":"PreservedInsect"},{"floor":26,"key":"Art of War"}],"event_choices":[{"damage_healed":0,"gold_gain":0,"player_choice":"Take Damage","damage_taken":18,"relics_obtained":["Golden Idol"],"max_hp_gain":0,"max_hp_loss":0,"event_name":"Golden Idol","floor":3,"gold_loss":0},{"damage_healed":0,"gold_gain":0,"player_choice":"Entered Light","damage_taken":15,"max_hp_gain":0,"max_hp_loss":0,"event_name":"Shining Light","floor":5,"gold_loss":0,"cards_upgraded":["hermit:Strike_Hermit","hermit:Strike_Hermit"]},{"cards_removed":["hermit:Strike_Hermit"],"damage_healed":0,"gold_gain":0,"player_choice":"Forget","damage_taken":0,"max_hp_gain":0,"max_hp_loss":0,"event_name":"Living Wall","floor":7,"gold_loss":0},{"damage_healed":0,"gold_gain":75,"player_choice":"Gather Gold","damage_taken":11,"max_hp_gain":0,"max_hp_loss":0,"event_name":"World of Goop","floor":14,"gold_loss":0},{"damage_healed":0,"gold_gain":2,"player_choice":"1","damage_taken":0,"max_hp_gain":0,"max_hp_loss":0,"event_name":"betterStone:BetterStone","floor":19,"gold_loss":0},{"damage_healed":25,"gold_gain":0,"player_choice":"Heal","damage_taken":0,"max_hp_gain":0,"max_hp_loss":0,"event_name":"The Library","floor":30,"gold_loss":0}],"is_beta":false,"boss_relics":[{"not_picked":["Ectoplasm","Tiny House"],"picked":"Cursed Key"}],"items_purged_floors":[8,20],"is_endless":false,"potions_floor_spawned":[2,11,16,21,24,28,29],"killed_by":"Champ","ascension_level":0}}