{"host":"ds1yr10zonoc6w4a","time":1610074511,"event":{"mods":["BaseMod","Better Match","Better Third Choice","BetterRewards","Minty Spire (QoL Compilation)","StSLib","The Animator"],"gold_per_floor":[112,112,133,133,1,42,42,75,75,75,91,91,123,167,167,167,167],"floor_reached":16,"playtime":1260,"items_purged":[],"score":250,"play_id":"9cd20d5b-a946-4ac5-80a1-e5608e6a40a1","local_time":"20210107195511","is_ascension_mode":true,"campfire_choices":[{"floor":7,"key":"RECALL"},{"data":"animator:DolaStephanie","floor":10,"key":"SMITH"},{"data":"animator:Guy","floor":12,"key":"SMITH"},{"floor":15,"key":"REST"}],"circlet_count":0,"master_deck":["AscendersBane","animator:Strike_MadokaMagica","animator:Defend_MadokaMagica","animator:Strike","animator:Strike","animator:Strike","animator:Defend","animator:Defend","animator:Defend","animator:IrohaTamaki","animator:YuiTsuruno","animator:Guy+1","Injury","animator:DolaStephanie+1","animator:GoblinSlayer","animator:Chung","animator:Megumin+5","animator:MamiTomoe","animator:ChaikaTrabant","animator:Sebas","animator:SayakaMiki"],"relics":["animator:LivingPicture","animator:TheMissingPiece","animator:PurgingStone","NeowsBlessing","Golden Idol","GremlinMask","Omamori","animator:WizardHat","Letter Opener"],"acts_visited":["Exordium"],"potions_floor_usage":[11,13,14],"damage_taken":[{"damage":0,"enemies":"Jaw Worm","floor":1,"turns":1},{"damage":0,"enemies":"2 Louse","floor":3,"turns":2},{"damage":0,"enemies":"3 Sentries","floor":6,"turns":1},{"damage":3,"enemies":"Cultist","floor":8,"turns":4},{"damage":8,"enemies":"Blue Slaver","floor":11,"turns":3},{"damage":13,"enemies":"Exordium Thugs","floor":13,"turns":4},{"damage":24,"enemies":"Lagavulin","floor":14,"turns":6},{"damage":26,"enemies":"Hexaghost","floor":16,"turns":9}],"seed_played":"-5266457408048421930","potions_obtained":[{"floor":6,"key":"Weak Potion"},{"floor":8,"key":"Weak Potion"},{"floor":11,"key":"Swift Potion"}],"is_trial":false,"path_per_floor":["M","?","M","?","$","E","R","M","T","R","M","R","M","E","R","B"],"character_chosen":"THE_ANIMATOR","items_purchased":["animator:GoblinSlayer","animator:Chung"],"campfire_rested":1,"item_purchase_floors":[5,5],"current_hp_per_floor":[54,54,54,54,54,54,54,51,51,51,43,43,30,7,25,0,0],"gold":167,"neow_bonus":"THREE_ENEMY_KILL","is_daily":false,"chose_seed":false,"campfire_upgraded":2,"win_rate":0.0,"timestamp":1610074511,"path_taken":["M","?","M","?","$","E","R","M","T","R","M","R","M","E","R","BOSS"],"items_purchased_type":["Card","Card"],"build_version":"2020-12-22","purchased_purges":0,"victory":false,"max_hp_per_floor":[60,60,60,60,60,60,60,60,60,60,60,60,60,61,61,61,61],"card_choices":[{"not_picked":["animator:DwarfShaman","animator:Raven"],"picked":"animator:Guy","floor":1},{"not_picked":["animator:Darkness","animator:YaoHaDucy"],"picked":"animator:DolaStephanie","floor":3},{"not_picked":["animator:KyokoSakura","animator:Layla"],"picked":"animator:Megumin","floor":6},{"not_picked":["animator:IrohaTamaki","animator:KyokoSakura"],"picked":"animator:MamiTomoe","floor":8},{"not_picked":["animator:Tyuule","animator:IrohaTamaki"],"picked":"animator:ChaikaTrabant","floor":11},{"not_picked":["animator:NarberalGamma","animator:Tet"],"picked":"animator:Sebas","floor":13},{"not_picked":["animator:ItamiYouji","animator:TsurugaMeisai"],"picked":"animator:SayakaMiki","floor":14}],"player_experience":688017,"relics_obtained":[{"floor":6,"key":"Omamori"},{"floor":9,"key":"animator:WizardHat"},{"floor":14,"key":"Letter Opener"}],"event_choices":[{"damage_healed":0,"gold_gain":0,"player_choice":"Take Wound","damage_taken":0,"relics_obtained":["Golden Idol"],"max_hp_gain":0,"max_hp_loss":0,"event_name":"Golden Idol","floor":2,"gold_loss":0,"cards_obtained":["Injury"]},{"damage_healed":0,"gold_gain":0,"player_choice":"Trade","damage_taken":0,"relics_obtained":["GremlinMask"],"max_hp_gain":0,"max_hp_loss":0,"event_name":"FaceTrader","floor":4,"gold_loss":0}],"is_beta":false,"boss_relics":[],"items_purged_floors":[],"is_endless":false,"potions_floor_spawned":[6,8,11],"killed_by":"Hexaghost","ascension_level":17}}