{"host":"bxn2em57qlx5u4i0","time":1610081590,"event":{"mods":["BaseMod","Colored Map","Colored Powertips","Highlight Path","Minty Spire (QoL Compilation)","Random Character Button","Relic Sorter","Relic Stats","StSLib","SuperFastMode"],"gold_per_floor":[113,128,143,158,158,493,493,521,521,521,555,144,144,172,172,261,261,161,161,86,86,86,86,1,1,1,1,1],"floor_reached":27,"playtime":761,"items_purged":["Strike_G"],"score":598,"play_id":"4a19f4a1-43a0-412e-8258-a38c908a983f","local_time":"20210107235310","is_ascension_mode":true,"campfire_choices":[{"data":"Neutralize","floor":7.0,"key":"SMITH"},{"data":"Catalyst","floor":15.0,"key":"SMITH"}],"circlet_count":0,"master_deck":["AscendersBane","Strike_G","Strike_G","Defend_G","Defend_G","Defend_G","Defend_G","Defend_G","Survivor","Neutralize+1","Flying Knee","Poisoned Stab","Deadly Poison","Backstab","PiercingWail","Footwork","After Image","Bouncing Flask","Catalyst+1","Calculated Gamble","Leg Sweep","Catalyst","Corpse Explosion","Well Laid Plans","Blur","Wraith Form v2"],"relics":["Ring of the Snake","Centennial Puzzle","Old Coin","Bag of Preparation","Blood Vial","Ornamental Fan","Orrery","Golden Idol","Odd Mushroom","Ectoplasm","Pen Nib","Frozen Egg 2","White Beast Statue"],"acts_visited":["Exordium","TheCity"],"potions_floor_usage":[23,27],"damage_taken":[{"damage":0.0,"enemies":"2 Louse","floor":1.0,"turns":3.0},{"damage":1.0,"enemies":"Small Slimes","floor":2.0,"turns":3.0},{"damage":0.0,"enemies":"Jaw Worm","floor":3.0,"turns":5.0},{"damage":7.0,"enemies":"3 Louse","floor":4.0,"turns":5.0},{"damage":10.0,"enemies":"3 Sentries","floor":6.0,"turns":8.0},{"damage":10.0,"enemies":"Lagavulin","floor":8.0,"turns":7.0},{"damage":12.0,"enemies":"3 Sentries","floor":11.0,"turns":12.0},{"damage":8.0,"enemies":"The Mushroom Lair","floor":14.0,"turns":5.0},{"damage":0.0,"enemies":"Hexaghost","floor":16.0,"turns":5.0},{"damage":0.0,"enemies":"2 Thieves","floor":18.0,"turns":4.0},{"damage":2.0,"enemies":"Shell Parasite","floor":19.0,"turns":5.0},{"damage":7.0,"enemies":"Shelled Parasite and Fungi","floor":21.0,"turns":5.0},{"damage":40,"enemies":"Gremlin Leader","floor":23,"turns":8},{"damage":9,"enemies":"Slavers","floor":27,"turns":1}],"seed_played":"8727952527838983142","potions_obtained":[{"floor":4.0,"key":"DistilledChaos"},{"floor":6.0,"key":"FearPotion"},{"floor":11.0,"key":"SmokeBomb"},{"floor":14.0,"key":"BlessingOfTheForge"},{"floor":16.0,"key":"Energy Potion"},{"floor":18.0,"key":"Strength Potion"},{"floor":23,"key":"Explosive Potion"}],"is_trial":false,"path_per_floor":["M","M","M","M","?","E","R","E","T","?","E","$","?","?","R","B",null,"M","M","?","M","?","E","?","?","T","E"],"character_chosen":"THE_SILENT","items_purchased":["After Image","Orrery"],"campfire_rested":0,"item_purchase_floors":[12,12],"current_hp_per_floor":[59,58,58,51,51,41,41,31,31,24,14,14,14,8,8,10,48,50,50,50,45,45,7,7,7,7,0,0],"gold":1,"neow_bonus":"RANDOM_COMMON_RELIC","is_daily":false,"chose_seed":false,"campfire_upgraded":2,"win_rate":0.0,"timestamp":1610081590,"path_taken":["M","M","M","M","?","E","R","E","T","?","E","$","?","?","R","BOSS","M","M","?","M","?","E","?","?","T","E"],"items_purchased_type":["Card","Relic"],"build_version":"2020-12-22","purchased_purges":1,"victory":false,"max_hp_per_floor":[66,66,66,66,66,66,66,66,66,66,66,66,60,60,60,60,60,60,60,60,60,60,60,60,60,60,60,60],"relic_stats":{"Blood Vial":16,"Centennial Puzzle":[27],"counters":[14,76],"Ornamental Fan":[16],"Golden Idol":41,"Ectoplasm":183,"Pen Nib":[0],"Bag of Preparation":[16],"obtain_stats":[{"Golden Idol":13,"Pen Nib":23,"Bag of Preparation":8,"Odd Mushroom":14,"Frozen Egg 2":24,"White Beast Statue":26,"Old Coin":6,"Blood Vial":9,"Centennial Puzzle":0,"Ornamental Fan":11,"Orrery":12,"Ectoplasm":17,"Ring of the Snake":0},{"Golden Idol":7,"Pen Nib":13,"Bag of Preparation":6,"Odd Mushroom":8,"Frozen Egg 2":13,"White Beast Statue":13,"Old Coin":5,"Blood Vial":6,"Centennial Puzzle":0,"Ornamental Fan":7,"Orrery":7,"Ectoplasm":9,"Ring of the Snake":0},{"Golden Idol":43,"Pen Nib":75,"Bag of Preparation":31,"Odd Mushroom":48,"Frozen Egg 2":75,"White Beast Statue":75,"Old Coin":24,"Blood Vial":31,"Centennial Puzzle":0,"Ornamental Fan":43,"Orrery":43,"Ectoplasm":53,"Ring of the Snake":0}],"Ring of the Snake":[28]},"card_choices":[{"not_picked":["Backflip","Dodge and Roll"],"picked":"Flying Knee","floor":1.0},{"not_picked":["Backflip","Cloak And Dagger"],"picked":"Poisoned Stab","floor":2.0},{"not_picked":["Blade Dance","Accuracy"],"picked":"Deadly Poison","floor":3.0},{"not_picked":["Heel Hook","Night Terror"],"picked":"Backstab","floor":4.0},{"not_picked":["Accuracy","Quick Slash"],"picked":"PiercingWail","floor":6.0},{"not_picked":["Bane","Distraction"],"picked":"Footwork","floor":8.0},{"not_picked":["Deflect","Masterful Stab","Heel Hook"],"picked":"SKIP","floor":11.0},{"not_picked":["Blade Dance","Storm of Steel"],"picked":"Bouncing Flask","floor":12.0},{"not_picked":["Dodge and Roll","Backstab"],"picked":"Catalyst","floor":12.0},{"not_picked":["Quick Slash","Skewer"],"picked":"Calculated Gamble","floor":12.0},{"not_picked":["Terror","Dagger Spray"],"picked":"Leg Sweep","floor":12.0},{"not_picked":["Backflip","Skewer"],"picked":"Catalyst","floor":14.0},{"not_picked":["Malaise","Night Terror"],"picked":"Corpse Explosion","floor":16.0},{"not_picked":["Setup","Skewer"],"picked":"Well Laid Plans","floor":18.0},{"not_picked":["Slice","Flying Knee+1"],"picked":"Blur","floor":19.0},{"not_picked":["Blade Dance","PiercingWail","Quick Slash"],"picked":"SKIP","floor":21.0},{"not_picked":["Dagger Spray","Backflip"],"picked":"Wraith Form v2","floor":23}],"player_experience":2876752,"relics_obtained":[{"floor":6.0,"key":"Old Coin"},{"floor":8.0,"key":"Bag of Preparation"},{"floor":9.0,"key":"Blood Vial"},{"floor":11.0,"key":"Ornamental Fan"},{"floor":14.0,"key":"Odd Mushroom"},{"floor":23,"key":"Pen Nib"},{"floor":26,"key":"White Beast Statue"}],"event_choices":[{"damage_healed":0.0,"max_hp_gain":0.0,"max_hp_loss":0.0,"gold_gain":0.0,"event_name":"Liars Game","player_choice":"Ignored","floor":5.0,"gold_loss":0.0,"damage_taken":0.0},{"cards_removed":["Strike_G"],"damage_healed":0.0,"max_hp_gain":0.0,"max_hp_loss":0.0,"gold_gain":0.0,"event_name":"Golden Wing","player_choice":"Card Removal","floor":10.0,"gold_loss":0.0,"damage_taken":7.0},{"damage_healed":0.0,"max_hp_gain":0.0,"max_hp_loss":6.0,"gold_gain":0.0,"event_name":"Golden Idol","player_choice":"Lose Max HP","floor":13.0,"gold_loss":0.0,"damage_taken":0.0,"relics_obtained":["Golden Idol"]},{"damage_healed":0.0,"max_hp_gain":0.0,"max_hp_loss":0.0,"gold_gain":0.0,"event_name":"Mushrooms","player_choice":"Fought Mushrooms","floor":14.0,"gold_loss":0.0,"damage_taken":0.0},{"cards_removed":["Strike_G"],"damage_healed":0.0,"max_hp_gain":0.0,"max_hp_loss":0.0,"gold_gain":0.0,"event_name":"Beggar","player_choice":"Gave Gold","floor":20.0,"gold_loss":75.0,"damage_taken":0.0},{"damage_healed":0.0,"max_hp_gain":0.0,"max_hp_loss":0.0,"gold_gain":0.0,"event_name":"Vampires","player_choice":"Ignored","floor":22.0,"gold_loss":0.0,"damage_taken":0.0},{"damage_healed":0,"gold_gain":0,"player_choice":"Obtained Relic","damage_taken":0,"relics_obtained":["Frozen Egg 2"],"max_hp_gain":0,"max_hp_loss":0,"event_name":"Addict","floor":24,"gold_loss":85},{"damage_healed":0,"gold_gain":0,"player_choice":"Ignored","damage_taken":0,"max_hp_gain":0,"max_hp_loss":0,"event_name":"The Mausoleum","floor":25,"gold_loss":0}],"is_beta":false,"boss_relics":[{"not_picked":["Empty Cage","SacredBark"],"picked":"Ectoplasm"}],"items_purged_floors":[12],"is_endless":false,"potions_floor_spawned":[4,6,11,14,16,18,23],"killed_by":"Slavers","ascension_level":20}}