{"host":"f49a0fglrdtttfz6","time":1610076205,"event":{"mods":["BaseMod","Downfall","Minty Spire (QoL Compilation)","StSLib"],"gold_per_floor":[99,109,49,499,511,530,530,549,724,747,767,786,636,651,665,765,765,765,765,765,765],"floor_reached":19,"playtime":1197,"items_purged":[],"score":186,"play_id":"4e1596ad-e1e9-4abe-bd48-ab5f037aa33a","local_time":"20210107212325","is_ascension_mode":false,"campfire_choices":[{"floor":1,"key":"RECALL"},{"data":"Guardian:PiercingHide","floor":13,"key":"SMITH"},{"data":"Guardian:TwinSlam","floor":18,"key":"SMITH"}],"circlet_count":0,"master_deck":["Guardian:Strike_Guardian","Guardian:Strike_Guardian","Guardian:Strike_Guardian","Guardian:Strike_Guardian","Guardian:Defend_Guardian","Guardian:Defend_Guardian","Guardian:Defend_Guardian","Guardian:Defend_Guardian","Guardian:CurlUp","Guardian:TwinSlam+1","Guardian:SentryBeam","Guardian:PrimingBeam","Guardian:TimeBomb","Guardian:ShieldSpikes","Guardian:StasisField","Doubt","Guardian:PiercingHide+1","Guardian:Harden","Guardian:Planning","Guardian:FloatingOrbs","Guardian:RevengeProtocol","Shame","sneckomod:Bewildered","Doubt"],"relics":["Guardian:ModeShifter","downfall:HeartBlessingRed","downfall:HeartBlessingBlue","Astrolabe"],"acts_visited":["Exordium","TheCity"],"potions_floor_usage":[],"damage_taken":[{"damage":0,"enemies":"Cultist","floor":2,"turns":4},{"damage":0,"enemies":"downfall:FleeingMerchant","floor":3,"turns":4},{"damage":10,"enemies":"2 Louse","floor":5,"turns":3},{"damage":8,"enemies":"Jaw Worm","floor":6,"turns":5},{"damage":5,"enemies":"Large Slime","floor":8,"turns":6},{"damage":9,"enemies":"Red Slaver","floor":11,"turns":6},{"damage":12,"enemies":"Exordium Thugs","floor":12,"turns":4},{"damage":0,"enemies":"3 Louse","floor":14,"turns":2},{"damage":3,"enemies":"Red Slaver","floor":15,"turns":4},{"damage":22,"enemies":"downfall:Watcher","floor":16,"turns":12},{"damage":0,"enemies":"3 Byrds","floor":19,"turns":1}],"seed_played":"-451706762538884026","potions_obtained":[{"floor":8,"key":"Regen Potion"},{"floor":11,"key":"Ancient Potion"},{"floor":14,"key":"Weak Potion"}],"is_trial":false,"path_per_floor":["R","M","$","?","M","M","T","M","?","T","M","M","R","M","M","B",null,"R","M"],"character_chosen":"GUARDIAN","items_purchased":["Guardian:PrimingBeam"],"campfire_rested":0,"item_purchase_floors":[3],"current_hp_per_floor":[88,88,88,88,78,70,70,65,65,65,56,44,54,54,51,29,98,98,98,98,98],"gold":765,"neow_bonus":"TEN_PERCENT_HP_BONUS","is_daily":false,"chose_seed":false,"campfire_upgraded":2,"win_rate":0.0,"timestamp":1610076205,"path_taken":["R","M","?","?","M","M","T","M","?","?","M","M","R","M","M","BOSS","R","M"],"items_purchased_type":["Card"],"build_version":"2020-12-22","purchased_purges":0,"victory":false,"max_hp_per_floor":[88,88,88,88,88,88,88,88,88,88,88,88,98,98,98,98,98,98,98,98,98],"card_choices":[{"not_picked":["Guardian:PrimingBeam","Guardian:Reroute"],"picked":"Guardian:Gem_Green","floor":2},{"not_picked":["Guardian:CrystalBeam","Guardian:TemporalShield"],"picked":"Guardian:SentryBeam","floor":3},{"not_picked":["Guardian:Gem_Fragmented","Guardian:TemporalShield"],"picked":"Guardian:TimeBomb","floor":5},{"not_picked":["Guardian:Suspension","Guardian:ShieldCharger"],"picked":"Guardian:ShieldSpikes","floor":6},{"not_picked":["Guardian:Recover","Guardian:ShieldSpikes"],"picked":"Guardian:StasisField","floor":8},{"not_picked":["Guardian:Gem_Red","Guardian:Preprogram"],"picked":"Guardian:PiercingHide","floor":11},{"not_picked":["Guardian:Incinerate","Guardian:BronzeArmor"],"picked":"Guardian:Harden","floor":12},{"not_picked":["Guardian:Gem_Red","Guardian:Gem_White"],"picked":"Guardian:Planning","floor":14},{"not_picked":["Guardian:Gem_Crimson","Guardian:Gem_Blue"],"picked":"Guardian:FloatingOrbs","floor":15},{"not_picked":["Guardian:SphericShield","Guardian:StasisField"],"picked":"Guardian:RevengeProtocol","floor":16}],"player_experience":55622,"relics_obtained":[],"event_choices":[],"is_beta":false,"boss_relics":[{"not_picked":["Philosopher\u0027s Stone","Coffee Dripper"],"picked":"Astrolabe"}],"items_purged_floors":[],"is_endless":false,"potions_floor_spawned":[8,11,14],"killed_by":"3 Byrds","ascension_level":0}}