{"host":"byizzf0lry06owoh","time":1610099224,"event":{"mods":["Act Like it!","Aspiration","BaseMod","BetterRewards","Card Forge","Conspire","Downfall","Friendly Minions","GifTheSpireLib","Hallownest","Hubris","Infinite Spire","Minty Spire (QoL Compilation)","Relic Sorter","Replay The Spire","SIMod","StSLib","Wandering Minibosses"],"gold_per_floor":[110,110,110,128,140,165,165,177,177,202,202,216,234,247,247,342,342,360,360,360,360],"floor_reached":20,"playtime":1527,"items_purged":[],"score":211,"play_id":"5b3dc5c4-5cd8-4cc8-a5a4-496e4aeab376","local_time":"20210108014704","is_ascension_mode":false,"campfire_choices":[{"floor":7,"key":"REST"},{"data":"hubris:ReadiedAction","floor":15,"key":"SMITH"}],"circlet_count":0,"master_deck":["conspire:GhostlyDefend","conspire:GhostlyDefend","conspire:GhostlyDefend","conspire:GhostlyDefend","Bash","Twin Strike","Defy Death","Clash","Metallicize","Dark Embrace","Offering","Neutralize","Replay:Undeath\u0027s Touch","Dropkick","hubris:ReadiedAction+1","Replay:Many Hands","Armaments"],"relics":["Burning Blood","Seething Fire","Hammer of Thor","Anvil of the Gods","NeowsBlessing","hubris:Towel","Replay:Bottled Flurry","Meat on the Bone","ReplayTheSpireMod:Ninjato","conspire:SeveredTorchhead"],"acts_visited":["Exordium","TheCity"],"potions_floor_usage":[10,10],"damage_taken":[{"damage":2,"enemies":"conspire:RoseBush","floor":1,"turns":1},{"damage":0,"enemies":"2 Louse","floor":4,"turns":1},{"damage":0,"enemies":"Jaw Worm","floor":5,"turns":1},{"damage":43,"enemies":"3 Sentries","floor":6,"turns":9},{"damage":10,"enemies":"Exordium Wildlife","floor":8,"turns":3},{"damage":8,"enemies":"Gremlin Nob","floor":10,"turns":4},{"damage":8,"enemies":"Large Slime","floor":12,"turns":4},{"damage":16,"enemies":"conspire:2 RoseBushes","floor":13,"turns":4},{"damage":6,"enemies":"Gremlin Gang","floor":14,"turns":2},{"damage":24,"enemies":"The Guardian","floor":16,"turns":8},{"damage":9,"enemies":"Chosen","floor":18,"turns":3},{"damage":0,"enemies":"Shell Parasite","floor":20,"turns":1}],"seed_played":"-3483980395742640512","potions_obtained":[{"floor":1,"key":"Energy Potion"},{"floor":5,"key":"sneckomod:MuddlingPotion"},{"floor":10,"key":"DistilledChaos"},{"floor":12,"key":"BloodPotion"},{"floor":16,"key":"Adrenaline Potion"}],"is_trial":false,"path_per_floor":["M","?","?","M","M","E","R","M","T","E","?","M","M","M","R","B",null,"M","?","M"],"character_chosen":"IRONCLAD","items_purchased":[],"campfire_rested":1,"item_purchase_floors":[],"current_hp_per_floor":[80,80,80,80,80,43,67,63,63,61,61,59,49,49,49,43,80,77,77,77,77],"gold":360,"neow_bonus":"THREE_ENEMY_KILL","is_daily":false,"chose_seed":false,"campfire_upgraded":1,"win_rate":0.0,"timestamp":1610099224,"path_taken":["M","?","?","M","M","E","R","M","T","E","?","M","M","M","R","BOSS","M","?","M"],"items_purchased_type":[],"build_version":"2020-12-22","purchased_purges":0,"victory":false,"max_hp_per_floor":[80,80,80,80,80,80,80,80,80,80,80,80,80,80,80,80,80,80,80,80,80],"card_choices":[{"not_picked":["Pommel Strike","Perfected Strike"],"picked":"Twin Strike","floor":1},{"not_picked":["Twin Strike","Flex"],"picked":"Defy Death","floor":4},{"not_picked":["Corruption","ReplayTheSpireMod:Strike From Hell"],"picked":"Clash","floor":5},{"not_picked":["Flame Barrier","Twin Strike"],"picked":"Metallicize","floor":6},{"not_picked":["Uppercut","Thunderclap"],"picked":"Dark Embrace","floor":8},{"not_picked":["Shockwave","Whirlwind"],"picked":"Offering","floor":10},{"not_picked":["Seeing Red","Second Wind"],"picked":"Replay:Undeath\u0027s Touch","floor":12},{"not_picked":["Whirlwind","Perfected Strike"],"picked":"Dropkick","floor":13},{"not_picked":["Body Slam","Cleave"],"picked":"hubris:ReadiedAction","floor":14},{"not_picked":["Offering","Juggernaut"],"picked":"Replay:Many Hands","floor":16},{"not_picked":["Cleave","Replay:Undeath\u0027s Touch"],"picked":"Armaments","floor":18}],"player_experience":0,"relics_obtained":[{"floor":6,"key":"Replay:Bottled Flurry"},{"floor":9,"key":"Meat on the Bone"},{"floor":10,"key":"ReplayTheSpireMod:Ninjato"}],"event_choices":[{"damage_healed":0,"gold_gain":0,"player_choice":"Agree","damage_taken":0,"max_hp_gain":0,"max_hp_loss":0,"event_name":"conspire:LoneGhost","floor":2,"gold_loss":0},{"damage_healed":0,"gold_gain":0,"player_choice":"Leave","damage_taken":0,"max_hp_gain":0,"max_hp_loss":0,"event_name":"conspire:Investor","floor":19,"gold_loss":0}],"is_beta":false,"boss_relics":[{"not_picked":["hubris:GrandSneckoEye","aspiration:PoetsPen_weak"],"picked":"conspire:SeveredTorchhead"}],"items_purged_floors":[],"is_endless":false,"potions_floor_spawned":[1,5,10,12,16,18],"killed_by":"Shell Parasite","ascension_level":0}}