{"host":"8f5cu9y0fpol72qs","time":1610148684,"event":{"mods":["AlwaysNeverKeys","BaseMod","Colored Map","Colored Powertips","Curses Come First","Highlight Path","Key Reminder","Minty Spire (QoL Compilation)","StSLib"],"gold_per_floor":[115,133,58,76,94,128,138,167,167,167,167,183,12,32,32,106,106,126,126,51,62,62,62,91,91,143,170,170,170,188,221,221,293,293,313,337,98,98,68,94,108,123,176,176,29,42,76,13,13,13,13,13,13,41,41,41],"floor_reached":55,"playtime":3630,"items_purged":["Strike_B","Strike_B","Defend_B"],"score":1276,"play_id":"3869a174-dd5a-49b0-b203-1ab24bc5db83","local_time":"20210108153124","is_ascension_mode":true,"campfire_choices":[{"floor":15.0,"key":"REST"},{"floor":23.0,"key":"REST"},{"data":"Apotheosis","floor":25.0,"key":"SMITH"},{"floor":29.0,"key":"REST"},{"floor":32.0,"key":"REST"},{"floor":49,"key":"RECALL"},{"floor":52,"key":"REST"}],"circlet_count":0,"master_deck":["AscendersBane","Defend_B","Defend_B","Defend_B","Zap+1","Dualcast","Rip and Tear","Loop","Coolheaded","Streamline","Glacier+1","Undo","Ball Lightning","Apotheosis+1","Tempest","Biased Cognition","Capacitor+1","Ball Lightning","Rainbow","Hologram","Meteor Strike","Defragment"],"relics":["Velvet Choker","Bag of Preparation","Odd Mushroom","Inserter","Toy Ornithopter","Juzu Bracelet","Kunai","Matryoshka","Busted Crown","Bronze Scales","PreservedInsect","Membership Card","Centennial Puzzle","War Paint","Orichalcum","Blood Vial","Incense Burner","Torii","Bottled Lightning"],"acts_visited":["Exordium","TheCity","TheBeyond","TheEnding"],"potions_floor_usage":[40,40,40,40,50,50],"damage_taken":[{"damage":7.0,"enemies":"Jaw Worm","floor":1.0,"turns":3.0},{"damage":4.0,"enemies":"Small Slimes","floor":2.0,"turns":3.0},{"damage":1.0,"enemies":"2 Louse","floor":4.0,"turns":3.0},{"damage":9.0,"enemies":"Blue Slaver","floor":5.0,"turns":4.0},{"damage":21.0,"enemies":"3 Sentries","floor":6.0,"turns":8.0},{"damage":0.0,"enemies":"3 Louse","floor":7.0,"turns":3.0},{"damage":12.0,"enemies":"The Mushroom Lair","floor":8.0,"turns":5.0},{"damage":0.0,"enemies":"Large Slime","floor":12.0,"turns":5.0},{"damage":3.0,"enemies":"Exordium Wildlife","floor":14.0,"turns":6.0},{"damage":1.0,"enemies":"The Guardian","floor":16.0,"turns":8.0},{"damage":5.0,"enemies":"2 Thieves","floor":18.0,"turns":4.0},{"damage":4.0,"enemies":"Chosen","floor":21.0,"turns":4.0},{"damage":27.0,"enemies":"Slavers","floor":24.0,"turns":6.0},{"damage":39.0,"enemies":"Book of Stabbing","floor":27.0,"turns":6.0},{"damage":7.0,"enemies":"Centurion and Healer","floor":30.0,"turns":6.0},{"damage":36.0,"enemies":"Slavers","floor":31.0,"turns":8.0},{"damage":5,"enemies":"Champ","floor":33,"turns":12},{"damage":1,"enemies":"Orb Walker","floor":35,"turns":3},{"damage":5,"enemies":"Giant Head","floor":40,"turns":6},{"damage":4,"enemies":"3 Darklings","floor":41,"turns":5},{"damage":0,"enemies":"Maw","floor":42,"turns":5},{"damage":21,"enemies":"Transient","floor":46,"turns":5},{"damage":21,"enemies":"Nemesis","floor":47,"turns":5},{"damage":46,"enemies":"Time Eater","floor":50,"turns":8},{"damage":85,"enemies":"Shield and Spear","floor":54,"turns":9},{"damage":45,"enemies":"The Heart","floor":55,"turns":2}],"seed_played":"8948608486549671451","potions_obtained":[{"floor":2.0,"key":"Swift Potion"},{"floor":5.0,"key":"SkillPotion"},{"floor":6.0,"key":"Swift Potion"},{"floor":12.0,"key":"AttackPotion"},{"floor":14.0,"key":"SpeedPotion"},{"floor":18.0,"key":"SpeedPotion"},{"floor":24.0,"key":"Fruit Juice"},{"floor":27.0,"key":"Swift Potion"},{"floor":31.0,"key":"Fruit Juice"},{"floor":39,"key":"Weak Potion"},{"floor":39,"key":"EntropicBrew"},{"floor":40,"key":"Ancient Potion"},{"floor":46,"key":"AttackPotion"},{"floor":47,"key":"PowerPotion"}],"is_trial":false,"path_per_floor":["M","M","$","M","M","E","M","?","T","?","?","M","$","M","R","B",null,"M","?","?","M","?","R","E","R","T","E","?","R","M","E","R","B",null,"M","T","$","T","?","E","M","M","T","?","$","M","E","$","R","B",null,"R","$","E","B"],"character_chosen":"DEFECT","items_purchased":["Apotheosis","Membership Card","Defragment","Incense Burner"],"campfire_rested":5,"item_purchase_floors":[13,37,37,45],"current_hp_per_floor":[61,57,57,56,47,26,26,14,14,7,12,12,12,9,33,32,68,63,63,63,59,44,69,52,52,52,13,13,40,38,17,45,40,81,80,80,80,80,80,95,91,91,91,91,91,72,53,53,53,19,76,95,95,10,0,0],"gold":41,"neow_bonus":"BOSS_RELIC","is_daily":false,"chose_seed":false,"campfire_upgraded":1,"win_rate":0.0,"timestamp":1610148684,"path_taken":["M","M","$","M","M","E","M","?","T","?","?","M","?","M","R","BOSS","M","?","?","M","?","R","E","R","T","E","?","R","M","E","R","BOSS","M","?","?","?","?","E","M","M","T","?","$","M","E","$","R","BOSS","R","$","E","BOSS"],"items_purchased_type":["Card","Relic","Card","Relic"],"build_version":"2020-12-22","purchased_purges":3,"victory":false,"max_hp_per_floor":[75,75,75,75,75,75,75,75,75,75,80,80,80,80,80,80,80,80,80,80,80,85,85,90,90,90,90,90,90,90,95,95,95,95,95,95,95,95,95,95,95,95,95,95,95,95,95,95,95,95,95,95,95,95,95,95],"card_choices":[{"not_picked":["Conserve Battery","Beam Cell"],"picked":"Rip and Tear","floor":1.0},{"not_picked":["Reprogram","Stack"],"picked":"Loop","floor":2.0},{"not_picked":["Stack","Sweeping Beam"],"picked":"Coolheaded","floor":4.0},{"not_picked":["Hello World","Compile Driver"],"picked":"Streamline","floor":5.0},{"not_picked":["Compile Driver","Capacitor"],"picked":"Glacier","floor":6.0},{"not_picked":["Fusion","Meteor Strike"],"picked":"Undo","floor":7.0},{"not_picked":["Darkness","Leap"],"picked":"Ball Lightning","floor":8.0},{"not_picked":["Leap","Recycle","Consume"],"picked":"SKIP","floor":12.0},{"not_picked":["Auto Shields","Beam Cell"],"picked":"Tempest","floor":14.0},{"not_picked":["Thunder Strike","Amplify"],"picked":"Biased Cognition","floor":16.0},{"not_picked":["Steam","Coolheaded"],"picked":"Capacitor+1","floor":18.0},{"not_picked":["Sweeping Beam","Aggregate","Chaos"],"picked":"SKIP","floor":21.0},{"not_picked":["Streamline+1","Force Field"],"picked":"Ball Lightning","floor":24.0},{"not_picked":["Fusion","Reprogram"],"picked":"Rainbow","floor":27.0},{"not_picked":["Compile Driver","Sweeping Beam","Leap"],"picked":"SKIP","floor":30.0},{"not_picked":["Loop","Compile Driver"],"picked":"Hologram","floor":31.0},{"not_picked":["Amplify","All For One"],"picked":"Meteor Strike","floor":33},{"not_picked":["Cold Snap"],"picked":"SKIP","floor":35},{"not_picked":["Coolheaded"],"picked":"SKIP","floor":40},{"not_picked":["Capacitor+1"],"picked":"SKIP","floor":41},{"not_picked":["Darkness+1"],"picked":"SKIP","floor":42},{"not_picked":["BootSequence"],"picked":"SKIP","floor":46},{"not_picked":["Beam Cell+1"],"picked":"SKIP","floor":47},{"not_picked":["Steam Power+1"],"picked":"SKIP","floor":54}],"player_experience":804954,"relics_obtained":[{"floor":6.0,"key":"Bag of Preparation"},{"floor":8.0,"key":"Odd Mushroom"},{"floor":24.0,"key":"Toy Ornithopter"},{"floor":26.0,"key":"Juzu Bracelet"},{"floor":27.0,"key":"Kunai"},{"floor":31.0,"key":"Matryoshka"},{"floor":36,"key":"Bronze Scales"},{"floor":36,"key":"PreservedInsect"},{"floor":38,"key":"Centennial Puzzle"},{"floor":38,"key":"War Paint"},{"floor":40,"key":"Orichalcum"},{"floor":43,"key":"Blood Vial"},{"floor":47,"key":"Torii"},{"floor":54,"key":"Bottled Lightning"}],"event_choices":[{"damage_healed":0.0,"max_hp_gain":0.0,"max_hp_loss":0.0,"gold_gain":0.0,"event_name":"Mushrooms","player_choice":"Fought Mushrooms","floor":8.0,"gold_loss":0.0,"damage_taken":0.0},{"cards_removed":["Strike_B"],"damage_healed":0.0,"max_hp_gain":0.0,"max_hp_loss":0.0,"gold_gain":0.0,"event_name":"Golden Wing","player_choice":"Card Removal","floor":10.0,"gold_loss":0.0,"damage_taken":7.0},{"damage_healed":0.0,"max_hp_gain":5.0,"max_hp_loss":0.0,"gold_gain":0.0,"event_name":"Big Fish","player_choice":"Donut","floor":11.0,"gold_loss":0.0,"damage_taken":0.0},{"damage_healed":0.0,"max_hp_gain":0.0,"max_hp_loss":0.0,"gold_gain":0.0,"event_name":"Vampires","player_choice":"Ignored","floor":19.0,"gold_loss":0.0,"damage_taken":0.0},{"cards_removed":["Strike_B"],"damage_healed":0.0,"max_hp_gain":0.0,"max_hp_loss":0.0,"gold_gain":0.0,"event_name":"Beggar","player_choice":"Gave Gold","floor":20.0,"gold_loss":75.0,"damage_taken":0.0},{"damage_healed":0.0,"max_hp_gain":5.0,"max_hp_loss":0.0,"gold_gain":0.0,"event_name":"Forgotten Altar","player_choice":"Shed Blood","floor":22.0,"gold_loss":0.0,"damage_taken":20.0},{"damage_healed":0.0,"max_hp_gain":0.0,"max_hp_loss":0.0,"gold_gain":0.0,"event_name":"Match and Keep!","player_choice":"1 cards matched","floor":28.0,"gold_loss":0.0,"damage_taken":0.0,"cards_obtained":["Beam Cell"]},{"damage_healed":0,"gold_gain":0,"player_choice":"Bought 2 Potions","damage_taken":0,"max_hp_gain":0,"max_hp_loss":0,"event_name":"The Woman in Blue","floor":39,"gold_loss":0},{"cards_removed":["Beam Cell"],"damage_healed":0,"gold_gain":0,"player_choice":"Removed Attack","damage_taken":0,"max_hp_gain":0,"max_hp_loss":0,"event_name":"Falling","floor":44,"gold_loss":0}],"is_beta":false,"boss_relics":[{"not_picked":["Ectoplasm","Pandora\u0027s Box"],"picked":"Inserter"},{"not_picked":["Nuclear Battery","Empty Cage"],"picked":"Busted Crown"}],"items_purged_floors":[3,37,48],"is_endless":false,"potions_floor_spawned":[2,5,6,12,14,18,24,27,31,40,46,47],"killed_by":"The Heart","ascension_level":13}}