{"host":"s7l2a3wroivred6i","time":1610071763,"event":{"mods":["AchievementEnabler","BaseMod","Better Altar","Better Match","Better Note","Better Sensory Stone","Better Skull","Better Synergies","Better Third Choice","BetterRewards","Conspire","Downfall","GifTheSpireLib","Hubris","Infinite Spire","Minty Spire (QoL Compilation)","Replay The Spire","Retaliation","StSLib","Stuff the Spire","The Blue Laboratory"],"gold_per_floor":[115,115,67,82,82,115,115,115,115,115,130,130,147,147,147,243,243,261,261,261,261,277,277,309,323,377,412,431,464,491,505,505,505,505],"floor_reached":33,"playtime":2182,"items_purged":[],"score":403,"play_id":"b812ff3b-e457-4e3a-985f-a7ca76668520","local_time":"20210107210923","is_ascension_mode":false,"campfire_choices":[{"floor":7,"key":"REST"},{"data":"Replay:SS_forest_2","floor":10,"key":"SMITH"},{"data":"Bash","floor":12,"key":"SMITH"},{"data":"infinitespire:Gouge","floor":23,"key":"SMITH"},{"floor":32,"key":"DIG"}],"circlet_count":0,"master_deck":["Strike_R","Strike_R","Strike_R","Strike_R","Strike_R","Defend_R","Defend_R","Defend_R","Defend_R","Bash+1","Flex","Poisoned Strike","Replay:SS_forest_2+1","Finesse","Iron Wave","conspire:SharedLibrary+1","Twin Strike","Self Repair+1","Reaper","infinitespire:Gouge+1","conspire:Charge+1","Sword Boomerang"],"relics":["ReplayTheSpireMod:ShopPack","Omamori","Pen Nib","Akabeko","Iron Core","SacredBark","Replay:Ringing Soul","StuffTheSpire:Experiment12","Replay:Rubber Ducky","hubris:CrystalStatue","Regal Pillow"],"acts_visited":["Exordium","TheCity"],"potions_floor_usage":[13,16,18,24,24,27,30,33,33],"damage_taken":[{"damage":4,"enemies":"Cultist","floor":1,"turns":4},{"damage":9,"enemies":"Jaw Worm","floor":4,"turns":4},{"damage":31,"enemies":"Gremlin Nob","floor":6,"turns":5},{"damage":0,"enemies":"Small Slimes","floor":11,"turns":3},{"damage":11,"enemies":"Exordium Thugs","floor":13,"turns":4},{"damage":53,"enemies":"The Guardian","floor":16,"turns":9},{"damage":26,"enemies":"Spheric Guardian","floor":18,"turns":3},{"damage":10,"enemies":"Chosen","floor":22,"turns":4},{"damage":31,"enemies":"Gremlin Leader","floor":24,"turns":4},{"damage":11,"enemies":"3 Cultists","floor":25,"turns":5},{"damage":26,"enemies":"Book of Stabbing","floor":27,"turns":6},{"damage":14,"enemies":"Centurion and Healer","floor":28,"turns":7},{"damage":29,"enemies":"conspire:MimicChest","floor":29,"turns":6},{"damage":18,"enemies":"Gremlin Leader","floor":30,"turns":7},{"damage":17,"enemies":"Snake Plant","floor":31,"turns":3},{"damage":99,"enemies":"Collector","floor":33,"turns":10}],"seed_played":"2148525681901916591","potions_obtained":[{"floor":11,"key":"AttackPotion"},{"floor":15,"key":"DuplicationPotion"},{"floor":15,"key":"blueLaboratory:RecallPotion"},{"floor":16,"key":"Adrenaline Potion"},{"floor":24,"key":"Block Potion"},{"floor":29,"key":"Block Potion"},{"floor":30,"key":"blueLaboratory:TrueEctoplasm"},{"floor":31,"key":"Adrenaline Potion"}],"is_trial":false,"path_per_floor":["M","T","$","M","?","E","R","?","T","R","M","R","M","?","R","B",null,"M","?","?","?","M","R","E","M","T","E","M","?","E","M","R","B"],"character_chosen":"IRONCLAD","items_purchased":["ReplayTheSpireMod:ShopPack","Flex","Strength Potion"],"campfire_rested":1,"item_purchase_floors":[0,0,3],"current_hp_per_floor":[73,73,73,70,62,37,61,61,61,61,67,67,62,62,62,19,80,54,54,54,54,61,61,52,85,85,76,82,63,78,71,71,0,0],"gold":505,"neow_bonus":"","is_daily":false,"chose_seed":false,"campfire_upgraded":3,"win_rate":0.0,"timestamp":1610071763,"path_taken":["M","?","$","M","?","E","R","?","T","R","?","R","M","?","R","BOSS","M","?","?","?","M","R","E","M","T","E","M","?","E","?","R","BOSS"],"items_purchased_type":["Relic","Card","Potion"],"build_version":"2020-12-22","purchased_purges":0,"victory":false,"max_hp_per_floor":[80,80,80,80,80,80,80,80,80,80,80,80,80,80,80,80,80,80,80,80,80,80,80,83,86,86,86,86,86,86,86,86,86,86],"card_choices":[{"not_picked":["StuffTheSpire:Recharge","Replay:Dark Deal"],"picked":"Poisoned Strike","floor":0},{"not_picked":["Dark Shackles","expansioncontent:Hexaburn"],"picked":"Replay:SS_forest_2","floor":0},{"not_picked":["Poisoned Strike","Violence"],"picked":"Finesse","floor":0},{"not_picked":["Shrug It Off","DDmod:EasePowerCard"],"picked":"Iron Wave","floor":1},{"not_picked":["Iron Wave","ReplayTheSpireMod:Strike From Hell","Feel No Pain"],"picked":"SKIP","floor":4},{"not_picked":["StuffTheSpire:RagingBull","Searing Blow","ReplayTheSpireMod:Strike From Hell"],"picked":"SKIP","floor":6},{"not_picked":["Defy Death","DDmod:EasePowerCard"],"picked":"Twin Strike","floor":11},{"not_picked":["Body Slam","Defy Death","ReplayTheSpireMod:Strike From Hell"],"picked":"SKIP","floor":13},{"not_picked":["Immolate","Replay:Many Hands"],"picked":"Reaper","floor":16},{"not_picked":["DDmod:CallousedSkill+1","Body Slam","Whirlwind"],"picked":"SKIP","floor":18},{"not_picked":["infinitespire:FutureSight","infinitespire:Collect"],"picked":"infinitespire:Gouge","floor":20},{"not_picked":["Bloodletting","StuffTheSpire:BloodClot","Clash"],"picked":"SKIP","floor":22},{"not_picked":["Shrug It Off+1","Exhume"],"picked":"conspire:Charge+1","floor":24},{"not_picked":["Perfected Strike","Armaments+1"],"picked":"Sword Boomerang","floor":25},{"not_picked":["DDmod:SpikedSkill","StuffTheSpire:Slingshot+1","Pommel Strike"],"picked":"SKIP","floor":27},{"not_picked":["Headbutt","Wild Strike","hubris:ReadiedAction"],"picked":"SKIP","floor":28},{"not_picked":["Body Slam","StuffTheSpire:RockThrow+1","Perfected Strike"],"picked":"SKIP","floor":30},{"not_picked":["DDmod:SpikedSkill","Pommel Strike","Perfected Strike"],"picked":"SKIP","floor":31}],"player_experience":321802,"relics_obtained":[{"floor":2,"key":"Omamori"},{"floor":6,"key":"Akabeko"},{"floor":24,"key":"Replay:Ringing Soul"},{"floor":26,"key":"StuffTheSpire:Experiment12"},{"floor":27,"key":"Replay:Rubber Ducky"},{"floor":30,"key":"hubris:CrystalStatue"},{"floor":32,"key":"Regal Pillow"}],"event_choices":[{"damage_healed":0,"gold_gain":0,"player_choice":"Upgraded","damage_taken":0,"max_hp_gain":0,"max_hp_loss":0,"event_name":"Upgrade Shrine","floor":8,"gold_loss":0,"cards_upgraded":["conspire:SharedLibrary"]},{"cards_removed":["Replay:SS_forest_2"],"damage_healed":0,"gold_gain":0,"player_choice":"Give","damage_taken":0,"max_hp_gain":0,"max_hp_loss":0,"event_name":"betterNote:BetterNote","floor":19,"gold_loss":0,"cards_obtained":["Gash"]}],"is_beta":false,"boss_relics":[{"not_picked":["infinitespire:Burning Sword","Mark of Pain"],"picked":"SacredBark"}],"items_purged_floors":[],"is_endless":false,"potions_floor_spawned":[11,16,24,29,30,31],"killed_by":"Collector","ascension_level":0}}