{"host":"y9jgkjnf95sujozk","time":1610126763,"event":{"mods":["2.2 Compatiblity","AchievementEnabler","Act Like it!","BaseMod","Block Reminder","Colored Map","Colored Powertips","Decade(王小明)","Downfall","Friendly Minions","Gensokyo","GifTheSpireLib","Hallownest","Hermit","Highlight Path","HololiveMod","Hubris","Infinite Spire","Jorbs\u0027s Wanderer Trilogy","Koishi","Marisa（霧雨　魔理沙）","Minty Spire (QoL Compilation)","Quick Restart","Random Character Button","Rare Cards Sparkle","Remilia（蕾米莉?）","Replay The Spire","Shop Mod","StSLib","SuperFastMode","The Animator","The Bug Knight","The Cursed","The Disciple","The Hierophant","The Jungle","The Senshi","The Servant 0.9.4"],"gold_per_floor":[115,74,74,93,109,109,109,109,109,122,139,158,158,158,158,158,158],"floor_reached":16,"playtime":332,"items_purged":[],"score":92,"play_id":"81a76f9d-d655-43df-a9a9-c17ad7265f9e","local_time":"20210108182603","is_ascension_mode":false,"campfire_choices":[{"data":"ClearTheMind","floor":6.0,"key":"SMITH"},{"data":"FlurryOfBlows","floor":8.0,"key":"SMITH"},{"floor":13,"key":"REST"},{"data":"Collect","floor":15,"key":"SMITH"}],"circlet_count":0,"master_deck":["Strike_P","Strike_P+1","Strike_P","Strike_P","Defend_P","Defend_P","Defend_P","Defend_P","Eruption+1","Vigilance","InnerPeace","FearNoEvil","EmptyMind","ClearTheMind+1","FlurryOfBlows+1","EmptyFist","ThirdEye","Collect+1"],"relics":["PureWater","NeowsBlessing","Hallownest:DreamNailRelic","infinitespire:Lucky Rock"],"acts_visited":["Exordium"],"potions_floor_usage":[16,16],"damage_taken":[{"damage":0.0,"enemies":"Hallownest:monsterHuskGuard","floor":1.0,"turns":1.0},{"damage":0.0,"enemies":"Hallownest:2_Tiktiks_and_1_Crawlid","floor":4.0,"turns":1.0},{"damage":0.0,"enemies":"2_ Uuma","floor":5.0,"turns":1.0},{"damage":0.0,"enemies":"Hallownest:monsterAspidMother","floor":7.0,"turns":2.0},{"damage":2.0,"enemies":"Hallownest:MossCreep_and_Mosskin","floor":10.0,"turns":5.0},{"damage":14.0,"enemies":"Hallownest:Wandering_and_Horned","floor":11.0,"turns":3.0},{"damage":0,"enemies":"Hallownest:monsterMossCharger","floor":12,"turns":2},{"damage":86,"enemies":"Hallownest:BossHornet","floor":16,"turns":5}],"seed_played":"-6328744797522389112","potions_obtained":[{"floor":1.0,"key":"Ancient Potion"},{"floor":5.0,"key":"champ:CounterPotion"}],"is_trial":false,"path_per_floor":["M","$","?","M","M","R","M","R","T","M","M","M","R","?","R","B"],"character_chosen":"WATCHER","items_purchased":["FearNoEvil"],"campfire_rested":1,"item_purchase_floors":[2],"current_hp_per_floor":[72,72,72,72,72,72,72,72,72,70,56,56,72,72,72,0,0],"gold":158,"neow_bonus":"THREE_ENEMY_KILL","is_daily":false,"chose_seed":false,"campfire_upgraded":3,"win_rate":0.0,"timestamp":1610126763,"path_taken":["M","$","?","M","M","R","M","R","T","?","?","M","R","?","R","BOSS"],"items_purchased_type":["Card"],"build_version":"2020-12-22","purchased_purges":0,"victory":false,"max_hp_per_floor":[72,72,72,72,72,72,72,72,72,72,72,72,72,72,72,72,72],"card_choices":[{"not_picked":["WaveOfTheHand","Adaptation"],"picked":"InnerPeace","floor":1.0},{"not_picked":["CarveReality","Study"],"picked":"EmptyMind","floor":4.0},{"not_picked":["WindmillStrike","Prostrate"],"picked":"ClearTheMind","floor":5.0},{"not_picked":["Replay:ManipulateFuture","Crescendo"],"picked":"FlurryOfBlows","floor":7.0},{"not_picked":["Fasting2","Halt"],"picked":"EmptyFist","floor":10.0},{"not_picked":["Nirvana","CarveReality"],"picked":"ThirdEye","floor":11},{"not_picked":["Halt","Evaluate"],"picked":"Collect","floor":12}],"player_experience":139856,"relics_obtained":[{"floor":9.0,"key":"infinitespire:Lucky Rock"}],"event_choices":[],"is_beta":false,"boss_relics":[],"items_purged_floors":[],"is_endless":false,"potions_floor_spawned":[1,5],"killed_by":"Hallownest:BossHornet","ascension_level":0}}