{"host":"qdfumeom6htv8yxl","time":1610125265,"event":{"mods":["AchievementEnabler","BaseMod","Bestiary","Block Reminder","Minty Spire (QoL Compilation)","Quick Restart","Relic Stats"],"gold_per_floor":[115,130,142,154,154,154,171,171,171,171,130,154,2,2,2,76,76,76,76,76,76,76,76,76],"floor_reached":23,"playtime":760,"items_purged":["Strike_G"],"score":362,"play_id":"80d3612f-e1b3-45d3-aa02-83c0642ad6c5","local_time":"20210108110105","is_ascension_mode":true,"campfire_choices":[{"floor":6.0,"key":"REST"},{"data":"Poisoned Stab","floor":8.0,"key":"SMITH"},{"data":"Neutralize","floor":10.0,"key":"SMITH"},{"data":"Noxious Fumes","floor":15,"key":"SMITH"}],"circlet_count":0,"master_deck":["AscendersBane","Strike_G","Strike_G","Strike_G","Defend_G","Defend_G","Defend_G","Defend_G","Defend_G","Survivor","Neutralize+1","Poisoned Stab","Deadly Poison","Cloak And Dagger","Slice","PiercingWail","Poisoned Stab+1","Noxious Fumes","Noxious Fumes+1","Unload","Slice","Bouncing Flask"],"relics":["Runic Pyramid","InkBottle","Bag of Marbles","Singing Bowl","Ectoplasm","Strawberry"],"acts_visited":["Exordium","TheCity"],"potions_floor_usage":[16,23],"damage_taken":[{"damage":3.0,"enemies":"Cultist","floor":1.0,"turns":4.0},{"damage":7.0,"enemies":"Jaw Worm","floor":2.0,"turns":4.0},{"damage":8.0,"enemies":"2 Louse","floor":3.0,"turns":3.0},{"damage":2.0,"enemies":"Blue Slaver","floor":4.0,"turns":5.0},{"damage":6.0,"enemies":"Exordium Thugs","floor":7.0,"turns":5.0},{"damage":7,"enemies":"The Guardian","floor":16,"turns":8},{"damage":14,"enemies":"3 Byrds","floor":18,"turns":5},{"damage":6,"enemies":"Spheric Guardian","floor":20,"turns":4},{"damage":15,"enemies":"Centurion and Healer","floor":21,"turns":5},{"damage":45,"enemies":"Slavers","floor":23,"turns":3}],"seed_played":"-6062439028357718912","potions_obtained":[{"floor":3.0,"key":"DuplicationPotion"},{"floor":7.0,"key":"SpeedPotion"},{"floor":20,"key":"BlessingOfTheForge"}],"is_trial":false,"path_per_floor":["M","M","M","M","?","R","M","R","T","R","$","T","$","T","R","B",null,"M","?","M","M","T","E"],"character_chosen":"THE_SILENT","items_purchased":["Noxious Fumes","Noxious Fumes"],"campfire_rested":1,"item_purchase_floors":[11,13],"current_hp_per_floor":[56,49,41,39,39,58,52,52,52,52,52,52,52,52,52,45,61,49,49,43,28,35,0,0],"gold":76,"neow_bonus":"BOSS_RELIC","is_daily":false,"chose_seed":false,"campfire_upgraded":3,"win_rate":0.0,"timestamp":1610125265,"path_taken":["M","M","M","?","?","R","M","R","T","R","$","?","$","?","R","BOSS","M","?","M","M","?","E"],"items_purchased_type":["Card","Card"],"build_version":"2020-12-22","purchased_purges":1,"victory":false,"max_hp_per_floor":[66,66,66,66,66,66,66,66,66,66,66,66,66,66,66,66,66,68,68,68,68,75,75,75],"relic_stats":{"Singing Bowl":2,"counters":[10,46],"Ectoplasm":70,"obtain_stats":[{"Singing Bowl":14,"Strawberry":22,"Ectoplasm":17,"Bag of Marbles":12,"InkBottle":9,"Ring of the Snake":0,"Runic Pyramid":0},{"Singing Bowl":5,"Strawberry":9,"Ectoplasm":6,"Bag of Marbles":5,"InkBottle":5,"Ring of the Snake":0,"Runic Pyramid":0},{"Singing Bowl":21,"Strawberry":43,"Ectoplasm":29,"Bag of Marbles":21,"InkBottle":21,"Ring of the Snake":0,"Runic Pyramid":0}],"InkBottle":[9]},"card_choices":[{"not_picked":["Deflect","Deadly Poison"],"picked":"Poisoned Stab","floor":1.0},{"not_picked":["Heel Hook","Distraction"],"picked":"Deadly Poison","floor":2.0},{"not_picked":["PiercingWail","Dodge and Roll"],"picked":"Cloak And Dagger","floor":3.0},{"not_picked":["Dodge and Roll","Deflect"],"picked":"Slice","floor":4.0},{"not_picked":["Bane","Dodge and Roll"],"picked":"Poisoned Stab","floor":7.0},{"not_picked":["Burst","Wraith Form v2"],"picked":"Unload","floor":16},{"not_picked":["Blade Dance+1","Endless Agony","Cloak And Dagger+1"],"picked":"Singing Bowl","floor":18},{"not_picked":["Flying Knee","Acrobatics"],"picked":"Slice","floor":20},{"not_picked":["Slice","Outmaneuver"],"picked":"Bouncing Flask","floor":21}],"player_experience":1742472,"relics_obtained":[{"floor":9.0,"key":"InkBottle"},{"floor":12,"key":"Bag of Marbles"},{"floor":14,"key":"Singing Bowl"},{"floor":22,"key":"Strawberry"}],"event_choices":[{"damage_healed":0.0,"max_hp_gain":0.0,"max_hp_loss":0.0,"gold_gain":0.0,"cards_transformed":["Strike_G"],"event_name":"Transmorgrifier","player_choice":"Transformed","floor":5.0,"gold_loss":0.0,"damage_taken":0.0,"cards_obtained":["PiercingWail"]},{"damage_healed":0,"gold_gain":0,"player_choice":"Ignored","damage_taken":0,"max_hp_gain":0,"max_hp_loss":0,"event_name":"The Mausoleum","floor":19,"gold_loss":0}],"is_beta":false,"boss_relics":[{"not_picked":["Black Star","Velvet Choker"],"picked":"Ectoplasm"}],"items_purged_floors":[13],"is_endless":false,"potions_floor_spawned":[3,7,20],"killed_by":"Slavers","ascension_level":20}}