{"host":"w5ovz9boloi14a0g","time":1610078583,"event":{"mods":["BaseMod","Downfall","Googly Eyes","Minty Spire (QoL Compilation)","StSLib","SuperFastMode"],"gold_per_floor":[99,164,164,21,21,21,21,31,44,44,44,62,62,76,92,92,92,92],"floor_reached":16,"playtime":431,"items_purged":[],"score":90,"play_id":"d6093395-3bfc-43ef-9435-c35e4840baff","local_time":"20210107220303","is_ascension_mode":false,"campfire_choices":[{"data":"Slimebound:Split","floor":1,"key":"SMITH"},{"data":"Slimebound:CorrosiveSpit","floor":6,"key":"SMITH"},{"data":"Slimebound:Grow","floor":10,"key":"SMITH"},{"data":"Slimebound:Defend_Slimebound","floor":13,"key":"SMITH"}],"circlet_count":0,"master_deck":["Slimebound:Strike_Slimebound+1","Slimebound:Strike_Slimebound","Slimebound:Strike_Slimebound","Slimebound:Tackle","Slimebound:Defend_Slimebound+1","Slimebound:Defend_Slimebound+1","Slimebound:Defend_Slimebound+1","Slimebound:Defend_Slimebound","Slimebound:Split+1","Slimebound:CorrosiveSpit+1","Slimebound:LeechingTouch","Slimebound:LeechEnergy","Slimebound:Equalize","Slimebound:MegaLick","Slimebound:Grow+1","Regret","Slimebound:Repurpose","Slimebound:SpikyOuterGoop"],"relics":["Slimebound:AbsorbEndCombat","downfall:HeartsMalice","Mummified Hand","Eternal Feather"],"acts_visited":["Exordium"],"potions_floor_usage":[],"damage_taken":[{"damage":0,"enemies":"Lagavulin Event","floor":2,"turns":1},{"damage":0,"enemies":"downfall:FleeingMerchant","floor":4,"turns":1},{"damage":0,"enemies":"Jaw Worm","floor":5,"turns":1},{"damage":8,"enemies":"Small Slimes","floor":8,"turns":3},{"damage":0,"enemies":"2 Louse","floor":9,"turns":2},{"damage":15,"enemies":"Blue Slaver","floor":12,"turns":3},{"damage":9,"enemies":"Large Slime","floor":14,"turns":4},{"damage":10,"enemies":"3 Louse","floor":15,"turns":2},{"damage":74,"enemies":"downfall:Defect","floor":16,"turns":8}],"seed_played":"8565987253496828291","potions_obtained":[{"floor":2,"key":"LiquidMemories"},{"floor":9,"key":"LiquidBronze"},{"floor":14,"key":"FearPotion"}],"is_trial":false,"path_per_floor":["R","?","?","$","M","R","T","M","M","R","?","M","R","M","M","B"],"character_chosen":"SLIMEBOUND","items_purchased":["Slimebound:Equalize","Slimebound:MegaLick"],"campfire_rested":0,"item_purchase_floors":[4,4],"current_hp_per_floor":[60,60,65,65,65,65,65,65,65,65,65,60,65,65,65,0,0,0],"gold":92,"neow_bonus":"THREE_ENEMY_KILL","is_daily":false,"chose_seed":false,"campfire_upgraded":4,"win_rate":0.0,"timestamp":1610078583,"path_taken":["R","?","?","?","M","R","T","?","M","R","?","M","R","M","M","BOSS"],"items_purchased_type":["Card","Card"],"build_version":"2020-12-22","purchased_purges":0,"victory":false,"max_hp_per_floor":[60,60,65,65,65,65,65,65,65,65,65,65,65,65,65,65,65,65],"card_choices":[{"not_picked":["Slimebound:ForwardTackle","Slimebound:FormOfPuddle"],"picked":"Slimebound:LeechingTouch","floor":2},{"not_picked":["Slimebound:SplitAcid","Slimebound:SplitLeeching"],"picked":"Slimebound:LeechEnergy","floor":4},{"not_picked":["Slimebound:LeechingTouch","Slimebound:ComboTackle","Slimebound:Prepare"],"picked":"SKIP","floor":5},{"not_picked":["Slimebound:ViciousTackle","Slimebound:SlimeBrawl"],"picked":"Slimebound:Grow","floor":8},{"not_picked":["Slimebound:Schlurp","Slimebound:DisruptingSlam","Slimebound:RollThrough"],"picked":"SKIP","floor":9},{"not_picked":["Slimebound:SplitMire","Slimebound:OozeBath"],"picked":"Slimebound:Repurpose","floor":12},{"not_picked":["Slimebound:Dissolve","Slimebound:PressTheAttack","Slimebound:FlameTackle"],"picked":"SKIP","floor":14},{"not_picked":["Slimebound:FormOfPuddle","Slimebound:HauntingLick"],"picked":"Slimebound:SpikyOuterGoop","floor":15}],"player_experience":68705,"relics_obtained":[{"floor":7,"key":"Eternal Feather"}],"event_choices":[{"damage_healed":0,"gold_gain":0,"player_choice":"Donut","damage_taken":0,"max_hp_gain":5,"max_hp_loss":0,"event_name":"Big Fish","floor":3,"gold_loss":0}],"is_beta":false,"boss_relics":[],"items_purged_floors":[],"is_endless":false,"potions_floor_spawned":[2,9,14],"killed_by":"downfall:Defect","ascension_level":0}}