{"host":"1a3cjta80tad0aqj","time":1610097240,"event":{"mods":["2.2 Compatiblity","AchievementEnabler","BaseMod","Colored Map","DeckTracker","KOR Keyword Fix","Keyboard Shortcuts","Minty Spire (QoL Compilation)","Permanent Neow","Quick Restart","Random Character Button","StSLib","SuperFastMode","everything is the same but u backflip on backflip"],"gold_per_floor":[112,124,136,148,148,148,183,183,183,199,219,144,144,44,44,144,144,159,159,174,49,69,69,87,107,107,107,122,122,122,122,122,217,217,235,235,249,267,43,62,74,74,74,74,74,74,74],"floor_reached":46,"playtime":2103,"items_purged":["Pray+1","Strike_P","Defend_P","Defend_P"],"score":424,"play_id":"daaaa947-5f0e-41bf-948e-1267b55eabec","local_time":"20210108181400","is_ascension_mode":false,"campfire_choices":[{"data":"Eruption","floor":6.0,"key":"SMITH"},{"data":"FlurryOfBlows","floor":8.0,"key":"SMITH"},{"data":"FearNoEvil","floor":15.0,"key":"SMITH"},{"floor":23.0,"key":"REST"},{"floor":27.0,"key":"REST"},{"floor":32.0,"key":"REST"},{"floor":42.0,"key":"REST"},{"floor":44.0,"key":"REST"}],"circlet_count":0,"master_deck":["Strike_P","Eruption+1","Vigilance","SashWhip+1","Crescendo+1","Halt","FlurryOfBlows+1","FearNoEvil+1","BowlingBash","Adaptation+1","PanicButton","CutThroughFate","FollowUp+1","TalkToTheHand","Parasite"],"relics":["Astrolabe"],"acts_visited":["Exordium","TheCity","TheBeyond"],"potions_floor_usage":[],"damage_taken":[{"damage":3.0,"enemies":"Jaw Worm","floor":1.0,"turns":2.0},{"damage":0.0,"enemies":"2 Louse","floor":2.0,"turns":2.0},{"damage":0.0,"enemies":"Cultist","floor":3.0,"turns":2.0},{"damage":2.0,"enemies":"Looter","floor":4.0,"turns":2.0},{"damage":12.0,"enemies":"Gremlin Nob","floor":7.0,"turns":3.0},{"damage":2.0,"enemies":"3 Louse","floor":10.0,"turns":2.0},{"damage":12.0,"enemies":"2 Fungi Beasts","floor":11.0,"turns":2.0},{"damage":2.0,"enemies":"Slime Boss","floor":16.0,"turns":8.0},{"damage":13.0,"enemies":"Shell Parasite","floor":18.0,"turns":5.0},{"damage":10.0,"enemies":"2 Thieves","floor":20.0,"turns":3.0},{"damage":5.0,"enemies":"3 Cultists","floor":22.0,"turns":4.0},{"damage":20.0,"enemies":"Sentry and Sphere","floor":24.0,"turns":4.0},{"damage":34.0,"enemies":"Snake Plant","floor":25.0,"turns":4.0},{"damage":0.0,"enemies":"3 Cultists","floor":28.0,"turns":4.0},{"damage":19.0,"enemies":"Collector","floor":33.0,"turns":3.0},{"damage":0.0,"enemies":"3 Shapes","floor":35.0,"turns":3.0},{"damage":39.0,"enemies":"3 Darklings","floor":37.0,"turns":4.0},{"damage":12.0,"enemies":"4 Shapes","floor":38.0,"turns":4.0},{"damage":2.0,"enemies":"Maw","floor":40.0,"turns":6.0},{"damage":9.0,"enemies":"Spire Growth","floor":41.0,"turns":5.0},{"damage":17,"enemies":"Writhing Mass","floor":46,"turns":3}],"seed_played":"2422888770204025981","potions_obtained":[{"floor":3.0,"key":"LiquidBronze"},{"floor":7.0,"key":"LiquidBronze"},{"floor":10.0,"key":"Weak Potion"},{"floor":18.0,"key":"DuplicationPotion"},{"floor":25.0,"key":"FearPotion"},{"floor":28.0,"key":"SteroidPotion"},{"floor":40.0,"key":"Weak Potion"}],"is_trial":false,"path_per_floor":["M","M","M","M","?","R","E","R","T","M","M","$","?","$","R","B",null,"M","?","M","$","M","R","M","M","T","R","M","?","?","$","R","B",null,"M","?","M","M","$","M","M","R","T","R","?","M"],"character_chosen":"WATCHER","items_purchased":["Regen Potion"],"campfire_rested":5,"item_purchase_floors":[39],"current_hp_per_floor":[69,69,69,67,67,67,55,55,55,53,41,41,41,41,41,39,72,59,59,49,49,44,65,45,11,11,32,32,32,32,32,53,34,72,72,72,33,21,21,33,24,45,45,66,66,49,49],"gold":74,"neow_bonus":"BOSS_RELIC","is_daily":false,"chose_seed":true,"campfire_upgraded":3,"win_rate":0.0,"timestamp":1610097240,"path_taken":["M","M","M","M","?","R","E","R","T","M","M","$","?","$","R","BOSS","M","?","M","$","M","R","M","M","T","R","M","?","?","$","R","BOSS","M","?","M","M","$","M","M","R","T","R","?","?"],"items_purchased_type":["Potion"],"build_version":"2020-12-22","purchased_purges":4,"victory":false,"max_hp_per_floor":[72,72,72,72,72,72,72,72,72,72,72,72,72,72,72,72,72,72,72,72,72,72,72,72,72,72,72,72,72,72,72,72,72,72,72,72,72,72,72,72,72,72,72,72,72,72,72],"card_choices":[{"not_picked":["SashWhip","BattleHymn"],"picked":"Halt","floor":1.0},{"not_picked":["LikeWater","CrushJoints"],"picked":"FlurryOfBlows","floor":2.0},{"not_picked":["FlyingSleeves","LikeWater"],"picked":"FearNoEvil","floor":3.0},{"not_picked":["Vault","Halt","FlyingSleeves"],"picked":"SKIP","floor":4.0},{"not_picked":["Halt","EmptyFist","ClearTheMind"],"picked":"SKIP","floor":7.0},{"not_picked":["Consecrate","EmptyBody","Prostrate"],"picked":"SKIP","floor":10.0},{"not_picked":["EmptyFist","TalkToTheHand","ClearTheMind"],"picked":"SKIP","floor":11.0},{"not_picked":["Evaluate","Protect"],"picked":"BowlingBash","floor":18.0},{"not_picked":["Halt","JustLucky"],"picked":"Adaptation+1","floor":20.0},{"not_picked":["ReachHeaven+1","FlyingSleeves","SashWhip+1"],"picked":"SKIP","floor":22.0},{"not_picked":["EmptyBody","Swivel","Evaluate"],"picked":"SKIP","floor":24.0},{"not_picked":["Adaptation","CutThroughFate+1","FlurryOfBlows+1"],"picked":"SKIP","floor":25.0},{"not_picked":["PathToVictory","Adaptation","Consecrate"],"picked":"SKIP","floor":28.0},{"not_picked":["Vengeance","JustLucky","Sanctity+1"],"picked":"SKIP","floor":35.0},{"not_picked":["Blind","Transmutation"],"picked":"PanicButton","floor":36.0},{"not_picked":["FlurryOfBlows","Prostrate+1"],"picked":"CutThroughFate","floor":37.0},{"not_picked":["Perseverance","Protect"],"picked":"FollowUp+1","floor":38.0},{"not_picked":["PathToVictory","FollowUp","ThirdEye+1"],"picked":"SKIP","floor":40.0},{"not_picked":["Prostrate","SashWhip+1","ThirdEye+1"],"picked":"SKIP","floor":41.0}],"player_experience":203414,"relics_obtained":[],"event_choices":[{"damage_healed":0.0,"max_hp_gain":0.0,"max_hp_loss":0.0,"gold_gain":0.0,"event_name":"Scrap Ooze","player_choice":"Fled","floor":5.0,"gold_loss":0.0,"damage_taken":0.0},{"damage_healed":0.0,"max_hp_gain":0.0,"max_hp_loss":0.0,"gold_gain":0.0,"event_name":"Match and Keep!","player_choice":"0 cards matched","floor":13.0,"gold_loss":0.0,"damage_taken":0.0,"cards_obtained":[]},{"damage_healed":0.0,"max_hp_gain":0.0,"max_hp_loss":0.0,"gold_gain":0.0,"event_name":"Ghosts","player_choice":"Ignored","floor":19.0,"gold_loss":0.0,"damage_taken":0.0},{"cards_removed":["Strike_P"],"damage_healed":0.0,"max_hp_gain":0.0,"max_hp_loss":0.0,"gold_gain":0.0,"event_name":"Back to Basics","player_choice":"Elegance","floor":29.0,"gold_loss":0.0,"damage_taken":0.0},{"damage_healed":0.0,"max_hp_gain":0.0,"max_hp_loss":0.0,"gold_gain":0.0,"event_name":"Vampires","player_choice":"Ignored","floor":30.0,"gold_loss":0.0,"damage_taken":0.0},{"damage_healed":0.0,"max_hp_gain":0.0,"max_hp_loss":0.0,"gold_gain":0.0,"event_name":"SensoryStone","player_choice":"Memory 1","floor":36.0,"gold_loss":0.0,"damage_taken":0.0},{"damage_healed":0.0,"max_hp_gain":0.0,"max_hp_loss":0.0,"gold_gain":0.0,"event_name":"Match and Keep!","player_choice":"1 cards matched","floor":45.0,"gold_loss":0.0,"damage_taken":0.0,"cards_obtained":["TalkToTheHand"]},{"damage_healed":0.0,"max_hp_gain":0.0,"max_hp_loss":0.0,"gold_gain":0.0,"event_name":"Match and Keep!","player_choice":"1 cards matched","floor":45.0,"gold_loss":0.0,"damage_taken":0.0,"cards_obtained":["TalkToTheHand"]}],"is_beta":false,"boss_relics":[{"not_picked":[]},{"not_picked":[]}],"items_purged_floors":[12,14,21,39],"is_endless":false,"potions_floor_spawned":[3,7,10,18,25,28,40],"killed_by":"Writhing Mass","ascension_level":0}}