{"host":"dz7m90j62wguk81x","time":1610118059,"event":{"mods":["BaseMod","Colored Powertips","Downfall","Hermit","Minty Spire (QoL Compilation)","Replay The Spire","StSLib","The Bladedancer","The Cursed","The Runesmith","The Servant 0.9.4","vexMod"],"gold_per_floor":[118,134,149,163,177,177,195,195,195,214,214,90,103,122,122,218,218,173,4,4,4,4,4,4,4,4,4,4,4,4,4,4,4,4,4,4,4,4,4,4,4,4,4,4,4,4,4,0,0,0,0,0,0,0,0,0],"floor_reached":55,"playtime":9198,"items_purged":["Runesmith:Defend_RS","Runesmith:Strike_RS"],"score":685,"play_id":"056174e3-8b9c-482e-b012-8e997bf1e72f","local_time":"20210108230059","is_ascension_mode":false,"campfire_choices":[{"data":"Runesmith:Grindstone","floor":6.0,"key":"SMITH"},{"data":"Runesmith:LithiumIon","floor":8.0,"key":"SMITH"},{"data":"Runesmith:ChargedHammer","floor":11.0,"key":"SMITH"},{"data":"Runesmith:Refine","floor":15.0,"key":"SMITH"},{"floor":27.0,"key":"REST"},{"floor":32.0,"key":"REST"},{"data":"Runesmith:Firestorm","floor":40.0,"key":"SMITH"},{"data":"Runesmith:Firestorm","floor":42.0,"key":"SMITH"},{"data":"Runesmith:Permafrost","floor":46.0,"key":"SMITH"},{"floor":49.0,"key":"RECALL"},{"data":"Replay:SS_hec_2","floor":52.0,"key":"SMITH"}],"circlet_count":0,"master_deck":["Runesmith:Defend_RS","Runesmith:Defend_RS","Runesmith:Defend_RS","Runesmith:CraftFirestone","Runesmith:Fortify","Runesmith:Refine+1","Runesmith:Grindstone+1","Runesmith:UnstableHammer","Runesmith:FissionHammer","Runesmith:CraftProtectio","Runesmith:LithiumIon+1","Runesmith:ChargedHammer+1","Runesmith:PerfectChisel+1","Runesmith:EarthShield","Runesmith:DuctTape","Runesmith:CraftMagma","Runesmith:Firestorm+1","Runesmith:GoWithTheFlow","Runesmith:Empowerment","Runesmith:Discharge","Runesmith:Permafrost+1","Runesmith:Firestorm+1","Runesmith:ReplicatingBarrier","Runesmith:HammerThrow+1","Bite+1","Bite+1","Bite+1","Bite+1","Bite+1","Runesmith:CraftIndustria","Runesmith:Repurpose+1","Replay:SS_hec_2+1","Runesmith:HammerTime+1","Runesmith:Accelerate+1","Replay:SS_fish_1","Madness","Madness","Runesmith:HeatedChisel+1","Runesmith:Empowerment+1"],"relics":["Runesmith:CoreCrystal","vexMod:InvisibilityCloak","vexMod:MysteryBossChallenge","downfall:Hecktoplasm","Juzu Bracelet","Molten Egg 2","Replay:Towering Pillar of Hats","Red Mask","Replay:Mystery Machine"],"acts_visited":["Exordium","TheCity","TheBeyond","TheEnding"],"potions_floor_usage":[54,54,55],"damage_taken":[{"damage":0.0,"enemies":"Cultist","floor":1.0,"turns":3.0},{"damage":0.0,"enemies":"Small Slimes","floor":2.0,"turns":4.0},{"damage":3.0,"enemies":"2 Louse","floor":3.0,"turns":3.0},{"damage":7.0,"enemies":"Red Slaver","floor":4.0,"turns":3.0},{"damage":5.0,"enemies":"3 Louse","floor":5.0,"turns":3.0},{"damage":9.0,"enemies":"Large Slime","floor":7.0,"turns":7.0},{"damage":1.0,"enemies":"Blue Slaver","floor":10.0,"turns":4.0},{"damage":2.0,"enemies":"Looter","floor":13.0,"turns":3.0},{"damage":3.0,"enemies":"Large Slime","floor":14.0,"turns":5.0},{"damage":8.0,"enemies":"Hexaghost","floor":16.0,"turns":9.0},{"damage":6.0,"enemies":"2 Thieves","floor":18.0,"turns":3.0},{"damage":2.0,"enemies":"3 Byrds","floor":20.0,"turns":4.0},{"damage":3.0,"enemies":"Centurion and Healer","floor":21.0,"turns":7.0},{"damage":18.0,"enemies":"Snake Plant","floor":22.0,"turns":4.0},{"damage":12.0,"enemies":"Book of Stabbing","floor":23.0,"turns":7.0},{"damage":15.0,"enemies":"Shelled Parasite and Fungi","floor":24.0,"turns":6.0},{"damage":19.0,"enemies":"Chosen and Byrds","floor":25.0,"turns":8.0},{"damage":10.0,"enemies":"Snecko","floor":29.0,"turns":4.0},{"damage":21.0,"enemies":"Champ","floor":33.0,"turns":11.0},{"damage":19.0,"enemies":"3 Shapes","floor":35.0,"turns":4.0},{"damage":2.0,"enemies":"3 Darklings","floor":37.0,"turns":5.0},{"damage":0.0,"enemies":"Transient","floor":39.0,"turns":1.0},{"damage":0.0,"enemies":"Mind Bloom Boss Battle","floor":41.0,"turns":8.0},{"damage":35.0,"enemies":"Jaw Worm Horde","floor":47.0,"turns":5.0},{"damage":37.0,"enemies":"Awakened One","floor":50.0,"turns":16.0},{"damage":50,"enemies":"Shield and Spear","floor":54,"turns":28},{"damage":65,"enemies":"The Heart","floor":55,"turns":3}],"seed_played":"-3703295210897951186","potions_obtained":[{"floor":2.0,"key":"Explosive Potion"},{"floor":3.0,"key":"Dexterity Potion"},{"floor":13.0,"key":"SteroidPotion"},{"floor":20.0,"key":"LiquidMemories"},{"floor":24.0,"key":"Fire Potion"},{"floor":33.0,"key":"PowerPotion"},{"floor":37.0,"key":"SmokeBomb"},{"floor":41.0,"key":"BlessingOfTheForge"},{"floor":47.0,"key":"BlessingOfTheForge"},{"floor":54,"key":"Regen Potion"}],"is_trial":false,"path_per_floor":["M","M","M","M","M","R","M","R","T","M","R","$","M","M","R","B",null,"M","$","M","M","M","E","M","M","T","R","$","M","$","?","R","B",null,"M","?","M","?","M","R","?","R","T","?","$","R","M","?","R","B",null,"R","$","E","B"],"character_chosen":"RUNESMITH_CLASS","items_purchased":["Runesmith:PerfectChisel+1","Runesmith:Firestorm"],"campfire_rested":2,"item_purchase_floors":[12,19],"current_hp_per_floor":[77,77,74,67,62,62,53,53,53,52,52,52,50,47,47,39,77,71,71,69,66,48,36,21,2,2,25,25,15,15,15,30,45,53,40,40,44,44,44,44,53,53,53,46,46,46,23,23,23,22,53,53,53,53,0,0],"gold":0,"neow_bonus":"TEN_PERCENT_HP_BONUS","is_daily":false,"chose_seed":false,"campfire_upgraded":8,"win_rate":0.0,"timestamp":1610118059,"path_taken":["M","M","M","M","M","R","?","R","T","M","R","$","M","M","R","BOSS","M","$","M","M","M","E","M","M","T","R","$","M","?","?","R","BOSS","M","?","M","?","M","R","?","R","T","?","?","R","M","?","R","BOSS","R","$","E","BOSS"],"items_purchased_type":["Card","Card"],"build_version":"2020-12-22","purchased_purges":2,"victory":false,"max_hp_per_floor":[77,77,77,77,77,77,77,77,77,77,77,77,77,77,77,77,77,77,77,77,77,77,77,77,77,77,77,77,77,77,53,53,53,53,53,53,53,53,53,53,53,53,53,53,53,53,53,53,53,53,53,53,53,53,53,53],"card_choices":[{"not_picked":["Runesmith:ShiftingStrike","Runesmith:Accelerate"],"picked":"Runesmith:Refine","floor":1.0},{"not_picked":["Runesmith:Overpower","Runesmith:ShiftingStrike"],"picked":"Runesmith:Grindstone","floor":2.0},{"not_picked":["Runesmith:ShiftingStrike","Runesmith:StaticCage"],"picked":"Runesmith:UnstableHammer","floor":3.0},{"not_picked":["Runesmith:CraftSpiculum","Runesmith:EnergizedChisel"],"picked":"Runesmith:FissionHammer","floor":4.0},{"not_picked":["Runesmith:ShiftingStrike","Runesmith:OneForEveryone"],"picked":"Runesmith:CraftProtectio","floor":5.0},{"not_picked":["Runesmith:ShiftingStrike","Runesmith:CraftIncendium"],"picked":"Runesmith:LithiumIon","floor":7.0},{"not_picked":["Runesmith:CraftReservo","Runesmith:HeatExchange"],"picked":"Runesmith:ChargedHammer","floor":10.0},{"not_picked":["Runesmith:HeatExchange","Runesmith:Accelerate"],"picked":"Runesmith:EarthShield","floor":13.0},{"not_picked":["Runesmith:Overpower","Runesmith:StaticCage","Runesmith:HammerThrow"],"picked":"SKIP","floor":14.0},{"not_picked":["Runesmith:MetallurgicalResearch","Runesmith:CraftPrismatica"],"picked":"Runesmith:DuctTape","floor":16.0},{"not_picked":["Runesmith:Repurpose","Runesmith:MakeshiftArmor"],"picked":"Runesmith:CraftMagma","floor":18.0},{"not_picked":["Runesmith:WhiteBalance","Runesmith:HeatedChisel"],"picked":"Runesmith:GoWithTheFlow","floor":20.0},{"not_picked":["Runesmith:MakeshiftArmor","Runesmith:LithiumIon"],"picked":"Runesmith:Empowerment","floor":21.0},{"not_picked":["Runesmith:HammerThrow","Runesmith:StaticCage+1"],"picked":"Runesmith:Discharge","floor":22.0},{"not_picked":["Runesmith:EnergizedChisel","Runesmith:FrozenChisel"],"picked":"Runesmith:Permafrost","floor":23.0},{"not_picked":["Runesmith:RuneHurl","Runesmith:EarthShield"],"picked":"Runesmith:Firestorm","floor":24.0},{"not_picked":["Runesmith:EarthShield","Runesmith:ChiselStab"],"picked":"Runesmith:ReplicatingBarrier","floor":25.0},{"not_picked":["Runesmith:CraftReservo","Runesmith:BackupBattery"],"picked":"Runesmith:HammerThrow+1","floor":29.0},{"not_picked":["Runesmith:Duplicate","Runesmith:UnlimitedPower"],"picked":"Runesmith:CraftIndustria","floor":33.0},{"not_picked":["Runesmith:MakeshiftArmor","Runesmith:Overpower+1"],"picked":"Runesmith:Repurpose+1","floor":35.0},{"not_picked":["Runesmith:Grindstone","Runesmith:UnstableHammer+1"],"picked":"Runesmith:Accelerate+1","floor":37.0},{"not_picked":["Swift Strike+1","Deep Breath"],"picked":"Replay:SS_fish_1","floor":38.0},{"not_picked":["Runesmith:UnstableHammer+1","Runesmith:LithiumIon"],"picked":"Runesmith:HeatedChisel+1","floor":47.0},{"not_picked":["Runesmith:MakeshiftArmor","Runesmith:GenerateForcefield"],"picked":"Runesmith:Empowerment+1","floor":54}],"player_experience":347265,"relics_obtained":[{"floor":9.0,"key":"vexMod:InvisibilityCloak"},{"floor":23.0,"key":"Juzu Bracelet"},{"floor":26.0,"key":"Molten Egg 2"},{"floor":41.0,"key":"Replay:Towering Pillar of Hats"},{"floor":54,"key":"Replay:Mystery Machine"}],"event_choices":[{"damage_healed":0.0,"max_hp_gain":0.0,"max_hp_loss":24.0,"gold_gain":0.0,"event_name":"Vampires","player_choice":"Became a vampire","floor":31.0,"gold_loss":0.0,"damage_taken":0.0,"cards_obtained":["Bite","Bite","Bite","Bite","Bite"]},{"damage_healed":0.0,"max_hp_gain":0.0,"max_hp_loss":0.0,"gold_gain":0.0,"event_name":"Match and Keep!","player_choice":"2 cards matched","floor":36.0,"gold_loss":0.0,"damage_taken":0.0,"cards_obtained":["Replay:SS_hec_2","Runesmith:HammerTime"]},{"damage_healed":0.0,"max_hp_gain":0.0,"max_hp_loss":0.0,"gold_gain":0.0,"event_name":"Match and Keep!","player_choice":"2 cards matched","floor":36.0,"gold_loss":0.0,"damage_taken":0.0,"cards_obtained":["Replay:SS_hec_2","Runesmith:HammerTime"]},{"damage_healed":0.0,"max_hp_gain":0.0,"max_hp_loss":0.0,"gold_gain":0.0,"event_name":"SensoryStone","player_choice":"Memory 1","floor":38.0,"gold_loss":0.0,"damage_taken":0.0},{"damage_healed":0.0,"max_hp_gain":0.0,"max_hp_loss":0.0,"gold_gain":0.0,"event_name":"MindBloom","player_choice":"Fight","floor":41.0,"gold_loss":0.0,"damage_taken":0.0},{"damage_healed":0.0,"max_hp_gain":0.0,"max_hp_loss":0.0,"gold_gain":0.0,"event_name":"Winding Halls","player_choice":"Embrace Madness","floor":44.0,"gold_loss":0.0,"damage_taken":7.0,"cards_obtained":["Madness","Madness"]},{"damage_healed":0.0,"max_hp_gain":0.0,"max_hp_loss":0.0,"gold_gain":0.0,"event_name":"Tomb of Lord Red Mask","player_choice":"Paid","floor":48.0,"gold_loss":4.0,"damage_taken":0.0,"relics_obtained":["Red Mask"]}],"is_beta":false,"boss_relics":[{"not_picked":["Painkiller Herb","vexMod:BigBerry"],"picked":"vexMod:MysteryBossChallenge"},{"not_picked":["Replay:Ancient Bell","Velvet Choker"],"picked":"Runesmith:CoreCrystal"}],"items_purged_floors":[12,19],"is_endless":false,"potions_floor_spawned":[2,3,13,20,23,24,33,37,41,47,54],"killed_by":"The Heart","ascension_level":0}}