{"host":"y4sghvfd0ewtcchd","time":1610113696,"event":{"mods":["Aspiration","BaseMod","Better Debug","Better Note","Better Third Choice","BetterRewards","Block Reminder","Colored Map","Colored Powertips","Downfall","Highlight Path","Hubris","Infinite Spire","Minty Spire (QoL Compilation)","Relic Sorter","Relic Stats","Replay The Spire","Shop Mod","StSLib","The Jungle","The Saiyan"],"gold_per_floor":[117,117,130,148,158,158,184,184,264,264,298,298,298,312,312,407,407,419,433,444,461,473,501,501,531,531,531,531,53,53,69,69,169,169,191,215,215,290,290,290,335,335,335,376,376,56,92,112,112,112,112,112,32,63,91],"floor_reached":56,"playtime":5827,"items_purged":["Parasite"],"score":1690,"play_id":"9890b0f6-78e9-47ba-8458-fa17def8d691","local_time":"20210108164816","is_ascension_mode":true,"campfire_choices":[{"data":"Uppercut","floor":6,"key":"SMITH"},{"data":"Uppercut","floor":8,"key":"SMITH"},{"data":"ReplayTheSpireMod:Chaos Vortex","floor":10,"key":"SMITH"},{"data":"Metallicize","floor":12,"key":"SMITH"},{"data":"Flex","floor":15,"key":"SMITH"},{"floor":24,"key":"RECALL"},{"data":"ReplayReversal","floor":27,"key":"SMITH"},{"data":"Mayhem","floor":30,"key":"SMITH"},{"data":"hubris:StunningStrike","floor":32,"key":"SMITH"},{"data":"ReplayTheSpireMod:Chaos Vortex","floor":40,"key":"SMITH"},{"data":"Barricade","floor":49,"key":"SMITH"},{"data":"Double Tap","floor":52,"key":"SMITH"}],"circlet_count":0,"master_deck":["Strike_R","Strike_R","Strike_R","Defend_R","Defend_R","Defend_R","Bash","Shrug It Off","Seeing Red","Clothesline","Pummel","hubris:Insight","Metallicize+1","Uppercut+1","ReplayTheSpireMod:Chaos Vortex+1","Uppercut+1","Battle Trance","hubris:ReadiedAction","hubris:ReadiedAction","Flex+1","Double Tap+1","Flame Barrier","ReplayReversal+1","hubris:StunningStrike+1","Warcry","Pommel Strike+1","Dropkick","ReplayTheSpireMod:Muscle Training+1","Offering","Flex","Fire Breathing","Mayhem+1","Barricade+1","Heel Hook+1","ReplayTheSpireMod:Chaos Vortex+1","Rage+1","Malaise","Endless Agony","Dodge and Roll","Escape Plan","Concentrate","hubris:ReadiedAction+1","Pommel Strike+1","Outmaneuver","Crippling Poison+1"],"relics":["Burning Blood","hubris:BundleOfHerbs","Lee\u0027s Waffle","Mirror","Prayer Wheel","hubris:FunFungus","hubris:GrandSneckoEye","WingedGreaves","infinitespire:Lucky Rock","infinitespire:BottledMercury","infinitespire:Bottled Soul","ReplayTheSpireMod:TigerMarble","Bronze Scales","infinitespire:EvilPickle","aspiration:SilentSkillbook","The Courier","hubris:Icosahedron","Mummified Hand","aspiration:FrozenJewel","Magic Flower","Replay:Bandana"],"acts_visited":["Exordium","TheCity","TheBeyond","TheEnding"],"potions_floor_usage":[14,19,23,23,41,54,55,55],"damage_taken":[{"damage":2.0,"enemies":"Jaw Worm","floor":1.0,"turns":3.0},{"damage":0.0,"enemies":"Small Slimes","floor":3.0,"turns":3.0},{"damage":0,"enemies":"Cultist","floor":4,"turns":3},{"damage":1,"enemies":"Red Slaver","floor":5,"turns":4},{"damage":0,"enemies":"Replay:BlueRogue","floor":7,"turns":6},{"damage":8,"enemies":"Gremlin Nob","floor":11,"turns":5},{"damage":7,"enemies":"Exordium Thugs","floor":14,"turns":7},{"damage":29,"enemies":"Fading Forest","floor":16,"turns":11},{"damage":11,"enemies":"2 Thieves","floor":18,"turns":3},{"damage":4,"enemies":"Chosen","floor":19,"turns":5},{"damage":0,"enemies":"Snecko","floor":20,"turns":3},{"damage":6,"enemies":"Centurion and Healer","floor":21,"turns":7},{"damage":4,"enemies":"Cultist and Chosen","floor":22,"turns":9},{"damage":15,"enemies":"Gremlin Leader","floor":23,"turns":5},{"damage":27,"enemies":"Book of Stabbing","floor":25,"turns":4},{"damage":16,"enemies":"Snake Plant","floor":31,"turns":4},{"damage":12,"enemies":"Pondfish","floor":33,"turns":8},{"damage":8,"enemies":"3 Darklings","floor":35,"turns":6},{"damage":9,"enemies":"3 Shapes","floor":36,"turns":3},{"damage":21,"enemies":"Reptomancer","floor":41,"turns":6},{"damage":0,"enemies":"Writhing Mass","floor":44,"turns":4},{"damage":0,"enemies":"Nemesis","floor":47,"turns":7},{"damage":3,"enemies":"Maw","floor":48,"turns":6},{"damage":35,"enemies":"Donu and Deca","floor":50,"turns":9},{"damage":56,"enemies":"Shield and Spear","floor":54,"turns":7},{"damage":51,"enemies":"The Heart","floor":55,"turns":7}],"seed_played":"5345975107886964919","potions_obtained":[{"floor":3,"key":"hexamod:EctoCoolerPotion"},{"floor":7,"key":"SkillPotion"},{"floor":11,"key":"Explosive Potion"},{"floor":20,"key":"Adrenaline Potion"},{"floor":21,"key":"Dexterity Potion"},{"floor":44,"key":"Regen Potion"},{"floor":48,"key":"Energy Potion"}],"is_trial":false,"path_per_floor":["M","?","M","M","M","R","E","R","T","R","E","R","?","M","R","B",null,"M","M","M","M","M","E","R","E","T","R","AVR","$","R","M","R","B",null,"M","M","$","T","AVR","R","E","?","T","M","?","$","E","M","R","B",null,"R","$","E","B",null],"character_chosen":"IRONCLAD","items_purchased":["Lee\u0027s Waffle","Shrug It Off","Seeing Red","Clothesline","Pummel","Mirror","hubris:Insight","Metallicize","Uppercut","ReplayTheSpireMod:TigerMarble","Bronze Scales","Mayhem","aspiration:FrozenJewel","Escape Plan","PowerPotion","Outmaneuver"],"campfire_rested":0,"item_purchase_floors":[0,0,0,0,0,0,0,0,0,29,29,29,46,46,53,53],"current_hp_per_floor":[87,67,73,79,84,84,87,87,87,87,85,85,85,87,87,64,87,82,85,87,87,87,78,78,58,58,58,58,58,58,48,48,43,87,86,84,84,84,84,84,77,77,77,87,87,84,84,84,84,68,84,84,84,84,48],"gold":91,"neow_bonus":"","is_daily":false,"chose_seed":false,"campfire_upgraded":11,"win_rate":0.0,"timestamp":1610113696,"path_taken":["M","?","M","M","M","R","E","R","T","R","E","R","?","M","R","BOSS","M","M","M","M","M","E","R","E","T","R","AVR","$","R","M","R","BOSS","M","M","?","?","AVR","R","E","?","T","M","?","$","E","M","R","BOSS","R","$","E","BOSS"],"items_purchased_type":["Relic","Card","Card","Card","Card","Relic","Card","Card","Card","Relic","Relic","Card","Relic","Card","Potion","Card"],"build_version":"2020-12-22","purchased_purges":1,"victory":true,"max_hp_per_floor":[87,87,87,87,87,87,87,87,87,87,87,87,87,87,87,87,87,87,87,87,87,87,87,87,87,87,87,87,87,87,87,87,87,87,87,87,87,87,87,87,87,87,87,87,87,84,84,84,84,84,84,84,84,84,84],"relic_stats":{"Lee\u0027s Waffle":43,"counters":[77,393],"Mummified Hand":[46],"Bronze Scales":[250],"Magic Flower":[26],"Prayer Wheel":11,"obtain_stats":[{"Darkstone Periapt":13,"infinitespire:BottledMercury":26,"Regal Pillow":6,"aspiration:Lifesprig":0,"Tiny House":17,"Vajra":0,"Magic Flower":47,"infinitespire:Cubic Diamond":2,"Bag of Preparation":9,"Juzu Bracelet":19,"Burning Blood":0,"Replay:Bandana":7,"hubris:Icosahedron":42,"Mummified Hand":0,"infinitespire:Bottled Soul":28,"Replay:Bronze Core":17,"hubris:DeckOfHolding":10,"Tiny Chest":14,"Prayer Wheel":7,"hubris:FunFungus":11,"WingedGreaves":23,"Cracked Core":0,"Lee\u0027s Waffle":0,"NeowsBlessing":0,"Happy Flower":0,"Blue Candle":7,"The Courier":38,"infinitespire:Lucky Rock":25,"aspiration:FrozenJewel":46,"infinitespire:EvilPickle":33,"Strange Spoon":0,"infinitespire:WardingShard":9,"Bronze Scales":29,"infinitespire:Satchel":4,"aspiration:SilentSkillbook":34,"hubris:BundleOfHerbs":41,"Coffee Dripper":17,"hubris:GrandSneckoEye":17,"ReplayTheSpireMod:TigerMarble":29,"Mirror":0,"infinitespire:PuzzleCube":0,"Abe\u0027s Treasure":17,"m_BurningSludge":2},{"Darkstone Periapt":8,"infinitespire:BottledMercury":66,"Regal Pillow":3,"aspiration:Lifesprig":39,"Tiny House":10,"Vajra":39,"Magic Flower":73,"infinitespire:Cubic Diamond":19,"Bag of Preparation":5,"Juzu Bracelet":48,"Burning Blood":0,"Replay:Bandana":29,"hubris:Icosahedron":71,"Mummified Hand":26,"infinitespire:Bottled Soul":66,"Replay:Bronze Core":47,"hubris:DeckOfHolding":21,"Tiny Chest":46,"Prayer Wheel":56,"hubris:FunFungus":57,"WingedGreaves":65,"Cracked Core":0,"Lee\u0027s Waffle":39,"NeowsBlessing":0,"Happy Flower":39,"Blue Candle":42,"The Courier":70,"infinitespire:Lucky Rock":66,"aspiration:FrozenJewel":72,"infinitespire:EvilPickle":68,"Strange Spoon":39,"infinitespire:WardingShard":14,"Bronze Scales":66,"infinitespire:Satchel":2,"aspiration:SilentSkillbook":68,"hubris:BundleOfHerbs":71,"Coffee Dripper":24,"hubris:GrandSneckoEye":59,"ReplayTheSpireMod:TigerMarble":66,"Mirror":51,"infinitespire:PuzzleCube":12,"Abe\u0027s Treasure":33,"m_BurningSludge":19},{"Darkstone Periapt":22,"infinitespire:BottledMercury":326,"Regal Pillow":3,"aspiration:Lifesprig":175,"Tiny House":30,"Vajra":175,"Magic Flower":364,"infinitespire:Cubic Diamond":63,"Bag of Preparation":11,"Juzu Bracelet":230,"Burning Blood":0,"Replay:Bandana":131,"hubris:Icosahedron":353,"Mummified Hand":119,"infinitespire:Bottled Soul":326,"Replay:Bronze Core":225,"hubris:DeckOfHolding":83,"Tiny Chest":215,"Prayer Wheel":267,"hubris:FunFungus":272,"WingedGreaves":322,"Cracked Core":0,"Lee\u0027s Waffle":175,"NeowsBlessing":0,"Happy Flower":175,"Blue Candle":196,"The Courier":347,"infinitespire:Lucky Rock":326,"aspiration:FrozenJewel":357,"infinitespire:EvilPickle":338,"Strange Spoon":175,"infinitespire:WardingShard":45,"Bronze Scales":326,"infinitespire:Satchel":2,"aspiration:SilentSkillbook":338,"hubris:BundleOfHerbs":353,"Coffee Dripper":106,"hubris:GrandSneckoEye":290,"ReplayTheSpireMod:TigerMarble":326,"Mirror":248,"infinitespire:PuzzleCube":39,"Abe\u0027s Treasure":146,"m_BurningSludge":63}],"Burning Blood":186},"card_choices":[{"not_picked":["Reckless Charge","ReplayTheSpireMod:Limb From Limb","Sever Soul"],"picked":"SKIP","floor":1.0},{"not_picked":["infinitespire:DeathsTouch","infinitespire:SealOfDarkness+"],"picked":"ReplayTheSpireMod:Chaos Vortex","floor":2.0},{"not_picked":["hubris:CleavingFinish","Defy Death"],"picked":"Uppercut","floor":3},{"not_picked":["Dark Embrace","Run Through"],"picked":"Battle Trance","floor":4},{"not_picked":["Wild Strike","Clash"],"picked":"hubris:ReadiedAction","floor":5},{"not_picked":["Thunderclap","Clothesline"],"picked":"hubris:ReadiedAction","floor":7},{"not_picked":["hubris:CleavingFinish","Headbutt","Hemokinesis"],"picked":"SKIP","floor":11},{"not_picked":["Headbutt","True Grit"],"picked":"Flex","floor":14},{"not_picked":["Brutality","Run Through","hubris:ReadiedAction"],"picked":"SKIP","floor":14},{"not_picked":["Limit Break","Fiend Fire"],"picked":"Double Tap","floor":16},{"not_picked":["Armaments+1","Twin Strike"],"picked":"Flame Barrier","floor":18},{"not_picked":["Anger","Iron Wave"],"picked":"ReplayReversal","floor":18},{"not_picked":["Clothesline","ReplayReversal"],"picked":"hubris:StunningStrike","floor":19},{"not_picked":["Shockwave","Burning Pact"],"picked":"Warcry","floor":19},{"not_picked":["Run Through","ReplayTheSpireMod:Muscle Training+1"],"picked":"Pommel Strike+1","floor":20},{"not_picked":["Clash","True Grit"],"picked":"Dropkick","floor":20},{"not_picked":["Ghostly Armor","Heavy Blade"],"picked":"ReplayTheSpireMod:Muscle Training+1","floor":21},{"not_picked":["Burning Pact+1","Abandon+1"],"picked":"ReplayTheSpireMod:Muscle Training","floor":21},{"not_picked":["ReplayTheSpireMod:Limb From Limb","Anger"],"picked":"Offering","floor":22},{"not_picked":["Iron Wave","Sever Soul+1","ReplayTheSpireMod:Strike From Hell"],"picked":"SKIP","floor":22},{"not_picked":["Feed","Anger"],"picked":"Flex","floor":23},{"not_picked":["Thunderclap","Wild Strike"],"picked":"Fire Breathing","floor":25},{"not_picked":["Headbutt","ReplayTheSpireMod:Strike From Hell","Cleave"],"picked":"SKIP","floor":31},{"not_picked":["True Grit","Armaments","Clash"],"picked":"SKIP","floor":31},{"not_picked":["Brutality","Offering"],"picked":"Barricade","floor":33},{"not_picked":["ReplayTheSpireMod:Scrap Shanks","Run Through","True Grit+1"],"picked":"Heel Hook+1","floor":35},{"not_picked":["infinitespire:OneForAll","Armaments+1","Distraction+1","Sword Boomerang"],"picked":"SKIP","floor":35},{"not_picked":["Flechettes+1","True Grit","Run Through+1","Second Wind+1"],"picked":"SKIP","floor":36},{"not_picked":["Bloodletting","Quick Slash","ReplayTheSpireMod:Shiv Toss","hubris:ReadiedAction"],"picked":"SKIP","floor":36},{"not_picked":["Pommel Strike","Blur","Reaper"],"picked":"Rage+1","floor":41},{"not_picked":["Blade Dance","hubris:Counter+1","Abandon","Dagger Spray"],"picked":"SKIP","floor":44},{"not_picked":["Replay:Poison Smokescreen","hubris:Sniper+1","Dagger Spray","Wild Strike"],"picked":"SKIP","floor":44},{"not_picked":["Quick Slash","Dual Wield","Bludgeon"],"picked":"Concentrate","floor":47},{"not_picked":["Riddle With Holes","Flying Knee","Poisoned Stab+1"],"picked":"hubris:ReadiedAction+1","floor":48},{"not_picked":["Poisoned Stab+1","Clash","Dodge and Roll"],"picked":"Pommel Strike+1","floor":48},{"not_picked":["Cleave+1","Thunderclap+1","Crippling Poison+1","Sever Soul"],"picked":"SKIP","floor":54},{"not_picked":["Cleave+1","Thunderclap+1","Sever Soul"],"picked":"Crippling Poison+1","floor":54}],"player_experience":494748,"relics_obtained":[{"floor":7,"key":"Prayer Wheel"},{"floor":11,"key":"hubris:FunFungus"},{"floor":23,"key":"WingedGreaves"},{"floor":25,"key":"infinitespire:Lucky Rock"},{"floor":26,"key":"infinitespire:BottledMercury"},{"floor":38,"key":"The Courier"},{"floor":41,"key":"hubris:BundleOfHerbs"},{"floor":43,"key":"Mummified Hand"},{"floor":47,"key":"Magic Flower"},{"floor":54,"key":"Replay:Bandana"}],"event_choices":[{"cards_removed":["Strike_R"],"damage_healed":0,"gold_gain":0,"player_choice":"Purged","damage_taken":0,"max_hp_gain":0,"max_hp_loss":0,"event_name":"Purifier","floor":13,"gold_loss":0}],"is_beta":false,"boss_relics":[{"not_picked":["Cursed Key","infinitespire:Cupcake"],"picked":"hubris:GrandSneckoEye"},{"not_picked":["Kintsugi","Replay:Drink Me"],"picked":"aspiration:SilentSkillbook"}],"items_purged_floors":[46],"is_endless":false,"potions_floor_spawned":[3,7,11,20,21,22,44,48],"ascension_level":3}}