{"host":"s9dep4x43c14s74h","time":1610102137,"event":{"mods":["BaseMod","Downfall","Gremlin Mod","Hermit","HololiveMod","Jorbs\u0027s Wanderer Trilogy","Lobotomy","Marisa????????","Minty Spire (QoL Compilation)","Replay The Spire","StSLib","The Animator","The Bug Knight","The Construct","The Cursed","The Necromancer","The Runesmith","The Servant 0.9.4"],"gold_per_floor":[99,114,214,12,32,32,32,50,35,52,83,83,101,118,128,128,128,128],"floor_reached":16,"playtime":1677,"items_purged":[],"score":104,"play_id":"d4417f0c-1211-413d-9eb4-446613b3b5a0","local_time":"20210108133537","is_ascension_mode":false,"campfire_choices":[{"data":"hexamod:GhostOfSpirePresent","floor":1.0,"key":"SMITH"},{"data":"hexamod:Again","floor":12,"key":"SMITH"}],"circlet_count":0,"master_deck":["hexamod:Strike","hexamod:Strike","hexamod:Strike","hexamod:Defend+1","hexamod:Defend","hexamod:Defend","hexamod:Defend+1","hexamod:Sear","hexamod:Float","hexamod:GhostOfSpirePresent+1","hexamod:SpectersWail","hexamod:FlamesFromBeyond","hexamod:RadiantFlame","hexamod:SpectralSpark","hexamod:DynamicBlow","hexamod:DynamicBlow","hexamod:PowerFromBeyond","hexamod:Again+1","hexamod:SpectralAdrenaline","hexamod:TimeWarp"],"relics":["hexamod:SpiritBrand","Mercury Hourglass","War Paint"],"acts_visited":["Exordium"],"potions_floor_usage":[10,13],"damage_taken":[{"damage":0.0,"enemies":"Small Slimes","floor":2.0,"turns":5.0},{"damage":0.0,"enemies":"downfall:FleeingMerchant","floor":4.0,"turns":4.0},{"damage":0.0,"enemies":"Cultist","floor":5.0,"turns":3.0},{"damage":0.0,"enemies":"2 Louse","floor":8.0,"turns":2.0},{"damage":4.0,"enemies":"downfall:FleeingMerchant","floor":9.0,"turns":4.0},{"damage":0,"enemies":"Exordium Wildlife","floor":10,"turns":3},{"damage":16,"enemies":"Replay:BlueRogue","floor":11,"turns":4},{"damage":0,"enemies":"Lots of Slimes","floor":13,"turns":2},{"damage":5,"enemies":"Large Slime","floor":14,"turns":4},{"damage":4,"enemies":"Exordium Thugs","floor":15,"turns":3},{"damage":43,"enemies":"downfall:Defect","floor":16,"turns":6}],"seed_played":"8948146701926311453","potions_obtained":[{"floor":2.0,"key":"Dexterity Potion"},{"floor":8.0,"key":"Fire Potion"},{"floor":11,"key":"Block Potion"}],"is_trial":false,"path_per_floor":["R","M","?","$","M","?","T","M","$","M","E","R","M","M","M","B"],"character_chosen":"THE_SPIRIT","items_purchased":["hexamod:RadiantFlame","hexamod:SpectralSpark","hexamod:DynamicBlow"],"campfire_rested":0,"item_purchase_floors":[4,4,4],"current_hp_per_floor":[70,70,70,70,70,70,70,70,66,66,50,50,50,45,41,0,0,0],"gold":128,"neow_bonus":"THREE_CARDS","is_daily":false,"chose_seed":false,"campfire_upgraded":2,"win_rate":0.0,"timestamp":1610102137,"path_taken":["R","M","?","$","M","?","T","?","?","M","E","R","M","M","M","BOSS"],"items_purchased_type":["Card","Card","Card"],"build_version":"2020-12-22","purchased_purges":0,"victory":false,"max_hp_per_floor":[70,70,70,70,70,70,70,70,70,70,70,70,70,70,70,70,70,70],"card_choices":[{"not_picked":["hexamod:SwordOfDarkness","hexamod:StepThrough"],"picked":"hexamod:GhostOfSpirePresent","floor":0.0},{"not_picked":["hexamod:InspiringFlames","hexamod:Hexaguard"],"picked":"hexamod:SpectersWail","floor":2.0},{"not_picked":["hexamod:CatchUp","hexamod:GhostLash"],"picked":"hexamod:FlamesFromBeyond","floor":4.0},{"not_picked":["hexamod:SwordOfDarkness","hexamod:NightmareStrike","hexamod:AdvancingGuard"],"picked":"SKIP","floor":5.0},{"not_picked":["hexamod:InspiringFlames","hexamod:AdvancingGuard","hexamod:ThermalTransfer"],"picked":"SKIP","floor":8.0},{"not_picked":["hexamod:NightmareGuise","hexamod:AdvancingGuard"],"picked":"hexamod:PowerFromBeyond","floor":9.0},{"not_picked":["hexamod:RecurringNightmare","hexamod:GhostLash"],"picked":"hexamod:Again","floor":10},{"not_picked":["hexamod:RainOfEmbers","hexamod:SpectersWail","hexamod:InspiringFlames"],"picked":"SKIP","floor":11},{"not_picked":["hexamod:GhostLash","hexamod:SpectersWail"],"picked":"hexamod:SpectralAdrenaline","floor":13},{"not_picked":["hexamod:BacktrackSmack","hexamod:StepThrough"],"picked":"hexamod:TimeWarp","floor":14},{"not_picked":["hexamod:ShieldOfDarkness","hexamod:SwordOfDarkness","hexamod:RetreatToShadows"],"picked":"SKIP","floor":15}],"player_experience":857579,"relics_obtained":[{"floor":7.0,"key":"Mercury Hourglass"},{"floor":11,"key":"War Paint"}],"event_choices":[{"cards_removed":["hexamod:Strike"],"damage_healed":0.0,"max_hp_gain":0.0,"max_hp_loss":0.0,"gold_gain":0.0,"event_name":"Bonfire Elementals","player_choice":"Offered Basic","floor":6.0,"gold_loss":0.0,"damage_taken":0.0}],"is_beta":false,"boss_relics":[],"items_purged_floors":[],"is_endless":false,"potions_floor_spawned":[2,8,11],"killed_by":"downfall:Defect","ascension_level":0}}