{"host":"os7ajuuouznx3pj7","time":1610130926,"event":{"mods":["AchievementEnabler","BaseMod","Bestiary","Block Reminder","Colored Map","Colored Powertips","Keyboard Shortcuts","Minty Spire (QoL Compilation)","Quick Restart","Relic Sorter","Relic Stats","SuperFastMode"],"gold_per_floor":[167,167,185,200,218,218,243,318,318,345,345,2,13,32,32,132,132,150,150,167,179,179,179,213,213,281,316,328,354,399,435,447,558,570,601,627,659,688,700,739,769,815,907,919,627,627,656,668,668,668,668,668,50,79,79],"floor_reached":56,"playtime":10508,"items_purged":["Strike_B+1"],"score":1768,"play_id":"8fe3a3f6-f971-4373-89ef-2f1a602f63c5","local_time":"20210108163526","is_ascension_mode":true,"campfire_choices":[{"data":"Zap","floor":6.0,"key":"SMITH"},{"data":"Creative AI","floor":11.0,"key":"SMITH"},{"data":"Static Discharge","floor":15.0,"key":"SMITH"},{"data":"Electrodynamics","floor":23.0,"key":"SMITH"},{"data":"Capacitor","floor":25.0,"key":"SMITH"},{"data":"Chill","floor":28.0,"key":"SMITH"},{"data":"Coolheaded","floor":32.0,"key":"SMITH"},{"data":"Creative AI","floor":44.0,"key":"SMITH"},{"data":"Lockon","floor":46.0,"key":"SMITH"},{"floor":49,"key":"RECALL"},{"data":"Defragment","floor":52,"key":"SMITH"}],"circlet_count":0,"master_deck":["Strike_B+1","Strike_B+1","Strike_B+1","Defend_B+1","Defend_B+1","Defend_B+1","Defend_B+1","Zap+1","Dualcast+1","Ball Lightning","Capacitor+1","Coolheaded+1","Creative AI+1","Force Field","Chill+1","Double Energy+1","Coolheaded+1","Static Discharge+1","Glacier+1","Electrodynamics+1","Reinforced Body+1","Ghostly+1","Ghostly+1","Ghostly+1","Ghostly+1","Ghostly+1","Double Energy+1","Darkness+1","Hologram+1","Reboot+1","Creative AI+1","Coolheaded+1","Lockon+1","Darkness+1","Defragment+1","Finesse+1","Glacier+1","Blizzard","Coolheaded+1","Stack+1","Amplify+1","Consume+1","Creative AI","Stack+1","Hologram+1","Reboot+1","Lockon","Consume+1"],"relics":["Tiny House","InkBottle","Gremlin Horn","Unceasing Top","White Beast Statue","Omamori","Calling Bell","Regal Pillow","Toxic Egg 2","Coffee Dripper","HornCleat","MawBank","Mango","Pear","Emotion Chip","DataDisk","Anchor","Mercury Hourglass","Bottled Tornado","Orrery","Incense Burner"],"acts_visited":["Exordium","TheCity","TheBeyond","TheEnding"],"potions_floor_usage":[50,55,55],"damage_taken":[{"damage":2.0,"enemies":"Small Slimes","floor":1.0,"turns":3.0},{"damage":3.0,"enemies":"2 Louse","floor":3.0,"turns":2.0},{"damage":1.0,"enemies":"Jaw Worm","floor":4.0,"turns":6.0},{"damage":5.0,"enemies":"3 Louse","floor":5.0,"turns":4.0},{"damage":16.0,"enemies":"3 Sentries","floor":7.0,"turns":8.0},{"damage":0.0,"enemies":"Lagavulin","floor":10.0,"turns":8.0},{"damage":0.0,"enemies":"2 Fungi Beasts","floor":13.0,"turns":4.0},{"damage":0.0,"enemies":"Blue Slaver","floor":14.0,"turns":5.0},{"damage":24.0,"enemies":"Slime Boss","floor":16.0,"turns":8.0},{"damage":16.0,"enemies":"2 Thieves","floor":18.0,"turns":3.0},{"damage":0.0,"enemies":"Shell Parasite","floor":20.0,"turns":10.0},{"damage":0.0,"enemies":"Shelled Parasite and Fungi","floor":21.0,"turns":7.0},{"damage":5.0,"enemies":"Gremlin Leader","floor":24.0,"turns":7.0},{"damage":16.0,"enemies":"Book of Stabbing","floor":27.0,"turns":7.0},{"damage":0.0,"enemies":"Centurion and Healer","floor":29.0,"turns":5.0},{"damage":0.0,"enemies":"Gremlin Leader","floor":30.0,"turns":10.0},{"damage":0.0,"enemies":"Champ","floor":33.0,"turns":13.0},{"damage":0.0,"enemies":"3 Darklings","floor":35.0,"turns":4.0},{"damage":2.0,"enemies":"Orb Walker","floor":36.0,"turns":6.0},{"damage":0.0,"enemies":"Jaw Worm Horde","floor":37.0,"turns":6.0},{"damage":0.0,"enemies":"Writhing Mass","floor":38.0,"turns":9.0},{"damage":0.0,"enemies":"Giant Head","floor":40.0,"turns":10.0},{"damage":0.0,"enemies":"Transient","floor":41.0,"turns":5.0},{"damage":6.0,"enemies":"Nemesis","floor":42.0,"turns":9.0},{"damage":0,"enemies":"Reptomancer","floor":47,"turns":5},{"damage":0,"enemies":"Sphere and 2 Shapes","floor":48,"turns":4},{"damage":23,"enemies":"Awakened One","floor":50,"turns":11},{"damage":0,"enemies":"Shield and Spear","floor":54,"turns":8},{"damage":49,"enemies":"The Heart","floor":55,"turns":7}],"seed_played":"3123551944472408304","potions_obtained":[{"floor":0.0,"key":"SteroidPotion"},{"floor":3.0,"key":"FocusPotion"},{"floor":10.0,"key":"Fire Potion"},{"floor":16.0,"key":"Fire Potion"},{"floor":21.0,"key":"Fruit Juice"},{"floor":24.0,"key":"Energy Potion"},{"floor":29.0,"key":"Block Potion"},{"floor":33.0,"key":"GamblersBrew"},{"floor":36.0,"key":"AttackPotion"},{"floor":37.0,"key":"SkillPotion"},{"floor":38.0,"key":"GamblersBrew"},{"floor":40.0,"key":"Explosive Potion"},{"floor":42.0,"key":"SpeedPotion"},{"floor":47,"key":"PotionOfCapacity"},{"floor":54,"key":"LiquidMemories"}],"is_trial":false,"path_per_floor":["M","?","M","M","M","R","E","?","T","E","R","$","M","M","R","B",null,"M","?","M","M","?","R","E","R","T","E","R","M","E","T","R","B",null,"M","M","M","M","?","E","M","E","T","R","$","R","E","M","R","B",null,"R","$","E","B",null],"character_chosen":"DEFECT","items_purchased":["Toxic Egg 2","Double Energy+1","Coolheaded+1","Finesse+1","Glacier+1","Blizzard","Bottled Tornado","Orrery","Reboot+1","Lockon"],"campfire_rested":0,"item_purchase_floors":[12,12,12,45,45,45,53,53,53,53],"current_hp_per_floor":[78,66,63,62,57,57,55,44,54,54,54,54,54,54,54,30,104,88,52,52,52,52,52,47,47,47,31,31,36,36,36,36,36,57,57,55,55,55,54,54,54,48,48,48,48,48,48,48,48,25,54,54,54,54,5],"gold":79,"neow_bonus":"BOSS_RELIC","is_daily":false,"chose_seed":false,"campfire_upgraded":10,"win_rate":0.0,"timestamp":1610130926,"path_taken":["M","?","M","M","M","R","E","?","T","E","R","?","M","M","R","BOSS","M","?","M","M","?","R","E","R","T","E","R","M","E","?","R","BOSS","M","M","M","M","?","E","M","E","T","R","$","R","E","M","R","BOSS","R","$","E","BOSS"],"items_purchased_type":["Relic","Card","Card","Card","Card","Card","Relic","Relic","Card","Card"],"build_version":"2020-12-22","purchased_purges":1,"victory":true,"max_hp_per_floor":[80,80,80,80,80,80,94,94,104,104,104,104,104,104,104,104,104,104,52,52,52,52,52,52,52,52,52,52,57,57,57,57,57,57,57,57,57,57,54,54,54,54,54,54,54,54,54,54,54,54,54,54,54,54,54],"relic_stats":{"Regal Pillow":0,"Emotion Chip":[60,42,10,8,0],"Gremlin Horn":[19,19],"counters":[29,194],"MawBank":216,"obtain_stats":[{"Regal Pillow":34,"Tiny House":0,"Pear":9,"Gremlin Horn":24,"Mango":7,"Omamori":2,"Incense Burner":54,"Bottled Tornado":53,"MawBank":27,"White Beast Statue":30,"Mercury Hourglass":47,"Calling Bell":34,"Emotion Chip":10,"DataDisk":31,"Anchor":42,"HornCleat":26,"Orrery":53,"Coffee Dripper":17,"Toxic Egg 2":12,"Cracked Core":0,"InkBottle":34,"Unceasing Top":34},{"Regal Pillow":17,"Tiny House":0,"Pear":5,"Gremlin Horn":13,"Mango":5,"Omamori":1,"Incense Burner":28,"Bottled Tornado":27,"MawBank":14,"White Beast Statue":16,"Mercury Hourglass":25,"Calling Bell":17,"Emotion Chip":6,"DataDisk":16,"Anchor":24,"HornCleat":13,"Orrery":27,"Coffee Dripper":9,"Toxic Egg 2":6,"Cracked Core":0,"InkBottle":17,"Unceasing Top":17},{"Regal Pillow":110,"Tiny House":0,"Pear":23,"Gremlin Horn":75,"Mango":23,"Omamori":3,"Incense Burner":187,"Bottled Tornado":179,"MawBank":82,"White Beast Statue":97,"Mercury Hourglass":164,"Calling Bell":110,"Emotion Chip":31,"DataDisk":97,"Anchor":159,"HornCleat":75,"Orrery":179,"Coffee Dripper":48,"Toxic Egg 2":31,"Cracked Core":0,"InkBottle":110,"Unceasing Top":110}],"InkBottle":[42],"Unceasing Top":[2],"Mercury Hourglass":[118]},"card_choices":[{"not_picked":["Redo","Go for the Eyes"],"picked":"Ball Lightning","floor":0.0},{"not_picked":["Gash","Go for the Eyes"],"picked":"Capacitor","floor":1.0},{"not_picked":["Coolheaded","Blizzard","Gash"],"picked":"SKIP","floor":3.0},{"not_picked":["Coolheaded","Blizzard","Gash"],"picked":"SKIP","floor":3.0},{"not_picked":["Blizzard","Gash"],"picked":"Coolheaded","floor":3.0},{"not_picked":["Beam Cell","Sweeping Beam"],"picked":"Creative AI","floor":4.0},{"not_picked":["Barrage","Melter"],"picked":"Force Field","floor":5.0},{"not_picked":["Redo","Hologram"],"picked":"Chill","floor":7.0},{"not_picked":["Stack","Redo","Sweeping Beam"],"picked":"SKIP","floor":10.0},{"not_picked":["Cold Snap","Turbo+1"],"picked":"Static Discharge","floor":13.0},{"not_picked":["Streamline","Leap+1"],"picked":"Glacier+1","floor":14.0},{"not_picked":["Multi-Cast+1","Buffer"],"picked":"Electrodynamics","floor":16.0},{"not_picked":["Redo+1","Streamline+1"],"picked":"Reinforced Body+1","floor":18.0},{"not_picked":["Conserve Battery+1","Hologram+1"],"picked":"Double Energy+1","floor":20.0},{"not_picked":["Gash+1","Aggregate+1"],"picked":"Darkness+1","floor":21.0},{"not_picked":["Static Discharge+1","Steam+1"],"picked":"Hologram+1","floor":24.0},{"not_picked":["Sunder","Steam+1","Reprogram+1"],"picked":"SKIP","floor":27.0},{"not_picked":["Genetic Algorithm+1","Cold Snap+1"],"picked":"Reboot+1","floor":29.0},{"not_picked":["Redo+1","Go for the Eyes","Turbo+1"],"picked":"SKIP","floor":30.0},{"not_picked":["All For One","Hyperbeam"],"picked":"Creative AI","floor":33.0},{"not_picked":["Hello World+1","BootSequence+1","Go for the Eyes+1"],"picked":"SKIP","floor":35.0},{"not_picked":["Rebound+1","Beam Cell+1","Leap+1"],"picked":"SKIP","floor":36.0},{"not_picked":["Cold Snap","Conserve Battery+1"],"picked":"Coolheaded+1","floor":37.0},{"not_picked":["Barrage","Sweeping Beam+1"],"picked":"Lockon","floor":38.0},{"not_picked":["Cold Snap+1","Reinforced Body+1"],"picked":"Darkness+1","floor":40.0},{"not_picked":["Auto Shields+1","Meteor Strike","Redo+1"],"picked":"SKIP","floor":41.0},{"not_picked":["Reinforced Body+1","Steam+1"],"picked":"Defragment","floor":42.0},{"not_picked":["Steam+1","Leap+1"],"picked":"Coolheaded+1","floor":47},{"not_picked":["Sweeping Beam+1","Cold Snap"],"picked":"Stack+1","floor":48},{"not_picked":["Conserve Battery+1","Doom and Gloom"],"picked":"Amplify+1","floor":53},{"not_picked":["Streamline+1","Barrage+1"],"picked":"Consume+1","floor":53},{"not_picked":["Compile Driver+1","Glacier+1"],"picked":"Creative AI","floor":53},{"not_picked":["Go for the Eyes","Recycle+1"],"picked":"Stack+1","floor":53},{"not_picked":["Stack+1","Scrape+1"],"picked":"Hologram+1","floor":53},{"not_picked":["Barrage+1","Leap+1"],"picked":"Consume+1","floor":54}],"player_experience":873791,"relics_obtained":[{"floor":7.0,"key":"Mango"},{"floor":9.0,"key":"Pear"},{"floor":10.0,"key":"Emotion Chip"},{"floor":24.0,"key":"Gremlin Horn"},{"floor":26.0,"key":"HornCleat"},{"floor":27.0,"key":"MawBank"},{"floor":30.0,"key":"White Beast Statue"},{"floor":31.0,"key":"DataDisk"},{"floor":34.0,"key":"Regal Pillow"},{"floor":34.0,"key":"InkBottle"},{"floor":34.0,"key":"Unceasing Top"},{"floor":42.0,"key":"Anchor"},{"floor":47,"key":"Mercury Hourglass"},{"floor":54,"key":"Incense Burner"}],"event_choices":[{"damage_healed":0.0,"max_hp_gain":0.0,"max_hp_loss":0.0,"gold_gain":0.0,"event_name":"Scrap Ooze","player_choice":"Success","floor":2.0,"gold_loss":0.0,"damage_taken":12.0,"relics_obtained":["Omamori"]},{"damage_healed":0.0,"max_hp_gain":0.0,"max_hp_loss":0.0,"gold_gain":75.0,"event_name":"World of Goop","player_choice":"Gather Gold","floor":8.0,"gold_loss":0.0,"damage_taken":11.0},{"damage_healed":0.0,"max_hp_gain":0.0,"max_hp_loss":52.0,"gold_gain":0.0,"event_name":"Ghosts","player_choice":"Became a Ghost","floor":19.0,"gold_loss":0.0,"damage_taken":0.0,"cards_obtained":["Ghostly","Ghostly","Ghostly","Ghostly","Ghostly"]},{"damage_healed":0.0,"max_hp_gain":0.0,"max_hp_loss":0.0,"gold_gain":0.0,"event_name":"Back to Basics","player_choice":"Simplicity","floor":22.0,"gold_loss":0.0,"damage_taken":0.0,"cards_upgraded":["Strike_B","Strike_B","Strike_B","Strike_B","Defend_B","Defend_B","Defend_B","Defend_B"]},{"damage_healed":0.0,"max_hp_gain":0.0,"max_hp_loss":3.0,"gold_gain":0.0,"event_name":"Winding Halls","player_choice":"Max HP","floor":39.0,"gold_loss":0.0,"damage_taken":0.0}],"is_beta":false,"boss_relics":[{"not_picked":["Velvet Choker","SacredBark"],"picked":"Coffee Dripper"},{"not_picked":["Runic Pyramid","Pandora\u0027s Box"],"picked":"Calling Bell"}],"items_purged_floors":[45],"is_endless":false,"potions_floor_spawned":[3,10,16,21,24,29,33,35,36,37,38,40,41,42,47,48,54],"ascension_level":4}}