{"host":"ishme5wb80o83upk","time":1610107595,"event":{"mods":["Arknights The Spire","BaseMod","Minty Spire (QoL Compilation)","StSLib"],"gold_per_floor":[116,38,38,3,3,3,38,38,89,132,148,167,198,223,223,352,352,372,372,297,297,323,323,339,371,394,394,394,413,424,460,460,460,460],"floor_reached":33,"playtime":1055,"items_purged":["ats:Strike G"],"score":421,"play_id":"8f2d6df9-f8ab-45d4-92b9-ad3831c0fd9f","local_time":"20210108210635","is_ascension_mode":true,"campfire_choices":[{"data":"ats:Closed Bolt Burst Fire","floor":6.0,"key":"SMITH"},{"data":"ats:Armor Crushing Shot","floor":8.0,"key":"SMITH"},{"data":"ats:Ambush","floor":15.0,"key":"SMITH"},{"data":"ats:Shadow Assault","floor":23.0,"key":"SMITH"},{"data":"ats:Neurotoxin","floor":28,"key":"SMITH"},{"data":"ats:Flame Of Heaven","floor":32,"key":"SMITH"}],"circlet_count":0,"master_deck":["ats:Strike C","ats:Strike S","ats:Armor Crushing Shot+1","ats:Defend","ats:Defend","ats:Defend","ats:Defend","ats:Emotion Absorption","ats:Shell Defense","ats:Closed Bolt Burst Fire+1","ats:Ignite","ats:Ambush+1","ats:Hook Shot","ats:Flame Of Heaven+1","ats:Automatic Cover","ats:Shadow Assault+1","ats:Neurotoxin+1","ats:Neurotoxin+1","ats:Wolf Pack"],"relics":["ats:Sanity","NeowsBlessing","Bloody Idol","ats:Originium","Ornamental Fan","Mercury Hourglass","StrikeDummy","Runic Dome","Lantern","Dead Branch","Centennial Puzzle","Ancient Tea Set","CeramicFish"],"acts_visited":["Exordium","TheCity"],"potions_floor_usage":[25,31,31,33,33,33],"damage_taken":[{"damage":0.0,"enemies":"Jaw Worm","floor":1.0,"turns":1.0},{"damage":0.0,"enemies":"Gremlin Nob","floor":7.0,"turns":1.0},{"damage":0.0,"enemies":"Lagavulin","floor":10.0,"turns":1.0},{"damage":0.0,"enemies":"2 Louse","floor":11.0,"turns":2.0},{"damage":0.0,"enemies":"Small Slimes","floor":12.0,"turns":2.0},{"damage":3.0,"enemies":"3 Sentries","floor":13.0,"turns":6.0},{"damage":0.0,"enemies":"Looter","floor":14.0,"turns":2.0},{"damage":5.0,"enemies":"The Guardian","floor":16.0,"turns":14.0},{"damage":18.0,"enemies":"3 Byrds","floor":18.0,"turns":4.0},{"damage":0.0,"enemies":"Shell Parasite","floor":24.0,"turns":4.0},{"damage":17,"enemies":"Book of Stabbing","floor":25,"turns":5},{"damage":7,"enemies":"Centurion and Healer","floor":29,"turns":5},{"damage":18,"enemies":"Shelled Parasite and Fungi","floor":30,"turns":5},{"damage":16,"enemies":"Slavers","floor":31,"turns":4},{"damage":32,"enemies":"Champ","floor":33,"turns":8}],"seed_played":"5475425677999150890","potions_obtained":[{"floor":7.0,"key":"EssenceOfSteel"},{"floor":10.0,"key":"SkillPotion"},{"floor":12.0,"key":"EntropicBrew"},{"floor":30,"key":"SteroidPotion"},{"floor":31,"key":"PowerPotion"}],"is_trial":false,"path_per_floor":["M","$","?","?","?","R","E","R","T","E","M","M","E","M","R","B",null,"M","?","$","?","T","R","M","E","T","?","R","M","M","E","R","B"],"character_chosen":"DOCTOR_CLASS","items_purchased":["ats:Closed Bolt Burst Fire"],"campfire_rested":0,"item_purchase_floors":[2],"current_hp_per_floor":[72,72,65,72,54,54,54,54,54,54,54,54,54,54,54,61,72,54,54,54,54,59,59,67,58,63,63,63,64,51,45,45,18,18],"gold":460,"neow_bonus":"THREE_ENEMY_KILL","is_daily":false,"chose_seed":false,"campfire_upgraded":6,"win_rate":0.0,"timestamp":1610107595,"path_taken":["M","$","?","?","?","R","E","R","T","E","M","M","E","?","R","BOSS","M","?","$","?","?","R","M","E","T","?","R","M","M","E","R","BOSS"],"items_purchased_type":["Card"],"build_version":"2020-12-22","purchased_purges":1,"victory":false,"max_hp_per_floor":[72,72,72,72,72,72,72,72,72,72,72,72,72,72,72,72,72,72,72,72,72,72,72,72,72,72,72,72,72,72,72,72,72,72],"card_choices":[{"not_picked":["ats:Hammer On","ats:Blood Oath"],"picked":"ats:Shell Defense","floor":1.0},{"not_picked":["ats:Powerful Strike","ats:Poison Spread"],"picked":"ats:Ignite","floor":7.0},{"not_picked":["ats:Apocalypse","ats:Assault Order"],"picked":"ats:Ambush","floor":10.0},{"not_picked":["ats:Shell Defense","ats:LN2 Cannon"],"picked":"ats:Hook Shot","floor":11.0},{"not_picked":["ats:Thermite Blade","ats:Curse Doll","ats:Apocalypse"],"picked":"SKIP","floor":12.0},{"not_picked":["ats:Powerful Strike","ats:Shell Defense"],"picked":"ats:Flame Of Heaven","floor":13.0},{"not_picked":["ats:Revitalization","ats:Shell Defense"],"picked":"ats:Automatic Cover","floor":14.0},{"not_picked":["ats:Durian","ats:Roar Of Ursus"],"picked":"ats:Shadow Assault","floor":16.0},{"not_picked":["ats:Curse Doll","ats:Revitalization","ats:Explosion Area Strengthen"],"picked":"SKIP","floor":18.0},{"not_picked":["ats:Curse Doll","ats:Assault Order"],"picked":"ats:Neurotoxin+1","floor":24.0},{"not_picked":["ats:Curse Doll","ats:Directed Diagnosis"],"picked":"ats:Neurotoxin","floor":25},{"not_picked":["ats:Composite Medical Shells","ats:Childhood Dance","ats:Cat Scratch"],"picked":"SKIP","floor":29},{"not_picked":["ats:Encircling Forest","ats:Closed Bolt Burst Fire","ats:Ignite"],"picked":"SKIP","floor":30},{"not_picked":["ats:Shell Defense","ats:Red Shift"],"picked":"ats:Wolf Pack","floor":31}],"player_experience":1079236,"relics_obtained":[{"floor":7.0,"key":"ats:Originium"},{"floor":7.0,"key":"Ornamental Fan"},{"floor":10.0,"key":"ats:Originium"},{"floor":10.0,"key":"Mercury Hourglass"},{"floor":13.0,"key":"ats:Originium"},{"floor":13.0,"key":"StrikeDummy"},{"floor":22.0,"key":"Lantern"},{"floor":25,"key":"Dead Branch"},{"floor":26,"key":"Centennial Puzzle"},{"floor":31,"key":"CeramicFish"}],"event_choices":[{"cards_removed":["ats:Strike V"],"damage_healed":0.0,"max_hp_gain":0.0,"max_hp_loss":0.0,"gold_gain":0.0,"event_name":"Golden Wing","player_choice":"Card Removal","floor":3.0,"gold_loss":0.0,"damage_taken":7.0},{"damage_healed":18.0,"max_hp_gain":0.0,"max_hp_loss":0.0,"gold_gain":0.0,"event_name":"The Cleric","player_choice":"Healed","floor":4.0,"gold_loss":35.0,"damage_taken":0.0},{"damage_healed":0.0,"max_hp_gain":0.0,"max_hp_loss":0.0,"gold_gain":0.0,"event_name":"Golden Idol","player_choice":"Take Damage","floor":5.0,"gold_loss":0.0,"damage_taken":18.0,"relics_obtained":["Golden Idol"]},{"damage_healed":0.0,"max_hp_gain":0.0,"max_hp_loss":0.0,"gold_gain":0.0,"event_name":"Vampires","player_choice":"Ignored","floor":19.0,"gold_loss":0.0,"damage_taken":0.0},{"damage_healed":0.0,"max_hp_gain":0.0,"max_hp_loss":0.0,"gold_gain":0.0,"event_name":"Forgotten Altar","player_choice":"Gave Idol","floor":21.0,"relics_lost":["Golden Idol"],"gold_loss":0.0,"damage_taken":0.0,"relics_obtained":["Bloody Idol"]},{"damage_healed":0,"gold_gain":0,"player_choice":"Opened","damage_taken":0,"relics_obtained":["Ancient Tea Set"],"max_hp_gain":0,"max_hp_loss":0,"event_name":"The Mausoleum","floor":27,"gold_loss":0}],"is_beta":false,"boss_relics":[{"not_picked":["Black Star","SlaversCollar"],"picked":"Runic Dome"}],"items_purged_floors":[20],"is_endless":false,"potions_floor_spawned":[7,10,12,30,31],"killed_by":"Champ","ascension_level":4}}