{"host":"Bilverbakes","time":1610069853,"event":{"mods":["2.2 Compatiblity","AchievementEnabler","BaseMod","Bestiary","Colored Map","Minty Spire (QoL Compilation)","Relic Stats","StSLib","ojb\u0027s Info Mod"],"gold_per_floor":[117,40,40,52,62,93,93,108,108,108,108,33,66,66,66,143,143,153,103,117,137,137,137,137],"floor_reached":23,"playtime":1102,"items_purged":["Regret","Strike_R"],"score":398,"play_id":"87eb6b7c-a7b4-45c7-aa70-f4ca6078abd9","local_time":"20210107193733","is_ascension_mode":true,"campfire_choices":[{"floor":7.0,"key":"REST"},{"data":"Armaments","floor":10.0,"key":"SMITH"},{"data":"Demon Form","floor":15.0,"key":"SMITH"}],"circlet_count":0,"master_deck":["AscendersBane","Strike_R","Strike_R","Strike_R","Strike_R","Defend_R","Defend_R","Defend_R","Defend_R","Bash","Cleave","Demon Form+1","Armaments+1","Shrug It Off","Headbutt","Uppercut","Offering","Whirlwind"],"relics":["Burning Blood","StoneCalendar","Calipers","Lizard Tail","Mango","Smiling Mask","Coffee Dripper","Eternal Feather"],"acts_visited":["Exordium","TheCity"],"potions_floor_usage":[20],"damage_taken":[{"damage":11.0,"enemies":"2 Louse","floor":1.0,"turns":4.0},{"damage":16.0,"enemies":"Small Slimes","floor":4.0,"turns":3.0},{"damage":15.0,"enemies":"Cultist","floor":5.0,"turns":5.0},{"damage":37.0,"enemies":"3 Sentries","floor":6.0,"turns":7.0},{"damage":29.0,"enemies":"Red Slaver","floor":8.0,"turns":5.0},{"damage":7.0,"enemies":"Lagavulin","floor":13.0,"turns":7.0},{"damage":45.0,"enemies":"Hexaghost","floor":16.0,"turns":10.0},{"damage":20.0,"enemies":"Shell Parasite","floor":18.0,"turns":5.0},{"damage":13,"enemies":"Spheric Guardian","floor":20,"turns":4},{"damage":13,"enemies":"Snecko","floor":21,"turns":6},{"damage":43,"enemies":"Slavers","floor":23,"turns":4}],"seed_played":"-7387753047804181277","potions_obtained":[{"floor":4.0,"key":"Ancient Potion"},{"floor":13.0,"key":"SpeedPotion"},{"floor":16.0,"key":"SteroidPotion"},{"floor":18.0,"key":"Explosive Potion"}],"is_trial":false,"path_per_floor":["M","$","?","M","M","E","R","M","T","R","?","$","E","?","R","B",null,"M","$","M","M","T","E"],"character_chosen":"IRONCLAD","items_purchased":["Demon Form"],"campfire_rested":1,"item_purchase_floors":[2],"current_hp_per_floor":[63,63,63,53,44,13,35,12,12,12,12,12,25,25,25,30,74,60,60,53,46,46,3,3],"gold":137,"neow_bonus":"ONE_RARE_RELIC","is_daily":false,"chose_seed":false,"campfire_upgraded":2,"win_rate":0.0,"timestamp":1610069853,"path_taken":["M","$","?","M","M","E","R","M","T","R","?","$","E","?","R","BOSS","M","$","M","?","?","E"],"items_purchased_type":["Card"],"build_version":"2020-12-18","purchased_purges":2,"victory":false,"max_hp_per_floor":[75,75,75,75,75,75,75,75,75,75,75,75,89,89,89,89,89,89,89,89,89,89,89,89],"relic_stats":{"Lizard Tail":44,"counters":[11,60],"StoneCalendar":[117],"Eternal Feather":0,"Smiling Mask":50,"obtain_stats":[{"Lizard Tail":9,"Calipers":6,"StoneCalendar":0,"Mango":13,"Eternal Feather":22,"Coffee Dripper":17,"Smiling Mask":14,"Burning Blood":0},{"Lizard Tail":5,"Calipers":4,"StoneCalendar":0,"Mango":6,"Eternal Feather":10,"Coffee Dripper":7,"Smiling Mask":6,"Burning Blood":0},{"Lizard Tail":24,"Calipers":19,"StoneCalendar":0,"Mango":31,"Eternal Feather":56,"Coffee Dripper":41,"Smiling Mask":31,"Burning Blood":0}],"Burning Blood":60},"card_choices":[{"not_picked":["Pommel Strike","Heavy Blade"],"picked":"Cleave","floor":1.0},{"not_picked":["Cleave","Metallicize"],"picked":"Armaments","floor":4.0},{"not_picked":["Sword Boomerang","Dual Wield","Infernal Blade"],"picked":"SKIP","floor":5.0},{"not_picked":["Dual Wield","Perfected Strike"],"picked":"Shrug It Off","floor":6.0},{"not_picked":["Armaments","Shrug It Off"],"picked":"Headbutt","floor":8.0},{"not_picked":["Warcry","Bludgeon"],"picked":"Uppercut","floor":13.0},{"not_picked":["Corruption","Immolate"],"picked":"Offering","floor":16.0},{"not_picked":["Searing Blow","Sentinel","Warcry"],"picked":"SKIP","floor":18.0},{"not_picked":["Havoc","Pommel Strike","Thunderclap"],"picked":"SKIP","floor":20},{"not_picked":["Perfected Strike","Clash"],"picked":"Whirlwind","floor":21}],"player_experience":640552,"relics_obtained":[{"floor":6.0,"key":"Calipers"},{"floor":9.0,"key":"Lizard Tail"},{"floor":13.0,"key":"Mango"},{"floor":14.0,"key":"Smiling Mask"},{"floor":22,"key":"Eternal Feather"}],"event_choices":[{"damage_healed":0.0,"max_hp_gain":0.0,"max_hp_loss":0.0,"gold_gain":0.0,"event_name":"Liars Game","player_choice":"Ignored","floor":3.0,"gold_loss":0.0,"damage_taken":0.0},{"damage_healed":0.0,"max_hp_gain":0.0,"max_hp_loss":0.0,"gold_gain":0.0,"event_name":"Shining Light","player_choice":"Ignored","floor":11.0,"gold_loss":0.0,"damage_taken":0.0},{"damage_healed":0.0,"max_hp_gain":0.0,"max_hp_loss":0.0,"gold_gain":0.0,"event_name":"Wheel of Change","player_choice":"Relic","floor":14.0,"gold_loss":0.0,"damage_taken":0.0}],"is_beta":true,"boss_relics":[{"not_picked":["Cursed Key","Astrolabe"],"picked":"Coffee Dripper"}],"items_purged_floors":[12,19],"is_endless":false,"potions_floor_spawned":[4,13,16,18],"killed_by":"Slavers","ascension_level":20}}