{"host":"0jugj35n0ams2iav","time":1610120581,"event":{"mods":["BaseMod","Downfall","Hubris","Minty Spire (QoL Compilation)","Replay The Spire","StSLib","The Cursed","The Marked"],"gold_per_floor":[114,66,83,8,8,84,84,34,34,34,34,48,48,78,78,225,225,281,310,310,53,77,77,77,104,104,149,194,194,214,66,66,173,173,199,199,199,230,261,261,273,273],"floor_reached":41,"playtime":4082,"items_purged":["Strike_R","Strike_R","Strike_R"],"score":480,"play_id":"255f0284-f9b7-46cc-bb23-591da936767c","local_time":"20210108154301","is_ascension_mode":true,"campfire_choices":[{"data":"Rampage","floor":7.0,"key":"SMITH"},{"data":"True Grit","floor":10.0,"key":"SMITH"},{"data":"Barricade","floor":15.0,"key":"SMITH"},{"floor":23.0,"key":"REST"},{"floor":29.0,"key":"REST"},{"floor":32.0,"key":"REST"},{"data":"ReplayTheSpireMod:Strike From Hell","floor":40.0,"key":"SMITH"}],"circlet_count":0,"master_deck":["Strike_R","Strike_R+1","Defend_R","Defend_R+1","Defend_R+1","Defend_R","Bash","Shrug It Off","Rampage+1","True Grit+1","Barricade+1","Body Slam","ReplayTheSpireMod:Stacked","Thunderclap","ReplayTheSpireMod:Strike From Hell+1","Impervious","Entrench+1"],"relics":["Burning Blood","NeowsBlessing","Ring of Fury","ReplayTheSpireMod:Ring of Challenge","Omamori","Regal Pillow","Happy Flower","Tiny Chest","hubris:Towel","Prayer Wheel","Replay:Bronze Core","Replay:Bandana","Simple Rune","Pen Nib","Quantum Egg","Frozen Egg 2","War Paint","Black Star","ReplayTheSpireMod:Ninjato"],"acts_visited":["Exordium","TheCity","TheBeyond"],"potions_floor_usage":[],"damage_taken":[{"damage":0.0,"enemies":"Jaw Worm","floor":1.0,"turns":1.0},{"damage":0.0,"enemies":"Small Slimes","floor":3.0,"turns":1.0},{"damage":6.0,"enemies":"3 Sentries","floor":6.0,"turns":3.0},{"damage":0.0,"enemies":"Cultist","floor":12.0,"turns":3.0},{"damage":3.0,"enemies":"Gremlin Nob","floor":14.0,"turns":3.0},{"damage":5.0,"enemies":"Fading Forest","floor":16.0,"turns":11.0},{"damage":11.0,"enemies":"Shell Parasite","floor":18.0,"turns":17.0},{"damage":54.0,"enemies":"3 Byrds","floor":19.0,"turns":8.0},{"damage":5.0,"enemies":"Centurion and Healer","floor":22.0,"turns":6.0},{"damage":18.0,"enemies":"Shelled Parasite and Fungi","floor":27.0,"turns":8.0},{"damage":27.0,"enemies":"Book of Stabbing","floor":28.0,"turns":5.0},{"damage":56.0,"enemies":"Cultist and Chosen","floor":30.0,"turns":10.0},{"damage":41.0,"enemies":"Champ","floor":33.0,"turns":12.0},{"damage":8.0,"enemies":"3 Shapes","floor":35.0,"turns":5.0},{"damage":16.0,"enemies":"3 Darklings","floor":38.0,"turns":11.0},{"damage":28.0,"enemies":"Maw","floor":39.0,"turns":9.0},{"damage":66,"enemies":"Writhing Mass","floor":41,"turns":4}],"seed_played":"-5527682704714802949","potions_obtained":[{"floor":1.0,"key":"Reflective Coating"},{"floor":3.0,"key":"SkillPotion"},{"floor":6.0,"key":"Explosive Potion"},{"floor":22.0,"key":"GamblersBrew"},{"floor":27.0,"key":"BlessingOfTheForge"},{"floor":28.0,"key":"HeartOfIron"},{"floor":30.0,"key":"Swift Potion"},{"floor":35.0,"key":"Energy Potion"}],"is_trial":false,"path_per_floor":["M","$","M","$","?","E","R","?","T","R","$","M","?","E","R","B",null,"M","M","?","$","M","R","$","T","T","M","E","R","M","$","R","B",null,"M","?","T","M","M","R","M"],"character_chosen":"IRONCLAD","items_purchased":["Shrug It Off","Happy Flower","Tiny Chest","Simple Rune","War Paint"],"campfire_rested":3,"item_purchase_floors":[2,11,11,21,31],"current_hp_per_floor":[80,80,80,80,80,80,80,80,80,80,55,61,61,64,64,65,80,75,27,12,12,13,53,53,53,53,41,20,60,10,10,50,15,85,83,83,83,73,51,51,0,0],"gold":273,"neow_bonus":"THREE_ENEMY_KILL","is_daily":false,"chose_seed":false,"campfire_upgraded":4,"win_rate":0.0,"timestamp":1610120581,"path_taken":["M","$","M","$","?","E","R","?","T","R","?","?","?","E","R","BOSS","M","M","?","$","M","R","$","?","T","M","E","R","?","?","R","BOSS","M","?","?","M","M","R","M"],"items_purchased_type":["Card","Relic","Relic","Relic","Relic"],"build_version":"2020-12-22","purchased_purges":3,"victory":false,"max_hp_per_floor":[80,80,80,80,80,80,80,80,80,80,80,80,80,80,80,80,80,80,80,85,85,85,85,85,85,85,85,85,85,85,85,85,85,85,85,85,85,85,85,85,85,85],"card_choices":[{"not_picked":["Life Link","Bloodletting","Havoc"],"picked":"SKIP","floor":1.0},{"not_picked":["Wild Strike","Pommel Strike"],"picked":"Rampage","floor":3.0},{"not_picked":["hubris:SharpeningStone","Rage"],"picked":"True Grit","floor":6.0},{"not_picked":["Thunderclap","True Grit","Battle Trance"],"picked":"SKIP","floor":12.0},{"not_picked":["Shrug It Off","Battle Trance"],"picked":"Barricade","floor":14.0},{"not_picked":["Perfected Strike","ReplayReversal"],"picked":"Body Slam","floor":18.0},{"not_picked":["Havoc+1","Disarm","Replay:Undeath\u0027s Touch"],"picked":"SKIP","floor":18.0},{"not_picked":["Clothesline","Anger"],"picked":"ReplayTheSpireMod:Stacked","floor":19.0},{"not_picked":["Headbutt","Anger","Heavy Blade"],"picked":"SKIP","floor":19.0},{"not_picked":["Rampage","Sword Boomerang","Twin Strike+1"],"picked":"SKIP","floor":22.0},{"not_picked":["Twin Strike","Dark Embrace","Pommel Strike+1"],"picked":"SKIP","floor":22.0},{"not_picked":["ReplayTheSpireMod:Corrosion Curse","Feel No Pain+1"],"picked":"Thunderclap","floor":27.0},{"not_picked":["hubris:ReadiedAction","Pommel Strike+1","Iron Wave"],"picked":"SKIP","floor":27.0},{"not_picked":["Whirlwind","Headbutt"],"picked":"ReplayTheSpireMod:Strike From Hell","floor":28.0},{"not_picked":["Dropkick","Rampage","hubris:CleavingFinish"],"picked":"SKIP","floor":30.0},{"not_picked":["Flex","ReplayTheSpireMod:Corrosion Curse+1","Headbutt"],"picked":"SKIP","floor":30.0},{"not_picked":["Hemogenesis","Corruption+1"],"picked":"Impervious","floor":33.0},{"not_picked":["Cleave","Flame Barrier","Twin Strike"],"picked":"SKIP","floor":35.0},{"not_picked":["Sever Soul+1","Warcry+1","Infernal Blade"],"picked":"SKIP","floor":35.0},{"not_picked":["hubris:ReadiedAction+1","Sword Boomerang+1"],"picked":"Entrench+1","floor":38.0},{"not_picked":["Whirlwind","Shrug It Off","ReplayTheSpireMod:Strike From Hell"],"picked":"SKIP","floor":38.0},{"not_picked":["Warcry+1","Clash","Rage"],"picked":"SKIP","floor":39.0},{"not_picked":["Replay:Undeath\u0027s Touch+1","Defy Death+1","Thunderclap"],"picked":"SKIP","floor":39.0}],"player_experience":146888,"relics_obtained":[{"floor":5.0,"key":"Ring of Fury"},{"floor":5.0,"key":"ReplayTheSpireMod:Ring of Challenge"},{"floor":6.0,"key":"Omamori"},{"floor":9.0,"key":"Regal Pillow"},{"floor":14.0,"key":"Prayer Wheel"},{"floor":19.0,"key":"Replay:Bandana"},{"floor":25.0,"key":"Pen Nib"},{"floor":26.0,"key":"Quantum Egg"},{"floor":28.0,"key":"Frozen Egg 2"},{"floor":37.0,"key":"ReplayTheSpireMod:Ninjato"}],"event_choices":[{"cards_removed":["Amnesia"],"damage_healed":0.0,"max_hp_gain":0.0,"max_hp_loss":0.0,"gold_gain":0.0,"event_name":"The Cleric","player_choice":"Card Removal","floor":8.0,"gold_loss":50.0,"damage_taken":0.0},{"damage_healed":0.0,"max_hp_gain":5.0,"max_hp_loss":0.0,"gold_gain":0.0,"event_name":"Forgotten Altar","player_choice":"Shed Blood","floor":20.0,"gold_loss":0.0,"damage_taken":20.0},{"damage_healed":0.0,"max_hp_gain":0.0,"max_hp_loss":0.0,"gold_gain":0.0,"event_name":"Mysterious Sphere","player_choice":"Ignored","floor":36.0,"gold_loss":0.0,"damage_taken":0.0}],"is_beta":false,"boss_relics":[{"not_picked":["hubris:CrackedHourglass","Replay:Wanted Poster"],"picked":"Replay:Bronze Core"},{"not_picked":["SacredBark","Runic Cube"],"picked":"Black Star"}],"items_purged_floors":[4,11,21],"is_endless":false,"potions_floor_spawned":[1,3,6,22,27,28,30,35],"killed_by":"Writhing Mass","ascension_level":3}}