{"host":"o0q01dgb4z8zpo6o","time":1610072539,"event":{"mods":["BaseMod","GifTheSpireLib","Minty Spire (QoL Compilation)","Relic Stats","StSLib"],"gold_per_floor":[116,127,147,36,46,46,65,65,90,122,122,147,147,165,165,242,242,252,252,271,288,300,300,225,71,95,114,144,161,178,196,196,196,196],"floor_reached":33,"playtime":1809,"items_purged":["Strike_B"],"score":601,"play_id":"59929bd4-ba68-409d-841a-bc7c6fc06a5d","local_time":"20210107182219","is_ascension_mode":true,"campfire_choices":[{"data":"Streamline","floor":6,"key":"SMITH"},{"floor":11,"key":"REST"},{"data":"Fission","floor":15,"key":"SMITH"},{"data":"Rainbow","floor":23,"key":"SMITH"},{"data":"Defragment","floor":32,"key":"SMITH"}],"circlet_count":0,"master_deck":["AscendersBane","Defend_B+1","Defend_B","Defend_B","Defend_B","Zap+1","Dualcast","Ball Lightning","Glacier","Streamline+1","Conserve Battery","Doom and Gloom","Capacitor","Barrage","Fission+1","Coolheaded","Rainbow+1","Static Discharge","Auto Shields","Skim","Coolheaded","Defragment+1","Buffer"],"relics":["Nuclear Battery","Boot","Oddly Smooth Stone","Bag of Preparation","Snecko Eye","Nunchaku","The Courier"],"acts_visited":["Exordium","TheCity"],"potions_floor_usage":[12,16,18,22,28,28,31],"damage_taken":[{"damage":0,"enemies":"2 Louse","floor":1,"turns":3},{"damage":0,"enemies":"Jaw Worm","floor":2,"turns":3},{"damage":2,"enemies":"Small Slimes","floor":3,"turns":3},{"damage":0,"enemies":"Looter","floor":5,"turns":3},{"damage":14,"enemies":"Gremlin Gang","floor":7,"turns":2},{"damage":21,"enemies":"3 Sentries","floor":10,"turns":8},{"damage":0,"enemies":"Gremlin Nob","floor":12,"turns":4},{"damage":0,"enemies":"Blue Slaver","floor":14,"turns":3},{"damage":18,"enemies":"Hexaghost","floor":16,"turns":9},{"damage":5,"enemies":"2 Thieves","floor":18,"turns":2},{"damage":5,"enemies":"Shell Parasite","floor":20,"turns":4},{"damage":0,"enemies":"Centurion and Healer","floor":21,"turns":4},{"damage":0,"enemies":"Snake Plant","floor":22,"turns":3},{"damage":5,"enemies":"Cultist and Chosen","floor":27,"turns":5},{"damage":8,"enemies":"Slavers","floor":28,"turns":3},{"damage":0,"enemies":"3 Cultists","floor":29,"turns":4},{"damage":2,"enemies":"Centurion and Healer","floor":30,"turns":5},{"damage":0,"enemies":"Snake Plant","floor":31,"turns":4},{"damage":32,"enemies":"Collector","floor":33,"turns":5}],"seed_played":"-5836460673903683592","potions_obtained":[{"floor":1,"key":"GamblersBrew"},{"floor":3,"key":"PowerPotion"},{"floor":12,"key":"SteroidPotion"},{"floor":16,"key":"Energy Potion"},{"floor":20,"key":"Block Potion"},{"floor":21,"key":"LiquidMemories"},{"floor":22,"key":"ColorlessPotion"},{"floor":29,"key":"BlessingOfTheForge"}],"is_trial":false,"path_per_floor":["M","M","M","$","M","R","M","?","T","E","R","E","?","M","R","B",null,"M","?","M","M","M","R","?","$","T","M","E","M","M","M","R","B"],"character_chosen":"DEFECT","items_purchased":["Conserve Battery","Doom and Gloom","Defragment"],"campfire_rested":1,"item_purchase_floors":[4,4,25],"current_hp_per_floor":[64,64,62,62,62,62,48,27,27,6,27,27,27,27,27,9,56,51,51,46,46,46,46,46,46,46,41,33,33,31,31,31,0,0],"gold":196,"neow_bonus":"BOSS_RELIC","is_daily":false,"chose_seed":false,"campfire_upgraded":4,"win_rate":0.0,"timestamp":1610072539,"path_taken":["M","M","M","$","M","R","M","?","T","E","R","E","?","M","R","BOSS","M","?","M","M","M","R","?","$","T","M","E","M","M","M","R","BOSS"],"items_purchased_type":["Card","Card","Card"],"build_version":"2020-12-22","purchased_purges":1,"victory":false,"max_hp_per_floor":[71,71,71,71,71,71,71,71,71,71,71,71,71,71,71,71,71,71,71,71,71,71,71,71,71,71,71,71,71,71,71,71,71,71],"relic_stats":{"Nunchaku":[3],"counters":[19,77],"Snecko Eye":[86,81,110,63],"Bag of Preparation":[24],"Boot":[76],"obtain_stats":[{"Nunchaku":26,"Oddly Smooth Stone":10,"Snecko Eye":17,"The Courier":28,"Bag of Preparation":12,"Cracked Core":0,"Boot":9,"Nuclear Battery":0},{"Nunchaku":13,"Oddly Smooth Stone":6,"Snecko Eye":9,"The Courier":15,"Bag of Preparation":7,"Cracked Core":0,"Boot":5,"Nuclear Battery":0},{"Nunchaku":51,"Oddly Smooth Stone":22,"Snecko Eye":38,"The Courier":59,"Bag of Preparation":26,"Cracked Core":0,"Boot":14,"Nuclear Battery":0}]},"card_choices":[{"not_picked":["FTL","Compile Driver"],"picked":"Ball Lightning","floor":1},{"not_picked":["Redo","Leap"],"picked":"Glacier","floor":2},{"not_picked":["Hologram","Amplify"],"picked":"Streamline","floor":3},{"not_picked":["Chill","FTL","Consume"],"picked":"SKIP","floor":5},{"not_picked":["Melter","Leap"],"picked":"Capacitor","floor":7},{"not_picked":["Stack","Tempest"],"picked":"Barrage","floor":10},{"not_picked":["Heatsinks","Hologram"],"picked":"Fission","floor":12},{"not_picked":["Hologram","FTL"],"picked":"Coolheaded","floor":14},{"not_picked":["Fission","Reboot"],"picked":"Rainbow","floor":16},{"not_picked":["Stack","Beam Cell+1"],"picked":"Static Discharge","floor":18},{"not_picked":["Barrage","Sweeping Beam","Force Field"],"picked":"SKIP","floor":20},{"not_picked":["Streamline","Reprogram","Conserve Battery"],"picked":"SKIP","floor":21},{"not_picked":["Rebound","Cold Snap"],"picked":"Coolheaded","floor":22},{"not_picked":["Conserve Battery","Auto Shields","Gash"],"picked":"SKIP","floor":27},{"not_picked":["Leap","Redo","FTL"],"picked":"SKIP","floor":28},{"not_picked":["Sweeping Beam+1","Melter","Rebound"],"picked":"SKIP","floor":29},{"not_picked":["Rip and Tear","Auto Shields"],"picked":"Buffer","floor":30},{"not_picked":["Auto Shields","Compile Driver","Streamline"],"picked":"SKIP","floor":31}],"player_experience":1066201,"relics_obtained":[{"floor":9,"key":"Boot"},{"floor":10,"key":"Oddly Smooth Stone"},{"floor":12,"key":"Bag of Preparation"},{"floor":26,"key":"Nunchaku"},{"floor":28,"key":"The Courier"}],"event_choices":[{"damage_healed":0,"gold_gain":0,"player_choice":"Entered Light","damage_taken":21,"max_hp_gain":0,"max_hp_loss":0,"event_name":"Shining Light","floor":8,"gold_loss":0,"cards_upgraded":["Defend_B","Zap"]},{"damage_healed":0,"gold_gain":0,"player_choice":"Ignored","damage_taken":0,"max_hp_gain":0,"max_hp_loss":0,"event_name":"Liars Game","floor":13,"gold_loss":0},{"damage_healed":0,"gold_gain":0,"cards_transformed":["Strike_B","Strike_B"],"player_choice":"Became Test Subject","damage_taken":0,"max_hp_gain":0,"max_hp_loss":0,"event_name":"Drug Dealer","floor":19,"gold_loss":0,"cards_obtained":["Auto Shields","Skim"]},{"cards_removed":["Strike_B"],"damage_healed":0,"gold_gain":0,"player_choice":"Gave Gold","damage_taken":0,"max_hp_gain":0,"max_hp_loss":0,"event_name":"Beggar","floor":24,"gold_loss":75}],"is_beta":false,"boss_relics":[{"not_picked":["SacredBark","Tiny House"],"picked":"Snecko Eye"}],"items_purged_floors":[25],"is_endless":false,"potions_floor_spawned":[1,3,12,16,20,21,22,29],"killed_by":"Collector","ascension_level":19}}