{"host":"sdl5b0uiznq00owb","time":1610073562,"event":{"mods":["BaseMod","Minty Spire (QoL Compilation)","Permanent Neow","Relic Stats"],"gold_per_floor":[113,125,2,12,25,54,54,54,77,159,187,197,210,226,226,330,330,341,351,351,276,24,49,49,49,49,49,49,64,64,64,64,160,160,178,191,207,219,229,262,282,282,309,309,309,343,356,356,356,356],"floor_reached":51,"playtime":3742,"items_purged":["Strike_R","Strike_R"],"score":1068,"play_id":"49ea62c8-2355-402c-9a9a-4535ed7bf1c4","local_time":"20210107203922","is_ascension_mode":true,"campfire_choices":[{"floor":7.0,"key":"REST"},{"data":"True Grit","floor":15.0,"key":"SMITH"},{"floor":24.0,"key":"REST"},{"data":"True Grit","floor":30.0,"key":"SMITH"},{"floor":32.0,"key":"REST"},{"floor":42.0,"key":"REST"},{"floor":44.0,"key":"REST"},{"data":"Offering","floor":49.0,"key":"SMITH"}],"circlet_count":0,"master_deck":["AscendersBane","Strike_R+1","Defend_R","Defend_R","Defend_R","Defend_R","Bash","CurseOfTheBell","Pummel+1","Feel No Pain+1","Sword Boomerang","Juggernaut+1","Spot Weakness","True Grit+1","Offering+1","Battle Trance","Pummel+1","Dark Embrace+1","Impervious","Demon Form+1","True Grit+1","Rage","Reaper","Cleave+1","Sword Boomerang+1","Disarm","Flame Barrier+1","Feel No Pain+1","Feel No Pain+1","Shrug It Off+1"],"relics":["Calling Bell","Anchor","Frozen Egg 2","Ice Cream","Pen Nib","Whetstone","Mercury Hourglass","Toy Ornithopter","SlaversCollar","Orrery","Mummified Hand","Singing Bowl","Sozu","Prayer Wheel","Centennial Puzzle","Orichalcum"],"acts_visited":["Exordium","TheCity","TheBeyond"],"potions_floor_usage":[],"damage_taken":[{"damage":1.0,"enemies":"Cultist","floor":1.0,"turns":3.0},{"damage":2.0,"enemies":"Jaw Worm","floor":2.0,"turns":2.0},{"damage":15.0,"enemies":"Small Slimes","floor":4.0,"turns":5.0},{"damage":11.0,"enemies":"Blue Slaver","floor":5.0,"turns":5.0},{"damage":32.0,"enemies":"Gremlin Nob","floor":6.0,"turns":4.0},{"damage":15.0,"enemies":"3 Sentries","floor":11.0,"turns":5.0},{"damage":0.0,"enemies":"2 Fungi Beasts","floor":12.0,"turns":2.0},{"damage":6.0,"enemies":"Looter","floor":13.0,"turns":3.0},{"damage":0.0,"enemies":"Exordium Thugs","floor":14.0,"turns":3.0},{"damage":12.0,"enemies":"Slime Boss","floor":16.0,"turns":7.0},{"damage":32.0,"enemies":"3 Byrds","floor":18.0,"turns":5.0},{"damage":10.0,"enemies":"Shell Parasite","floor":19.0,"turns":3.0},{"damage":8.0,"enemies":"Slavers","floor":23.0,"turns":5.0},{"damage":6.0,"enemies":"Cultist and Chosen","floor":29.0,"turns":4.0},{"damage":32.0,"enemies":"Automaton","floor":33.0,"turns":6.0},{"damage":7.0,"enemies":"Orb Walker","floor":35.0,"turns":3.0},{"damage":15.0,"enemies":"3 Darklings","floor":36.0,"turns":6.0},{"damage":8.0,"enemies":"Transient","floor":37.0,"turns":5.0},{"damage":21.0,"enemies":"Writhing Mass","floor":38.0,"turns":5.0},{"damage":22.0,"enemies":"4 Shapes","floor":39.0,"turns":3.0},{"damage":46.0,"enemies":"Nemesis","floor":40.0,"turns":4.0},{"damage":46.0,"enemies":"Jaw Worm Horde","floor":41.0,"turns":4.0},{"damage":54.0,"enemies":"Giant Head","floor":46.0,"turns":8.0},{"damage":12.0,"enemies":"Writhing Mass","floor":47.0,"turns":4.0},{"damage":15,"enemies":"Donu and Deca","floor":50,"turns":5}],"seed_played":"-6590928227308307544","potions_obtained":[{"floor":1.0,"key":"DuplicationPotion"},{"floor":4.0,"key":"BloodPotion"},{"floor":12.0,"key":"EssenceOfSteel"},{"floor":13.0,"key":"DistilledChaos"},{"floor":16.0,"key":"FairyPotion"},{"floor":19.0,"key":"PowerPotion"},{"floor":29.0,"key":"Block Potion"}],"is_trial":false,"path_per_floor":["M","M","$","M","M","E","R","?","T","T","E","M","M","M","R","B",null,"M","M","?","?","$","E","R","$","T","?","$","M","R","?","R","B",null,"M","M","M","M","M","E","M","R","T","R","?","E","M","?","R","B",null],"character_chosen":"IRONCLAD","items_purchased":["AttackPotion","Orrery"],"campfire_rested":5,"item_purchase_floors":[3,22],"current_hp_per_floor":[71,69,69,54,43,11,35,61,61,61,46,46,61,61,61,59,75,43,33,33,33,33,30,54,54,54,54,54,48,48,48,72,40,70,65,50,84,81,86,50,25,51,51,77,88,68,62,62,62,47],"gold":356,"neow_bonus":"BOSS_RELIC","is_daily":false,"chose_seed":false,"campfire_upgraded":3,"win_rate":0.0,"timestamp":1610073562,"path_taken":["M","M","$","M","M","E","R","?","T","?","E","M","M","M","R","BOSS","M","M","?","?","?","E","R","$","T","?","?","?","R","?","R","BOSS","M","M","?","M","M","E","M","R","T","R","?","E","?","?","R","BOSS"],"items_purchased_type":["Potion","Relic"],"build_version":"2020-12-22","purchased_purges":2,"victory":true,"max_hp_per_floor":[80,80,80,80,80,80,80,80,80,80,80,80,80,80,80,80,80,80,80,80,80,80,80,80,80,80,80,80,80,80,80,80,80,80,82,82,84,84,86,86,88,88,88,88,88,88,88,88,88,88],"relic_stats":{"Sozu":7,"Centennial Puzzle":[9],"Singing Bowl":8,"counters":[25,108],"Mummified Hand":[61],"Prayer Wheel":2,"Pen Nib":[13],"Whetstone":["Strike_R","Pummel"],"Orichalcum":[0],"obtain_stats":[{"Ice Cream":0,"Singing Bowl":26,"Pen Nib":6,"Whetstone":9,"Frozen Egg 2":0,"Orichalcum":46,"Burning Blood":0,"Mercury Hourglass":10,"Calling Bell":0,"Sozu":34,"SlaversCollar":17,"Anchor":0,"Centennial Puzzle":43,"Mummified Hand":23,"Orrery":22,"Prayer Wheel":40,"Toy Ornithopter":11},{"Ice Cream":0,"Singing Bowl":13,"Pen Nib":5,"Whetstone":5,"Frozen Egg 2":0,"Orichalcum":23,"Burning Blood":0,"Mercury Hourglass":5,"Calling Bell":0,"Sozu":15,"SlaversCollar":10,"Anchor":0,"Centennial Puzzle":22,"Mummified Hand":13,"Orrery":12,"Prayer Wheel":21,"Toy Ornithopter":6},{"Ice Cream":0,"Singing Bowl":51,"Pen Nib":19,"Whetstone":19,"Frozen Egg 2":0,"Orichalcum":99,"Burning Blood":0,"Mercury Hourglass":19,"Calling Bell":0,"Sozu":61,"SlaversCollar":39,"Anchor":0,"Centennial Puzzle":91,"Mummified Hand":51,"Orrery":46,"Prayer Wheel":87,"Toy Ornithopter":24}],"Toy Ornithopter":25,"Mercury Hourglass":[372]},"card_choices":[{"not_picked":["Seeing Red","Armaments"],"picked":"Pummel","floor":1.0},{"not_picked":["Warcry","Clash","Shrug It Off"],"picked":"SKIP","floor":2.0},{"not_picked":["Clothesline","Shrug It Off"],"picked":"Feel No Pain+1","floor":4.0},{"not_picked":["Clash","Perfected Strike"],"picked":"Sword Boomerang","floor":5.0},{"not_picked":["Sever Soul","Bloodletting"],"picked":"Juggernaut+1","floor":6.0},{"not_picked":["Clash","Heavy Blade","Entrench"],"picked":"SKIP","floor":11.0},{"not_picked":["Bloodletting","Reckless Charge","Infernal Blade"],"picked":"SKIP","floor":12.0},{"not_picked":["Infernal Blade","Armaments"],"picked":"Spot Weakness","floor":13.0},{"not_picked":["Bloodletting","Anger"],"picked":"True Grit","floor":14.0},{"not_picked":["Juggernaut+1","Brutality+1"],"picked":"Offering","floor":16.0},{"not_picked":["Twin Strike","Flex"],"picked":"Battle Trance","floor":18.0},{"not_picked":["Pommel Strike","Evolve+1","Armaments"],"picked":"SKIP","floor":19.0},{"not_picked":["Twin Strike+1","Thunderclap"],"picked":"Pummel+1","floor":22.0},{"not_picked":["Clothesline","Warcry+1"],"picked":"Dark Embrace+1","floor":22.0},{"not_picked":["Pummel","Power Through"],"picked":"Impervious","floor":22.0},{"not_picked":["Thunderclap","Wild Strike"],"picked":"Demon Form+1","floor":23.0},{"not_picked":["Pommel Strike","Thunderclap"],"picked":"True Grit","floor":29.0},{"not_picked":["Feed","Barricade+1"],"picked":"Reaper","floor":33.0},{"not_picked":["Anger","Pummel+1","Ghostly Armor+1"],"picked":"Singing Bowl","floor":35.0},{"not_picked":["True Grit+1","Metallicize+1"],"picked":"Cleave+1","floor":36.0},{"not_picked":["Anger","Fire Breathing+1","Havoc+1"],"picked":"Singing Bowl","floor":37.0},{"not_picked":["Cleave","Shrug It Off"],"picked":"Sword Boomerang+1","floor":38.0},{"not_picked":["Anger","Pommel Strike","Whirlwind"],"picked":"Singing Bowl","floor":39.0},{"not_picked":["Blood for Blood+1","Havoc+1"],"picked":"Disarm","floor":40.0},{"not_picked":["Thunderclap","Clothesline"],"picked":"Flame Barrier+1","floor":41.0},{"not_picked":["Sword Boomerang+1","Perfected Strike","Whirlwind+1"],"picked":"Singing Bowl","floor":41.0},{"not_picked":["Offering","Blood for Blood+1"],"picked":"Feel No Pain+1","floor":46.0},{"not_picked":["Wild Strike+1","Headbutt"],"picked":"Feel No Pain+1","floor":47.0},{"not_picked":["Uppercut+1","Body Slam+1"],"picked":"Shrug It Off+1","floor":47.0}],"player_experience":768819,"relics_obtained":[{"floor":0.0,"key":"Anchor"},{"floor":0.0,"key":"Frozen Egg 2"},{"floor":0.0,"key":"Ice Cream"},{"floor":6.0,"key":"Pen Nib"},{"floor":9.0,"key":"Whetstone"},{"floor":10.0,"key":"Mercury Hourglass"},{"floor":11.0,"key":"Toy Ornithopter"},{"floor":23.0,"key":"Mummified Hand"},{"floor":26.0,"key":"Singing Bowl"},{"floor":40.0,"key":"Prayer Wheel"},{"floor":43.0,"key":"Centennial Puzzle"},{"floor":46.0,"key":"Orichalcum"}],"event_choices":[{"damage_healed":26.0,"max_hp_gain":0.0,"max_hp_loss":0.0,"gold_gain":0.0,"event_name":"Big Fish","player_choice":"Banana","floor":8.0,"gold_loss":0.0,"damage_taken":0.0},{"damage_healed":0.0,"max_hp_gain":0.0,"max_hp_loss":0.0,"gold_gain":0.0,"event_name":"Cursed Tome","player_choice":"Ignored","floor":20.0,"gold_loss":0.0,"damage_taken":0.0},{"cards_removed":["Strike_R"],"damage_healed":0.0,"max_hp_gain":0.0,"max_hp_loss":0.0,"gold_gain":0.0,"event_name":"Beggar","player_choice":"Gave Gold","floor":21.0,"gold_loss":75.0,"damage_taken":0.0},{"damage_healed":0.0,"max_hp_gain":0.0,"max_hp_loss":0.0,"gold_gain":0.0,"event_name":"Ghosts","player_choice":"Ignored","floor":27.0,"gold_loss":0.0,"damage_taken":0.0},{"damage_healed":0.0,"max_hp_gain":0.0,"max_hp_loss":0.0,"gold_gain":0.0,"cards_transformed":["Strike_R"],"event_name":"Transmorgrifier","player_choice":"Transformed","floor":31.0,"gold_loss":0.0,"damage_taken":0.0,"cards_obtained":["Rage"]},{"damage_healed":11.0,"max_hp_gain":0.0,"max_hp_loss":0.0,"gold_gain":0.0,"event_name":"Wheel of Change","player_choice":"Full Heal","floor":45.0,"gold_loss":0.0,"damage_taken":0.0},{"damage_healed":0.0,"max_hp_gain":0.0,"max_hp_loss":0.0,"gold_gain":0.0,"event_name":"Lab","player_choice":"Got Potions","floor":48.0,"gold_loss":0.0,"damage_taken":0.0}],"is_beta":false,"boss_relics":[{"not_picked":["Ectoplasm","Pandora\u0027s Box"],"picked":"SlaversCollar"},{"not_picked":["Mark of Pain","Tiny House"],"picked":"Sozu"}],"items_purged_floors":[3,22],"is_endless":false,"potions_floor_spawned":[1,4,12,13,16,19,29,36,38,40,46],"ascension_level":11}}