{"host":"iyvjjqtjrywxqc57","time":1610089035,"event":{"mods":["AchievementEnabler","BaseMod","Bestiary","Better Altar","Better Match","Better Note","Better Sensory Stone","Better Skull","Better Third Choice","BetterRewards","Colored Map","Colored Powertips","Dark Map","Defuse TimeMaze Blight","Displayed Cursed Tome","Downfall","Faster Ascension Climbing","Jorbs\u0027s Wanderer Trilogy","Minty Spire (QoL Compilation)","Permanent Neow","Quick Restart","Rare Cards Sparkle","Relic Stats","StSLib"],"gold_per_floor":[112,112,31,0,0,0,11,11,11,79,79,111,127,138,138,236,236,252,252,252,269,293,326,326,435,435,455,489,499,38,48,48,152,152,171,186,186,197,214,214,214,214,268,299,7,7,58,73,73,73,73],"floor_reached":50,"playtime":5644,"items_purged":[],"score":533,"play_id":"9c4ba72c-e9b2-4575-a00b-0fcc14996f8a","local_time":"20210108005715","is_ascension_mode":false,"campfire_choices":[{"data":"Defragment","floor":6.0,"key":"SMITH"},{"data":"Defragment","floor":8.0,"key":"SMITH"},{"data":"BootSequence","floor":11.0,"key":"SMITH"},{"data":"BootSequence","floor":15.0,"key":"SMITH"},{"data":"Electrodynamics","floor":24.0,"key":"SMITH"},{"data":"expansioncontent:Corrupt","floor":32.0,"key":"SMITH"},{"data":"Buffer","floor":40,"key":"SMITH"},{"data":"Dramatic Entrance","floor":42,"key":"SMITH"},{"data":"Loop","floor":49,"key":"SMITH"}],"circlet_count":0,"master_deck":["Strike_B","Strike_B","Defend_B","Defend_B","Defend_B","Defend_B","Zap","Dualcast","Writhe","Defragment+1","Magnetism","Dramatic Entrance+1","Steam Power","BootSequence+1","Defragment+1","Melter","Electrodynamics+1","Ball Lightning","BootSequence+1","Rainbow","Fusion","Pain","Capacitor","Steam Power","Double Energy+1","expansioncontent:Corrupt+1","Genetic Algorithm+1","Buffer+1","Sweeping Beam","Doom and Gloom+1","Loop+1","AscendersBane","Zap","Defragment+1","Loop+1","Doubt","Barrage+1"],"relics":["Cracked Core","Du-Vu Doll","Lantern","Lee\u0027s Waffle","betterThird:SlimedRelic","Letter Opener","HornCleat","MealTicket","Runic Pyramid","WarpedTongs","Blood Vial","Oddly Smooth Stone","Toy Ornithopter","Strawberry","Anchor","Girya","Juzu Bracelet","Torii","Black Star","Ancient Tea Set","Meat on the Bone","Vajra","Boot","StoneCalendar"],"acts_visited":["Exordium","TheCity","TheBeyond"],"potions_floor_usage":[39,39,44,47,50,50],"damage_taken":[{"damage":0.0,"enemies":"Cultist","floor":1.0,"turns":3.0},{"damage":0.0,"enemies":"2 Louse","floor":7.0,"turns":2.0},{"damage":30.0,"enemies":"Lagavulin","floor":12.0,"turns":7.0},{"damage":0.0,"enemies":"Jaw Worm","floor":13.0,"turns":3.0},{"damage":0.0,"enemies":"Lots of Slimes","floor":14.0,"turns":1.0},{"damage":25.0,"enemies":"The Guardian","floor":16.0,"turns":7.0},{"damage":0.0,"enemies":"Spheric Guardian","floor":18.0,"turns":3.0},{"damage":2.0,"enemies":"Chosen","floor":21.0,"turns":4.0},{"damage":13.0,"enemies":"Slavers","floor":23.0,"turns":4.0},{"damage":2.0,"enemies":"Snecko","floor":27.0,"turns":4.0},{"damage":13.0,"enemies":"Gremlin Leader","floor":28.0,"turns":5.0},{"damage":8.0,"enemies":"Centurion and Healer","floor":29.0,"turns":4.0},{"damage":0.0,"enemies":"Chosen and Byrds","floor":31.0,"turns":5.0},{"damage":12,"enemies":"Automaton","floor":33,"turns":8},{"damage":1,"enemies":"Orb Walker","floor":35,"turns":5},{"damage":2,"enemies":"3 Darklings","floor":36,"turns":3},{"damage":22,"enemies":"Maw","floor":38,"turns":7},{"damage":7,"enemies":"Spire Growth","floor":39,"turns":6},{"damage":56,"enemies":"Giant Head","floor":44,"turns":10},{"damage":11,"enemies":"2 Orb Walkers","floor":47,"turns":4},{"damage":2,"enemies":"Jaw Worm Horde","floor":48,"turns":3},{"damage":125,"enemies":"Awakened One","floor":50,"turns":8}],"seed_played":"5408600401844288986","potions_obtained":[{"floor":1.0,"key":"Explosive Potion"},{"floor":13.0,"key":"champ:CounterPotion"},{"floor":18.0,"key":"AttackPotion"},{"floor":28.0,"key":"Fire Potion"},{"floor":31.0,"key":"FearPotion"},{"floor":33,"key":"Energy Potion"},{"floor":38,"key":"GamblersBrew"},{"floor":44,"key":"Swift Potion"}],"is_trial":false,"path_per_floor":["M","$","$","?","$","R","M","R","T","T","R","E","M","M","R","B",null,"M","$","?","M","T","E","R","?","T","M","E","M","$","M","R","B",null,"M","M","?","M","M","R","?","R","T","E","$","?","?","M","R","B"],"character_chosen":"DEFECT","items_purchased":["Defragment","Magnetism","Dramatic Entrance","Lee\u0027s Waffle","Defragment","expansioncontent:Corrupt","Torii","Boot","PowerPotion","Strength Potion","Loop"],"campfire_rested":0,"item_purchase_floors":[0,0,0,0,3,30,30,45,45,45,45],"current_hp_per_floor":[82,82,82,71,71,71,71,71,71,71,71,41,41,41,41,16,82,82,82,82,80,80,69,69,17,17,17,6,5,20,22,22,12,89,88,87,87,67,72,72,72,72,72,23,38,89,78,78,78,0,0],"gold":73,"neow_bonus":"","is_daily":false,"chose_seed":false,"campfire_upgraded":9,"win_rate":0.0,"timestamp":1610089035,"path_taken":["M","?","$","?","$","R","M","R","T","?","R","E","M","?","R","BOSS","M","$","?","?","?","E","R","?","T","M","E","M","$","M","R","BOSS","M","M","?","M","M","R","?","R","T","E","$","?","?","M","R","BOSS"],"items_purchased_type":["Card","Card","Card","Relic","Card","Card","Relic","Relic","Potion","Potion","Card"],"build_version":"2020-12-22","purchased_purges":0,"victory":false,"max_hp_per_floor":[82,82,82,82,82,82,82,82,82,82,82,82,82,82,82,82,82,82,82,82,82,82,82,82,89,89,89,89,89,89,89,89,89,89,89,89,89,89,89,89,89,89,89,89,89,89,89,89,89,89,89],"relic_stats":{"Lee\u0027s Waffle":42,"Torii":18,"counters":[4,24],"StoneCalendar":[52],"Juzu Bracelet":0,"Letter Opener":[170],"Boot":[0],"WarpedTongs":[77],"Blood Vial":23,"MealTicket":30,"Black Star":1,"obtain_stats":[{"Vajra":44,"StoneCalendar":47,"Cracked Core":0,"Ancient Tea Set":43,"Boot":45,"Meat on the Bone":44},{"Vajra":1,"StoneCalendar":2,"Cracked Core":0,"Ancient Tea Set":0,"Boot":1,"Meat on the Bone":1},{"Vajra":10,"StoneCalendar":13,"Cracked Core":0,"Ancient Tea Set":0,"Boot":10,"Meat on the Bone":10}],"Toy Ornithopter":29,"Meat on the Bone":0},"card_choices":[{"not_picked":["Hello World","Barrage"],"picked":"BootSequence","floor":1.0},{"not_picked":["Leap","Beam Cell"],"picked":"Melter","floor":7.0},{"not_picked":["Chaos","Gash"],"picked":"Electrodynamics","floor":12.0},{"not_picked":["Leap","Consume"],"picked":"Ball Lightning","floor":13.0},{"not_picked":["Coolheaded","Barrage"],"picked":"BootSequence","floor":14.0},{"not_picked":["Electrodynamics","Amplify"],"picked":"Rainbow","floor":16.0},{"not_picked":["Streamline","Beam Cell"],"picked":"Fusion","floor":18.0},{"not_picked":["Beam Cell","Stack","Fusion+1"],"picked":"SKIP","floor":21.0},{"not_picked":["Glacier","Compile Driver+1"],"picked":"Capacitor","floor":23.0},{"not_picked":["Stack","Hello World","Ball Lightning"],"picked":"SKIP","floor":27.0},{"not_picked":["Melter+1","All For One"],"picked":"Steam Power","floor":28.0},{"not_picked":["Compile Driver","Steam+1"],"picked":"Double Energy+1","floor":29.0},{"not_picked":["Doom and Gloom","Force Field"],"picked":"Genetic Algorithm+1","floor":31.0},{"not_picked":["Amplify","Fission"],"picked":"Buffer","floor":33},{"not_picked":["Leap","Static Discharge+1"],"picked":"Sweeping Beam","floor":35},{"not_picked":["Beam Cell+1","Ball Lightning"],"picked":"Doom and Gloom+1","floor":36},{"not_picked":["Steam+1","Hologram"],"picked":"Loop+1","floor":38},{"not_picked":["Double Energy","Steam","Compile Driver"],"picked":"SKIP","floor":39},{"not_picked":["Compile Driver+1","Redo"],"picked":"Defragment+1","floor":44},{"not_picked":["Fission","Sweeping Beam"],"picked":"Barrage+1","floor":48}],"player_experience":115169,"relics_obtained":[{"floor":9.0,"key":"Letter Opener"},{"floor":10.0,"key":"HornCleat"},{"floor":12.0,"key":"MealTicket"},{"floor":22.0,"key":"Blood Vial"},{"floor":23.0,"key":"Oddly Smooth Stone"},{"floor":26.0,"key":"Girya"},{"floor":28.0,"key":"Juzu Bracelet"},{"floor":43,"key":"Ancient Tea Set"},{"floor":44,"key":"Meat on the Bone"},{"floor":44,"key":"Vajra"},{"floor":47,"key":"StoneCalendar"}],"event_choices":[{"damage_healed":0.0,"max_hp_gain":0.0,"max_hp_loss":0.0,"gold_gain":0.0,"event_name":"betterThird:BetterGoop","player_choice":"Slimed","floor":4.0,"gold_loss":31.0,"damage_taken":11.0},{"damage_healed":0.0,"max_hp_gain":0.0,"max_hp_loss":0.0,"gold_gain":0.0,"event_name":"Accursed Blacksmith","player_choice":"Rummage","floor":20.0,"gold_loss":0.0,"damage_taken":0.0,"relics_obtained":["WarpedTongs"],"cards_obtained":["Pain"]},{"damage_healed":0.0,"max_hp_gain":0.0,"max_hp_loss":0.0,"gold_gain":109.0,"event_name":"betterSkull:BetterSkull","player_choice":"RE RE RE GO ","floor":25.0,"gold_loss":0.0,"damage_taken":66.0,"cards_upgraded":[],"relics_obtained":["Toy Ornithopter","Strawberry","Anchor"]},{"cards_removed":["Strike_B"],"damage_healed":0,"gold_gain":0,"player_choice":"Removed Attack","damage_taken":0,"max_hp_gain":0,"max_hp_loss":0,"event_name":"Falling","floor":37,"gold_loss":0},{"damage_healed":0,"gold_gain":3,"player_choice":"3","damage_taken":0,"max_hp_gain":0,"max_hp_loss":0,"event_name":"betterStone:BetterStone","floor":41,"gold_loss":0,"cards_obtained":["Zap"]},{"damage_healed":51,"gold_gain":0,"player_choice":"Heal","damage_taken":0,"max_hp_gain":0,"max_hp_loss":0,"event_name":"MindBloom","floor":46,"gold_loss":0,"cards_obtained":["Doubt"]},{"damage_healed":0,"gold_gain":0,"player_choice":"Fight","damage_taken":0,"max_hp_gain":0,"max_hp_loss":0,"event_name":"Mysterious Sphere","floor":47,"gold_loss":0}],"is_beta":false,"boss_relics":[{"not_picked":["Velvet Choker","Inserter"],"picked":"Runic Pyramid"},{"not_picked":["Cursed Key","Pandora\u0027s Box"],"picked":"Black Star"}],"items_purged_floors":[],"is_endless":false,"potions_floor_spawned":[1,13,18,28,31,33,38,44],"killed_by":"Awakened One","ascension_level":0}}