{"host":"qdfumeom6htv8yxl","time":1610123016,"event":{"mods":["AchievementEnabler","BaseMod","Bestiary","Block Reminder","Minty Spire (QoL Compilation)","Quick Restart","Relic Stats"],"gold_per_floor":[111,111,36,36,52,52,77,111,123,135,166,178,50,93,93,188,188,206,229,229,44,68,68,103,103,182,182,225,240,240,283,283,283,283],"floor_reached":33,"playtime":1548,"items_purged":["Injury","Strike_G"],"score":618,"play_id":"95da0bc8-14c0-4710-9883-bb26a49e5ea6","local_time":"20210108102336","is_ascension_mode":true,"campfire_choices":[{"data":"Deadly Poison","floor":6.0,"key":"SMITH"},{"floor":10.0,"key":"REST"},{"data":"Accuracy","floor":12.0,"key":"SMITH"},{"data":"Choke","floor":15.0,"key":"SMITH"},{"data":"Wraith Form v2","floor":23.0,"key":"SMITH"},{"data":"Tactician","floor":25.0,"key":"SMITH"},{"floor":27.0,"key":"REST"},{"floor":30,"key":"REST"},{"floor":32,"key":"REST"}],"circlet_count":0,"master_deck":["AscendersBane","Strike_G","Strike_G","Strike_G+1","Defend_G","Defend_G","Defend_G","Defend_G","Defend_G","Survivor","Neutralize","Deadly Poison+1","Reflex","Dagger Throw","Acrobatics","Accuracy+1","Blade Dance","Blade Dance","Eviscerate+1","Choke+1","Wraith Form v2+1","Finisher","Envenom","Tactician+1","Underhanded Strike","Underhanded Strike","Deflect","Dagger Throw"],"relics":["SlaversCollar","Golden Idol","MawBank","HornCleat","Whetstone","Runic Pyramid","Akabeko","Bottled Lightning","Bottled Tornado","Prayer Wheel","Strawberry"],"acts_visited":["TheCity"],"potions_floor_usage":[31,31],"damage_taken":[{"damage":14.0,"enemies":"Small Slimes","floor":1.0,"turns":5.0},{"damage":0.0,"enemies":"Jaw Worm","floor":5.0,"turns":5.0},{"damage":2.0,"enemies":"Cultist","floor":7.0,"turns":5.0},{"damage":20.0,"enemies":"3 Sentries","floor":8.0,"turns":12.0},{"damage":3.0,"enemies":"Looter","floor":11.0,"turns":4.0},{"damage":10.0,"enemies":"Lagavulin","floor":14.0,"turns":6.0},{"damage":12.0,"enemies":"The Guardian","floor":16.0,"turns":9.0},{"damage":6.0,"enemies":"Shell Parasite","floor":18.0,"turns":4.0},{"damage":4.0,"enemies":"3 Byrds","floor":19.0,"turns":5.0},{"damage":7.0,"enemies":"Gremlin Leader","floor":24.0,"turns":5.0},{"damage":9,"enemies":"Book of Stabbing","floor":28,"turns":4},{"damage":24,"enemies":"Snake Plant","floor":29,"turns":3},{"damage":34,"enemies":"Slavers","floor":31,"turns":3},{"damage":54,"enemies":"Collector","floor":33,"turns":5}],"seed_played":"8978200409531771136","potions_obtained":[{"floor":5.0,"key":"Ancient Potion"},{"floor":11.0,"key":"EssenceOfSteel"},{"floor":14.0,"key":"Block Potion"},{"floor":16.0,"key":"FearPotion"},{"floor":19.0,"key":"PowerPotion"},{"floor":28,"key":"Fire Potion"}],"is_trial":false,"path_per_floor":["M","?","$","?","M","R","M","E","T","R","M","R","$","E","R","B",null,"M","M","?","$","T","R","E","R","T","R","E","M","R","E","R","B"],"character_chosen":"THE_SILENT","items_purchased":["Blade Dance","Eviscerate","Tactician"],"campfire_rested":4,"item_purchase_floors":[13,13,21],"current_hp_per_floor":[45,45,45,45,45,45,43,23,23,42,39,39,39,29,29,17,54,48,44,44,44,44,44,37,37,37,56,47,23,42,15,36,0,0],"gold":283,"neow_bonus":"BOSS_RELIC","is_daily":false,"chose_seed":false,"campfire_upgraded":5,"win_rate":0.0,"timestamp":1610123016,"path_taken":["M","?","$","?","M","R","M","E","T","R","?","R","$","E","R","BOSS","M","M","?","?","?","R","E","R","T","R","E","M","R","E","R","BOSS"],"items_purchased_type":["Card","Card","Card"],"build_version":"2020-12-22","purchased_purges":2,"victory":false,"max_hp_per_floor":[66,66,66,66,66,66,66,66,66,66,66,66,66,66,66,66,66,66,66,66,66,66,66,66,66,66,66,66,66,66,73,73,73,73],"relic_stats":{"counters":[14,75],"Golden Idol":84,"Prayer Wheel":1,"Whetstone":["Strike_G","Eviscerate"],"MawBank":60,"obtain_stats":[{"SlaversCollar":0,"HornCleat":9,"Golden Idol":2,"Strawberry":31,"Prayer Wheel":28,"Whetstone":14,"Bottled Lightning":24,"Bottled Tornado":26,"MawBank":8,"Akabeko":22,"Ring of the Snake":0,"Runic Pyramid":17},{"SlaversCollar":0,"HornCleat":4,"Golden Idol":1,"Strawberry":13,"Prayer Wheel":11,"Whetstone":6,"Bottled Lightning":10,"Bottled Tornado":10,"MawBank":4,"Akabeko":9,"Ring of the Snake":0,"Runic Pyramid":7},{"SlaversCollar":0,"HornCleat":27,"Golden Idol":5,"Strawberry":70,"Prayer Wheel":64,"Whetstone":37,"Bottled Lightning":60,"Bottled Tornado":60,"MawBank":27,"Akabeko":55,"Ring of the Snake":0,"Runic Pyramid":46}]},"card_choices":[{"not_picked":["Backflip","Catalyst"],"picked":"Deadly Poison","floor":1.0},{"not_picked":["PiercingWail","Cloak And Dagger"],"picked":"Dagger Throw","floor":5.0},{"not_picked":["Predator","Poisoned Stab"],"picked":"Acrobatics","floor":7.0},{"not_picked":["Expertise","PiercingWail"],"picked":"Accuracy","floor":8.0},{"not_picked":["Heel Hook","Malaise"],"picked":"Blade Dance","floor":11.0},{"not_picked":["Die Die Die","Bane"],"picked":"Choke","floor":14.0},{"not_picked":["Night Terror","A Thousand Cuts"],"picked":"Wraith Form v2","floor":16.0},{"not_picked":["Acrobatics","Flying Knee"],"picked":"Finisher","floor":18.0},{"not_picked":["Slice","Bane"],"picked":"Envenom","floor":19.0},{"not_picked":["PiercingWail","Outmaneuver+1"],"picked":"Underhanded Strike","floor":24.0},{"not_picked":["Prepared","Deflect"],"picked":"Underhanded Strike","floor":28},{"not_picked":["Quick Slash","Wraith Form v2"],"picked":"Deflect","floor":29},{"not_picked":["Quick Slash","Flying Knee"],"picked":"Dagger Throw","floor":29},{"not_picked":["Catalyst","Well Laid Plans","Acrobatics+1"],"picked":"SKIP","floor":31}],"player_experience":1739476,"relics_obtained":[{"floor":8.0,"key":"MawBank"},{"floor":9.0,"key":"HornCleat"},{"floor":14.0,"key":"Whetstone"},{"floor":22.0,"key":"Akabeko"},{"floor":24.0,"key":"Bottled Lightning"},{"floor":26.0,"key":"Bottled Tornado"},{"floor":28,"key":"Prayer Wheel"},{"floor":31,"key":"Strawberry"}],"event_choices":[{"damage_healed":0.0,"max_hp_gain":0.0,"max_hp_loss":0.0,"gold_gain":0.0,"event_name":"Golden Idol","player_choice":"Take Wound","floor":2.0,"gold_loss":0.0,"damage_taken":0.0,"relics_obtained":["Golden Idol"],"cards_obtained":["Injury"]},{"damage_healed":0.0,"max_hp_gain":0.0,"max_hp_loss":0.0,"gold_gain":0.0,"cards_transformed":["Strike_G"],"event_name":"Transmorgrifier","player_choice":"Transformed","floor":4.0,"gold_loss":0.0,"damage_taken":0.0,"cards_obtained":["Reflex"]},{"damage_healed":0.0,"max_hp_gain":0.0,"max_hp_loss":0.0,"gold_gain":0.0,"event_name":"Match and Keep!","player_choice":"0 cards matched","floor":20.0,"gold_loss":0.0,"damage_taken":0.0,"cards_obtained":[]}],"is_beta":false,"boss_relics":[{"not_picked":["Tiny House","Velvet Choker"],"picked":"Runic Pyramid"}],"items_purged_floors":[3,21],"is_endless":false,"potions_floor_spawned":[5,11,14,16,19,28],"killed_by":"Collector","ascension_level":20}}