{"host":"z9grmtg2w0nmz8n1","time":1610080546,"event":{"mods":["Aspiration","Bard","BaseMod","Beaked The Cultist","Better Altar","Better Match","Better Note","Better Sensory Stone","Better Skull","Better Third Choice","BetterRewards","CCEM","Colored Map","Conspire","Downfall","GifTheSpireLib","Googly Eyes","Halation","Hermit","Highlight Path","Hubris","Hunter ??","Jedi Mod","Jorbs\u0027s Wanderer Trilogy","Mad Scientist","Marisa????????","Minty Spire (QoL Compilation)","Permanent Neow","Replay The Spire","Shade Mod","Shop Mod","Spicy Shops","StSLib","Stuff the Spire","The Bug Knight","The Construct","The Necromancer","The Runesmith","The Witch"],"gold_per_floor":[110,35,48,123,123,123,138,151,151,177,177,190,190,225,225,328,328,341,354,354,354,372,372,400,418,445,445,445,456,153,187,187,187,187],"floor_reached":33,"playtime":1276,"items_purged":["Strike_B","Strike_B","Strike_B"],"score":310,"play_id":"589bfee1-fdbd-4703-b4fd-f973b4aeeb1c","local_time":"20210108023546","is_ascension_mode":true,"campfire_choices":[{"floor":6,"key":"RECALL"},{"data":"Zap","floor":13,"key":"SMITH"},{"floor":15,"key":"REST"},{"floor":23,"key":"REST"},{"floor":27,"key":"REST"},{"floor":32,"key":"REST"}],"circlet_count":0,"master_deck":["Strike_B","Defend_B","Defend_B","Defend_B","Defend_B","Zap+1","Dualcast","Ball Lightning","Leap","Auto Shields","Ball Lightning","Static Discharge","StuffTheSpire:Synthwave","Barrage","Steam","Leap","jedi:blockon","hubris:Ukulele"],"relics":["Cracked Core","CCEMRelics:WhiteRose","hubris:SlimyHat","Potion Belt","Inserter","StuffTheSpire:Mouthbags","Tiny Chest","hubris:Icosahedron","conspire:Dentures"],"acts_visited":["Exordium","TheCity"],"potions_floor_usage":[10,18,19,24,25,29,31],"damage_taken":[{"damage":5,"enemies":"Small Slimes","floor":1,"turns":3},{"damage":1,"enemies":"Jaw Worm","floor":3,"turns":3},{"damage":6,"enemies":"Cultist","floor":7,"turns":3},{"damage":4,"enemies":"Exordium Thugs","floor":8,"turns":5},{"damage":17,"enemies":"3 Sentries","floor":10,"turns":7},{"damage":0,"enemies":"Looter","floor":12,"turns":3},{"damage":4,"enemies":"Replay:BlueRogue","floor":14,"turns":5},{"damage":26,"enemies":"Hexaghost","floor":16,"turns":9},{"damage":1,"enemies":"Chosen","floor":18,"turns":4},{"damage":16,"enemies":"Shell Parasite","floor":19,"turns":7},{"damage":35,"enemies":"Cultist and Chosen","floor":22,"turns":6},{"damage":30,"enemies":"Book of Stabbing","floor":24,"turns":5},{"damage":10,"enemies":"Snecko","floor":25,"turns":6},{"damage":18,"enemies":"3 Cultists","floor":29,"turns":5},{"damage":15,"enemies":"Gremlin Leader","floor":31,"turns":5},{"damage":36,"enemies":"Pondfish","floor":33,"turns":6}],"seed_played":"865570707440462554","potions_obtained":[{"floor":1,"key":"champ:CounterPotion"},{"floor":8,"key":"FearPotion"},{"floor":11,"key":"LifebloodPotion"},{"floor":11,"key":"conspire:TimeTravelPotion"},{"floor":11,"key":"Explosive Potion"},{"floor":16,"key":"LifebloodPotion"},{"floor":18,"key":"jedi:tentaclejuice"},{"floor":19,"key":"SteroidPotion"},{"floor":25,"key":"Swift Potion"}],"is_trial":false,"path_per_floor":["M","$","M","?","T","R","M","M","T","E","?","M","R","E","R","B",null,"M","M","?","?","M","R","E","M","T","R","?","M","$","E","R","B"],"character_chosen":"DEFECT","items_purchased":["hubris:Ukulele"],"campfire_rested":4,"item_purchase_floors":[30],"current_hp_per_floor":[70,70,69,58,58,58,52,48,48,31,31,31,31,27,49,23,75,74,58,58,58,23,45,33,23,23,45,45,27,27,12,34,0,0],"gold":187,"neow_bonus":"THREE_CARDS","is_daily":false,"chose_seed":false,"campfire_upgraded":1,"win_rate":0.0,"timestamp":1610080546,"path_taken":["M","$","M","?","?","R","M","M","T","E","?","M","R","E","R","BOSS","M","M","?","?","M","R","E","M","T","R","?","M","$","E","R","BOSS"],"items_purchased_type":["Card"],"build_version":"2020-12-22","purchased_purges":3,"victory":false,"max_hp_per_floor":[75,75,75,75,75,75,75,75,75,75,75,75,75,75,75,75,75,75,75,75,75,75,75,75,75,75,75,75,75,75,75,75,75,75],"card_choices":[{"not_picked":["Coolheaded","Leap"],"picked":"Ball Lightning","floor":0},{"not_picked":["Hello World","StuffTheSpire:LoadUp","Tempest"],"picked":"SKIP","floor":1},{"not_picked":["Beam Cell","Double Energy"],"picked":"Leap","floor":3},{"not_picked":["Turbo","ReplayTheSpireMod:Reroute Power"],"picked":"Steam","floor":7},{"not_picked":["Double Energy","Genetic Algorithm"],"picked":"Auto Shields","floor":8},{"not_picked":["BasicCrystalCard","BootSequence"],"picked":"Ball Lightning","floor":10},{"not_picked":["Sweeping Beam","Gash"],"picked":"Static Discharge","floor":12},{"not_picked":["Darkness","Genetic Algorithm","hubris:Prefetch"],"picked":"SKIP","floor":14},{"not_picked":["Panic Button","Redo","Coolheaded"],"picked":"SKIP","floor":18},{"not_picked":["Stack","Beam Cell"],"picked":"StuffTheSpire:Synthwave","floor":19},{"not_picked":["Hello World","Cold Snap"],"picked":"Barrage","floor":22},{"not_picked":["ReplayTheSpireMod:Repulse+1","Turbo"],"picked":"Leap","floor":24},{"not_picked":["Time Bomb","Panic Button"],"picked":"jedi:blockon","floor":25},{"not_picked":["Turbo","Coolheaded","Redo"],"picked":"SKIP","floor":29},{"not_picked":["StuffTheSpire:GlassShard","Panic Button+1","Rebound"],"picked":"SKIP","floor":31}],"player_experience":809317,"relics_obtained":[{"floor":9,"key":"CCEMRelics:WhiteRose"},{"floor":10,"key":"hubris:SlimyHat"},{"floor":14,"key":"Potion Belt"},{"floor":24,"key":"StuffTheSpire:Mouthbags"},{"floor":26,"key":"Tiny Chest"},{"floor":31,"key":"conspire:Dentures"}],"event_choices":[{"damage_healed":0,"gold_gain":75,"player_choice":"Gold","damage_taken":11,"max_hp_gain":0,"max_hp_loss":0,"event_name":"betterThird:BetterGoop","floor":4,"gold_loss":0},{"damage_healed":0,"gold_gain":0,"player_choice":"Got Potions","damage_taken":0,"max_hp_gain":0,"max_hp_loss":0,"event_name":"Lab","floor":11,"gold_loss":0},{"cards_removed":["Strike_B"],"damage_healed":0,"gold_gain":0,"player_choice":"Give","damage_taken":0,"max_hp_gain":0,"max_hp_loss":0,"event_name":"betterNote:BetterNote","floor":20,"gold_loss":0,"cards_obtained":["Strike_G"]},{"damage_healed":0,"gold_gain":0,"player_choice":"Ignored","damage_taken":0,"max_hp_gain":0,"max_hp_loss":0,"event_name":"Ghosts","floor":21,"gold_loss":0}],"is_beta":false,"boss_relics":[{"not_picked":["Pandora\u0027s Box","jedi:paperlyon"],"picked":"Inserter"}],"items_purged_floors":[2,30,30],"is_endless":false,"potions_floor_spawned":[1,8,16,18,19,25],"killed_by":"Pondfish","ascension_level":1}}