{"host":"icrrc9b69c1a6188","time":1610082285,"event":{"mods":["Act Like it!","BaseMod","Bestiary","Block Reminder","CapriCore","Colored Map","Colored Powertips","Curses Come First","Dark Map","Displayed Cursed Tome","Evolution","Faster Ascension Climbing","Friendly Minions","HexUI Lib","Minty Spire (QoL Compilation)","Quick Restart","RNG Fix","Random Character Button","Random Character Mod","Rare Cards Sparkle","Relic Filter","Relic Stats","StSLib","The Blue Laboratory","The Edgeheg","Unceasing Turn Reminder"],"gold_per_floor":[88,103,103,119,131,131,156,156,156,156,189,202,153,163,163,163,163],"floor_reached":16,"playtime":1430,"items_purged":[],"score":349,"play_id":"f6506c55-3a42-4985-9222-5b926d2b83ea","local_time":"20210107230445","is_ascension_mode":true,"campfire_choices":[{"data":"theEdgeheg:ChaosControlSkill","floor":6,"key":"SMITH"},{"data":"theEdgeheg:BetterDodge","floor":8,"key":"SMITH"},{"data":"theEdgeheg:StarterDodgeSkill","floor":15,"key":"SMITH"}],"circlet_count":0,"master_deck":["theEdgeheg:QuickKatana","theEdgeheg:QuickKatana","theEdgeheg:QuickKatana","theEdgeheg:QuickKatana","theEdgeheg:StarterDodgeSkill+1","theEdgeheg:StarterDodgeSkill+1","theEdgeheg:StarterDodgeSkill","theEdgeheg:BloodyKatana","theEdgeheg:ChaosControlSkill+1","theEdgeheg:SupersonicSpeed","theEdgeheg:DrawBlade","theEdgeheg:BadassArsenal+1","theEdgeheg:Heh","theEdgeheg:BetterDodge+1","theEdgeheg:BetterDodge","theEdgeheg:SuperDodge","theEdgeheg:MasterEmerald"],"relics":["theEdgeheg:UltimateLifeformRelic","theEdgeheg:GreenEmeraldRelic","EVO:Axolotl","Smiling Mask","Blue Candle","Strawberry"],"acts_visited":["Exordium"],"potions_floor_usage":[7,16,16,16],"damage_taken":[{"damage":0,"enemies":"Jaw Worm","floor":1,"turns":5},{"damage":0,"enemies":"Cultist","floor":2,"turns":5},{"damage":0,"enemies":"2 Louse","floor":4,"turns":3},{"damage":6,"enemies":"Gremlin Gang","floor":5,"turns":4},{"damage":0,"enemies":"3 Sentries","floor":7,"turns":18},{"damage":0,"enemies":"Gremlin Nob","floor":11,"turns":11},{"damage":0,"enemies":"3 Louse","floor":12,"turns":3},{"damage":0,"enemies":"Large Slime","floor":14,"turns":10},{"damage":5,"enemies":"Hexaghost","floor":16,"turns":9}],"seed_played":"4840604388726126654","potions_obtained":[{"floor":1,"key":"FairyPotion"},{"floor":4,"key":"blueLaboratory:FrostheartPotion"},{"floor":7,"key":"EntropicBrew"}],"is_trial":false,"path_per_floor":["M","M","?","M","M","R","E","R","T","?","E","M","?","M","R","B"],"character_chosen":"THE_DEFAULT","items_purchased":[],"campfire_rested":0,"item_purchase_floors":[],"current_hp_per_floor":[5,5,5,5,1,1,4,4,4,3,5,5,5,5,5,0,0],"gold":163,"neow_bonus":"TRANSFORM_CARD","is_daily":false,"chose_seed":false,"campfire_upgraded":3,"win_rate":0.0,"timestamp":1610082285,"path_taken":["M","M","?","M","?","R","E","R","T","?","E","?","?","M","R","BOSS"],"items_purchased_type":[],"build_version":"2020-12-22","purchased_purges":0,"victory":false,"max_hp_per_floor":[5,5,5,5,5,5,5,5,5,5,12,12,12,12,12,12,12],"relic_stats":{"counters":[9,68],"Blue Candle":[0],"Smiling Mask":0,"obtain_stats":[{"theEdgeheg:UltimateLifeformRelic":0,"theEdgeheg:GreenEmeraldRelic":0,"Blue Candle":9,"Strawberry":11,"EVO:Axolotl":0,"Smiling Mask":7},{"theEdgeheg:UltimateLifeformRelic":0,"theEdgeheg:GreenEmeraldRelic":0,"Blue Candle":5,"Strawberry":6,"EVO:Axolotl":0,"Smiling Mask":5},{"theEdgeheg:UltimateLifeformRelic":0,"theEdgeheg:GreenEmeraldRelic":0,"Blue Candle":35,"Strawberry":46,"EVO:Axolotl":0,"Smiling Mask":35}]},"card_choices":[{"not_picked":["theEdgeheg:ChaosWhip","theEdgeheg:BloodyKatana"],"picked":"theEdgeheg:DrawBlade","floor":1},{"not_picked":["theEdgeheg:SexyGirlfriend","theEdgeheg:BlackKatana"],"picked":"theEdgeheg:BadassArsenal","floor":2},{"not_picked":["theEdgeheg:CrazyGirlfriend","theEdgeheg:ChaosBlast","theEdgeheg:ChaosControlSkill"],"picked":"SKIP","floor":4},{"not_picked":["theEdgeheg:Grr","theEdgeheg:Heh","theEdgeheg:SkateboardTrick"],"picked":"SKIP","floor":5},{"not_picked":["theEdgeheg:QuickKatana","theEdgeheg:ChaosWhip"],"picked":"theEdgeheg:BetterDodge","floor":7},{"not_picked":["theEdgeheg:BlackKatana","theEdgeheg:PlayRandomCard"],"picked":"theEdgeheg:BetterDodge","floor":11},{"not_picked":["theEdgeheg:DualPistols","theEdgeheg:Grr"],"picked":"theEdgeheg:SuperDodge","floor":12},{"not_picked":["theEdgeheg:Shotgun","theEdgeheg:Butt"],"picked":"theEdgeheg:MasterEmerald","floor":14}],"player_experience":693162,"relics_obtained":[{"floor":7,"key":"Smiling Mask"},{"floor":9,"key":"Blue Candle"},{"floor":11,"key":"Strawberry"}],"event_choices":[{"damage_healed":0,"gold_gain":0,"player_choice":"1 cards matched","damage_taken":0,"max_hp_gain":0,"max_hp_loss":0,"event_name":"Match and Keep!","floor":3,"gold_loss":0,"cards_obtained":["theEdgeheg:Heh"]},{"damage_healed":0,"gold_gain":0,"player_choice":"Entered Light","damage_taken":2,"max_hp_gain":0,"max_hp_loss":0,"event_name":"Shining Light","floor":10,"gold_loss":0,"cards_upgraded":["theEdgeheg:BadassArsenal","theEdgeheg:StarterDodgeSkill"]},{"damage_healed":0,"gold_gain":0,"player_choice":"Left Gold","damage_taken":0,"max_hp_gain":0,"max_hp_loss":0,"event_name":"World of Goop","floor":13,"gold_loss":49}],"is_beta":false,"boss_relics":[],"items_purged_floors":[],"is_endless":false,"potions_floor_spawned":[1,4,7],"killed_by":"Hexaghost","ascension_level":20}}