{"host":"csp9nt53rootlkah","time":1610089263,"event":{"mods":["Act Like it!","BaseMod","Colored Powertips","Friendly Minions","Gensokyo","Highlight Path","Marisa£®ÏF”Í°°ƒß¿Ì…≥£©","Minty Spire (QoL Compilation)","Quick Restart","Replay The Spire","StSLib","TestMod","The Factory","The Jungle","UnlockEverythingMod","°æ“≈ŒÔø®≈∆°øREMEMod"],"gold_per_floor":[116,116,116,132,132,132,165,165,188,213,213,225,252,177,177,276,276,289,301,319,66,66,99,99,111,111,111,145,145,179,191,191,288,288,298,298,298],"floor_reached":38,"playtime":1709,"items_purged":["Strike_MRS","IllusionStar+1"],"score":698,"play_id":"0f4de59b-bd93-4fd9-bd43-e6ca02fc9445","local_time":"20210108150103","is_ascension_mode":true,"campfire_choices":[{"data":"testmod-TreasureHunter","floor":6.0,"key":"SMITH"},{"data":"EarthLightRay","floor":8.0,"key":"SMITH"},{"data":"MasterSpark","floor":11.0,"key":"SMITH"},{"floor":15,"key":"DIG"},{"data":"AbsoluteMagnitude","floor":24,"key":"SMITH"},{"data":"UltimateShortwave","floor":27,"key":"SMITH"},{"data":"Pain","floor":32,"key":"PURGE"}],"circlet_count":0,"master_deck":["Defend_MRS+1","Defend_MRS+1","MasterSpark+1","UpSweep","testmod-TreasureHunter+1","EnergyFlow+1","EarthLightRay+1","CollectingQuirk","EnergyFlow","UltimateShortwave+1","StarBarrage+1","MagicAbsorber+1","AbsoluteMagnitude+1","UltimateShortwave+1","ReplayTheSpireMod:Doomed","Decay","CurseOfTheBell"],"relics":["MiniHakkero","testmod-TestBox","REME_ComplimentaryCards","testmod-AssaultLearning","NeowsBlessing","Anchor","ReplayFunnel","Singing Bowl","War Paint","Pen Nib","Replay:Grab Bag","Cursed Key","Philosopher\u0027s Stone","Astrolabe","Lantern","Replay:WaspNest","Bottled Lightning","Onion Ring","Omamori","Replay:Ancient Bell","ShroomBag","Meat on the Bone","Mango"],"acts_visited":["Exordium","TheCity","TheBeyond"],"potions_floor_usage":[16,25,37,37],"damage_taken":[{"damage":0.0,"enemies":"2 Louse","floor":1.0,"turns":1.0},{"damage":0.0,"enemies":"Small Slimes","floor":4.0,"turns":1.0},{"damage":0.0,"enemies":"3 Sentries","floor":7.0,"turns":3.0},{"damage":19.0,"enemies":"Lagavulin","floor":10.0,"turns":7.0},{"damage":1.0,"enemies":"Cultist","floor":12.0,"turns":3.0},{"damage":30,"enemies":"Gremlin Nob","floor":13,"turns":4},{"damage":38,"enemies":"Fading Forest","floor":16,"turns":11},{"damage":19,"enemies":"Spheric Guardian","floor":18,"turns":4},{"damage":0,"enemies":"Chosen","floor":19,"turns":3},{"damage":0,"enemies":"Centurion and Healer","floor":20,"turns":5},{"damage":17,"enemies":"Replay:Snechameleon","floor":23,"turns":4},{"damage":0,"enemies":"Shelled Parasite and Fungi","floor":25,"turns":3},{"damage":2,"enemies":"REME_1_Revenger","floor":28,"turns":3},{"damage":9,"enemies":"Slavers","floor":30,"turns":3},{"damage":5,"enemies":"Snake Plant","floor":31,"turns":1},{"damage":44,"enemies":"Automaton","floor":33,"turns":6},{"damage":0,"enemies":"Orb Walker","floor":35,"turns":3},{"damage":17,"enemies":"Replay:Hell Engine","floor":37,"turns":6}],"seed_played":"3095526869958960318","potions_obtained":[{"floor":4.0,"key":"Elixir"},{"floor":7.0,"key":"ColorlessPotion"},{"floor":10.0,"key":"SkillPotion"},{"floor":12.0,"key":"StarNLove"},{"floor":19,"key":"BlessingOfTheForge"},{"floor":22,"key":"Flashbang"},{"floor":22,"key":"testmod-TimePotion"},{"floor":25,"key":"Adrenaline Potion"}],"is_trial":false,"path_per_floor":["M","?","?","M","?","R","E","R","T","E","R","M","E","$","R","B",null,"M","M","M","$","?","E","R","M","T","R","E","?","E","M","R","B",null,"M","?","B",null],"character_chosen":"MARISA","items_purchased":["Lantern"],"campfire_rested":0,"item_purchase_floors":[21],"current_hp_per_floor":[75,75,68,68,68,68,72,72,72,61,61,60,38,38,38,14,79,62,70,78,78,78,69,69,77,77,77,83,83,82,85,85,49,117,119,119,102],"gold":298,"neow_bonus":"THREE_ENEMY_KILL","is_daily":false,"chose_seed":false,"campfire_upgraded":5,"win_rate":0.0,"timestamp":1610089263,"path_taken":["M","?","?","M","?","R","E","R","T","E","R","M","E","$","R","BOSS","M","M","M","?","?","E","R","?","T","R","E","?","E","M","R","BOSS","M","?","BOSS"],"items_purchased_type":["Relic"],"build_version":"2020-12-22","purchased_purges":2,"victory":true,"max_hp_per_floor":[75,75,75,75,75,75,75,75,75,77,77,77,79,79,79,79,79,81,83,85,85,85,87,87,89,89,89,91,91,93,95,95,97,117,119,119,119],"card_choices":[{"not_picked":["WitchLeyline","GalacticHalo","WitchOfGreed"],"picked":"SKIP","floor":1.0},{"not_picked":["MachineGunSpark","DarkSpark"],"picked":"EarthLightRay","floor":4.0},{"not_picked":["NonDirectionalLaser","DeepEcoloBomb","ChargeUpSpray"],"picked":"SKIP","floor":7.0},{"not_picked":["PropBag","MachineGunSpark","GravityBeat"],"picked":"Singing Bowl","floor":10.0},{"not_picked":["DeepEcoloBomb","PropBag"],"picked":"EnergyFlow","floor":12.0},{"not_picked":["6A","DC","StarlightTyphoon"],"picked":"Singing Bowl","floor":13},{"not_picked":["SuperNova","ManaRampage"],"picked":"UltimateShortwave","floor":16},{"not_picked":["WitchOfGreed","SuperPerseids+1","ChargingUp"],"picked":"Singing Bowl","floor":18},{"not_picked":["FairyDestructionRay","GrandCross+1","WitchLeyline"],"picked":"Singing Bowl","floor":19},{"not_picked":["DoubleSpark","Acceleration+1","SuperNova"],"picked":"Singing Bowl","floor":20},{"not_picked":["OpenUniverse","Occultation+1","DragonMeteor"],"picked":"Singing Bowl","floor":23},{"not_picked":["DoubleSpark","Singularity","GrandCross"],"picked":"Singing Bowl","floor":25},{"not_picked":["PowerUp","FairyDestructionRay","UnstableBomb"],"picked":"Singing Bowl","floor":28},{"not_picked":["GalacticHalo","DC","WitchLeyline"],"picked":"Singing Bowl","floor":30},{"not_picked":["SatelliteIllusion","GrandCross","RefractionSpark"],"picked":"Singing Bowl","floor":31},{"not_picked":["AbsoluteMagnitude","StarDustReverie","SuperNova"],"picked":"Singing Bowl","floor":33},{"not_picked":["Replay:Sluggish","ReplayTheSpireMod:Doomed","ReplayTheSpireMod:IOU"],"picked":"Singing Bowl","floor":34},{"not_picked":["Decay","Pain","Gensokyo:AllTheWorldsEvil"],"picked":"Singing Bowl","floor":34},{"not_picked":["ReplayTheSpireMod:Restless Dread","CurseOfTheBell","Normality"],"picked":"Singing Bowl","floor":34},{"not_picked":["MagicChant","Orbital","PropBag"],"picked":"Singing Bowl","floor":35}],"player_experience":125932,"relics_obtained":[{"floor":7.0,"key":"Anchor"},{"floor":9.0,"key":"ReplayFunnel"},{"floor":10.0,"key":"Singing Bowl"},{"floor":13,"key":"War Paint"},{"floor":15,"key":"Pen Nib"},{"floor":23,"key":"Replay:WaspNest"},{"floor":26,"key":"Bottled Lightning"},{"floor":28,"key":"Onion Ring"},{"floor":30,"key":"Omamori"}],"event_choices":[{"cards_removed":["Strike_MRS"],"damage_healed":0.0,"max_hp_gain":0.0,"max_hp_loss":0.0,"gold_gain":0.0,"event_name":"Golden Wing","player_choice":"Card Removal","floor":3.0,"gold_loss":0.0,"damage_taken":7.0},{"damage_healed":0.0,"max_hp_gain":0.0,"max_hp_loss":0.0,"gold_gain":0.0,"event_name":"The Woman in Blue","player_choice":"Bought 0 Potions","floor":5.0,"gold_loss":0.0,"damage_taken":0.0},{"damage_healed":0,"gold_gain":0,"player_choice":"Got Potions","damage_taken":0,"max_hp_gain":0,"max_hp_loss":0,"event_name":"Lab","floor":22,"gold_loss":0},{"damage_healed":0,"gold_gain":0,"player_choice":"Copied","damage_taken":0,"max_hp_gain":0,"max_hp_loss":0,"event_name":"Duplicator","floor":29,"gold_loss":0,"cards_obtained":["UltimateShortwave"]},{"damage_healed":0,"gold_gain":0,"player_choice":"Took Portal","damage_taken":0,"max_hp_gain":0,"max_hp_loss":0,"event_name":"SecretPortal","floor":36,"gold_loss":0}],"is_beta":false,"boss_relics":[{"not_picked":["testmod-Nine","REME_LowDesire"],"picked":"Replay:Grab Bag"},{"not_picked":["Runic Dome","Velvet Choker"],"picked":"Cursed Key"},{"not_picked":["Busted Crown","SlaversCollar"],"picked":"Philosopher\u0027s Stone"},{"not_picked":["Snecko Eye","BewitchedHakkero"],"picked":"Astrolabe"},{"not_picked":["testmod-EnergyCheck","testmod-TimeTraveler"],"picked":"Replay:Ancient Bell"},{"not_picked":["Simple Rune","Juzu Bracelet"],"picked":"ShroomBag"},{"not_picked":["Quantum Egg","Replay:Bottled Snecko"],"picked":"Meat on the Bone"},{"not_picked":["FossilizedHelix","Peace Pipe"],"picked":"Mango"}],"items_purged_floors":[14,21],"is_endless":false,"potions_floor_spawned":[4,7,10,12,19,23,25,33,35],"ascension_level":4}}