{"host":"7sni158j623xchr2","time":1610069244,"event":{"mods":["BaseMod","Colored Map","Highlight Path","Minty Spire (QoL Compilation)","Permanent Neow","Potion Indicator Mod","Rare Cards Sparkle","Relic Sorter","Relic Stats","StSLib","everything is the same but u backflip on backflip"],"gold_per_floor":[116,131,131,148,167,195,195,226,226,226,244,275,43,61,61,136,136,152,166,2,27,27,55,65,93,93,124,124,124,124,142,142,219,219,230,246,468,69,83,113,113,130,181,71,84,84,84,84,84,84,84,84],"floor_reached":51,"playtime":1504,"items_purged":["Strike_G"],"score":1635,"play_id":"03d746f3-69f6-4c72-ade6-6570820f8450","local_time":"20210107192724","is_ascension_mode":true,"campfire_choices":[{"data":"Dash","floor":7,"key":"SMITH"},{"data":"Dash","floor":10,"key":"SMITH"},{"data":"Glass Knife","floor":15,"key":"SMITH"},{"data":"Catalyst","floor":29,"key":"SMITH"},{"data":"Catalyst","floor":32,"key":"SMITH"},{"data":"Corpse Explosion","floor":46,"key":"SMITH"},{"floor":49,"key":"RECALL"}],"circlet_count":0,"master_deck":["AscendersBane","Defend_G","Defend_G","Defend_G","Defend_G","Defend_G","Survivor","Neutralize","All Out Attack","Dash+1","Dagger Spray","Masterful Stab","Dash+1","Footwork","Deadly Poison","Glass Knife+1","Catalyst+1","Corpse Explosion+1","Blur","Deadly Poison","Catalyst+1","Deflect","Ghostly","Ghostly","Ghostly","Backstab","Blade Dance+1","Escape Plan","Terror","Escape Plan","Dodge and Roll","Adrenaline","Backflip","Secret Technique","Sadistic Nature"],"relics":["Ring of the Snake","Lantern","PreservedInsect","Strawberry","Shuriken","Lizard Tail","Snake Skull","Philosopher\u0027s Stone","Red Mask","Turnip","Juzu Bracelet","Centennial Puzzle","Meat on the Bone","Coffee Dripper","FossilizedHelix","Omamori","Blood Vial"],"acts_visited":["Exordium","TheCity","TheBeyond"],"potions_floor_usage":[6,8,8,18,21,23,33,50],"damage_taken":[{"damage":1,"enemies":"Small Slimes","floor":1,"turns":4},{"damage":0,"enemies":"Cultist","floor":2,"turns":4},{"damage":4,"enemies":"Jaw Worm","floor":4,"turns":4},{"damage":0,"enemies":"2 Fungi Beasts","floor":5,"turns":3},{"damage":15,"enemies":"3 Sentries","floor":6,"turns":5},{"damage":0,"enemies":"Lagavulin","floor":8,"turns":5},{"damage":0,"enemies":"Large Slime","floor":11,"turns":4},{"damage":6,"enemies":"Gremlin Nob","floor":12,"turns":3},{"damage":0,"enemies":"Looter","floor":14,"turns":2},{"damage":9,"enemies":"Slime Boss","floor":16,"turns":10},{"damage":31,"enemies":"Spheric Guardian","floor":18,"turns":4},{"damage":0,"enemies":"Chosen","floor":19,"turns":3},{"damage":16,"enemies":"Masked Bandits","floor":21,"turns":3},{"damage":0,"enemies":"Book of Stabbing","floor":23,"turns":4},{"damage":9,"enemies":"Snake Plant","floor":24,"turns":4},{"damage":1,"enemies":"Gremlin Leader","floor":25,"turns":5},{"damage":0,"enemies":"Slavers","floor":27,"turns":1},{"damage":6,"enemies":"Centurion and Healer","floor":31,"turns":6},{"damage":1,"enemies":"Champ","floor":33,"turns":8},{"damage":0,"enemies":"3 Darklings","floor":35,"turns":3},{"damage":0,"enemies":"3 Shapes","floor":36,"turns":5},{"damage":0,"enemies":"Transient","floor":39,"turns":6},{"damage":20,"enemies":"Giant Head","floor":40,"turns":8},{"damage":0,"enemies":"Writhing Mass","floor":42,"turns":2},{"damage":0,"enemies":"Maw","floor":45,"turns":4},{"damage":1,"enemies":"Donu and Deca","floor":50,"turns":7},{"damage":49,"enemies":"Time Eater","floor":51,"turns":5}],"seed_played":"162540090214544594","potions_obtained":[{"floor":2,"key":"PowerPotion"},{"floor":4,"key":"SteroidPotion"},{"floor":6,"key":"Explosive Potion"},{"floor":8,"key":"PowerPotion"},{"floor":16,"key":"CultistPotion"},{"floor":19,"key":"GamblersBrew"},{"floor":21,"key":"LiquidMemories"},{"floor":24,"key":"DuplicationPotion"},{"floor":33,"key":"PowerPotion"}],"is_trial":false,"path_per_floor":["M","M","?","M","M","E","R","E","T","R","M","E","$","M","R","B",null,"M","M","$","?","?","E","M","E","T","E","?","R","T","M","R","B",null,"M","M","?","$","M","E","?","M","T","?","M","R","?","?","R","B","B"],"character_chosen":"THE_SILENT","items_purchased":["Snake Skull","Catalyst","Catalyst","Adrenaline","FossilizedHelix"],"campfire_rested":0,"item_purchase_floors":[13,13,20,38,38],"current_hp_per_floor":[58,58,58,54,54,39,39,46,46,46,46,40,40,40,40,31,63,32,32,32,16,16,16,7,6,6,6,6,6,6,30,30,29,34,34,34,34,34,34,26,26,26,26,26,28,28,28,18,18,19,0,0],"gold":84,"neow_bonus":"RANDOM_COMMON_RELIC","is_daily":false,"chose_seed":false,"campfire_upgraded":6,"win_rate":0.0,"timestamp":1610069244,"path_taken":["M","M","?","?","M","E","R","E","T","R","M","E","$","?","R","BOSS","M","M","$","?","?","E","M","E","T","E","?","R","?","M","R","BOSS","M","M","?","$","M","E","?","M","T","?","M","R","?","?","R","BOSS","BOSS"],"items_purchased_type":["Relic","Card","Card","Card","Relic"],"build_version":"2020-12-22","purchased_purges":1,"victory":false,"max_hp_per_floor":[66,66,66,66,66,66,66,73,73,73,73,73,73,73,73,73,73,73,73,73,73,36,36,36,36,36,36,36,36,36,36,36,36,36,36,36,36,36,36,36,36,36,36,36,36,36,36,36,36,36,36,36],"relic_stats":{"Blood Vial":6,"Lizard Tail":18,"Centennial Puzzle":[12],"counters":[27,122],"Shuriken":[28],"PreservedInsect":343,"Snake Skull":[67],"Turnip":[15],"Juzu Bracelet":2,"obtain_stats":[{"Lantern":0,"PreservedInsect":6,"Snake Skull":13,"Juzu Bracelet":25,"Omamori":40,"Blood Vial":43,"Lizard Tail":12,"Centennial Puzzle":27,"Shuriken":9,"Strawberry":8,"Philosopher\u0027s Stone":17,"Turnip":23,"Red Mask":21,"Coffee Dripper":34,"FossilizedHelix":38,"Ring of the Snake":0,"Meat on the Bone":30},{"Lantern":0,"PreservedInsect":5,"Snake Skull":8,"Juzu Bracelet":16,"Omamori":23,"Blood Vial":24,"Lizard Tail":8,"Centennial Puzzle":17,"Shuriken":6,"Strawberry":6,"Philosopher\u0027s Stone":10,"Turnip":14,"Red Mask":13,"Coffee Dripper":19,"FossilizedHelix":21,"Ring of the Snake":0,"Meat on the Bone":17},{"Lantern":0,"PreservedInsect":20,"Snake Skull":32,"Juzu Bracelet":67,"Omamori":104,"Blood Vial":106,"Lizard Tail":32,"Centennial Puzzle":68,"Shuriken":25,"Strawberry":25,"Philosopher\u0027s Stone":44,"Turnip":58,"Red Mask":54,"Coffee Dripper":82,"FossilizedHelix":90,"Ring of the Snake":0,"Meat on the Bone":68}],"Ring of the Snake":[54],"Meat on the Bone":24},"card_choices":[{"not_picked":["Dodge and Roll","PiercingWail"],"picked":"All Out Attack","floor":1},{"not_picked":["Distraction","Expertise"],"picked":"Dash","floor":2},{"not_picked":["Blade Dance","Cloak And Dagger"],"picked":"Dagger Spray","floor":4},{"not_picked":["Poisoned Stab","Dodge and Roll"],"picked":"Masterful Stab","floor":5},{"not_picked":["Deflect","Underhanded Strike"],"picked":"Dash","floor":6},{"not_picked":["Dagger Throw","Deadly Poison"],"picked":"Footwork","floor":8},{"not_picked":["PiercingWail","Underhanded Strike"],"picked":"Deadly Poison","floor":11},{"not_picked":["Bane","Doppelganger"],"picked":"Glass Knife","floor":12},{"not_picked":["Setup","Sucker Punch","Outmaneuver"],"picked":"SKIP","floor":14},{"not_picked":["Storm of Steel","After Image"],"picked":"Corpse Explosion","floor":16},{"not_picked":["Tactician","Deflect"],"picked":"Blur","floor":18},{"not_picked":["Backflip","Bane"],"picked":"Deadly Poison","floor":19},{"not_picked":["Tools of the Trade","Expertise+1"],"picked":"Deflect","floor":21},{"not_picked":["Caltrops","Finisher","Expertise"],"picked":"SKIP","floor":23},{"not_picked":["Acrobatics","Footwork"],"picked":"Backstab","floor":24},{"not_picked":["Concentrate","Underhanded Strike+1"],"picked":"Blade Dance","floor":25},{"not_picked":["Flying Knee","Outmaneuver"],"picked":"Escape Plan","floor":27},{"not_picked":["Outmaneuver","Grand Finale"],"picked":"Dodge and Roll","floor":31},{"not_picked":["Prepared+1","Dash","Skewer+1"],"picked":"SKIP","floor":35},{"not_picked":["Bane","Expertise+1","Accuracy+1"],"picked":"SKIP","floor":36},{"not_picked":["Deflect","Poisoned Stab"],"picked":"Backflip","floor":39},{"not_picked":["Unload","Heel Hook","Outmaneuver+1"],"picked":"SKIP","floor":40},{"not_picked":["Masterful Stab+1","Heel Hook","Cloak And Dagger"],"picked":"SKIP","floor":42},{"not_picked":["Infinite Blades","Accuracy","Outmaneuver"],"picked":"SKIP","floor":45},{"not_picked":["Dramatic Entrance","PanicButton"],"picked":"Secret Technique","floor":48},{"not_picked":["Impatience","Madness"],"picked":"Sadistic Nature","floor":48}],"player_experience":1604004,"relics_obtained":[{"floor":6,"key":"PreservedInsect"},{"floor":8,"key":"Strawberry"},{"floor":9,"key":"Shuriken"},{"floor":12,"key":"Lizard Tail"},{"floor":21,"key":"Red Mask"},{"floor":23,"key":"Turnip"},{"floor":25,"key":"Juzu Bracelet"},{"floor":27,"key":"Centennial Puzzle"},{"floor":30,"key":"Meat on the Bone"},{"floor":40,"key":"Omamori"},{"floor":43,"key":"Blood Vial"}],"event_choices":[{"damage_healed":0,"gold_gain":0,"player_choice":"0 cards matched","damage_taken":0,"max_hp_gain":0,"max_hp_loss":0,"event_name":"Match and Keep!","floor":3,"gold_loss":0,"cards_obtained":[]},{"damage_healed":0,"gold_gain":0,"player_choice":"Fought Bandits","damage_taken":0,"max_hp_gain":0,"max_hp_loss":0,"event_name":"Masked Bandits","floor":21,"gold_loss":0},{"damage_healed":0,"gold_gain":0,"player_choice":"Became a Ghost","damage_taken":0,"max_hp_gain":0,"max_hp_loss":37,"event_name":"Ghosts","floor":22,"gold_loss":0,"cards_obtained":["Ghostly","Ghostly","Ghostly"]},{"damage_healed":0,"gold_gain":0,"cards_transformed":["Strike_G","Strike_G"],"player_choice":"Became Test Subject","damage_taken":0,"max_hp_gain":0,"max_hp_loss":0,"event_name":"Drug Dealer","floor":28,"gold_loss":0,"cards_obtained":["Terror","Escape Plan"]},{"damage_healed":0,"gold_gain":222,"player_choice":"Wore Mask","damage_taken":0,"max_hp_gain":0,"max_hp_loss":0,"event_name":"Tomb of Lord Red Mask","floor":37,"gold_loss":0},{"cards_removed":["Strike_G"],"damage_healed":0,"gold_gain":0,"player_choice":"Removed Attack","damage_taken":0,"max_hp_gain":0,"max_hp_loss":0,"event_name":"Falling","floor":41,"gold_loss":0},{"cards_removed":["Strike_G"],"damage_healed":0,"gold_gain":0,"player_choice":"Upgrade and Remove","damage_taken":0,"max_hp_gain":0,"max_hp_loss":0,"event_name":"Designer","floor":44,"gold_loss":110,"cards_upgraded":["Blade Dance"]},{"damage_healed":0,"gold_gain":0,"player_choice":"Got Potions","damage_taken":0,"max_hp_gain":0,"max_hp_loss":0,"event_name":"Lab","floor":47,"gold_loss":0},{"damage_healed":0,"gold_gain":0,"player_choice":"Memory 3","damage_taken":10,"max_hp_gain":0,"max_hp_loss":0,"event_name":"SensoryStone","floor":48,"gold_loss":0}],"is_beta":false,"boss_relics":[{"not_picked":["HoveringKite","Pandora\u0027s Box"],"picked":"Philosopher\u0027s Stone"},{"not_picked":["Ring of the Serpent","WristBlade"],"picked":"Coffee Dripper"}],"items_purged_floors":[20],"is_endless":false,"potions_floor_spawned":[2,4,6,8,16,19,21,24,33,35,36,40,45],"killed_by":"Time Eater","ascension_level":20}}