{"host":"v4nyfngrgywi7zc6","time":1610085457,"event":{"mods":["2.2 Compatiblity","BaseMod","Custom Start","Minty Spire (QoL Compilation)","Shade Mod","Shop Mod","StSLib","The Jungle"],"gold_per_floor":[119,48,65,65,81,81,110,110,110,110,110,127,52,69,69,168,168,186,186,206,221,235,261,276,301,338,380,71,91,103,121,121,219,219,229,229,129,147,158,158,177,177,177,205,205,225,239,7,7,7,7,7,7,40,40,40],"floor_reached":55,"playtime":5349,"items_purged":["Regret","Shade:Strike_Shade","Shade:Defend_Shade","Shade:Defend_Shade"],"score":838,"play_id":"38a8747d-ba30-4c31-9d1f-026625f585bd","local_time":"20210107235737","is_ascension_mode":false,"campfire_choices":[{"data":"Shade:CommandSoldier","floor":6,"key":"SMITH"},{"floor":10,"key":"REST"},{"floor":15,"key":"REST"},{"floor":32,"key":"REST"},{"floor":40,"key":"REST"},{"floor":42,"key":"REST"},{"floor":45,"key":"REST"},{"floor":49,"key":"RECALL"},{"data":"Shade:LichForm","floor":52,"key":"SMITH"}],"circlet_count":0,"master_deck":["Shade:Defend_Shade","Shade:Defend_Shade","Shade:AnimateDead+1","Shade:CarefulCut","Shade:OpenGraves","Shade:CommandSoldier+1","Shade:SensePrey","Shade:CommandSoldier","Shade:MadHubris","Shade:AuraOfUnlife+1","Shade:FuneraryJewels","Shade:CallOfTheGrave","Shade:OpenGraves+1","Shade:LichForm+1","Shade:SensePrey+1","Impatience"],"relics":["Shade:YorickSkull","NeowsBlessing","Dead Branch","Du-Vu Doll","Bottled Lightning","Incense Burner","Black Star","Molten Egg 2","Dream Catcher","Lantern","MawBank","StrikeDummy","Tiny Chest","Lee\u0027s Waffle","Empty Cage","The Courier","Singing Bowl","FossilizedHelix","Oddly Smooth Stone","Happy Flower","Shuriken"],"acts_visited":["Exordium","Exordium","TheBeyond","TheEnding"],"potions_floor_usage":[14,16,21,22,22,25,33,33,39,44,50,50],"damage_taken":[{"damage":0,"enemies":"Cultist","floor":1,"turns":1},{"damage":0,"enemies":"Small Slimes","floor":3,"turns":1},{"damage":0,"enemies":"Jaw Worm","floor":5,"turns":1},{"damage":39,"enemies":"3 Sentries","floor":7,"turns":9},{"damage":2,"enemies":"Exordium Wildlife","floor":12,"turns":3},{"damage":0,"enemies":"Red Slaver","floor":14,"turns":3},{"damage":0,"enemies":"Slime Boss","floor":16,"turns":10},{"damage":6,"enemies":"Shell Parasite","floor":18,"turns":4},{"damage":0,"enemies":"theJungle:MUSHROOMGANG","floor":20,"turns":4},{"damage":2,"enemies":"theJungle:2_Flameangoes","floor":21,"turns":6},{"damage":0,"enemies":"theJungle:Lyon","floor":22,"turns":4},{"damage":20,"enemies":"theJungle:MamaSnecko","floor":23,"turns":4},{"damage":0,"enemies":"theJungle:SlimyTreeVines","floor":24,"turns":5},{"damage":8,"enemies":"theJungle:Cassacara","floor":25,"turns":6},{"damage":8,"enemies":"theJungle:MamaSnecko","floor":27,"turns":7},{"damage":9,"enemies":"theJungle:2_Snecko_Cultists","floor":29,"turns":5},{"damage":6,"enemies":"theJungle:Snecko_Cultist_And_Trap","floor":30,"turns":4},{"damage":7,"enemies":"theJungle:2_Flameangoes","floor":31,"turns":5},{"damage":31,"enemies":"theJungle:TotemBoss","floor":33,"turns":9},{"damage":6,"enemies":"3 Shapes","floor":35,"turns":4},{"damage":26,"enemies":"3 Darklings","floor":38,"turns":5},{"damage":24,"enemies":"Jaw Worm Horde","floor":39,"turns":4},{"damage":0,"enemies":"Transient","floor":41,"turns":5},{"damage":28,"enemies":"Giant Head","floor":44,"turns":8},{"damage":8,"enemies":"Maw","floor":46,"turns":7},{"damage":0,"enemies":"3 Darklings","floor":47,"turns":4},{"damage":61,"enemies":"Donu and Deca","floor":50,"turns":8},{"damage":4,"enemies":"Shield and Spear","floor":54,"turns":6},{"damage":78,"enemies":"The Heart","floor":55,"turns":9}],"seed_played":"8592643826128603694","potions_obtained":[{"floor":1,"key":"Block Potion"},{"floor":3,"key":"Weak Potion"},{"floor":14,"key":"BlessingOfTheForge"},{"floor":16,"key":"Ancient Potion"},{"floor":18,"key":"Explosive Potion"},{"floor":20,"key":"Energy Potion"},{"floor":21,"key":"Explosive Potion"},{"floor":27,"key":"BlessingOfTheForge"},{"floor":30,"key":"GamblersBrew"},{"floor":33,"key":"FairyPotion"},{"floor":35,"key":"Swift Potion"},{"floor":41,"key":"AttackPotion"}],"is_trial":false,"path_per_floor":["M","$","M","?","M","R","E","?","T","R","?","M","$","M","R","B",null,"M","?","M","M","M","E","M","E","T","E","$","M","M","M","R","B",null,"M","T","$","M","M","R","M","R","T","E","R","M","M","$","R","B",null,"R","$","E","B"],"character_chosen":"SHADE","items_purchased":["Shade:OpenGraves","Lee\u0027s Waffle","DuplicationPotion","Impatience","Block Potion"],"campfire_rested":6,"item_purchase_floors":[2,28,28,48,48],"current_hp_per_floor":[65,65,65,65,65,65,26,13,13,32,25,23,23,23,42,42,65,59,59,59,57,57,37,42,34,34,26,72,63,57,50,71,40,72,66,66,66,40,16,37,37,58,58,32,54,48,50,50,50,23,78,78,78,76,0,0],"gold":40,"neow_bonus":"THREE_ENEMY_KILL","is_daily":false,"chose_seed":false,"campfire_upgraded":2,"win_rate":0.0,"timestamp":1610085457,"path_taken":["M","$","M","?","M","R","E","?","T","R","?","M","?","M","R","BOSS","M","?","M","M","M","E","M","E","T","E","$","M","M","M","R","BOSS","M","?","$","M","M","R","M","R","T","E","R","M","M","$","R","BOSS","R","$","E","BOSS"],"items_purchased_type":["Card","Relic","Potion","Card","Potion"],"build_version":"2020-12-22","purchased_purges":4,"victory":false,"max_hp_per_floor":[65,65,65,65,65,65,65,65,65,65,65,65,65,65,65,65,65,65,65,65,65,65,65,65,65,65,65,72,72,72,72,72,72,72,72,72,72,72,72,72,72,72,72,74,74,76,78,78,78,78,78,78,78,80,80,80],"card_choices":[{"not_picked":["Shade:Awaken","Shade:WallOfFlesh","Shade:SkeletonHug"],"picked":"SKIP","floor":1},{"not_picked":["Shade:FingerOfDeath","Shade:FeralStrike"],"picked":"Shade:CommandSoldier","floor":3},{"not_picked":["Shade:SpontaneousRitual","Shade:SkeletonHug","Shade:FleshToFlesh"],"picked":"SKIP","floor":5},{"not_picked":["Shade:CallWraith","Shade:SkeletonHug"],"picked":"Shade:SensePrey","floor":7},{"not_picked":["Shade:SelfBurial","Shade:Premonition","Shade:GreyBargain"],"picked":"SKIP","floor":12},{"not_picked":["Shade:Brains","Shade:SensePrey"],"picked":"Shade:CommandSoldier","floor":14},{"not_picked":["Shade:LoseControl","Shade:SoulPierce"],"picked":"Shade:MadHubris","floor":16},{"not_picked":["Shade:FingerOfDeath+1","Shade:PotionOfRestlessness","Shade:LyeBath"],"picked":"SKIP","floor":18},{"not_picked":["Shade:CommandSoldier","Shade:FleshToFlesh"],"picked":"Shade:AuraOfUnlife+1","floor":20},{"not_picked":["Shade:Frenzy","Shade:Bite_Shade+1"],"picked":"Shade:FuneraryJewels","floor":21},{"not_picked":["Shade:SpectralStrikes","Shade:ScuttlingHand+1","Shade:FeralStrike+1"],"picked":"SKIP","floor":22},{"not_picked":["Shade:GreyBargain","Shade:Patience","Shade:SkeletonHug+1"],"picked":"SKIP","floor":23},{"not_picked":["Shade:FingerOfDeath+1","Shade:Bite_Shade+1"],"picked":"Shade:CallOfTheGrave","floor":24},{"not_picked":["Shade:CloudOfShrapnel+1","Shade:Frenzy","Shade:LyeBath"],"picked":"SKIP","floor":25},{"not_picked":["Shade:Asphyxiate+1","Shade:ClawBack+1","Shade:SoulToxin"],"picked":"SKIP","floor":27},{"not_picked":["Shade:WallOfFlesh","Shade:SkeletonArmy+1","Shade:ClawBack+1"],"picked":"SKIP","floor":29},{"not_picked":["Shade:Doomsay+1","Shade:Premonition","Shade:GreyBargain+1"],"picked":"SKIP","floor":30},{"not_picked":["Shade:GreyBargain","Shade:StitchTogether+1","Shade:PotionOfRestlessness"],"picked":"SKIP","floor":31},{"not_picked":["Shade:AblativeArmor","Shade:AuraOfUnlife"],"picked":"Shade:OpenGraves+1","floor":32},{"not_picked":["Shade:UnbarTheGrave","Shade:Consume+1"],"picked":"Shade:LichForm","floor":33},{"not_picked":["Shade:SensePrey","Shade:BoneShards+1","Shade:SpontaneousRitual+1"],"picked":"SKIP","floor":35},{"not_picked":["Shade:CloudOfShrapnel+1","Shade:Frenzy+1","Shade:Premonition"],"picked":"SKIP","floor":38},{"not_picked":["Shade:Brains","Shade:SoulToxin","Shade:SkeletonArmy"],"picked":"SKIP","floor":39},{"not_picked":["Shade:Brains","Shade:CallWraith","Shade:Haruspicy+1"],"picked":"SKIP","floor":41},{"not_picked":["Shade:SkeletonHug+1","Shade:CoffinDance+1","Shade:SpectralStrikes+1"],"picked":"Singing Bowl","floor":44},{"not_picked":["Shade:Brains","Shade:WallOfFlesh+1"],"picked":"Shade:SensePrey+1","floor":45},{"not_picked":["Shade:FeralStrike+1","Shade:SoulToxin","Shade:Brains"],"picked":"Singing Bowl","floor":46},{"not_picked":["Shade:FeralStrike+1","Shade:ExtraLimbs+1","Shade:ClawBack+1"],"picked":"Singing Bowl","floor":47},{"not_picked":["Shade:Haruspicy","Shade:WallOfFlesh+1","Shade:FeralStrike+1"],"picked":"Singing Bowl","floor":54}],"player_experience":216882,"relics_obtained":[{"floor":7,"key":"Du-Vu Doll"},{"floor":9,"key":"Bottled Lightning"},{"floor":23,"key":"Molten Egg 2"},{"floor":23,"key":"Dream Catcher"},{"floor":25,"key":"Lantern"},{"floor":25,"key":"MawBank"},{"floor":27,"key":"StrikeDummy"},{"floor":27,"key":"Tiny Chest"},{"floor":36,"key":"The Courier"},{"floor":43,"key":"Singing Bowl"},{"floor":44,"key":"FossilizedHelix"},{"floor":44,"key":"Oddly Smooth Stone"},{"floor":54,"key":"Happy Flower"},{"floor":54,"key":"Shuriken"}],"event_choices":[{"damage_healed":0,"gold_gain":0,"player_choice":"Box","damage_taken":0,"relics_obtained":["Dead Branch"],"max_hp_gain":0,"max_hp_loss":0,"event_name":"Big Fish","floor":4,"gold_loss":0,"cards_obtained":["Regret"]},{"damage_healed":0,"gold_gain":0,"player_choice":"Entered Light","damage_taken":13,"max_hp_gain":0,"max_hp_loss":0,"event_name":"Shining Light","floor":8,"gold_loss":0,"cards_upgraded":["Shade:Strike_Shade","Shade:AnimateDead"]},{"damage_healed":0,"gold_gain":0,"player_choice":"Success","damage_taken":7,"relics_obtained":["Incense Burner"],"max_hp_gain":0,"max_hp_loss":0,"event_name":"Scrap Ooze","floor":11,"gold_loss":0},{"cards_removed":["Shade:Strike_Shade"],"damage_healed":0,"gold_gain":0,"player_choice":"Offered Basic","damage_taken":0,"max_hp_gain":0,"max_hp_loss":0,"event_name":"Bonfire Elementals","floor":19,"gold_loss":0}],"is_beta":false,"boss_relics":[{"not_picked":["Ectoplasm","Velvet Choker"],"picked":"Black Star"},{"not_picked":["Tiny House","Runic Dome"],"picked":"Empty Cage"}],"items_purged_floors":[13,28,37,48],"is_endless":false,"potions_floor_spawned":[1,3,14,16,18,20,21,27,30,33,35,41],"killed_by":"The Heart","ascension_level":0}}