{"host":"65a95dzim48ko8ke","time":1610105170,"event":{"mods":["BaseMod","Colored Powertips","Hermit","Minty Spire (QoL Compilation)","Permanent Neow","Quick Restart","Rare Cards Sparkle","Replay The Spire","StSLib"],"gold_per_floor":[115,131,147,147,227,227,257,257,281,293,293,323,340,340,340,443,443,480,516,526,542,557,582,623,623,650,661,661,719,262,291,291,393,393,409,409,42,42,42,71,83,114,172,198,210,257,269,281,293,305],"floor_reached":51,"playtime":4300,"items_purged":["Regret","Parasite"],"score":970,"play_id":"e531ed5c-0add-469f-a1be-9b715807ac79","local_time":"20210108202610","is_ascension_mode":true,"campfire_choices":[{"data":"Go for the Eyes","floor":6,"key":"SMITH"},{"data":"hermit:Dive","floor":8,"key":"SMITH"},{"data":"hermit:Snapshot","floor":11,"key":"SMITH"},{"data":"Footwork","floor":15,"key":"SMITH"},{"floor":25,"key":"REST"},{"floor":28,"key":"REST"},{"data":"Wish","floor":32,"key":"SMITH"},{"data":"Apotheosis","floor":41,"key":"SMITH"},{"data":"hermit:Determination","floor":45,"key":"SMITH"},{"data":"Creative AI","floor":47,"key":"SMITH"},{"data":"Chrysalis","floor":49,"key":"SMITH"}],"circlet_count":0,"master_deck":["hermit:Strike_Hermit","hermit:Strike_Hermit","hermit:Strike_Hermit","hermit:Defend_Hermit","hermit:Defend_Hermit","hermit:Defend_Hermit","hermit:Snapshot+1","hermit:Covet","hermit:Dive+1","hermit:Enervate","hermit:Enervate","Ball Lightning","Go for the Eyes+1","Ball Lightning","Footwork+1","hermit:TakeAim","Wish+1","hermit:Quickdraw+1","ReachHeaven","hermit:Grudge","Cleave+1","ReplayTheSpireMod:Stacked+1","hermit:Dive+1","Hello World+1","Footwork","hermit:Determination+1","Purity","Predator+1","Seek","Dash","Apotheosis+1","hermit:GhostlyPresence","Reprogram+1","Backflip","Creative AI+1","Flash of Steel","Chrysalis+1","Discovery"],"relics":["hermit:Momento","Orichalcum","PrismaticShard","Replay:Wax Seal","Eternal Feather","Simple Rune","Anchor","Painkiller Herb","Kunai","Omamori","Pantograph","ReplayTheSpireMod:Ninjato","FossilizedHelix","Replay:Grab Bag","Philosopher\u0027s Stone","Cursed Key","Calling Bell","Gremlin Food","Replay:Bottled Steam","MawBank","BranchBurnRelic","Pet Ghost"],"acts_visited":["Exordium","TheCity","TheBeyond"],"potions_floor_usage":[12,16,18,22,23,29,40,50,50,50],"damage_taken":[{"damage":0,"enemies":"Cultist","floor":1,"turns":4},{"damage":0,"enemies":"Small Slimes","floor":2,"turns":4},{"damage":0,"enemies":"2 Louse","floor":3,"turns":2},{"damage":17,"enemies":"Gremlin Nob","floor":7,"turns":4},{"damage":11,"enemies":"Red Slaver","floor":10,"turns":4},{"damage":0,"enemies":"3 Sentries","floor":12,"turns":5},{"damage":0,"enemies":"3 Louse","floor":13,"turns":3},{"damage":27,"enemies":"Fading Forest","floor":16,"turns":11},{"damage":5,"enemies":"2 Thieves","floor":18,"turns":5},{"damage":8,"enemies":"Spheric Guardian","floor":19,"turns":4},{"damage":7,"enemies":"Cultist and Chosen","floor":20,"turns":5},{"damage":6,"enemies":"3 Cultists","floor":21,"turns":5},{"damage":5,"enemies":"Centurion and Healer","floor":22,"turns":6},{"damage":37,"enemies":"Book of Stabbing","floor":23,"turns":6},{"damage":5,"enemies":"Shelled Parasite and Fungi","floor":24,"turns":5},{"damage":16,"enemies":"Snake Plant","floor":27,"turns":5},{"damage":3,"enemies":"Slavers","floor":29,"turns":6},{"damage":0,"enemies":"Replay:Snechameleon","floor":31,"turns":6},{"damage":33,"enemies":"Collector","floor":33,"turns":13},{"damage":0,"enemies":"3 Darklings","floor":35,"turns":7},{"damage":0,"enemies":"Nemesis","floor":40,"turns":7},{"damage":0,"enemies":"Orb Walker","floor":42,"turns":4},{"damage":6,"enemies":"Transient","floor":44,"turns":5},{"damage":19,"enemies":"Reptomancer","floor":46,"turns":7},{"damage":11,"enemies":"Time Eater","floor":50,"turns":15}],"seed_played":"-8857253780674587678","potions_obtained":[{"floor":3,"key":"Explosive Potion"},{"floor":7,"key":"DistilledChaos"},{"floor":13,"key":"Block Potion"},{"floor":16,"key":"Strength Potion"},{"floor":18,"key":"Fire Potion"},{"floor":22,"key":"Ancient Potion"},{"floor":24,"key":"BlessingOfTheForge"},{"floor":27,"key":"LifebloodPotion"},{"floor":33,"key":"Swift Potion"},{"floor":46,"key":"hermit:Tonic"}],"is_trial":false,"path_per_floor":["M","M","M","?","?","R","E","R","T","M","R","E","M","?","R","B",null,"?","?","?","?","?","E","?","T","T","?","T","E","T","E","T","B",null,"?","?","T","?","T","E","T","?","T","?","T","E","T","?","T","B",null],"character_chosen":"HERMIT","items_purchased":["hermit:Determination","ReplayTheSpireMod:Ninjato","Purity","Apotheosis","hermit:GhostlyPresence"],"campfire_rested":2,"item_purchase_floors":[30,30,30,37,37],"current_hp_per_floor":[75,75,75,75,45,45,28,37,37,26,35,35,35,35,44,31,75,70,62,55,49,44,7,2,39,39,23,60,57,57,57,75,42,75,75,75,72,72,72,72,72,72,72,66,72,53,72,62,72,62],"gold":317,"neow_bonus":"RANDOM_EVENT","is_daily":false,"chose_seed":false,"campfire_upgraded":9,"win_rate":0.0,"timestamp":1610105170,"path_taken":["M","M","?","?","?","R","E","R","T","?","R","E","M","?","R","BOSS","?","?","?","?","?","E","?","T","T","?","T","E","T","E","T","BOSS","?","?","T","?","?","E","T","?","T","?","T","E","T","?","T","BOSS"],"items_purchased_type":["Card","Relic","Card","Card","Card"],"build_version":"2020-12-22","purchased_purges":2,"victory":true,"max_hp_per_floor":[75,75,75,75,75,75,75,75,75,75,75,75,75,75,75,75,75,75,75,75,75,75,75,75,75,75,75,75,75,75,75,75,75,75,75,75,72,72,72,72,72,72,72,72,72,72,72,72,72,72],"card_choices":[{"not_picked":["hermit:BodyArmor","hermit:DeadMansHand"],"picked":"hermit:Dive","floor":1},{"not_picked":["hermit:Vantage","hermit:BodyArmor"],"picked":"hermit:Enervate","floor":2},{"not_picked":["hermit:BigShot","hermit:FullyLoaded"],"picked":"hermit:Enervate","floor":3},{"not_picked":["Pommel Strike","Tactician"],"picked":"Ball Lightning","floor":5},{"not_picked":["Specialist","Poisoned Stab"],"picked":"Go for the Eyes","floor":5},{"not_picked":["Massacre","hermit:BigShot","Heavy Blade"],"picked":"SKIP","floor":7},{"not_picked":["Undo","Metamorphosis"],"picked":"Ball Lightning","floor":10},{"not_picked":["Swivel","hermit:GhostlyPresence"],"picked":"Footwork","floor":12},{"not_picked":["Pommel Strike","Warcry","Blizzard"],"picked":"SKIP","floor":13},{"not_picked":["The Bomb","Thunder Strike"],"picked":"Wish","floor":16},{"not_picked":["Specialist","ReplayTheSpireMod:Scrap Shanks+1"],"picked":"hermit:Quickdraw+1","floor":18},{"not_picked":["Streamline+1","ClearTheMind"],"picked":"ReachHeaven","floor":19},{"not_picked":["hermit:Vantage","Pummel"],"picked":"hermit:Grudge","floor":20},{"not_picked":["Sword Boomerang+1","InnerPeace","Bane"],"picked":"SKIP","floor":21},{"not_picked":["Madness","Thunderclap"],"picked":"Cleave+1","floor":22},{"not_picked":["Deflect","Doppelganger"],"picked":"ReplayTheSpireMod:Stacked+1","floor":23},{"not_picked":["hermit:Manifest","PiercingWail"],"picked":"hermit:Dive+1","floor":24},{"not_picked":["Redo","hermit:Feint"],"picked":"Hello World+1","floor":27},{"not_picked":["Flechettes","Evaluate"],"picked":"Footwork","floor":29},{"not_picked":["Compile Driver","Brutality"],"picked":"Predator+1","floor":31},{"not_picked":["Mayhem","Phantasmal Killer"],"picked":"Seek","floor":33},{"not_picked":["FearNoEvil+1","Accuracy+1"],"picked":"Dash","floor":35},{"not_picked":["Finesse+1","Barrage+1"],"picked":"Reprogram+1","floor":40},{"not_picked":["hermit:Feint","Blade Dance","ClearTheMind+1"],"picked":"SKIP","floor":42},{"not_picked":["hermit:LowProfile+1","Infinite Blades+1"],"picked":"Backflip","floor":44},{"not_picked":["hermit:Quickdraw","Madness+1"],"picked":"Creative AI","floor":46},{"not_picked":["Impatience","Swift Strike"],"picked":"Flash of Steel","floor":48},{"not_picked":["Bandage Up","ReplayTheSpireMod:Uncanny Aura"],"picked":"Chrysalis","floor":48},{"not_picked":["Dramatic Entrance","Mind Blast"],"picked":"Discovery","floor":48}],"player_experience":297954,"relics_obtained":[{"floor":5,"key":"Replay:Wax Seal"},{"floor":7,"key":"Eternal Feather"},{"floor":9,"key":"Simple Rune"},{"floor":12,"key":"Anchor"},{"floor":23,"key":"Kunai"},{"floor":26,"key":"Omamori"},{"floor":29,"key":"Pantograph"},{"floor":31,"key":"FossilizedHelix"},{"floor":34,"key":"Gremlin Food"},{"floor":34,"key":"Dead Branch"},{"floor":34,"key":"Replay:Bottled Steam"},{"floor":40,"key":"MawBank"},{"floor":46,"key":"Pet Ghost"}],"event_choices":[{"damage_healed":0,"gold_gain":0,"player_choice":"Box","damage_taken":0,"relics_obtained":["Orichalcum"],"max_hp_gain":0,"max_hp_loss":0,"event_name":"Big Fish","floor":0,"gold_loss":0,"cards_obtained":["Regret"]},{"damage_healed":0,"gold_gain":0,"cards_transformed":["hermit:Strike_Hermit"],"player_choice":"Transformed","damage_taken":0,"max_hp_gain":0,"max_hp_loss":0,"event_name":"Transmorgrifier","floor":14,"gold_loss":0,"cards_obtained":["hermit:TakeAim"]},{"damage_healed":0,"gold_gain":0,"player_choice":"Ignored","damage_taken":0,"max_hp_gain":0,"max_hp_loss":0,"event_name":"Tomb of Lord Red Mask","floor":36,"gold_loss":0},{"cards_removed":["hermit:Defend_Hermit"],"damage_healed":0,"gold_gain":0,"player_choice":"Removed Skill","damage_taken":0,"max_hp_gain":0,"max_hp_loss":0,"event_name":"Falling","floor":38,"gold_loss":0},{"damage_healed":0,"gold_gain":0,"player_choice":"Memory 3","damage_taken":10,"max_hp_gain":0,"max_hp_loss":0,"event_name":"SensoryStone","floor":48,"gold_loss":0}],"is_beta":false,"boss_relics":[{"not_picked":["Ring of Chaos","SlaversCollar"],"picked":"Painkiller Herb"},{"not_picked":["Replay:Bronze Core","Coffee Dripper"],"picked":"Replay:Grab Bag"},{"not_picked":["ReplayTheSpireMod:DimensionalGlitch","Abe\u0027s Treasure"],"picked":"Philosopher\u0027s Stone"},{"not_picked":["Runic Dome","ChewingGum"],"picked":"Cursed Key"},{"not_picked":["Snecko Eye","Astrolabe"],"picked":"Calling Bell"}],"items_purged_floors":[30,37],"is_endless":false,"potions_floor_spawned":[3,7,13,16,18,22,24,27,33,46],"ascension_level":3}}