{"host":"vumwfieg2b2mnrfl","time":1610141150,"event":{"mods":["AchievementEnabler","BaseMod","Minty Spire (QoL Compilation)","Rare Cards Sparkle","Relic Stats"],"gold_per_floor":[118,43,53,53,128,155,155,170,170,180,215,231,231,260,260,334,334,350,350,350,275,287,287,317,327,372,390,390,419,419,469,469,548,548,562,242,242,242,262,262,262],"floor_reached":40,"playtime":1275,"items_purged":["Writhe","Intimidate"],"score":841,"play_id":"55157077-343a-4fdf-9170-5d9fde1f101d","local_time":"20210108152550","is_ascension_mode":true,"campfire_choices":[{"data":"Bash","floor":7.0,"key":"SMITH"},{"data":"Clothesline","floor":15.0,"key":"SMITH"},{"data":"Metallicize","floor":23.0,"key":"SMITH"},{"floor":28.0,"key":"REST"},{"floor":30.0,"key":"REST"},{"floor":32.0,"key":"REST"}],"circlet_count":0,"master_deck":["AscendersBane","Strike_R","Strike_R","Strike_R","Defend_R","Defend_R","Defend_R","Bash+1","Heavy Blade","Shrug It Off","Anger","Clothesline+1","Shrug It Off","Demon Form","Warcry+1","Metallicize+1","Shrug It Off","Pommel Strike","Impervious","Feed","Battle Trance","Flame Barrier+1"],"relics":["Black Blood","NeowsBlessing","Lizard Tail","TungstenRod","Self Forming Clay","Gremlin Horn","Sozu","Bag of Marbles","StrikeDummy","Smiling Mask","Potion Belt","Peace Pipe","HornCleat"],"acts_visited":["Exordium","TheCity","TheBeyond"],"potions_floor_usage":[],"damage_taken":[{"damage":0.0,"enemies":"Jaw Worm","floor":1.0,"turns":1.0},{"damage":0.0,"enemies":"Small Slimes","floor":3.0,"turns":2.0},{"damage":0.0,"enemies":"Gremlin Nob","floor":6.0,"turns":1.0},{"damage":0.0,"enemies":"2 Louse","floor":8.0,"turns":3.0},{"damage":13.0,"enemies":"Red Slaver","floor":10.0,"turns":4.0},{"damage":20.0,"enemies":"Lagavulin","floor":11.0,"turns":6.0},{"damage":5.0,"enemies":"Looter","floor":12.0,"turns":3.0},{"damage":15.0,"enemies":"Gremlin Nob","floor":14.0,"turns":3.0},{"damage":40.0,"enemies":"Slime Boss","floor":16.0,"turns":14.0},{"damage":24.0,"enemies":"Shell Parasite","floor":18.0,"turns":7.0},{"damage":15.0,"enemies":"2 Thieves","floor":22.0,"turns":5.0},{"damage":19.0,"enemies":"Gremlin Leader","floor":24.0,"turns":5.0},{"damage":10.0,"enemies":"Snake Plant","floor":25.0,"turns":5.0},{"damage":11.0,"enemies":"Chosen and Byrds","floor":27.0,"turns":6.0},{"damage":36.0,"enemies":"Slavers","floor":29.0,"turns":6.0},{"damage":64.0,"enemies":"Collector","floor":33.0,"turns":9.0},{"damage":13.0,"enemies":"Orb Walker","floor":35.0,"turns":5.0},{"damage":22,"enemies":"3 Shapes","floor":39,"turns":5},{"damage":76,"enemies":"Giant Head","floor":40,"turns":9}],"seed_played":"-3780020964516836438","potions_obtained":[{"floor":6.0,"key":"Fruit Juice"},{"floor":8.0,"key":"GamblersBrew"},{"floor":11.0,"key":"ColorlessPotion"},{"floor":12.0,"key":"Explosive Potion"},{"floor":16.0,"key":"Explosive Potion"}],"is_trial":false,"path_per_floor":["M","?","M","?","?","E","R","M","T","M","E","M","?","E","R","B",null,"M","T","?","$","M","R","E","M","T","M","R","E","R","?","R","B",null,"M","$","?","?","M","E"],"character_chosen":"IRONCLAD","items_purchased":["HornCleat"],"campfire_rested":3,"item_purchase_floors":[36],"current_hp_per_floor":[74,74,75,75,64,75,75,80,80,73,59,60,60,51,51,17,64,46,46,46,46,37,37,24,20,20,15,39,9,33,33,57,46,72,74,74,74,74,67,0,0],"gold":262,"neow_bonus":"THREE_ENEMY_KILL","is_daily":false,"chose_seed":false,"campfire_upgraded":3,"win_rate":0.0,"timestamp":1610141150,"path_taken":["M","?","M","?","?","E","R","M","T","M","E","M","?","E","R","BOSS","M","?","?","$","M","R","E","M","T","M","R","E","R","?","R","BOSS","M","$","?","?","M","E"],"items_purchased_type":["Relic"],"build_version":"2020-12-22","purchased_purges":2,"victory":false,"max_hp_per_floor":[75,75,75,75,75,80,80,80,80,80,80,80,80,80,80,80,80,80,80,80,80,80,80,80,80,80,80,80,80,80,80,80,80,80,83,83,83,83,86,86,86],"relic_stats":{"Sozu":4,"Peace Pipe":0,"Lizard Tail":40,"Gremlin Horn":[14,14],"counters":[19,99],"Self Forming Clay":[114],"Black Blood":114,"Smiling Mask":50,"obtain_stats":[{"Potion Belt":26,"NeowsBlessing":0,"Gremlin Horn":14,"Self Forming Clay":11,"Black Blood":34,"Smiling Mask":24,"Burning Blood":0,"Sozu":17,"Peace Pipe":29,"Lizard Tail":6,"HornCleat":36,"Bag of Marbles":19,"StrikeDummy":20,"TungstenRod":9},{"Potion Belt":13,"NeowsBlessing":0,"Gremlin Horn":8,"Self Forming Clay":6,"Black Blood":16,"Smiling Mask":12,"Burning Blood":0,"Sozu":9,"Peace Pipe":15,"Lizard Tail":3,"HornCleat":17,"Bag of Marbles":10,"StrikeDummy":10,"TungstenRod":4},{"Potion Belt":59,"NeowsBlessing":0,"Gremlin Horn":23,"Self Forming Clay":17,"Black Blood":80,"Smiling Mask":54,"Burning Blood":0,"Sozu":37,"Peace Pipe":71,"Lizard Tail":4,"HornCleat":85,"Bag of Marbles":44,"StrikeDummy":44,"TungstenRod":7}],"TungstenRod":44},"card_choices":[{"not_picked":["Combust","Twin Strike"],"picked":"Heavy Blade","floor":1.0},{"not_picked":["Intimidate","Sentinel","Body Slam"],"picked":"SKIP","floor":3.0},{"not_picked":["Feel No Pain","Cleave"],"picked":"Shrug It Off","floor":6.0},{"not_picked":["Warcry","Twin Strike"],"picked":"Anger","floor":8.0},{"not_picked":["Pommel Strike","Thunderclap"],"picked":"Clothesline","floor":10.0},{"not_picked":["Pommel Strike","Sever Soul","Flex"],"picked":"SKIP","floor":11.0},{"not_picked":["Warcry","Twin Strike","Brutality"],"picked":"SKIP","floor":12.0},{"not_picked":["Anger","Iron Wave"],"picked":"Shrug It Off","floor":14.0},{"not_picked":["Feed","Barricade"],"picked":"Demon Form","floor":16.0},{"not_picked":["True Grit","Disarm"],"picked":"Warcry+1","floor":18.0},{"not_picked":["Perfected Strike","Flex"],"picked":"Metallicize","floor":22.0},{"not_picked":["Intimidate","Burning Pact"],"picked":"Shrug It Off","floor":24.0},{"not_picked":["Havoc","Dark Embrace+1"],"picked":"Pommel Strike","floor":25.0},{"not_picked":["Twin Strike","Flex","Shrug It Off"],"picked":"SKIP","floor":27.0},{"not_picked":["Anger","Perfected Strike"],"picked":"Impervious","floor":29.0},{"not_picked":["Bludgeon","Fiend Fire"],"picked":"Feed","floor":33.0},{"not_picked":["Clothesline","Shrug It Off"],"picked":"Battle Trance","floor":35.0},{"not_picked":["Perfected Strike+1","Sword Boomerang"],"picked":"Flame Barrier+1","floor":39}],"player_experience":389336,"relics_obtained":[{"floor":6.0,"key":"Lizard Tail"},{"floor":9.0,"key":"TungstenRod"},{"floor":11.0,"key":"Self Forming Clay"},{"floor":14.0,"key":"Gremlin Horn"},{"floor":19.0,"key":"Bag of Marbles"},{"floor":24.0,"key":"Smiling Mask"},{"floor":26.0,"key":"Potion Belt"},{"floor":29.0,"key":"Peace Pipe"}],"event_choices":[{"cards_removed":["Strike_R"],"damage_healed":0.0,"max_hp_gain":0.0,"max_hp_loss":0.0,"gold_gain":0.0,"event_name":"The Cleric","player_choice":"Card Removal","floor":2.0,"gold_loss":75.0,"damage_taken":0.0},{"damage_healed":0.0,"max_hp_gain":0.0,"max_hp_loss":0.0,"gold_gain":0.0,"cards_transformed":["Strike_R"],"event_name":"Living Wall","player_choice":"Change","floor":4.0,"gold_loss":0.0,"damage_taken":0.0,"cards_obtained":["Intimidate"]},{"damage_healed":0.0,"max_hp_gain":0.0,"max_hp_loss":0.0,"gold_gain":75.0,"event_name":"World of Goop","player_choice":"Gather Gold","floor":5.0,"gold_loss":0.0,"damage_taken":11.0},{"cards_removed":["Defend_R"],"damage_healed":0.0,"max_hp_gain":0.0,"max_hp_loss":0.0,"gold_gain":0.0,"event_name":"Purifier","player_choice":"Purged","floor":13.0,"gold_loss":0.0,"damage_taken":0.0},{"damage_healed":0.0,"max_hp_gain":0.0,"max_hp_loss":0.0,"gold_gain":0.0,"event_name":"The Mausoleum","player_choice":"Opened","floor":20.0,"gold_loss":0.0,"damage_taken":0.0,"relics_obtained":["StrikeDummy"],"cards_obtained":["Writhe"]},{"damage_healed":0.0,"max_hp_gain":0.0,"max_hp_loss":0.0,"gold_gain":50.0,"event_name":"Nest","player_choice":"Stole From Cult","floor":31.0,"gold_loss":0.0,"damage_taken":0.0},{"damage_healed":0.0,"max_hp_gain":0.0,"max_hp_loss":0.0,"gold_gain":0.0,"event_name":"Tomb of Lord Red Mask","player_choice":"Ignored","floor":37.0,"gold_loss":0.0,"damage_taken":0.0},{"damage_healed":0,"gold_gain":0,"player_choice":"Ignored","damage_taken":0,"max_hp_gain":0,"max_hp_loss":0,"event_name":"Mysterious Sphere","floor":38,"gold_loss":0}],"is_beta":false,"boss_relics":[{"not_picked":["Fusion Hammer","Runic Cube"],"picked":"Sozu"},{"not_picked":["Philosopher\u0027s Stone","Black Star"],"picked":"Black Blood"}],"items_purged_floors":[21,36],"is_endless":false,"potions_floor_spawned":[6,8,11,12,16,22,24,29,35],"killed_by":"Giant Head","ascension_level":16}}