{"host":"jr9f8lmgw9kaplsw","time":1610072510,"event":{"mods":["AchievementEnabler","BaseMod","BetterRewards","Colored Map","Hubris","Minty Spire (QoL Compilation)","Replay The Spire","Shop Mod","StSLib","The Cursed"],"gold_per_floor":[114,114,129,144,319,349,99,129,129,129,144,159,159,174,237,337,337,337,337],"floor_reached":18,"playtime":1548,"items_purged":[],"score":247,"play_id":"7b31f089-d7d8-4c52-af36-180e880c45f1","local_time":"20210107212150","daily_mods":["Shiny","Colorless Cards","Night Terrors"],"is_ascension_mode":false,"campfire_choices":[{"data":"hubris:DuctTapeCard","floor":10.0,"key":"SMITH"}],"circlet_count":0,"master_deck":["Double Tap","Fiend Fire","Eclipse","Berserk","Impervious","Juggernaut","Brutality","Demonic Infusion","Exhume","Bludgeon","Feed","Replay:Many Hands","Limit Break","Corruption","Barricade","Hemogenesis","hubris:StunningStrike","Reaper","Immolate","Thinking Ahead","Metamorphosis","Master of Strategy","Magnetism","Chrysalis","Mayhem","Secret Weapon","Midas Touch","ReplayTheSpireMod:Brewmster","Poisoned Strike","Sadistic Nature","ReplayUltimateDefense","Transmutation","HandOfGreed","ReplayTheSpireMod:Necrogeddon","Apotheosis","Panache","Violence","Secret Technique","The Bomb","Crow Ritual","hubris:EnhanceAbility","Doubt","Jack Of All Trades","Immolate","TheCursedMod:Dregs","Doubt","Shame","hubris:DuctTapeCard"],"relics":["Burning Blood","hubris:Towel","PreservedInsect","Onion Ring","hubris:DuctTape","Mercury Hourglass","Ring of Peace","Replay:Ancient Bell","Bag of Marbles","Golden Egg","Pondfish Scales"],"acts_visited":["Exordium","TheCity"],"potions_floor_usage":[],"damage_taken":[{"damage":6.0,"enemies":"Small Slimes","floor":1.0,"turns":1.0},{"damage":17.0,"enemies":"Jaw Worm","floor":3.0,"turns":3.0},{"damage":6.0,"enemies":"2 Louse","floor":4.0,"turns":3.0},{"damage":15.0,"enemies":"Replay:BlueRogue","floor":6.0,"turns":4.0},{"damage":14.0,"enemies":"Gremlin Nob","floor":8.0,"turns":3.0},{"damage":24.0,"enemies":"Exordium Wildlife","floor":11.0,"turns":2.0},{"damage":0.0,"enemies":"3 Louse","floor":12.0,"turns":2.0},{"damage":3.0,"enemies":"Gremlin Gang","floor":14.0,"turns":4.0},{"damage":33.0,"enemies":"The Guardian","floor":16.0,"turns":7.0},{"damage":0,"enemies":"Shell Parasite","floor":18,"turns":1}],"seed_played":"-8136925521176778862","potions_obtained":[{"floor":6.0,"key":"FairyPotion"},{"floor":8.0,"key":"Languid Potion"},{"floor":11.0,"key":"PowerPotion"}],"is_trial":false,"path_per_floor":["M","?","M","M","?","E","$","E","T","R","M","M","?","M","R_BF","B",null,"M"],"character_chosen":"IRONCLAD","items_purchased":["Onion Ring"],"campfire_rested":0,"item_purchase_floors":[7],"current_hp_per_floor":[83,83,76,85,85,90,90,82,82,82,64,91,91,96,96,69,96,96,96],"gold":337,"neow_bonus":"","is_daily":true,"chose_seed":false,"campfire_upgraded":1,"win_rate":0.0,"timestamp":1610072510,"path_taken":["M","?","M","M","?","E","$","E","T","R","M","M","?","M","R_BF","BOSS","M"],"items_purchased_type":["Relic"],"build_version":"2020-12-22","purchased_purges":0,"victory":false,"max_hp_per_floor":[83,83,87,87,87,90,90,90,90,90,90,93,93,96,96,96,96,96,96],"card_choices":[{"not_picked":["Wild Strike","Iron Wave","Clothesline"],"picked":"SKIP","floor":1.0},{"not_picked":["Pummel","Replay:Undeath\u0027s Touch","Pommel Strike"],"picked":"SKIP","floor":3.0},{"not_picked":["Perfected Strike","Barricade","Thunderclap"],"picked":"SKIP","floor":4.0},{"not_picked":["Pommel Strike","hubris:CleavingFinish"],"picked":"Jack Of All Trades","floor":6.0},{"not_picked":["Body Slam","Clash","Impatience"],"picked":"SKIP","floor":8.0},{"not_picked":["hubris:Insight","Anger","Seeing Red"],"picked":"SKIP","floor":11.0},{"not_picked":["Clothesline","Clash","Run Through"],"picked":"SKIP","floor":12.0},{"not_picked":["Combust","Clothesline","Replay:Undeath\u0027s Touch"],"picked":"SKIP","floor":14.0},{"not_picked":["The Bomb","Violence"],"picked":"Immolate","floor":16.0},{"not_picked":["Hallucinations","hubris:Despair"],"picked":"TheCursedMod:Dregs","floor":17.0},{"not_picked":["Replay:Hysterical Blindness","Looming Evil"],"picked":"Doubt","floor":17.0},{"not_picked":["Writhe","hubris:Envy"],"picked":"Shame","floor":17.0}],"player_experience":2794026,"relics_obtained":[{"floor":6.0,"key":"PreservedInsect"},{"floor":8.0,"key":"hubris:DuctTape"},{"floor":9.0,"key":"Mercury Hourglass"},{"floor":13.0,"key":"Ring of Peace"}],"event_choices":[{"damage_healed":0.0,"max_hp_gain":0.0,"max_hp_loss":0.0,"gold_gain":175.0,"event_name":"Liars Game","player_choice":"AGREE","floor":5.0,"gold_loss":0.0,"damage_taken":0.0,"cards_obtained":["Doubt"]}],"is_beta":false,"boss_relics":[{"not_picked":["Black Blood","hubris:Stopwatch"],"picked":"Replay:Ancient Bell"},{"not_picked":["Blue Doll","MealTicket"],"picked":"Bag of Marbles"},{"not_picked":["Matryoshka","hubris:MysteriousPyramids"],"picked":"Golden Egg"},{"not_picked":["Turnip","hubris:GlazedTorus"],"picked":"Pondfish Scales"}],"items_purged_floors":[],"is_endless":false,"potions_floor_spawned":[6,8,11,12,14],"killed_by":"Shell Parasite","ascension_level":0}}