{"host":"4cz9gr89nglr7k8k","time":1610139604,"event":{"mods":["BaseMod","Minty Spire (QoL Compilation)","Relic Stats","Slay-I"],"gold_per_floor":[119,119,135,146,156,156,168,198,223,223,223,38,55,66,66,66,66],"floor_reached":16,"playtime":460,"items_purged":["Doubt"],"score":208,"play_id":"f5327521-8ed9-4543-b7b1-b16267e696c3","local_time":"20210108220004","is_ascension_mode":true,"campfire_choices":[{"floor":6,"key":"REST"},{"floor":11,"key":"REST"},{"floor":15,"key":"REST"}],"circlet_count":0,"master_deck":["AscendersBane","Strike_R","Strike_R","Strike_R","Strike_R","Strike_R","Defend_R","Defend_R","Defend_R","Defend_R","Bash","Bludgeon","Perfected Strike","Pommel Strike","Thunderclap","Flex","Twin Strike","Good Instincts","Shockwave","Armaments","Rage"],"relics":["Burning Blood","Letter Opener","MealTicket","Smiling Mask"],"acts_visited":["Exordium"],"potions_floor_usage":[5,8,8,16],"damage_taken":[{"damage":0,"enemies":"Small Slimes","floor":1,"turns":4},{"damage":1,"enemies":"Cultist","floor":3,"turns":3},{"damage":7,"enemies":"Jaw Worm","floor":4,"turns":2},{"damage":46,"enemies":"Gremlin Gang","floor":5,"turns":6},{"damage":19,"enemies":"Exordium Wildlife","floor":7,"turns":5},{"damage":40,"enemies":"Lagavulin","floor":8,"turns":5},{"damage":0,"enemies":"Large Slime","floor":13,"turns":4},{"damage":8,"enemies":"Blue Slaver","floor":14,"turns":3},{"damage":72,"enemies":"Hexaghost","floor":16,"turns":9}],"seed_played":"-1609634193810862160","potions_obtained":[{"floor":2,"key":"SpeedPotion"},{"floor":2,"key":"ElixirPotion"},{"floor":3,"key":"SteroidPotion"},{"floor":4,"key":"Energy Potion"},{"floor":7,"key":"AttackPotion"},{"floor":14,"key":"BlessingOfTheForge"}],"is_trial":false,"path_per_floor":["M","?","M","M","M","R","M","E","T","?","R","$","M","M","R","B"],"character_chosen":"IRONCLAD","items_purchased":["Good Instincts","Shockwave"],"campfire_rested":3,"item_purchase_floors":[12,12],"current_hp_per_floor":[74,74,75,74,34,56,43,9,9,9,31,46,52,50,72,0,0],"gold":66,"neow_bonus":"THREE_RARE_CARDS","is_daily":false,"chose_seed":false,"campfire_upgraded":0,"win_rate":0.0,"timestamp":1610139604,"path_taken":["M","?","?","M","?","R","M","E","T","?","R","$","M","M","R","BOSS"],"items_purchased_type":["Card","Card"],"build_version":"2020-12-22","purchased_purges":1,"victory":false,"max_hp_per_floor":[75,75,75,75,75,75,75,75,75,75,75,75,75,75,75,75,75],"relic_stats":{"counters":[9,41],"MealTicket":15,"Letter Opener":[5],"Smiling Mask":25,"obtain_stats":[{"MealTicket":9,"Letter Opener":8,"Smiling Mask":10,"Burning Blood":0},{"MealTicket":6,"Letter Opener":6,"Smiling Mask":6,"Burning Blood":0},{"MealTicket":25,"Letter Opener":25,"Smiling Mask":25,"Burning Blood":0}],"Burning Blood":44},"card_choices":[{"not_picked":["Fiend Fire","Exhume"],"picked":"Bludgeon","floor":0},{"not_picked":["True Grit","Body Slam"],"picked":"Perfected Strike","floor":1},{"not_picked":["Pummel","Perfected Strike"],"picked":"Pommel Strike","floor":3},{"not_picked":["Sever Soul","Hemokinesis"],"picked":"Thunderclap","floor":4},{"not_picked":["Corruption","Entrench"],"picked":"Flex","floor":5},{"not_picked":["Perfected Strike","Heavy Blade"],"picked":"Twin Strike","floor":7},{"not_picked":["Clothesline","Dual Wield"],"picked":"Twin Strike","floor":8},{"not_picked":["Thunderclap","Fire Breathing"],"picked":"Armaments","floor":13},{"not_picked":["True Grit","Blood for Blood"],"picked":"Rage","floor":14}],"player_experience":1482130,"relics_obtained":[{"floor":8,"key":"Letter Opener"},{"floor":9,"key":"MealTicket"}],"event_choices":[{"damage_healed":0,"gold_gain":0,"player_choice":"Got Potions","damage_taken":0,"max_hp_gain":0,"max_hp_loss":0,"event_name":"Lab","floor":2,"gold_loss":0},{"cards_removed":["Twin Strike"],"damage_healed":0,"gold_gain":0,"player_choice":"Gave Card","damage_taken":0,"relics_obtained":["Smiling Mask"],"max_hp_gain":0,"max_hp_loss":0,"event_name":"WeMeetAgain","floor":10,"gold_loss":0}],"is_beta":false,"boss_relics":[],"items_purged_floors":[12],"is_endless":false,"potions_floor_spawned":[3,4,7,14],"killed_by":"Hexaghost","ascension_level":20}}