{"host":"lxihx0b6awoz2w1j","time":1610114961,"event":{"mods":["Aspiration","BaseMod","Better Third Choice","CapriCore","Colored Powertips","Downfall","Hermit","HololiveMod","Hubris","Infinite Spire","JesterMod","Luminous","Marisa????????","Melee Mod","Minty Spire (QoL Compilation)","Prisma Mod","Quick Restart","Relic Stats","Replay The Spire","Shade Mod","Spicy Shops","StSLib","The Alterego","The Blue Laboratory","The Cursed","The Disciple","The Forsaken","The Immortal","The Jungle","The Marked","The Runesmith","The Senshi","The Servant 0.9.4","Waifu the Spire"],"gold_per_floor":[113,130,142,153,153,153,169,181,233,17,37,57,57,85,85,183,183,203,203,203,217,237,276,304,345,345,345,345,374,374,397,418,441,441,537,537,549,549,549,582,622,659,695,695,695,213,260,307,4,4,4,30],"floor_reached":53,"playtime":3715,"items_purged":["Hallucinations"],"score":842,"play_id":"0e11a38f-e822-4a55-9a3b-ccb62a2c114b","local_time":"20210108150921","is_ascension_mode":false,"campfire_choices":[{"data":"Leg Sweep","floor":6.0,"key":"SMITH"},{"floor":15.0,"key":"REST"},{"floor":30.0,"key":"REST"},{"floor":44,"key":"REST"},{"floor":51,"key":"REST"}],"circlet_count":0,"master_deck":["Strike_G","Strike_G","Strike_G","Strike_G","Strike_G","Defend_G+1","Defend_G+1","Defend_G+1","Defend_G+1","Defend_G+1","Survivor+1","Neutralize+1","Flying Knee","Cloak And Dagger+1","Leg Sweep+1","Poisoned Stab","Sucker Punch","ReplayTheSpireMod:Tripwire+1","Infinite Blades","ReplayTheSpireMod:Speed Training+1","Blade Dance+1","Storm of Steel","Quick Slash+1","Poisoned Stab","Bouncing Flask","Distraction","Leg Sweep","Cloak And Dagger+1","Fluid Movement+1","Dodge and Roll+1","Quick Slash+1","infinitespire:Neurotoxin+1","Blade Dance+1","Fluid Movement+1","ReplayTheSpireMod:Scrap Shanks+1","After Image","Backflip+1","Fluid Movement","Parasite","Dagger Spray+1","Footwork","Noxious Fumes"],"relics":["Ring of the Snake","aspiration:Nostalgia","PrismaMod:PrismaSapphire","Ancient Tea Set","Fusion Hammer","Oddly Smooth Stone","aspiration:HummingbirdHeart","Replay:Bottled Snecko","Nloth\u0027s Gift","aspiration:MobileForge","Replay:Bandana","ReplayTheSpireMod:Ring of Challenge","Orichalcum","Thread and Needle","infinitespire:FocusingShard","War Paint","Membership Card","Replay:Rubber Ducky","Oddly Smooth Stone","hubris:Icosahedron"],"acts_visited":["Exordium","TheCity","TheBeyond"],"potions_floor_usage":[42],"damage_taken":[{"damage":0.0,"enemies":"Jaw Worm","floor":1.0,"turns":4.0},{"damage":0.0,"enemies":"Cultist","floor":2.0,"turns":3.0},{"damage":0.0,"enemies":"Small Slimes","floor":3.0,"turns":3.0},{"damage":5.0,"enemies":"Gremlin Gang","floor":4.0,"turns":6.0},{"damage":0.0,"enemies":"Red Slaver","floor":7.0,"turns":4.0},{"damage":8.0,"enemies":"Lots of Slimes","floor":8.0,"turns":5.0},{"damage":0.0,"enemies":"2 Fungi Beasts","floor":11.0,"turns":3.0},{"damage":0.0,"enemies":"Large Slime","floor":12.0,"turns":4.0},{"damage":10.0,"enemies":"3 Sentries","floor":14.0,"turns":7.0},{"damage":10.0,"enemies":"Hexaghost","floor":16.0,"turns":9.0},{"damage":0.0,"enemies":"Spheric Guardian","floor":18.0,"turns":4.0},{"damage":0.0,"enemies":"2 Thieves","floor":21.0,"turns":4.0},{"damage":0.0,"enemies":"Snecko","floor":22.0,"turns":5.0},{"damage":11.0,"enemies":"Book of Stabbing","floor":23.0,"turns":6.0},{"damage":2.0,"enemies":"Snake Plant","floor":24.0,"turns":4.0},{"damage":29.0,"enemies":"Slavers","floor":25.0,"turns":3.0},{"damage":0.0,"enemies":"Centurion and Healer","floor":29.0,"turns":7.0},{"damage":0.0,"enemies":"Snecko","floor":31.0,"turns":5.0},{"damage":6.0,"enemies":"Shelled Parasite and Fungi","floor":32.0,"turns":6.0},{"damage":0.0,"enemies":"Snake Plant","floor":33.0,"turns":5.0},{"damage":23.0,"enemies":"Automaton","floor":35.0,"turns":13.0},{"damage":1.0,"enemies":"3 Darklings","floor":37.0,"turns":7.0},{"damage":7,"enemies":"3 Shapes","floor":40,"turns":7},{"damage":2,"enemies":"Jaw Worm Horde","floor":41,"turns":6},{"damage":18,"enemies":"Reptomancer","floor":42,"turns":10},{"damage":3,"enemies":"Spire Growth","floor":43,"turns":6},{"damage":0,"enemies":"Writhing Mass","floor":47,"turns":8},{"damage":0,"enemies":"Giant Head","floor":48,"turns":7},{"damage":0,"enemies":"Awakened One","floor":52,"turns":16}],"seed_played":"-2436309736086978374","potions_obtained":[{"floor":1.0,"key":"blueLaboratory:Virophage"},{"floor":3.0,"key":"blueLaboratory:BubblePotion"},{"floor":12.0,"key":"Swift Potion"},{"floor":14.0,"key":"blueLaboratory:EmptyBottle"},{"floor":21.0,"key":"Doom Potion"},{"floor":22.0,"key":"FairyPotion"},{"floor":31.0,"key":"EssenceOfSteel"},{"floor":33.0,"key":"blueLaboratory:LouseDecoction"},{"floor":35.0,"key":"Weak Potion"},{"floor":40,"key":"blueLaboratory:BottleOfVodka"},{"floor":42,"key":"blueLaboratory:ArtificerPotion"}],"is_trial":false,"path_per_floor":["M","M","M","M","?","R","M","M","T","$","M","M","?","E","R","B",null,"M","AVR","?","M","M","E","M","E","T","PTL","PTL","M","R","M","M","M","R","B",null,"M","AVR","?","M","M","E","M","R","T","$","M","E","$","?","R","B",null],"character_chosen":"THE_SILENT","items_purchased":["Infinite Blades","infinitespire:FocusingShard","Fluid Movement","Membership Card","Replay:Rubber Ducky","Noxious Fumes","Oddly Smooth Stone"],"campfire_rested":4,"item_purchase_floors":[10,46,46,49,49,49,49],"current_hp_per_floor":[70,70,70,65,65,65,65,57,57,57,57,57,57,47,68,58,70,70,70,63,63,63,52,50,21,21,21,21,21,42,42,36,36,36,13,70,69,69,69,62,60,42,39,60,60,60,60,60,60,60,70,70],"gold":30,"neow_bonus":"NOSTALGIA","is_daily":false,"chose_seed":false,"campfire_upgraded":1,"win_rate":0.0,"timestamp":1610114961,"path_taken":["M","M","M","M","?","R","M","M","T","$","M","?","?","E","R","BOSS","M","AVR","?","M","M","E","M","E","T","PTL","PTL","M","R","?","M","M","R","BOSS","M","AVR","?","M","M","E","M","R","T","$","M","E","$","?","R","BOSS"],"items_purchased_type":["Card","Relic","Card","Relic","Relic","Card","Relic"],"build_version":"2020-12-22","purchased_purges":1,"victory":true,"max_hp_per_floor":[70,70,70,70,70,70,70,70,70,70,70,70,70,70,70,70,70,70,70,70,70,70,70,70,70,70,70,70,70,70,70,70,70,70,70,70,70,70,70,70,70,70,70,70,70,70,70,70,70,70,70,70],"relic_stats":{"counters":[29,177],"Nloth\u0027s Gift":2,"Orichalcum":[0],"War Paint":["Dodge and Roll","infinitespire:Neurotoxin"],"obtain_stats":[{"aspiration:Nostalgia":0,"PrismaMod:PrismaSapphire":0,"CeramicFish":23,"Oddly Smooth Stone":19,"Thread and Needle":45,"PreservedInsect":9,"infinitespire:FocusingShard":46,"aspiration:HummingbirdHeart":25,"Orichalcum":42,"War Paint":48,"Ancient Tea Set":14,"Replay:Rubber Ducky":49,"Replay:Bandana":38,"hubris:Icosahedron":50,"aspiration:MobileForge":36,"Fusion Hammer":17,"Nloth\u0027s Gift":34,"Replay:Bottled Snecko":26,"Membership Card":49,"ReplayTheSpireMod:Ring of Challenge":39,"Ring of the Snake":0},{"aspiration:Nostalgia":0,"PrismaMod:PrismaSapphire":0,"CeramicFish":14,"Oddly Smooth Stone":11,"Thread and Needle":26,"PreservedInsect":6,"infinitespire:FocusingShard":26,"aspiration:HummingbirdHeart":16,"Orichalcum":25,"War Paint":28,"Ancient Tea Set":9,"Replay:Rubber Ducky":28,"Replay:Bandana":22,"hubris:Icosahedron":28,"aspiration:MobileForge":21,"Fusion Hammer":10,"Nloth\u0027s Gift":20,"Replay:Bottled Snecko":16,"Membership Card":28,"ReplayTheSpireMod:Ring of Challenge":22,"Ring of the Snake":0},{"aspiration:Nostalgia":0,"PrismaMod:PrismaSapphire":0,"CeramicFish":67,"Oddly Smooth Stone":52,"Thread and Needle":146,"PreservedInsect":25,"infinitespire:FocusingShard":146,"aspiration:HummingbirdHeart":74,"Orichalcum":140,"War Paint":161,"Ancient Tea Set":39,"Replay:Rubber Ducky":161,"Replay:Bandana":117,"hubris:Icosahedron":161,"aspiration:MobileForge":110,"Fusion Hammer":48,"Nloth\u0027s Gift":97,"Replay:Bottled Snecko":74,"Membership Card":161,"ReplayTheSpireMod:Ring of Challenge":117,"Ring of the Snake":0}],"Ring of the Snake":[58]},"card_choices":[{"not_picked":["Fluid Movement","Dodge and Roll"],"picked":"Flying Knee","floor":1.0},{"not_picked":["Draining Mist","Distraction"],"picked":"Cloak And Dagger","floor":2.0},{"not_picked":["Bane","Catalyst"],"picked":"Leg Sweep","floor":3.0},{"not_picked":["Reflex","Dodge and Roll"],"picked":"Poisoned Stab","floor":4.0},{"not_picked":["Prepared","Backflip"],"picked":"Sucker Punch","floor":7.0},{"not_picked":["Acrobatics","Underhanded Strike"],"picked":"ReplayTheSpireMod:Tripwire","floor":8.0},{"not_picked":["Deadly Poison","Bane"],"picked":"ReplayTheSpireMod:Speed Training","floor":11.0},{"not_picked":["Slice","Sneak Up"],"picked":"Blade Dance","floor":12.0},{"not_picked":["Expertise","Tools of the Trade","Skewer"],"picked":"SKIP","floor":14.0},{"not_picked":["Adrenaline","Corpse Explosion"],"picked":"Storm of Steel","floor":16.0},{"not_picked":["Deadly Poison+1","Bouncing Flask"],"picked":"Quick Slash+1","floor":18.0},{"not_picked":["hubris:SlightOfHand","Masterful Stab"],"picked":"Poisoned Stab","floor":21.0},{"not_picked":["Choke","Bane+1","hubris:SlightOfHand"],"picked":"SKIP","floor":22.0},{"not_picked":["Prepared","Reflex"],"picked":"Bouncing Flask","floor":23.0},{"not_picked":["Acrobatics","Malaise"],"picked":"Distraction","floor":24.0},{"not_picked":["Well Laid Plans","Poisoned Stab"],"picked":"Leg Sweep","floor":25.0},{"not_picked":["Backstab","Backflip"],"picked":"Cloak And Dagger+1","floor":29.0},{"not_picked":["Dagger Throw","Flying Knee+1"],"picked":"Fluid Movement+1","floor":31.0},{"not_picked":["Underhanded Strike","Masterful Stab+1"],"picked":"Dodge and Roll","floor":32.0},{"not_picked":["Distraction","Sucker Punch+1"],"picked":"Quick Slash+1","floor":33.0},{"not_picked":["Glass Knife","ReplayTheSpireMod:From All Sides"],"picked":"infinitespire:Neurotoxin","floor":35.0},{"not_picked":["Prepared","Backflip"],"picked":"Blade Dance+1","floor":37.0},{"not_picked":["Deflect","Deadly Poison"],"picked":"Fluid Movement+1","floor":40},{"not_picked":["Underhanded Strike","ReplayTheSpireMod:Necrosis"],"picked":"ReplayTheSpireMod:Scrap Shanks+1","floor":41},{"not_picked":["Poisoned Stab","Slice"],"picked":"After Image","floor":42},{"not_picked":["Bane","Endless Agony+1"],"picked":"Backflip+1","floor":43},{"not_picked":["Deadly Poison+1","Backflip+1"],"picked":"Dagger Spray+1","floor":47},{"not_picked":["Tools of the Trade","Crippling Poison"],"picked":"Footwork","floor":48}],"player_experience":543160,"relics_obtained":[{"floor":9.0,"key":"PreservedInsect"},{"floor":14.0,"key":"Ancient Tea Set"},{"floor":23.0,"key":"CeramicFish"},{"floor":25.0,"key":"aspiration:HummingbirdHeart"},{"floor":26.0,"key":"Replay:Bottled Snecko"},{"floor":39.0,"key":"ReplayTheSpireMod:Ring of Challenge"},{"floor":42,"key":"Orichalcum"},{"floor":45,"key":"Thread and Needle"},{"floor":48,"key":"War Paint"}],"event_choices":[{"damage_healed":0.0,"max_hp_gain":0.0,"max_hp_loss":0.0,"gold_gain":0.0,"event_name":"Accursed Blacksmith","player_choice":"Forge","floor":5.0,"gold_loss":0.0,"damage_taken":0.0,"cards_upgraded":["Neutralize"]},{"damage_healed":0.0,"max_hp_gain":0.0,"max_hp_loss":0.0,"gold_gain":0.0,"event_name":"Wheel of Change","player_choice":"Damaged","floor":20.0,"gold_loss":0.0,"damage_taken":7.0},{"damage_healed":0.0,"max_hp_gain":0.0,"max_hp_loss":0.0,"gold_gain":0.0,"event_name":"N\u0027loth","player_choice":"Traded Relic","floor":34.0,"relics_lost":["CeramicFish"],"gold_loss":0.0,"damage_taken":0.0,"relics_obtained":["Nloth\u0027s Gift"]}],"is_beta":false,"boss_relics":[{"not_picked":["Honey Jar","Tiny House"],"picked":"Fusion Hammer"},{"not_picked":["Snecko Scales","aspiration:FutureDiary"],"picked":"aspiration:MobileForge"}],"items_purged_floors":[46],"is_endless":false,"potions_floor_spawned":[1,3,12,14,16,21,22,31,33,35,40,41,42],"ascension_level":0}}