{"host":"7po9pgh86bqe2blc","time":1610087379,"event":{"mods":["BaseMod","Colored Map","Colored Powertips","Minty Spire (QoL Compilation)","StSLib","The Disciple","The Hierophant"],"gold_per_floor":[119,119,44,56,56,83,83,56,56,70,87,123,123,123,123,103,103],"floor_reached":16,"playtime":1896,"items_purged":["hierophant:Strike_Hierophant"],"score":133,"play_id":"98568a31-22ea-4add-a496-b9a42bc48728","local_time":"20210108072939","is_ascension_mode":false,"campfire_choices":[{"data":"hierophant:ChurchCoffers","floor":13,"key":"SMITH"},{"floor":15,"key":"REST"}],"circlet_count":0,"master_deck":["hierophant:Strike_Hierophant","hierophant:Strike_Hierophant","hierophant:Punish","hierophant:Defend_Hierophant","hierophant:Defend_Hierophant+1","hierophant:Defend_Hierophant","hierophant:ChurchCoffers+1","hierophant:HammerAndAnvil+1","hierophant:OrnateBuckler","hierophant:Zeal","hierophant:PassingBell","hierophant:Encroach","hierophant:HolyVerse"],"relics":["hierophant:PropheticMaskRelic","NeowsBlessing","White Beast Statue","Darkstone Periapt","Ornamental Fan"],"acts_visited":["Exordium"],"potions_floor_usage":[12,16,16],"damage_taken":[{"damage":0,"enemies":"Small Slimes","floor":1,"turns":2},{"damage":0,"enemies":"2 Louse","floor":4,"turns":1},{"damage":0,"enemies":"Gremlin Nob","floor":6,"turns":1},{"damage":28,"enemies":"Cultist","floor":10,"turns":6},{"damage":0,"enemies":"2 Fungi Beasts","floor":11,"turns":4},{"damage":18,"enemies":"3 Sentries","floor":12,"turns":7},{"damage":49,"enemies":"The Guardian","floor":16,"turns":12}],"seed_played":"-6345985780065157784","potions_obtained":[{"floor":6,"key":"SneckoOil"},{"floor":10,"key":"Fruit Juice"},{"floor":11,"key":"Fire Potion"},{"floor":12,"key":"Fire Potion"}],"is_trial":false,"path_per_floor":["M","?","$","M","?","E","?","$","T","M","M","E","R","?","R","B"],"character_chosen":"HIEROPHANT","items_purchased":["hierophant:OrnateBuckler"],"campfire_rested":1,"item_purchase_floors":[8],"current_hp_per_floor":[75,60,60,60,65,65,65,65,65,37,37,24,24,24,49,0,0],"gold":103,"neow_bonus":"THREE_ENEMY_KILL","is_daily":false,"chose_seed":false,"campfire_upgraded":1,"win_rate":0.0,"timestamp":1610087379,"path_taken":["M","?","$","M","?","E","?","$","T","M","?","E","R","?","R","BOSS"],"items_purchased_type":["Card"],"build_version":"2020-12-13","purchased_purges":1,"victory":false,"max_hp_per_floor":[75,75,75,75,80,80,80,80,80,80,80,85,85,85,85,85,85],"card_choices":[{"not_picked":["hierophant:Purify","hierophant:SealAway"],"picked":"hierophant:HammerAndAnvil","floor":1},{"not_picked":["hierophant:PassingBell","hierophant:AuricBeam","hierophant:MorningPrayer"],"picked":"SKIP","floor":4},{"not_picked":["hierophant:Charity","hierophant:AuricForm","hierophant:Alms"],"picked":"SKIP","floor":6},{"not_picked":["hierophant:ThreeLashes","hierophant:Doubloon"],"picked":"hierophant:Zeal","floor":10},{"not_picked":["hierophant:HammerAndAnvil","hierophant:Zeal"],"picked":"hierophant:PassingBell","floor":11},{"not_picked":["hierophant:Blessing","hierophant:DisplayOfPower"],"picked":"hierophant:Encroach","floor":12}],"player_experience":294168,"relics_obtained":[{"floor":6,"key":"White Beast Statue"},{"floor":9,"key":"Darkstone Periapt"},{"floor":12,"key":"Ornamental Fan"}],"event_choices":[{"damage_healed":0,"gold_gain":0,"player_choice":"Entered Light","damage_taken":15,"max_hp_gain":0,"max_hp_loss":0,"event_name":"Shining Light","floor":2,"gold_loss":0,"cards_upgraded":["hierophant:HammerAndAnvil","hierophant:Defend_Hierophant"]},{"damage_healed":0,"gold_gain":0,"player_choice":"Donut","damage_taken":0,"max_hp_gain":5,"max_hp_loss":0,"event_name":"Big Fish","floor":5,"gold_loss":0},{"cards_removed":["hierophant:Strike_Hierophant"],"damage_healed":0,"gold_gain":0,"player_choice":"Offered Basic","damage_taken":0,"max_hp_gain":0,"max_hp_loss":0,"event_name":"Bonfire Elementals","floor":7,"gold_loss":0},{"damage_healed":0,"gold_gain":0,"cards_transformed":["hierophant:Defend_Hierophant"],"player_choice":"Transformed","damage_taken":0,"max_hp_gain":0,"max_hp_loss":0,"event_name":"Transmorgrifier","floor":14,"gold_loss":0,"cards_obtained":["hierophant:HolyVerse"]}],"is_beta":false,"boss_relics":[],"items_purged_floors":[3],"is_endless":false,"potions_floor_spawned":[6,10,11,12],"killed_by":"The Guardian","ascension_level":0}}