{"host":"q1ejl7hv5l3527la","time":1610071528,"event":{"mods":["Aspiration","Bard","BaseMod","Better Third Choice","Colored Powertips","Downfall","Energized Spire","Hermit","Highlight Path","Hubris","Infinite Spire","Minty Spire (QoL Compilation)","Replay The Spire","Shop Mod","StSLib","The Bladedancer","The Cursed","The Juggle","The Jungle","The Runesmith"],"gold_per_floor":[118,135,152,152,34,34,68,68,116,136,136,167,35,51,51,151,151,165,175,195,195,211,211,211,211,211,211,211,227,227,227,227,245,245,245,245],"floor_reached":35,"playtime":4798,"items_purged":[],"score":280,"play_id":"1719bcb1-c9e6-4208-8580-041b6b3c3091","local_time":"20210107200528","is_ascension_mode":true,"campfire_choices":[{"data":"Bash","floor":6,"key":"SMITH"},{"data":"Rampage","floor":8,"key":"SMITH"},{"data":"Infernal Blade","floor":11,"key":"SMITH"},{"data":"Armaments","floor":15,"key":"SMITH"},{"floor":25,"key":"REST"},{"floor":27,"key":"REST"},{"floor":31,"key":"REST"},{"floor":34,"key":"REST"}],"circlet_count":0,"master_deck":["Strike_R","Strike_R","Strike_R","Strike_R","Strike_R+1","Defend_R","Defend_R","Defend_R","Defend_R","Bash+1","Shrug It Off","Clash","Rampage+1","Flex","Blood for Blood","Dropkick","Infernal Blade+1","ReplayTheSpireMod:Corrosion Curse","Armaments+1","expansioncontent:CaCaw+1","Heavy Blade","Barricade","Wild Strike","Warcry","Clash+1","Inflame+1","Headbutt","Dual Wield"],"relics":["Burning Blood","Peace Pipe","infinitespire:PuzzleCube","hubris:IronBody","energizedSpire:MagnifyingGlass","Chameleon Ring","hubris:MysteriousPyramids"],"acts_visited":["Exordium","TheCity"],"potions_floor_usage":[16,35,35,35],"damage_taken":[{"damage":3,"enemies":"Small Slimes","floor":1,"turns":3},{"damage":7,"enemies":"Cultist","floor":2,"turns":4},{"damage":5,"enemies":"Jaw Worm","floor":3,"turns":4},{"damage":18,"enemies":"Lagavulin","floor":7,"turns":5},{"damage":6,"enemies":"3 Louse","floor":10,"turns":3},{"damage":11,"enemies":"Gremlin Nob","floor":12,"turns":3},{"damage":4,"enemies":"Looter","floor":14,"turns":3},{"damage":47,"enemies":"The Guardian","floor":16,"turns":10},{"damage":9,"enemies":"Spheric Guardian","floor":18,"turns":4},{"damage":28,"enemies":"3 Byrds","floor":19,"turns":5},{"damage":17,"enemies":"Snecko","floor":20,"turns":5},{"damage":46,"enemies":"Centurion and Healer","floor":22,"turns":6},{"damage":26,"enemies":"Snake Plant","floor":29,"turns":5},{"damage":52,"enemies":"Chosen and Byrds","floor":33,"turns":10},{"damage":51,"enemies":"Pondfish","floor":35,"turns":11}],"seed_played":"7371706671043798844","potions_obtained":[{"floor":3,"key":"Venom Potion"},{"floor":10,"key":"champ:CounterPotion"},{"floor":12,"key":"ElixirPotion"},{"floor":20,"key":"Explosive Potion"}],"is_trial":false,"path_per_floor":["M","M","M","?","$","R","E","R","T","M","R","E","$","M","R","B",null,"M","M","M","?","M","PTL","PTL","R","?","R","T","M","?","R","T","M","R","B"],"character_chosen":"IRONCLAD","items_purchased":["Flex","Blood for Blood","Armaments","expansioncontent:CaCaw"],"campfire_rested":4,"item_purchase_floors":[5,5,13,13],"current_hp_per_floor":[88,87,88,88,88,88,76,76,76,76,76,71,71,73,73,32,88,85,63,52,52,12,12,12,38,38,64,64,44,44,70,70,24,50,0,0],"gold":245,"neow_bonus":"TEN_PERCENT_HP_BONUS","is_daily":false,"chose_seed":false,"campfire_upgraded":4,"win_rate":0.0,"timestamp":1610071528,"path_taken":["M","M","M","?","$","R","E","R","T","M","R","E","$","M","R","BOSS","M","M","M","?","M","PTL","PTL","R","?","R","T","M","?","R","?","M","R","BOSS"],"items_purchased_type":["Card","Card","Card","Card"],"build_version":"2020-12-22","purchased_purges":0,"victory":false,"max_hp_per_floor":[88,88,88,88,88,88,88,88,88,88,88,88,88,88,88,88,88,88,88,88,88,88,88,88,88,88,88,88,88,88,88,88,88,88,88,88],"card_choices":[{"not_picked":["Clothesline","Dark Embrace"],"picked":"Shrug It Off","floor":1},{"not_picked":["True Grit","Iron Wave"],"picked":"Clash","floor":2},{"not_picked":["Cleave","Abandon"],"picked":"Rampage","floor":3},{"not_picked":["True Grit","ReplayTheSpireMod:Strike From Hell"],"picked":"Dropkick","floor":7},{"not_picked":["Defy Death","Replay:Many Hands"],"picked":"Infernal Blade","floor":10},{"not_picked":["Shockwave","Havoc"],"picked":"ReplayTheSpireMod:Corrosion Curse","floor":12},{"not_picked":["Armaments","Battle Trance"],"picked":"Heavy Blade","floor":14},{"not_picked":["Exhume","Hemogenesis"],"picked":"Barricade","floor":16},{"not_picked":["Dark Embrace+1","Havoc+1"],"picked":"Wild Strike","floor":18},{"not_picked":["Replay:Undeath\u0027s Touch","Havoc"],"picked":"Warcry","floor":19},{"not_picked":["Heavy Blade","Armaments"],"picked":"Clash+1","floor":20},{"not_picked":["Shrug It Off","Clothesline"],"picked":"Inflame+1","floor":22},{"not_picked":["Fiend Fire","Run Through"],"picked":"Headbutt","floor":29},{"not_picked":["Carnage","hubris:ReadiedAction"],"picked":"Dual Wield","floor":33}],"player_experience":78514,"relics_obtained":[{"floor":7,"key":"Peace Pipe"},{"floor":9,"key":"infinitespire:PuzzleCube"},{"floor":12,"key":"hubris:IronBody"},{"floor":28,"key":"Chameleon Ring"},{"floor":32,"key":"hubris:MysteriousPyramids"}],"event_choices":[{"damage_healed":0,"gold_gain":0,"player_choice":"Ignored","damage_taken":0,"max_hp_gain":0,"max_hp_loss":0,"event_name":"Ghosts","floor":21,"gold_loss":0}],"is_beta":false,"boss_relics":[{"not_picked":["Ooze Armor","hubris:Stopwatch"],"picked":"energizedSpire:MagnifyingGlass"}],"items_purged_floors":[],"is_endless":false,"potions_floor_spawned":[3,10,12,20],"killed_by":"Pondfish","ascension_level":1}}