{"host":"owox7x4ngjt9htcc","time":1610095542,"event":{"mods":["BaseMod","Colored Map","DeckTracker","Keyboard Shortcuts","Minty Spire (QoL Compilation)","SuperFastMode"],"gold_per_floor":[144,189,234,85,260,260,305,350,375,534,579,579,669,714,714,1014,1014,1068,1122,1176,1226,1271,1370,1370,1415,1440,1440,1494,1539,630,930,930,1239,1398,1461,1524,646,796,796,796],"floor_reached":39,"playtime":1589,"items_purged":["Flex","Armaments"],"score":507,"play_id":"74295ff8-23cc-453c-8985-938cdbc1e489","local_time":"20210108174542","daily_mods":["Draft","Uncertain Future","Midas"],"is_ascension_mode":false,"campfire_choices":[{"floor":12.0,"key":"REST"},{"floor":15.0,"key":"REST"},{"floor":24.0,"key":"REST"},{"floor":27.0,"key":"REST"},{"floor":32.0,"key":"REST"}],"circlet_count":0,"master_deck":["Iron Wave","Rampage","Wild Strike","Clash","Flame Barrier","Disarm","Armaments","Battle Trance","Sword Boomerang","Whirlwind","Metallicize","Shrug It Off","True Grit","Warcry","Disarm","Armaments","Rampage+1","Metallicize","Fire Breathing","Metallicize","Metallicize","Fiend Fire","CurseOfTheBell","Inflame+1","Twin Strike+1","Rampage+1","Evolve","Iron Wave+1","Fire Breathing","Dark Embrace","Reaper+1","Fire Breathing","Intimidate","Demon Form","Iron Wave+1","Apotheosis","Flame Barrier","Panacea"],"relics":["Burning Blood","Boot","Meat on the Bone","Gremlin Horn","Calling Bell","CeramicFish","Molten Egg 2","Torii","White Beast Statue","Bag of Preparation","DollysMirror","Vajra","Prayer Wheel","StoneCalendar","Self Forming Clay","Tiny House","Oddly Smooth Stone","Frozen Eye","Regal Pillow","Turnip"],"acts_visited":["Exordium","TheCity","TheBeyond"],"potions_floor_usage":[33,33,35],"damage_taken":[{"damage":0.0,"enemies":"2 Louse","floor":1.0,"turns":3.0},{"damage":0.0,"enemies":"Small Slimes","floor":2.0,"turns":5.0},{"damage":0.0,"enemies":"Jaw Worm","floor":3.0,"turns":3.0},{"damage":3.0,"enemies":"Gremlin Gang","floor":7.0,"turns":3.0},{"damage":1.0,"enemies":"2 Fungi Beasts","floor":8.0,"turns":5.0},{"damage":2.0,"enemies":"Lagavulin Event","floor":10.0,"turns":8.0},{"damage":0.0,"enemies":"3 Louse","floor":11.0,"turns":2.0},{"damage":12.0,"enemies":"Gremlin Nob","floor":13.0,"turns":6.0},{"damage":5.0,"enemies":"Blue Slaver","floor":14.0,"turns":5.0},{"damage":9.0,"enemies":"Hexaghost","floor":16.0,"turns":12.0},{"damage":10.0,"enemies":"Chosen","floor":18.0,"turns":6.0},{"damage":0.0,"enemies":"Shell Parasite","floor":19.0,"turns":7.0},{"damage":18.0,"enemies":"Sentry and Sphere","floor":20.0,"turns":6.0},{"damage":14.0,"enemies":"Shelled Parasite and Fungi","floor":22.0,"turns":7.0},{"damage":22.0,"enemies":"Book of Stabbing","floor":23.0,"turns":9.0},{"damage":7.0,"enemies":"Centurion and Healer","floor":25.0,"turns":9.0},{"damage":9.0,"enemies":"Snecko","floor":28.0,"turns":8.0},{"damage":21.0,"enemies":"Snake Plant","floor":29.0,"turns":6.0},{"damage":12.0,"enemies":"Colosseum Slavers","floor":31.0,"turns":7.0},{"damage":35.0,"enemies":"Colosseum Nobs","floor":31.0,"turns":7.0},{"damage":58,"enemies":"Collector","floor":33,"turns":14},{"damage":27,"enemies":"3 Darklings","floor":35,"turns":7},{"damage":10,"enemies":"3 Shapes","floor":36,"turns":5},{"damage":19,"enemies":"Mind Bloom Boss Battle","floor":38,"turns":10},{"damage":74,"enemies":"Transient","floor":39,"turns":4}],"seed_played":"-6062085814737979882","potions_obtained":[{"floor":1.0,"key":"Weak Potion"},{"floor":8.0,"key":"GamblersBrew"},{"floor":10.0,"key":"SteroidPotion"},{"floor":13.0,"key":"ColorlessPotion"},{"floor":16.0,"key":"AttackPotion"},{"floor":22.0,"key":"SmokeBomb"},{"floor":25.0,"key":"DistilledChaos"},{"floor":28.0,"key":"DuplicationPotion"},{"floor":31.0,"key":"Weak Potion"},{"floor":33,"key":"DistilledChaos"},{"floor":34,"key":"EssenceOfSteel"},{"floor":35,"key":"GamblersBrew"},{"floor":36,"key":"EssenceOfSteel"},{"floor":38,"key":"HeartOfIron"}],"is_trial":false,"path_per_floor":["M","M","M","$","?","?","M","M","T","?","M","R","E","M","R","B",null,"M","M","M","?","M","E","R","M","T","R","M","M","$","?","R","B",null,"M","M","$","?","M"],"character_chosen":"IRONCLAD","items_purchased":["Rampage","Metallicize","DollysMirror","Vajra","Prayer Wheel","Dark Embrace","Fruit Juice","Ancient Potion","Apotheosis","Oddly Smooth Stone","Frozen Eye","Flame Barrier","Regal Pillow","Panacea"],"campfire_rested":5,"item_purchase_floors":[4,4,30,30,30,30,30,30,37,37,37,37,37,37],"current_hp_per_floor":[80,80,80,80,80,80,80,80,80,80,80,80,74,75,80,77,80,76,80,68,68,60,56,80,79,79,80,77,62,67,44,69,29,90,81,86,86,73,0,0],"gold":796,"neow_bonus":"","is_daily":true,"chose_seed":false,"campfire_upgraded":0,"win_rate":0.0,"timestamp":1610095542,"path_taken":["M","M","M","$","?","?","M","M","T","?","M","R","E","M","R","BOSS","M","M","M","?","M","E","R","M","T","R","?","M","$","?","R","BOSS","M","M","$","?","M"],"items_purchased_type":["Card","Card","Relic","Relic","Relic","Card","Potion","Potion","Card","Relic","Relic","Card","Relic","Card"],"build_version":"2020-12-22","purchased_purges":2,"victory":false,"max_hp_per_floor":[80,80,80,80,80,80,80,80,80,80,80,80,80,80,80,80,80,80,80,80,80,80,80,80,80,80,80,80,80,85,85,85,85,90,90,90,90,90,90,90],"card_choices":[{"not_picked":["Intimidate","Metallicize"],"picked":"Iron Wave","floor":0.0},{"not_picked":["Sword Boomerang","Anger"],"picked":"Rampage","floor":0.0},{"not_picked":["Havoc","Clothesline"],"picked":"Wild Strike","floor":0.0},{"not_picked":["Twin Strike","Anger"],"picked":"Clash","floor":0.0},{"not_picked":["Pommel Strike","Warcry"],"picked":"Flame Barrier","floor":0.0},{"not_picked":["Warcry","Flex"],"picked":"Disarm","floor":0.0},{"not_picked":["Fire Breathing","Cleave"],"picked":"Armaments","floor":0.0},{"not_picked":["Cleave","Rupture"],"picked":"Battle Trance","floor":0.0},{"not_picked":["Sever Soul","Dual Wield"],"picked":"Sword Boomerang","floor":0.0},{"not_picked":["Wild Strike","Combust"],"picked":"Whirlwind","floor":0.0},{"not_picked":["Flex","Reckless Charge"],"picked":"Metallicize","floor":0.0},{"not_picked":["Entrench","Battle Trance"],"picked":"Shrug It Off","floor":0.0},{"not_picked":["Reckless Charge","Seeing Red"],"picked":"True Grit","floor":0.0},{"not_picked":["Clash","Cleave"],"picked":"Warcry","floor":0.0},{"not_picked":["Thunderclap","Flex"],"picked":"Disarm","floor":0.0},{"not_picked":["Perfected Strike","True Grit"],"picked":"Armaments","floor":1.0},{"not_picked":["Hemokinesis","Ghostly Armor"],"picked":"Flex","floor":2.0},{"not_picked":["Flame Barrier","Clothesline","Rupture"],"picked":"SKIP","floor":3.0},{"not_picked":["Pommel Strike","Wild Strike","Burning Pact"],"picked":"SKIP","floor":7.0},{"not_picked":["Cleave","Bloodletting","Battle Trance"],"picked":"SKIP","floor":8.0},{"not_picked":["Perfected Strike","Intimidate"],"picked":"Fire Breathing","floor":11.0},{"not_picked":["Infernal Blade","Rage"],"picked":"Metallicize","floor":13.0},{"not_picked":["Clothesline","Combust"],"picked":"Metallicize","floor":14.0},{"not_picked":["Immolate","Corruption"],"picked":"Fiend Fire","floor":16.0},{"not_picked":["Thunderclap+1","Warcry"],"picked":"Inflame+1","floor":18.0},{"not_picked":["Armaments","Clothesline+1"],"picked":"Twin Strike+1","floor":19.0},{"not_picked":["Ghostly Armor","Shrug It Off"],"picked":"Rampage+1","floor":20.0},{"not_picked":["Dual Wield","Twin Strike+1","Body Slam+1"],"picked":"SKIP","floor":22.0},{"not_picked":["Entrench+1","Brutality"],"picked":"Evolve","floor":23.0},{"not_picked":["Flex","Carnage+1","Twin Strike+1"],"picked":"SKIP","floor":25.0},{"not_picked":["Warcry+1","Pommel Strike+1"],"picked":"Iron Wave+1","floor":28.0},{"not_picked":["Iron Wave+1","Perfected Strike+1","Warcry"],"picked":"SKIP","floor":29.0},{"not_picked":["Impervious","Immolate+1"],"picked":"Reaper+1","floor":33},{"not_picked":["Feel No Pain+1","Perfected Strike+1"],"picked":"Fire Breathing","floor":34},{"not_picked":["Sword Boomerang+1","Heavy Blade+1"],"picked":"Intimidate","floor":35},{"not_picked":["Sword Boomerang+1","Body Slam+1"],"picked":"Armaments","floor":35},{"not_picked":["Entrench+1","Shockwave+1"],"picked":"Demon Form","floor":36},{"not_picked":["Rupture","Carnage+1"],"picked":"Iron Wave+1","floor":36}],"player_experience":882855,"relics_obtained":[{"floor":9.0,"key":"Boot"},{"floor":13.0,"key":"Gremlin Horn"},{"floor":17.0,"key":"CeramicFish"},{"floor":17.0,"key":"Molten Egg 2"},{"floor":17.0,"key":"Torii"},{"floor":23.0,"key":"White Beast Statue"},{"floor":26.0,"key":"Bag of Preparation"},{"floor":31.0,"key":"StoneCalendar"},{"floor":31.0,"key":"Self Forming Clay"},{"floor":38,"key":"Turnip"}],"event_choices":[{"damage_healed":0.0,"max_hp_gain":0.0,"max_hp_loss":0.0,"gold_gain":175.0,"event_name":"Liars Game","player_choice":"AGREE","floor":5.0,"gold_loss":0.0,"damage_taken":0.0,"cards_obtained":["Doubt"]},{"cards_removed":["Doubt"],"damage_healed":0.0,"max_hp_gain":0.0,"max_hp_loss":0.0,"gold_gain":0.0,"event_name":"Living Wall","player_choice":"Forget","floor":6.0,"gold_loss":0.0,"damage_taken":0.0},{"damage_healed":0.0,"max_hp_gain":0.0,"max_hp_loss":0.0,"gold_gain":0.0,"event_name":"Dead Adventurer","player_choice":"Searched \u00272\u0027 times","floor":10.0,"gold_loss":0.0,"damage_taken":0.0,"relics_obtained":["Meat on the Bone"]},{"damage_healed":0.0,"max_hp_gain":0.0,"max_hp_loss":0.0,"gold_gain":100.0,"event_name":"The Joust","player_choice":"Bet on Murderer","floor":21.0,"gold_loss":50.0,"damage_taken":0.0},{"damage_healed":0.0,"max_hp_gain":0.0,"max_hp_loss":0.0,"gold_gain":0.0,"event_name":"Colosseum","player_choice":"Fight","floor":31.0,"gold_loss":0.0,"damage_taken":0.0},{"damage_healed":0.0,"max_hp_gain":0.0,"max_hp_loss":0.0,"gold_gain":0.0,"event_name":"Colosseum","player_choice":"Fought Nobs","floor":31.0,"gold_loss":0.0,"damage_taken":0.0},{"damage_healed":0,"gold_gain":0,"player_choice":"Fight","damage_taken":0,"max_hp_gain":0,"max_hp_loss":0,"event_name":"MindBloom","floor":38,"gold_loss":0}],"is_beta":false,"boss_relics":[{"not_picked":["Runic Cube","Runic Pyramid"],"picked":"Calling Bell"},{"not_picked":["Sozu","Philosopher\u0027s Stone"],"picked":"Tiny House"}],"items_purged_floors":[30,37],"is_endless":false,"potions_floor_spawned":[1,8,10,13,16,18,22,25,28,29,31,31,33,35,36,38],"killed_by":"Transient","ascension_level":0}}