{"host":"36mulxq349byzoa2","time":1610077181,"event":{"mods":["AchievementEnabler","BaseMod","Better Match","Block Reminder","Colored Map","Colored Powertips","Minty Spire (QoL Compilation)","Rare Cards Sparkle","StSLib","SuperFastMode"],"gold_per_floor":[119,119,132,132,7,36,50,76,102,116,116,116,134,45,45,121,121,141,60,60,78,78,78,98,98,98],"floor_reached":25,"playtime":643,"items_purged":[],"score":460,"play_id":"f8e5cc40-14aa-46d0-ba29-abd8e4cf3c92","local_time":"20210107223941","is_ascension_mode":true,"campfire_choices":[{"data":"Phantasmal Killer","floor":11,"key":"SMITH"},{"floor":15,"key":"REST"},{"floor":23,"key":"REST"}],"circlet_count":0,"master_deck":["AscendersBane","Strike_G","Strike_G","Strike_G","Strike_G","Defend_G","Defend_G","Defend_G","Defend_G","Defend_G","Survivor","Neutralize","Poisoned Stab","Riddle With Holes+1","Phantasmal Killer+1","Bouncing Flask","Bane","Dagger Spray","Noxious Fumes","Bullet Time","Predator","Choke"],"relics":["Ring of the Snake","NeowsBlessing","Blood Vial","Strawberry","Omamori","Centennial Puzzle","WristBlade"],"acts_visited":["Exordium","TheCity"],"potions_floor_usage":[10,16,16,24,25],"damage_taken":[{"damage":0,"enemies":"Cultist","floor":1,"turns":1},{"damage":0,"enemies":"2 Louse","floor":3,"turns":1},{"damage":0,"enemies":"3 Sentries","floor":6,"turns":1},{"damage":4,"enemies":"Small Slimes","floor":7,"turns":3},{"damage":32,"enemies":"Gremlin Nob","floor":8,"turns":4},{"damage":3,"enemies":"Exordium Thugs","floor":10,"turns":5},{"damage":5,"enemies":"2 Fungi Beasts","floor":13,"turns":3},{"damage":29,"enemies":"Slime Boss","floor":16,"turns":9},{"damage":14,"enemies":"Spheric Guardian","floor":18,"turns":4},{"damage":12,"enemies":"Chosen","floor":21,"turns":4},{"damage":23,"enemies":"Snake Plant","floor":24,"turns":4},{"damage":24,"enemies":"Cultist and Chosen","floor":25,"turns":5}],"seed_played":"-4856418096835926921","potions_obtained":[{"floor":1,"key":"Dexterity Potion"},{"floor":7,"key":"Dexterity Potion"},{"floor":10,"key":"ColorlessPotion"},{"floor":18,"key":"SpeedPotion"},{"floor":24,"key":"Block Potion"}],"is_trial":false,"path_per_floor":["M","?","M","?","?","E","M","E","T","M","R","?","M","$","R","B",null,"M","$","?","M","?","R","M","M"],"character_chosen":"THE_SILENT","items_purchased":["Noxious Fumes","Predator"],"campfire_rested":2,"item_purchase_floors":[14,19],"current_hp_per_floor":[59,48,50,50,50,59,57,27,27,26,26,26,23,23,44,17,59,47,47,47,37,16,39,18,0,0],"gold":98,"neow_bonus":"THREE_ENEMY_KILL","is_daily":false,"chose_seed":false,"campfire_upgraded":1,"win_rate":0.0,"timestamp":1610077181,"path_taken":["M","?","M","?","?","E","M","E","T","M","R","?","M","$","R","BOSS","M","$","?","M","?","R","M","M"],"items_purchased_type":["Card","Card"],"build_version":"2020-12-22","purchased_purges":0,"victory":false,"max_hp_per_floor":[66,66,66,66,66,73,73,73,73,73,73,73,73,73,73,73,73,73,73,73,73,78,78,78,78,78],"card_choices":[{"not_picked":["Finisher","Slice"],"picked":"Poisoned Stab","floor":1},{"not_picked":["Prepared","Well Laid Plans"],"picked":"Riddle With Holes","floor":3},{"not_picked":["PiercingWail","Leg Sweep"],"picked":"Phantasmal Killer","floor":6},{"not_picked":["Tactician","Deadly Poison"],"picked":"Bouncing Flask","floor":7},{"not_picked":["Prepared","Dodge and Roll"],"picked":"Bane","floor":10},{"not_picked":["Flying Knee","Masterful Stab"],"picked":"Dagger Spray","floor":13},{"not_picked":["Malaise","Die Die Die"],"picked":"Bullet Time","floor":16},{"not_picked":["Sucker Punch","Accuracy","Expertise"],"picked":"SKIP","floor":18},{"not_picked":["Sucker Punch","Noxious Fumes","Poisoned Stab"],"picked":"SKIP","floor":21},{"not_picked":["PiercingWail","Deadly Poison"],"picked":"Choke","floor":24}],"player_experience":1014874,"relics_obtained":[{"floor":6,"key":"Strawberry"},{"floor":8,"key":"Omamori"},{"floor":9,"key":"Centennial Puzzle"}],"event_choices":[{"damage_healed":0,"gold_gain":0,"player_choice":"Success","damage_taken":11,"relics_obtained":["Blood Vial"],"max_hp_gain":0,"max_hp_loss":0,"event_name":"Scrap Ooze","floor":2,"gold_loss":0},{"damage_healed":0,"gold_gain":0,"player_choice":"Grow","damage_taken":0,"max_hp_gain":0,"max_hp_loss":0,"event_name":"Living Wall","floor":4,"gold_loss":0,"cards_upgraded":["Riddle With Holes"]},{"damage_healed":0,"gold_gain":0,"player_choice":"3","damage_taken":0,"max_hp_gain":0,"max_hp_loss":0,"event_name":"betterMatch:BetterMatch","floor":5,"gold_loss":0,"cards_obtained":[]},{"damage_healed":0,"gold_gain":0,"player_choice":"Ignored","damage_taken":0,"max_hp_gain":0,"max_hp_loss":0,"event_name":"Liars Game","floor":12,"gold_loss":0},{"cards_removed":["Strike_G"],"damage_healed":0,"gold_gain":0,"player_choice":"Elegance","damage_taken":0,"max_hp_gain":0,"max_hp_loss":0,"event_name":"Back to Basics","floor":20,"gold_loss":0},{"damage_healed":0,"gold_gain":0,"player_choice":"Shed Blood","damage_taken":26,"max_hp_gain":5,"max_hp_loss":0,"event_name":"Forgotten Altar","floor":22,"gold_loss":0}],"is_beta":false,"boss_relics":[{"not_picked":["Astrolabe","Busted Crown"],"picked":"WristBlade"}],"items_purged_floors":[],"is_endless":false,"potions_floor_spawned":[1,7,8,10,18,24],"killed_by":"Cultist and Chosen","ascension_level":19}}