{"host":"gkmfgzxy0jvnl2zt","time":1610096223,"event":{"mods":["AchievementEnabler","Act Like it!","Aspiration","BaseMod","Better Note","BetterRewards","Card Forge","Colored Map","Colored Powertips","Conspire","Elementarium","Energized Spire","Infinite Spire","Ironclad Rager","Mimic Mod","Minty Spire (QoL Compilation)","Permanent Neow","Replay The Spire","Shop Mod","StSLib","The Factory","The Jungle","Trackpad","vexMod"],"gold_per_floor":[99999,99260,99280,99234,98144,98173,98173,98192,98226,98242,98275,97284,97284,97303,97103,97283,97283,97326,97379,97379,97379,97443,97528,97528,97608,97608,97654,96666,96683,96709,96726,96726,96827,96827,96840,96840,96940,96940,96442,96476,96476,96476,96476,96476,95428,95447,95797,96318,96318,96423,96373,96386,95411,95411,95424,95502,95508,95515,95515,95569,95569,95569,95592,95600,95616,95616,95694,95694,95691,95686,95748,95748,95748,95752,95752],"floor_reached":74,"playtime":5067,"items_purged":["Defend_R+1","Defend_R+1","Defend_R+1","Strike_R+1","Strike_R+1","Strike_R+1","Strike_R+1"],"score":1449,"play_id":"4bae8b27-0c72-49c9-9c69-db350339ede1","local_time":"20210108035703","is_ascension_mode":false,"campfire_choices":[{"floor":13.0,"key":"RECALL"},{"floor":24.0,"key":"REST"},{"data":"Searing Blow+4","floor":32.0,"key":"SMITH"},{"floor":41,"key":"REST"},{"floor":44,"key":"REST"},{"floor":49,"key":"REST"},{"floor":59,"key":"REST"},{"floor":61,"key":"REST"},{"floor":66,"key":"REST"}],"circlet_count":0,"master_deck":["Defend_R+1","Bash+1","Perfected Strike+1","ReplayTheSpireMod:Brewmster+1","Metallicize+1","Metallicize+1","Perfected Strike+1","ReplayUltimateDefense+1","Inflame+1","Discovery+1","Berserk+1","Flex+1","Dark Embrace+1","ReplayTheSpireMod:Strike From Hell+1","Berserk+1","Finesse+1","Clash+1","Vigilance+1","Feed+1","Madness+1","Spot Weakness+1","ReplayReversal+1","infinitespire:UltimateForm+1","infinitespire:Gouge+1","infinitespire:SevenWalls+1","Clash+1","Defy Death+1","Searing Blow+6","Intimidate+1","conspire:Charge+1","Dual Wield+1","Spot Weakness+1","Replay:Many Hands+1","Flex+1","Madness+1","Madness+1","infinitespire:UltimateForm+1","Flex+1","Madness+1","Madness+1","infinitespire:Punishment+1","infinitespire:DeathsTouch+1","infinitespire:FinalStrike+1","Nirvana+1","Life Link+1","infinitespire:OneForAll+1","ReplayUltimateDefense+1","Sadistic Nature+1","infinitespire:OneForAll+1","ClearTheMind+1","Replay:Many Hands+1","ICR:RageStrike+1","infinitespire:Collect+1","Dual Wield+1","Inflame+1","Inflame+1","Replay:Bootleg Shield Generator+1","conspire:ExplosiveBarrier+1","infinitespire:Oblivion+1","infinitespire:Execution+1","Replay:Fractal Strike+1","ReplayTheSpireMod:Black Plague+1","ReplayTheSpireMod:??????????????????????+1","conspire:Purge+1","conspire:Charge+1","Limit Break+1","Anger+1","True Grit","Anger","Barricade+1","RitualDagger","Replay:Hysterical Blindness"],"relics":["Burning Blood","Hammer of Thor","Seething Fire","Anvil of the Gods","Vajra","Oddly Smooth Stone","Chemical X","infinitespire:Eraser","infinitespire:FocusingShard","Bird Faced Urn","MealTicket","trackpad:DisasterInABottle","aspiration:StickyExplosives_weak","trackpad:BiPhaseBiplane","ReplayTheSpireMod:SealedPack","WarpedTongs","trackpad:CultistFigurine","Ooze Armor","trackpad:ToughGloves","Bottled Tornado","Frozen Egg 2","aspiration:Nostalgia","Replay:M_StaffOfTheSnake","Durian","vexMod:RedPlottingStone","Replay:Baseball","Philosopher\u0027s Stone","trackpad:HandOfMidas","trackpad:WritersBlock","infinitespire:ShieldingShard","vexMod:FocusSash","Replay:Rubber Ducky","Replay:Accelerometer","ReplayTheSpireMod:ShopPack","Ring of Searing","Ring of Greed","Blue Doll","Old Coin","energizedSpire:HugeHouse","Replay:Kaleidoscope","Lee\u0027s Waffle","Bag of Preparation","Divine Protection","trackpad:PetRock","trackpad:AdjectivePendant","Blood Vial","aspiration:SecretTechniqueScroll"],"acts_visited":["Exordium","TheCity","TheBeyond","Exordium","TheCity"],"potions_floor_usage":[40,40,48,48,50,57,57,57,57,57,63,63,67,69],"damage_taken":[{"damage":5.0,"enemies":"Cultist","floor":1.0,"turns":4.0},{"damage":0.0,"enemies":"Small Slimes","floor":3.0,"turns":3.0},{"damage":25.0,"enemies":"Lagavulin","floor":6.0,"turns":5.0},{"damage":0.0,"enemies":"2 Louse","floor":8.0,"turns":2.0},{"damage":1.0,"enemies":"conspire:2 RoseBushes","floor":9.0,"turns":3.0},{"damage":10.0,"enemies":"conspire:2 RoseBushes","floor":10.0,"turns":4.0},{"damage":34.0,"enemies":"3 Sentries","floor":11.0,"turns":4.0},{"damage":0.0,"enemies":"Looter","floor":14.0,"turns":1.0},{"damage":64.0,"enemies":"Hexaghost","floor":16.0,"turns":5.0},{"damage":35.0,"enemies":"2 Thieves","floor":18.0,"turns":4.0},{"damage":14.0,"enemies":"Shell Parasite","floor":19.0,"turns":5.0},{"damage":14.0,"enemies":"Snecko","floor":22.0,"turns":4.0},{"damage":37.0,"enemies":"Slavers","floor":23.0,"turns":6.0},{"damage":2.0,"enemies":"Centurion and Healer","floor":25.0,"turns":5.0},{"damage":10.0,"enemies":"Centurion and Healer","floor":27.0,"turns":3.0},{"damage":0.0,"enemies":"Sentry and Sphere","floor":29.0,"turns":3.0},{"damage":13.0,"enemies":"Gremlin Leader","floor":30.0,"turns":3.0},{"damage":0.0,"enemies":"Snecko","floor":31.0,"turns":2.0},{"damage":0.0,"enemies":"conspire:MysteriousRune","floor":33.0,"turns":5.0},{"damage":0.0,"enemies":"3 Darklings","floor":35.0,"turns":4.0},{"damage":22.0,"enemies":"infinitespire:Three Voidlings","floor":37.0,"turns":3.0},{"damage":68.0,"enemies":"Nightmare_Alpha","floor":37.0,"turns":6.0},{"damage":0,"enemies":"Giant Head","floor":40,"turns":3},{"damage":0,"enemies":"3 Shapes","floor":46,"turns":3},{"damage":0,"enemies":"Transient","floor":48,"turns":2},{"damage":68,"enemies":"infinitespire:MassOfShapes","floor":50,"turns":4},{"damage":0,"enemies":"conspire:RoseBush","floor":52,"turns":1},{"damage":0,"enemies":"Jaw Worm","floor":55,"turns":1},{"damage":47,"enemies":"Nightmare","floor":57,"turns":5},{"damage":0,"enemies":"2 Louse","floor":58,"turns":1},{"damage":0,"enemies":"Replay:BlueRogue","floor":63,"turns":2},{"damage":6,"enemies":"Large Slime","floor":64,"turns":2},{"damage":0,"enemies":"conspire:2 RoseBushes","floor":65,"turns":2},{"damage":0,"enemies":"The Guardian","floor":67,"turns":3},{"damage":0,"enemies":"Shell Parasite","floor":69,"turns":2},{"damage":116,"enemies":"2 Thieves","floor":70,"turns":4},{"damage":0,"enemies":"Snake Plant","floor":71,"turns":1},{"damage":66,"enemies":"Slavers","floor":74,"turns":1}],"seed_played":"6304423817350194832","potions_obtained":[{"floor":3.0,"key":"Toxic Potion"},{"floor":10.0,"key":"ColorlessPotion"},{"floor":19.0,"key":"SteroidPotion"},{"floor":22.0,"key":"Explosive Potion"},{"floor":29.0,"key":"SteroidPotion"},{"floor":30.0,"key":"BlessingOfTheForge"},{"floor":37,"key":"Dexterity Potion"},{"floor":46,"key":"Milkshake"},{"floor":50,"key":"FearPotion"},{"floor":52,"key":"Dexterity Potion"},{"floor":55,"key":"Elixir"},{"floor":57,"key":"SkillPotion"},{"floor":65,"key":"Strength Potion"},{"floor":70,"key":"BlessingOfTheForge"},{"floor":71,"key":"FearPotion"}],"is_trial":false,"path_per_floor":["M","$","M","?","$","E","?","M","MIM","M","E","$","R","M","R_BF","B",null,"M","M","?","AVR","M","E","R","MIM","T","M","$","M","E","M","R","B",null,"M","?","?","AVR","?","E","R","?","T","R","$","M","?","M","R","B",null,"M","$","?","M","?","NM","M","R","T","R","AVR","E","M","M","R","B",null,"M","M","M","?","?","E"],"character_chosen":"IRONCLAD","items_purchased":["Vajra","Oddly Smooth Stone","PowerPotion","DuplicationPotion","ReplayTheSpireMod:Brewmster","Metallicize","Chemical X","infinitespire:Eraser","infinitespire:FocusingShard","ReplayUltimateDefense","Inflame","Discovery","trackpad:DisasterInABottle","aspiration:StickyExplosives_weak","trackpad:BiPhaseBiplane","PowerPotion","CultistPotion","Finesse","aspiration:Nostalgia","Durian","conspire:Charge","vexMod:RedPlottingStone","Replay:Rubber Ducky","Replay:Accelerometer","ReplayTheSpireMod:ShopPack","infinitespire:OneForAll+1","ReplayUltimateDefense+1","AttackPotion","Adrenaline Potion","Replay:Kaleidoscope","Lee\u0027s Waffle","Bag of Preparation","Inflame+1","PowerPotion","Replay:Bootleg Shield Generator+1"],"campfire_rested":7,"item_purchase_floors":[2,2,2,2,2,2,5,5,5,5,5,5,12,12,12,12,12,12,28,28,28,28,45,45,45,45,45,45,45,53,53,53,53,53,53],"current_hp_per_floor":[80,80,80,80,80,61,61,69,78,80,60,75,75,80,80,34,80,55,59,59,59,57,40,65,81,81,81,89,93,93,93,93,93,93,93,81,20,20,20,34,65,65,65,96,105,109,109,109,109,55,104,104,111,111,111,111,74,80,114,114,115,115,115,115,115,115,115,115,115,11,27,27,21,0,0],"gold":95752,"neow_bonus":"TRANSFORM_CARD","is_daily":false,"chose_seed":false,"campfire_upgraded":1,"win_rate":0.0,"timestamp":1610096223,"path_taken":["M","$","M","?","$","E","?","M","MIM","M","E","?","R","M","R_BF","BOSS","M","?","?","AVR","M","E","R","?","T","?","$","M","E","M","R","BOSS","M","?","?","AVR","?","E","R","?","T","R","$","?","?","M","R","BOSS","M","$","?","M","?","NM","M","R","T","R","AVR","E","M","M","R","BOSS","M","M","M","?","?","E"],"items_purchased_type":["Relic","Relic","Potion","Potion","Card","Card","Relic","Relic","Relic","Card","Card","Card","Relic","Relic","Relic","Potion","Potion","Card","Relic","Relic","Card","Relic","Relic","Relic","Relic","Card","Card","Potion","Potion","Relic","Relic","Relic","Card","Potion","Card"],"build_version":"2020-12-22","purchased_purges":7,"victory":false,"max_hp_per_floor":[80,80,80,80,80,80,80,80,80,80,80,80,80,80,80,80,80,80,80,80,80,80,84,84,84,84,84,89,93,93,93,93,93,93,93,93,105,105,105,105,105,105,105,105,105,109,109,109,109,109,104,104,111,111,111,111,115,115,115,115,115,115,115,115,115,115,115,115,115,115,115,115,115,115,115],"card_choices":[{"not_picked":["True Grit","Body Slam"],"picked":"Clothesline","floor":1.0},{"not_picked":["Run Through","Iron Wave"],"picked":"Perfected Strike","floor":3.0},{"not_picked":["Cleave","Pommel Strike"],"picked":"Berserk","floor":6.0},{"not_picked":["ReplayTheSpireMod:Strike From Hell","True Grit"],"picked":"Flex","floor":8.0},{"not_picked":["Clash","Iron Wave"],"picked":"Dark Embrace","floor":9.0},{"not_picked":["Thunderclap","Cleave"],"picked":"ReplayTheSpireMod:Strike From Hell","floor":10.0},{"not_picked":["Run Through","Seeing Red"],"picked":"Berserk","floor":11.0},{"not_picked":["Dark Embrace","Thunderclap"],"picked":"Clash","floor":14.0},{"not_picked":["Survivor","Neutralize"],"picked":"Vigilance","floor":17.0},{"not_picked":["Hemogenesis","Impervious"],"picked":"Feed","floor":17.0},{"not_picked":["Impatience","Jack Of All Trades"],"picked":"Madness","floor":17.0},{"not_picked":["infinitespire:Fortify","ReplayTheSpireMod:Haul"],"picked":"infinitespire:Execution","floor":17.0},{"not_picked":["Clothesline","Power Through"],"picked":"Spot Weakness","floor":18.0},{"not_picked":["conspire:Purge","Metallicize"],"picked":"ReplayReversal+1","floor":19.0},{"not_picked":["Iron Wave","Pommel Strike+1"],"picked":"Clash+1","floor":22.0},{"not_picked":["Eclipse","Sword Boomerang"],"picked":"Defy Death","floor":23.0},{"not_picked":["Run Through","ReplayTheSpireMod:Strike From Hell"],"picked":"Searing Blow","floor":25.0},{"not_picked":["Rampage","True Grit"],"picked":"Intimidate","floor":27.0},{"not_picked":["Cleave","Headbutt"],"picked":"Dual Wield","floor":29.0},{"not_picked":["ClearTheMind+1","Rupture+1"],"picked":"Spot Weakness","floor":30.0},{"not_picked":["Well Laid Plans+1","Thunderclap+1","Warcry"],"picked":"SKIP","floor":31.0},{"not_picked":["Bludgeon","Wraith Form v2+1"],"picked":"Replay:Many Hands","floor":33.0},{"not_picked":["Headbutt+1","Combust+1"],"picked":"Flex","floor":35.0},{"not_picked":["ReplayTheSpireMod:Black Plague","infinitespire:Execution"],"picked":"infinitespire:UltimateForm","floor":37},{"not_picked":["Headbutt+1","Armaments"],"picked":"Flex","floor":37},{"not_picked":["ReplayTheSpireMod:Black Plague","ReplayTheSpireMod:??????????????????????"],"picked":"infinitespire:FinalStrike","floor":39},{"not_picked":["Second Wind","Combust+1"],"picked":"Nirvana+1","floor":40},{"not_picked":["Poisoned Strike","Midas Touch"],"picked":"Sadistic Nature","floor":45},{"not_picked":["ReplayTheSpireMod:Private Reserves","PanicButton"],"picked":"ReplayUltimateDefense","floor":45},{"not_picked":["Hemokinesis","Crescendo+1"],"picked":"infinitespire:OneForAll","floor":46},{"not_picked":["Shrug It Off","Cleave+1"],"picked":"ClearTheMind+1","floor":48},{"not_picked":["Eclipse","Fiend Fire"],"picked":"Replay:Many Hands","floor":50},{"not_picked":["Headbutt","ReplayTheSpireMod:Limb From Limb"],"picked":"Dual Wield","floor":52},{"not_picked":["True Grit","Warcry","Iron Wave"],"picked":"SKIP","floor":55},{"not_picked":["Warcry","Armaments","Thunderclap"],"picked":"SKIP","floor":57},{"not_picked":["Pommel Strike","Anger"],"picked":"conspire:ExplosiveBarrier","floor":58},{"not_picked":["Anger","True Grit"],"picked":"conspire:Purge","floor":63},{"not_picked":["Shockwave","Anger"],"picked":"conspire:Charge","floor":64},{"not_picked":["Headbutt","Armaments","Clash"],"picked":"SKIP","floor":65},{"not_picked":["Double Tap","conspire:HitWhereItHurts"],"picked":"Limit Break","floor":67},{"not_picked":["Run Through+1","Heavy Blade"],"picked":"Anger","floor":69},{"not_picked":["Shockwave","conspire:Charge"],"picked":"True Grit","floor":70},{"not_picked":["Headbutt","Pommel Strike"],"picked":"Anger","floor":71}],"player_experience":16267,"relics_obtained":[{"floor":6.0,"key":"Bird Faced Urn"},{"floor":11.0,"key":"MealTicket"},{"floor":23.0,"key":"trackpad:ToughGloves"},{"floor":25.0,"key":"Bottled Tornado"},{"floor":26.0,"key":"Frozen Egg 2"},{"floor":30.0,"key":"Replay:Baseball"},{"floor":37,"key":"trackpad:HandOfMidas"},{"floor":40,"key":"infinitespire:ShieldingShard"},{"floor":43,"key":"vexMod:FocusSash"},{"floor":47,"key":"Ring of Searing"},{"floor":47,"key":"Ring of Greed"},{"floor":47,"key":"Blue Doll"},{"floor":47,"key":"Old Coin"},{"floor":57,"key":"Divine Protection"},{"floor":60,"key":"trackpad:PetRock"},{"floor":63,"key":"Blood Vial"}],"event_choices":[{"damage_healed":0.0,"max_hp_gain":0.0,"max_hp_loss":0.0,"gold_gain":0.0,"event_name":"World of Goop","player_choice":"Left Gold","floor":4.0,"gold_loss":46.0,"damage_taken":0.0},{"damage_healed":0.0,"max_hp_gain":0.0,"max_hp_loss":0.0,"gold_gain":0.0,"event_name":"conspire:Investor","player_choice":"Invest 4","floor":15.0,"gold_loss":0.0,"damage_taken":0.0},{"damage_healed":0.0,"max_hp_gain":0.0,"max_hp_loss":0.0,"gold_gain":0.0,"event_name":"Accursed Blacksmith","player_choice":"Rummage","floor":20.0,"gold_loss":0.0,"damage_taken":0.0,"relics_obtained":["WarpedTongs"],"cards_obtained":["Pain"]},{"damage_healed":0.0,"max_hp_gain":0.0,"max_hp_loss":0.0,"gold_gain":0.0,"event_name":"Winding Halls","player_choice":"Embrace Madness","floor":36.0,"gold_loss":0.0,"damage_taken":12.0,"cards_obtained":["Madness","Madness"]},{"damage_healed":0,"gold_gain":0,"player_choice":"Embrace Madness","damage_taken":13,"max_hp_gain":0,"max_hp_loss":0,"event_name":"Winding Halls","floor":37,"gold_loss":0,"cards_obtained":["Madness","Madness"]},{"damage_healed":0,"gold_gain":0,"player_choice":"1 cards matched","damage_taken":0,"max_hp_gain":0,"max_hp_loss":0,"event_name":"Match and Keep!","floor":42,"gold_loss":0,"cards_obtained":["Life Link"]},{"damage_healed":0,"gold_gain":0,"player_choice":"Ignored","damage_taken":0,"max_hp_gain":0,"max_hp_loss":0,"event_name":"Shining Light","floor":54,"gold_loss":0},{"damage_healed":0,"gold_gain":78,"player_choice":"Gained Gold","damage_taken":0,"max_hp_gain":0,"max_hp_loss":0,"event_name":"Golden Wing","floor":56,"gold_loss":0},{"damage_healed":0,"gold_gain":0,"player_choice":"Read","damage_taken":0,"max_hp_gain":0,"max_hp_loss":0,"event_name":"The Library","floor":72,"gold_loss":0,"cards_obtained":["Barricade"]},{"damage_healed":0,"gold_gain":0,"player_choice":"Joined the Cult","damage_taken":6,"max_hp_gain":0,"max_hp_loss":0,"event_name":"Nest","floor":73,"gold_loss":0,"cards_obtained":["RitualDagger"]}],"is_beta":false,"boss_relics":[{"not_picked":["conspire:RunicOctahedron","energizedSpire:StickyHand"],"picked":"ReplayTheSpireMod:SealedPack"},{"not_picked":["Black Blood","Replay:Bronze Core"],"picked":"Philosopher\u0027s Stone"},{"not_picked":["vexMod:MysteryBossChallenge","aspiration:SecretTechniqueScroll"],"picked":"energizedSpire:HugeHouse"},{"not_picked":["infinitespire:Burning Sword","ReplayTheSpireMod:DimensionalGlitch"],"picked":"aspiration:SecretTechniqueScroll"}],"items_purged_floors":[2,5,12,28,45,53,62],"is_endless":true,"potions_floor_spawned":[3,10,14,19,22,29,30,37,46,50,52,55,57,65,70,71],"killed_by":"Slavers","ascension_level":0}}