{"host":"gzsdmyo07u314vug","time":1610127785,"event":{"mods":["2.2 Compatiblity","BaseMod","Downfall","GifTheSpireLib","Minty Spire (QoL Compilation)","Quick Restart","Rare Cards Sparkle","Relic Stats","Replay The Spire","Robot Space Explorer","Shop Mod","StSLib","The Bug Knight","The Construct","The Elementalist","The IronCluck","The Marked","The Servant 0.9.4","Unceasing Turn Reminder","everything is the same but u backflip on backflip","slay the spire mod where everything is the same but ironclad has a cowboy hat","vexMod"],"gold_per_floor":[114,65,65,65,75,75,85,85,134,134,151,151,165,181,181,283,283,293,303,218,218,143,170,186,86,86,98,15,15,15,27,27,125,125,144,144,194,212,226,226,72,72,152,202,217,217,217,236,236,236],"floor_reached":51,"playtime":2616,"items_purged":["theMarked:Strike","theMarked:Strike"],"score":757,"play_id":"8cadeb8d-7bc1-422c-b207-0365315c979b","local_time":"20210108144305","is_ascension_mode":false,"campfire_choices":[{"data":"theMarked:SoldierOfQuellstein","floor":6,"key":"SMITH"},{"data":"theMarked:EmpowerWeapon","floor":8,"key":"SMITH"},{"data":"theMarked:Electrify","floor":10,"key":"SMITH"},{"data":"theMarked:Defend","floor":12,"key":"SMITH"},{"data":"theMarked:ElementalBlade","floor":15,"key":"SMITH"},{"data":"Replay:SS_forest_6","floor":29,"key":"SMITH"},{"floor":32,"key":"REST"},{"data":"theMarked:BindingBlade","floor":40,"key":"SMITH"},{"data":"theMarked:ParalyzingBlade","floor":42,"key":"SMITH"},{"data":"theMarked:Parkour","floor":49,"key":"SMITH"}],"circlet_count":0,"master_deck":["theMarked:Defend+1","theMarked:Defend","theMarked:Defend","theMarked:Defend","theMarked:SoldierOfQuellstein+1","theMarked:Electrify+1","theMarked:EmpowerWeapon+1","theMarked:ElementalBlade+1","theMarked:SuspiciousRaven","theMarked:Static+1","theMarked:SwordAndMagic","Replay:SS_forest_6+1","theMarked:BindingBlade+1","theMarked:WardOff+1","theMarked:ParalyzingBlade+1","theMarked:TwofoldDefense+1","theMarked:Parkour+1"],"relics":["theMarked:ArtifactOfAir","NeowsBlessing","Bag of Marbles","SacredBark","construct:BoolHorns","Replay:Baseball","ReplayTheSpireMod:Shallot","vexMod:BarristanHead","Empty Cage","Lee\u0027s Waffle","Iron Hammer","vexMod:CardConverter","Pantograph"],"acts_visited":["Exordium","TheCity","TheBeyond"],"potions_floor_usage":[11,16,27,33,45,48,50],"damage_taken":[{"damage":0.0,"enemies":"Small Slimes","floor":1.0,"turns":1.0},{"damage":0,"enemies":"2 Louse","floor":5,"turns":1},{"damage":0,"enemies":"Jaw Worm","floor":7,"turns":1},{"damage":0,"enemies":"Exordium Wildlife","floor":11,"turns":2},{"damage":0,"enemies":"Blue Slaver","floor":13,"turns":2},{"damage":2,"enemies":"Large Slime","floor":14,"turns":4},{"damage":49,"enemies":"Hexaghost","floor":16,"turns":12},{"damage":5,"enemies":"Chosen","floor":18,"turns":4},{"damage":10,"enemies":"Spheric Guardian","floor":19,"turns":3},{"damage":12,"enemies":"Replay:Snechameleon","floor":23,"turns":6},{"damage":0,"enemies":"Snake Plant","floor":24,"turns":3},{"damage":5,"enemies":"Centurion and Healer","floor":27,"turns":3},{"damage":15,"enemies":"Snecko","floor":31,"turns":4},{"damage":31,"enemies":"Collector","floor":33,"turns":10},{"damage":12,"enemies":"Orb Walker","floor":35,"turns":3},{"damage":0,"enemies":"3 Shapes","floor":38,"turns":6},{"damage":0,"enemies":"Maw","floor":39,"turns":6},{"damage":40,"enemies":"Mind Bloom Boss Battle","floor":44,"turns":6},{"damage":8,"enemies":"Sphere and 2 Shapes","floor":45,"turns":5},{"damage":0,"enemies":"Jaw Worm Horde","floor":48,"turns":5},{"damage":65,"enemies":"Donu and Deca","floor":50,"turns":11}],"seed_played":"2469535759908933266","potions_obtained":[{"floor":3,"key":"Adrenaline Potion"},{"floor":5,"key":"SpeedPotion"},{"floor":16,"key":"EssenceOfSteel"},{"floor":24,"key":"Energy Potion"},{"floor":31,"key":"Toxic Potion"},{"floor":35,"key":"SpeedPotion"},{"floor":38,"key":"Doom Potion"}],"is_trial":false,"path_per_floor":["M","$","?","?","M","R","M","R","T","R","M","R","M","M","R","B",null,"M","M","?","?","$","E","M","$","T","M","$","R","?","M","R","B",null,"M","?","?","M","M","R","$","R","T","?","M","T","?","M","R","B",null],"character_chosen":"THE_DEFAULT","items_purchased":["theMarked:EmpowerWeapon","Replay:SS_forest_6","Lee\u0027s Waffle"],"campfire_rested":1,"item_purchase_floors":[2,28,41],"current_hp_per_floor":[70,70,70,70,70,70,70,70,70,70,70,70,70,68,68,19,70,65,55,55,55,55,43,43,43,43,38,38,38,38,23,44,13,70,70,66,66,66,66,66,73,73,73,45,49,49,49,51,51,10],"gold":236,"neow_bonus":"THREE_ENEMY_KILL","is_daily":false,"chose_seed":false,"campfire_upgraded":9,"win_rate":0.0,"timestamp":1610127785,"path_taken":["M","$","?","?","M","R","M","R","T","R","M","R","M","M","R","BOSS","M","M","?","?","$","E","M","?","T","M","$","R","?","M","R","BOSS","M","?","?","M","M","R","$","R","T","?","M","?","?","?","R","BOSS"],"items_purchased_type":["Card","Card","Relic"],"build_version":"2020-12-22","purchased_purges":2,"victory":true,"max_hp_per_floor":[70,70,70,70,70,70,70,70,70,70,70,70,70,70,70,70,70,70,70,70,70,70,70,70,70,70,70,70,70,70,70,70,70,70,70,66,66,66,66,66,73,73,73,73,73,73,73,75,75,75],"relic_stats":{"Lee\u0027s Waffle":7,"counters":[21,98],"Pantograph":24,"obtain_stats":[{"construct:BoolHorns":20,"Lee\u0027s Waffle":41,"NeowsBlessing":0,"SacredBark":17,"Empty Cage":34,"theMarked:ArtifactOfAir":0,"Replay:Baseball":21,"vexMod:BarristanHead":26,"ReplayTheSpireMod:Shallot":23,"vexMod:CardConverter":44,"Pantograph":46,"Iron Hammer":43,"Bag of Marbles":9},{"construct:BoolHorns":9,"Lee\u0027s Waffle":17,"NeowsBlessing":0,"SacredBark":7,"Empty Cage":14,"theMarked:ArtifactOfAir":0,"Replay:Baseball":9,"vexMod:BarristanHead":11,"ReplayTheSpireMod:Shallot":10,"vexMod:CardConverter":18,"Pantograph":19,"Iron Hammer":17,"Bag of Marbles":3},{"construct:BoolHorns":30,"Lee\u0027s Waffle":71,"NeowsBlessing":0,"SacredBark":23,"Empty Cage":56,"theMarked:ArtifactOfAir":0,"Replay:Baseball":30,"vexMod:BarristanHead":39,"ReplayTheSpireMod:Shallot":36,"vexMod:CardConverter":77,"Pantograph":82,"Iron Hammer":71,"Bag of Marbles":3}]},"card_choices":[{"not_picked":["theMarked:ElectricStrings","theMarked:StartUp"],"picked":"theMarked:Electrify","floor":1.0},{"not_picked":["theMarked:Convert","theMarked:Improvise","theMarked:WastefulAttack"],"picked":"SKIP","floor":5},{"not_picked":["theMarked:WastefulDefense","theMarked:Aftermath","theMarked:Improvise"],"picked":"SKIP","floor":7},{"not_picked":["theMarked:RepellingDischarge","theMarked:ElectricStrings","theMarked:Static"],"picked":"SKIP","floor":11},{"not_picked":["theMarked:MuscleMemory","theMarked:BanishingWave"],"picked":"theMarked:ElementalBlade","floor":13},{"not_picked":["theMarked:KeepCalmAndFightOn","theMarked:GodGivenPower"],"picked":"theMarked:Opportunist","floor":14},{"not_picked":["theMarked:SummonStrength","theMarked:Defy"],"picked":"theMarked:SuspiciousRaven","floor":16},{"not_picked":["theMarked:ResourceFulStrike","theMarked:WardOff","theMarked:Parkour"],"picked":"SKIP","floor":18},{"not_picked":["theMarked:Frustration+1","theMarked:ChainLightning"],"picked":"theMarked:Static+1","floor":19},{"not_picked":["theMarked:Parkour","theMarked:ChannelForce"],"picked":"theMarked:SwordAndMagic","floor":23},{"not_picked":["theMarked:WastefulDefense+1","theMarked:Static+1","theMarked:Improvise"],"picked":"SKIP","floor":24},{"not_picked":["theMarked:Static","theMarked:Parry+1","theMarked:SwordAndMagic"],"picked":"SKIP","floor":27},{"not_picked":["theMarked:Opportunist","theMarked:ResourceFulStrike","theMarked:GodGivenPower"],"picked":"SKIP","floor":31},{"not_picked":["theMarked:MagicAdept","theMarked:SummonStrength"],"picked":"theMarked:BindingBlade","floor":33},{"not_picked":["theMarked:WastefulDefense","theMarked:ChainLightning"],"picked":"theMarked:WardOff+1","floor":35},{"not_picked":["theMarked:Parkour+1","theMarked:ShockingTouch"],"picked":"theMarked:ParalyzingBlade","floor":38},{"not_picked":["theMarked:KeepCalmAndFightOn+1","theMarked:RepellingDischarge"],"picked":"theMarked:TwofoldDefense+1","floor":39},{"not_picked":["theMarked:KeepCalmAndFightOn","theMarked:Frustration","theMarked:Aftermath+1"],"picked":"SKIP","floor":45},{"not_picked":["theMarked:ElectricStrings+1","theMarked:Opportunist"],"picked":"theMarked:Parkour","floor":48}],"player_experience":671978,"relics_obtained":[{"floor":9,"key":"Bag of Marbles"},{"floor":23,"key":"ReplayTheSpireMod:Shallot"},{"floor":26,"key":"vexMod:BarristanHead"},{"floor":43,"key":"Iron Hammer"},{"floor":44,"key":"vexMod:CardConverter"},{"floor":46,"key":"Pantograph"}],"event_choices":[{"damage_healed":0,"gold_gain":0,"player_choice":"Obtained Relic","damage_taken":0,"relics_obtained":["construct:BoolHorns"],"max_hp_gain":0,"max_hp_loss":0,"event_name":"Addict","floor":20,"gold_loss":85},{"cards_removed":["theMarked:Strike"],"damage_healed":0,"gold_gain":0,"player_choice":"Elegance","damage_taken":0,"max_hp_gain":0,"max_hp_loss":0,"event_name":"Back to Basics","floor":30,"gold_loss":0},{"damage_healed":0,"gold_gain":0,"player_choice":"Max HP","damage_taken":0,"max_hp_gain":0,"max_hp_loss":4,"event_name":"Winding Halls","floor":36,"gold_loss":0},{"damage_healed":0,"gold_gain":0,"player_choice":"Fight","damage_taken":0,"max_hp_gain":0,"max_hp_loss":0,"event_name":"MindBloom","floor":44,"gold_loss":0},{"damage_healed":0,"gold_gain":0,"player_choice":"Ignored","damage_taken":0,"max_hp_gain":0,"max_hp_loss":0,"event_name":"NoteForYourself","floor":47,"gold_loss":0}],"is_beta":false,"boss_relics":[{"not_picked":["Ring of Chaos","vexMod:RockOfEvil"],"picked":"SacredBark"},{"not_picked":["vexMod:EndlessSickness","Busted Crown"],"picked":"Empty Cage"}],"items_purged_floors":[22,25],"is_endless":false,"potions_floor_spawned":[5,16,24,31,35,38],"ascension_level":0}}