{"host":"8fup84v061vi31le","time":1610091207,"event":{"mods":["Aspiration","BaseMod","Better Match","Better Third Choice","Minty Spire (QoL Compilation)","Shop Mod","Spicy Shops","StSLib"],"gold_per_floor":[112,124,49,62,78,106,117,117,117,134,167,167,57,70,70,172,172,186,186,186,111,34,34,61,61,61,71,86,106,106,106,106],"floor_reached":31,"playtime":861,"items_purged":["Defend_R"],"score":387,"play_id":"362a48c6-2ef3-4882-971f-f58a4f1f499b","local_time":"20210108153327","is_ascension_mode":true,"campfire_choices":[{"floor":8,"key":"REST"},{"data":"Perfected Strike","floor":15,"key":"SMITH"},{"floor":23,"key":"REST"},{"floor":25,"key":"REST"}],"circlet_count":0,"master_deck":["Strike_R","Strike_R","Strike_R","Strike_R+1","Thunderclap","Inflame","Perfected Strike+1","Pommel Strike+1","Flex+1","Wild Strike+1","Perfected Strike+1","Venomology","Underhanded Strike","Limit Break+1","Battle Trance","Shrug It Off","Bludgeon"],"relics":["Burning Blood","Whetstone","Thread and Needle","Bottled Lightning","Membership Card","Black Star","PreservedInsect","Letter Opener","aspiration:Lifesprig","Ginger"],"acts_visited":["Exordium","TheCity"],"potions_floor_usage":[16,16,29,29],"damage_taken":[{"damage":5.0,"enemies":"Small Slimes","floor":1.0,"turns":4.0},{"damage":1.0,"enemies":"Cultist","floor":2.0,"turns":3.0},{"damage":4,"enemies":"Jaw Worm","floor":4,"turns":3},{"damage":0,"enemies":"Large Slime","floor":5,"turns":4},{"damage":20,"enemies":"3 Sentries","floor":6,"turns":6},{"damage":28,"enemies":"Exordium Thugs","floor":7,"turns":3},{"damage":10,"enemies":"Looter","floor":10,"turns":3},{"damage":12,"enemies":"Gremlin Nob","floor":11,"turns":3},{"damage":9,"enemies":"Blue Slaver","floor":14,"turns":2},{"damage":22,"enemies":"The Guardian","floor":16,"turns":6},{"damage":8,"enemies":"Chosen","floor":18,"turns":3},{"damage":29,"enemies":"Book of Stabbing","floor":24,"turns":3},{"damage":38,"enemies":"2 Thieves","floor":27,"turns":4},{"damage":24,"enemies":"Cultist and Chosen","floor":28,"turns":5},{"damage":30,"enemies":"Snecko","floor":29,"turns":4},{"damage":30,"enemies":"Slavers","floor":31,"turns":1}],"seed_played":"6142387334909287091","potions_obtained":[{"floor":1.0,"key":"PowerPotion"},{"floor":4,"key":"HeartOfIron"},{"floor":6,"key":"LiquidMemories"},{"floor":16,"key":"Ancient Potion"},{"floor":24,"key":"SteroidPotion"},{"floor":28,"key":"BloodPotion"}],"is_trial":false,"path_per_floor":["M","M","?","M","M","E","M","R","T","M","E","?","$","M","R","B",null,"M","?","?","?","$","R","E","R","T","M","M","M","?","E"],"character_chosen":"IRONCLAD","items_purchased":["Membership Card","PreservedInsect"],"campfire_rested":3,"item_purchase_floors":[13,22],"current_hp_per_floor":[73,78,78,80,80,66,44,68,68,64,58,51,51,48,48,32,68,66,66,51,51,51,76,53,78,78,46,28,21,21,0,0],"gold":106,"neow_bonus":"THREE_CARDS","is_daily":false,"chose_seed":false,"campfire_upgraded":1,"win_rate":0.0,"timestamp":1610091207,"path_taken":["M","M","?","?","M","E","M","R","T","M","E","?","$","M","R","BOSS","M","?","?","?","$","R","E","R","T","M","M","M","?","E"],"items_purchased_type":["Relic","Relic"],"build_version":"2020-12-22","purchased_purges":1,"victory":false,"max_hp_per_floor":[80,80,80,80,80,80,80,80,80,80,80,80,80,80,80,80,80,80,80,85,85,85,85,85,85,85,85,85,85,85,85,85],"card_choices":[{"not_picked":["Bloodletting","Shrug It Off"],"picked":"Thunderclap","floor":0.0},{"not_picked":["Flame Barrier","Combust"],"picked":"Inflame","floor":1.0},{"not_picked":["Shrug It Off","Headbutt","Clothesline"],"picked":"SKIP","floor":2.0},{"not_picked":["Cleave+1","Flex+1"],"picked":"Perfected Strike+1","floor":3},{"not_picked":["Cleave+1","Body Slam+1"],"picked":"Pommel Strike+1","floor":3},{"not_picked":["Body Slam+1","True Grit+1"],"picked":"Flex+1","floor":3},{"not_picked":["Dropkick","Clash","True Grit"],"picked":"SKIP","floor":4},{"not_picked":["Uppercut","Dual Wield"],"picked":"Wild Strike","floor":5},{"not_picked":["Feel No Pain","Carnage","Flex"],"picked":"SKIP","floor":6},{"not_picked":["Flame Barrier","Headbutt","Carnage"],"picked":"SKIP","floor":7},{"not_picked":["Intimidate","Feed","Dark Embrace"],"picked":"SKIP","floor":10},{"not_picked":["Dark Embrace","Whirlwind","Havoc"],"picked":"SKIP","floor":11},{"not_picked":["Hemokinesis","Thunderclap"],"picked":"Perfected Strike","floor":14},{"not_picked":["True Grit","Sever Soul","Dual Wield"],"picked":"SKIP","floor":18},{"not_picked":["Barricade+1","Feed+1"],"picked":"Limit Break+1","floor":21},{"not_picked":["Fire Breathing+1","Disarm","Rage"],"picked":"SKIP","floor":24},{"not_picked":["Second Wind","Anger+1","Shrug It Off"],"picked":"SKIP","floor":27},{"not_picked":["Heavy Blade","Sword Boomerang","Anger"],"picked":"SKIP","floor":28},{"not_picked":["Headbutt+1","Metallicize"],"picked":"Battle Trance","floor":29}],"player_experience":148109,"relics_obtained":[{"floor":6,"key":"Whetstone"},{"floor":9,"key":"Thread and Needle"},{"floor":11,"key":"Bottled Lightning"},{"floor":24,"key":"Letter Opener"},{"floor":24,"key":"aspiration:Lifesprig"},{"floor":26,"key":"Ginger"}],"event_choices":[{"damage_healed":0,"gold_gain":0,"player_choice":"3","damage_taken":0,"max_hp_gain":0,"max_hp_loss":0,"event_name":"betterMatch:BetterMatch","floor":3,"gold_loss":0,"cards_obtained":["betterMatch:CommonCard"]},{"cards_removed":["Defend_R"],"damage_healed":0,"gold_gain":0,"player_choice":"Card Removal","damage_taken":7,"max_hp_gain":0,"max_hp_loss":0,"event_name":"Golden Wing","floor":12,"gold_loss":0},{"damage_healed":0,"gold_gain":0,"player_choice":"Shed Blood","damage_taken":20,"max_hp_gain":5,"max_hp_loss":0,"event_name":"Forgotten Altar","floor":20,"gold_loss":0},{"damage_healed":0,"gold_gain":0,"player_choice":"3","damage_taken":0,"max_hp_gain":0,"max_hp_loss":0,"event_name":"betterMatch:BetterMatch","floor":21,"gold_loss":0,"cards_obtained":["betterMatch:RareCard"]},{"damage_healed":0,"gold_gain":0,"cards_transformed":["Reflex","Bash"],"player_choice":"Became Test Subject","damage_taken":0,"max_hp_gain":0,"max_hp_loss":0,"event_name":"Drug Dealer","floor":30,"gold_loss":0,"cards_obtained":["Shrug It Off","Bludgeon"]}],"is_beta":false,"boss_relics":[{"not_picked":["Fusion Hammer","aspiration:RitualDagger"],"picked":"Black Star"}],"items_purged_floors":[13],"is_endless":false,"potions_floor_spawned":[1,4,6,14,16,24,27,28],"killed_by":"Slavers","ascension_level":9}}