{"host":"3l94tha3a4jgu0q4","time":1610081087,"event":{"mods":["2.2 Compatiblity","AchievementEnabler","BaseMod","Colored Map","Colored Powertips","Highlight Path","Minty Spire (QoL Compilation)","Permanent Neow","StSLib","SuperFastMode"],"gold_per_floor":[113,125,125,50,50,50,85,85,85,85,85,103,103,3,3,129,129,147,185,185,205,254,266,301,313,325,376,303,346,358,205,205,336,336,351,374,374,390,405,405,446,446,446,446,485,485,548,548,548,548,548,548,3,39,39,39],"floor_reached":55,"playtime":1055,"items_purged":["Strike_P","Strike_P","Defend_P","Defend_P"],"score":1498,"play_id":"02c2984a-b5f1-4b92-a8d6-814953179b34","local_time":"20210107204446","is_ascension_mode":true,"campfire_choices":[{"data":"Vengeance","floor":6.0,"key":"SMITH"},{"data":"Establishment","floor":10.0,"key":"SMITH"},{"data":"WindmillStrike","floor":15.0,"key":"SMITH"},{"data":"ReachHeaven","floor":23.0,"key":"SMITH"},{"floor":25.0,"key":"RECALL"},{"data":"Worship","floor":32.0,"key":"SMITH"},{"data":"WreathOfFlame","floor":40.0,"key":"SMITH"},{"data":"ForeignInfluence","floor":42.0,"key":"SMITH"},{"floor":44.0,"key":"REST"},{"data":"Wish","floor":46.0,"key":"SMITH"},{"floor":49.0,"key":"REST"},{"data":"DevaForm","floor":52,"key":"SMITH"}],"circlet_count":0,"master_deck":["AscendersBane","Strike_P+1","Eruption","Vigilance+1","WindmillStrike+1","Vengeance+1","Establishment+1","Ragnarok+1","Protect+1","Wish+1","Brilliance+1","ReachHeaven+1","WreathOfFlame+1","Worship+1","Wish+1","SandsOfTime+1","WheelKick+1","ForeignInfluence+1","DevaForm+1","CrushJoints+1"],"relics":["Snecko Eye","Golden Idol","Singing Bowl","PreservedInsect","Tiny Chest","Astrolabe","Red Mask","MawBank","InkBottle","Sundial","Molten Egg 2","Blood Vial","Philosopher\u0027s Stone","Anchor","The Courier","Strawberry","Lizard Tail","Letter Opener","Calipers","Bronze Scales","Lantern"],"acts_visited":["Exordium","TheCity","TheBeyond","TheEnding"],"potions_floor_usage":[55,55],"damage_taken":[{"damage":0.0,"enemies":"Cultist","floor":1.0,"turns":3.0},{"damage":14.0,"enemies":"2 Louse","floor":2.0,"turns":2.0},{"damage":0.0,"enemies":"Gremlin Nob","floor":7.0,"turns":2.0},{"damage":12.0,"enemies":"Jaw Worm","floor":12.0,"turns":2.0},{"damage":0.0,"enemies":"The Guardian","floor":16.0,"turns":9.0},{"damage":0.0,"enemies":"Spheric Guardian","floor":18.0,"turns":4.0},{"damage":2.0,"enemies":"Masked Bandits","floor":19.0,"turns":2.0},{"damage":8.0,"enemies":"2 Thieves","floor":21.0,"turns":4.0},{"damage":0.0,"enemies":"Snecko","floor":24.0,"turns":2.0},{"damage":0.0,"enemies":"Book of Stabbing","floor":27.0,"turns":2.0},{"damage":12.0,"enemies":"Gremlin Leader","floor":29.0,"turns":2.0},{"damage":0.0,"enemies":"Collector","floor":33.0,"turns":5.0},{"damage":10.0,"enemies":"3 Darklings","floor":35.0,"turns":3.0},{"damage":0.0,"enemies":"Orb Walker","floor":36.0,"turns":4.0},{"damage":23.0,"enemies":"4 Shapes","floor":38.0,"turns":3.0},{"damage":24.0,"enemies":"Transient","floor":39.0,"turns":5.0},{"damage":0.0,"enemies":"Giant Head","floor":41.0,"turns":3.0},{"damage":6.0,"enemies":"Reptomancer","floor":45.0,"turns":4.0},{"damage":0.0,"enemies":"Mind Bloom Boss Battle","floor":47.0,"turns":3.0},{"damage":21,"enemies":"Time Eater","floor":50,"turns":4},{"damage":39,"enemies":"Shield and Spear","floor":54,"turns":4},{"damage":194,"enemies":"The Heart","floor":55,"turns":3}],"seed_played":"5067762165965534433","potions_obtained":[{"floor":1.0,"key":"PowerPotion"},{"floor":2.0,"key":"LiquidMemories"},{"floor":7.0,"key":"DuplicationPotion"},{"floor":19.0,"key":"LiquidMemories"},{"floor":24.0,"key":"FearPotion"},{"floor":27.0,"key":"SneckoOil"},{"floor":39.0,"key":"LiquidMemories"},{"floor":41.0,"key":"Block Potion"},{"floor":54,"key":"CultistPotion"}],"is_trial":false,"path_per_floor":["M","M","?","$","?","R","E","$","T","R","?","M","?","$","R","B",null,"M","?","?","M","T","R","M","R","T","E","?","E","?","$","R","B",null,"M","M","T","M","M","R","E","R","T","R","E","R","?","T","R","B",null,"R","$","E","B"],"character_chosen":"WATCHER","items_purchased":["Worship","Calipers","Bronze Scales","Strength Potion","CrushJoints+1"],"campfire_rested":2,"item_purchase_floors":[31,53,53,53,53],"current_hp_per_floor":[65,51,51,51,38,38,38,38,38,38,38,28,28,28,28,28,59,59,59,59,53,53,53,55,55,55,55,55,45,45,45,45,47,70,64,66,66,45,23,23,25,25,25,48,53,53,57,57,84,65,84,84,84,49,0,0],"gold":39,"neow_bonus":"BOSS_RELIC","is_daily":false,"chose_seed":false,"campfire_upgraded":9,"win_rate":0.0,"timestamp":1610081086,"path_taken":["M","?","?","?","?","R","E","$","T","R","?","M","?","?","R","BOSS","M","?","?","M","?","R","?","R","T","E","?","E","?","$","R","BOSS","M","M","?","?","?","R","E","R","T","R","E","R","?","?","R","BOSS","R","$","E","BOSS"],"items_purchased_type":["Card","Relic","Relic","Potion","Card"],"build_version":"2020-12-22","purchased_purges":4,"victory":false,"max_hp_per_floor":[72,72,67,67,67,67,67,67,67,67,67,69,69,69,69,69,69,69,71,71,73,73,73,75,75,75,75,75,77,77,77,77,77,77,79,79,79,79,79,79,79,79,79,79,88,88,90,90,90,90,90,90,90,92,92,92],"card_choices":[{"not_picked":["Meditate","FollowUp"],"picked":"WindmillStrike","floor":1.0},{"not_picked":["MentalFortress","ClearTheMind"],"picked":"Vengeance","floor":2.0},{"not_picked":["Prostrate","CutThroughFate"],"picked":"Establishment","floor":7.0},{"not_picked":["FollowUp","Halt","CrushJoints"],"picked":"Singing Bowl","floor":12.0},{"not_picked":["Scrawl","Establishment"],"picked":"Ragnarok","floor":16.0},{"not_picked":["EmptyFist","Evaluate"],"picked":"ReachHeaven","floor":18.0},{"not_picked":["CutThroughFate","Nirvana","EmptyFist"],"picked":"Singing Bowl","floor":19.0},{"not_picked":["Crescendo","Pray","CarveReality"],"picked":"Singing Bowl","floor":21.0},{"not_picked":["ThirdEye","PathToVictory","FlyingSleeves"],"picked":"Singing Bowl","floor":24.0},{"not_picked":["CutThroughFate+1","Adaptation"],"picked":"WreathOfFlame","floor":27.0},{"not_picked":["WindmillStrike+1","Weave+1","Tantrum+1"],"picked":"Singing Bowl","floor":29.0},{"not_picked":["MasterReality","DeusExMachina"],"picked":"Wish","floor":33.0},{"not_picked":["Crescendo","PathToVictory+1","SashWhip+1"],"picked":"Singing Bowl","floor":35.0},{"not_picked":["Indignation","Pray+1"],"picked":"SandsOfTime+1","floor":36.0},{"not_picked":["Nirvana","Halt"],"picked":"WheelKick+1","floor":38.0},{"not_picked":["Evaluate","ReachHeaven+1"],"picked":"ForeignInfluence","floor":39.0},{"not_picked":["SashWhip+1","CutThroughFate+1"],"picked":"DevaForm","floor":41.0},{"not_picked":["Wireheading+1","BowlingBash+1","DeceiveReality+1"],"picked":"Singing Bowl","floor":45.0},{"not_picked":["FollowUp+1","SashWhip+1","Halt"],"picked":"Singing Bowl","floor":47.0},{"not_picked":["PathToVictory","FlyingSleeves+1","JustLucky+1"],"picked":"Singing Bowl","floor":54}],"player_experience":1895772,"relics_obtained":[{"floor":7.0,"key":"Singing Bowl"},{"floor":9.0,"key":"PreservedInsect"},{"floor":19.0,"key":"Red Mask"},{"floor":22.0,"key":"MawBank"},{"floor":26.0,"key":"InkBottle"},{"floor":27.0,"key":"Sundial"},{"floor":29.0,"key":"Blood Vial"},{"floor":41.0,"key":"Anchor"},{"floor":43.0,"key":"The Courier"},{"floor":45.0,"key":"Strawberry"},{"floor":47.0,"key":"Lizard Tail"},{"floor":48.0,"key":"Letter Opener"},{"floor":54,"key":"Lantern"}],"event_choices":[{"damage_healed":0.0,"max_hp_gain":0.0,"max_hp_loss":5.0,"gold_gain":0.0,"event_name":"Golden Idol","player_choice":"Lose Max HP","floor":3.0,"gold_loss":0.0,"damage_taken":0.0,"relics_obtained":["Golden Idol"]},{"damage_healed":0.0,"max_hp_gain":0.0,"max_hp_loss":0.0,"gold_gain":0.0,"event_name":"Shining Light","player_choice":"Entered Light","floor":5.0,"gold_loss":0.0,"damage_taken":13.0,"cards_upgraded":["Vigilance","Strike_P"]},{"damage_healed":0.0,"max_hp_gain":0.0,"max_hp_loss":0.0,"gold_gain":0.0,"event_name":"Scrap Ooze","player_choice":"Fled","floor":11.0,"gold_loss":0.0,"damage_taken":0.0},{"damage_healed":0.0,"max_hp_gain":0.0,"max_hp_loss":0.0,"gold_gain":0.0,"event_name":"Dead Adventurer","player_choice":"Searched \u00271\u0027 times","floor":13.0,"gold_loss":0.0,"damage_taken":0.0,"relics_obtained":["Tiny Chest"]},{"damage_healed":0.0,"max_hp_gain":0.0,"max_hp_loss":0.0,"gold_gain":0.0,"event_name":"Masked Bandits","player_choice":"Fought Bandits","floor":19.0,"gold_loss":0.0,"damage_taken":0.0},{"damage_healed":0.0,"max_hp_gain":0.0,"max_hp_loss":0.0,"gold_gain":0.0,"event_name":"Accursed Blacksmith","player_choice":"Forge","floor":20.0,"gold_loss":0.0,"damage_taken":0.0,"cards_upgraded":["Ragnarok"]},{"damage_healed":0.0,"max_hp_gain":0.0,"max_hp_loss":0.0,"gold_gain":0.0,"event_name":"Addict","player_choice":"Obtained Relic","floor":28.0,"gold_loss":85.0,"damage_taken":0.0,"relics_obtained":["Molten Egg 2"]},{"damage_healed":0.0,"max_hp_gain":0.0,"max_hp_loss":0.0,"gold_gain":0.0,"event_name":"Ghosts","player_choice":"Ignored","floor":30.0,"gold_loss":0.0,"damage_taken":0.0},{"damage_healed":0.0,"max_hp_gain":0.0,"max_hp_loss":0.0,"gold_gain":0.0,"event_name":"MindBloom","player_choice":"Fight","floor":47.0,"gold_loss":0.0,"damage_taken":0.0}],"is_beta":false,"boss_relics":[{"not_picked":["Ectoplasm","Fusion Hammer"],"picked":"Astrolabe"},{"not_picked":["Empty Cage","Velvet Choker"],"picked":"Philosopher\u0027s Stone"}],"items_purged_floors":[4,14,31,53],"is_endless":false,"potions_floor_spawned":[1,2,7,19,24,27,39,41,54],"killed_by":"The Heart","ascension_level":12}}