{"host":"8fuipfsvjht9cgcs","time":1610065093,"event":{"mods":["AchievementEnabler","BaseMod","Colored Map","Colored Powertips","Minty Spire (QoL Compilation)","Replay The Spire","StSLib","SuperFastMode","The Gatherer"],"gold_per_floor":[10,21,21,38,49,49,83,95,95,106,121,46,58,75,75,75,75],"floor_reached":16,"playtime":740,"items_purged":["Strike_R"],"score":162,"play_id":"13053a13-eee4-414d-b781-c50edfd1998a","local_time":"20210108131813","is_ascension_mode":true,"campfire_choices":[{"data":"Demonic Infusion","floor":6,"key":"SMITH"},{"data":"Searing Blow","floor":15,"key":"SMITH"}],"circlet_count":0,"master_deck":["AscendersBane","Strike_R","Strike_R","Strike_R","Defend_R","Defend_R","Defend_R","Bash","Inflame","Searing Blow+1","Thunderclap","ReplayTheSpireMod:Stacked","Demonic Infusion+1","Dual Wield","Metallicize","Abandon","True Grit"],"relics":["Burning Blood","MealTicket","Mirror"],"acts_visited":["Exordium"],"potions_floor_usage":[11],"damage_taken":[{"damage":14,"enemies":"Jaw Worm","floor":1,"turns":4},{"damage":15,"enemies":"Cultist","floor":2,"turns":5},{"damage":12,"enemies":"Small Slimes","floor":4,"turns":3},{"damage":6,"enemies":"Exordium Wildlife","floor":5,"turns":3},{"damage":45,"enemies":"3 Sentries","floor":7,"turns":10},{"damage":21,"enemies":"3 Louse","floor":8,"turns":3},{"damage":11,"enemies":"Large Slime","floor":10,"turns":7},{"damage":17,"enemies":"Exordium Thugs","floor":11,"turns":4},{"damage":22,"enemies":"Gremlin Gang","floor":13,"turns":6},{"damage":9,"enemies":"Red Slaver","floor":14,"turns":4},{"damage":26,"enemies":"The Guardian","floor":16,"turns":2}],"seed_played":"942433861197991011","potions_obtained":[{"floor":2,"key":"SpeedPotion"},{"floor":4,"key":"SteroidPotion"},{"floor":14,"key":"LifebloodPotion"}],"is_trial":false,"path_per_floor":["M","M","?","M","M","R","E","M","T","M","M","$","M","M","R","B"],"character_chosen":"IRONCLAD","items_purchased":[],"campfire_rested":0,"item_purchase_floors":[],"current_hp_per_floor":[64,60,90,84,84,84,45,30,30,25,14,29,13,10,10,0,0],"gold":75,"neow_bonus":"TRANSFORM_TWO_CARDS","is_daily":false,"chose_seed":false,"campfire_upgraded":2,"win_rate":0.0,"timestamp":1610065093,"path_taken":["M","M","?","M","?","R","E","M","T","M","M","$","M","M","R","BOSS"],"items_purchased_type":[],"build_version":"2020-12-22","purchased_purges":1,"victory":false,"max_hp_per_floor":[80,80,90,90,90,90,90,90,90,90,90,90,90,90,90,90,90],"card_choices":[{"not_picked":["Perfected Strike","Rage"],"picked":"Searing Blow","floor":1},{"not_picked":["Havoc","Replay:Undeath\u0027s Touch"],"picked":"Thunderclap","floor":2},{"not_picked":["Warcry","Iron Wave"],"picked":"ReplayTheSpireMod:Stacked","floor":4},{"not_picked":["Defy Death","Heavy Blade"],"picked":"Demonic Infusion","floor":5},{"not_picked":["Body Slam","Disarm"],"picked":"Dual Wield","floor":7},{"not_picked":["Wild Strike","Twin Strike","Sever Soul"],"picked":"SKIP","floor":8},{"not_picked":["Heavy Blade","Dual Wield"],"picked":"Metallicize","floor":10},{"not_picked":["Bloodletting","Sword Boomerang","Searing Blow"],"picked":"SKIP","floor":11},{"not_picked":["ReplayTheSpireMod:Stacked","Twin Strike"],"picked":"Abandon","floor":13},{"not_picked":["Flex","Heavy Blade"],"picked":"True Grit","floor":14}],"player_experience":358885,"relics_obtained":[{"floor":7,"key":"MealTicket"},{"floor":9,"key":"Mirror"}],"event_choices":[{"cards_removed":["Hemogenesis"],"damage_healed":20,"gold_gain":0,"player_choice":"Offered Rare","damage_taken":0,"max_hp_gain":10,"max_hp_loss":0,"event_name":"Bonfire Elementals","floor":3,"gold_loss":0}],"is_beta":false,"boss_relics":[],"items_purged_floors":[12],"is_endless":false,"potions_floor_spawned":[2,4,14],"killed_by":"The Guardian","ascension_level":10}}