{"host":"zksvs3x2ysy9npnz","time":1610066772,"event":{"mods":["Aspiration","BaseMod","Beaked The Cultist","BetterRewards","Clockwork Mod","Colored Map","Conspire","Downfall","Duelist Mod","Ekko","Halation","Highlight Path","Hubris","Hunter ??","Infinite Spire","Jedi Mod","JesterMod","Minty Spire (QoL Compilation)","Permanent Neow","Quick Restart","Relic Stats","Replay The Spire","Retaliation","Shade Mod","Shop Mod","StSLib"],"gold_per_floor":[114,129,144,144,144,171,171,206,230,74,74,74,84,108,108,183,183,203,103,122,141,16,16,49,49,49,64,82,82,98,132,132,210,210,230,248,248,248,261,261,291,303,330,362,212,230,243,256,256,256,256,256,7,42,54],"floor_reached":56,"playtime":6069,"items_purged":["Clockwork:Strike","Clockwork:Strike","Clockwork:Shield","Clockwork:Strike","Clockwork:Shield"],"score":1667,"play_id":"d1e967ab-feb5-48da-b6ec-674a60ca3fc0","local_time":"20210108014612","is_ascension_mode":true,"campfire_choices":[{"data":"Clockwork:Tinker","floor":7.0,"key":"SMITH"},{"data":"Clockwork:Shield","floor":12,"key":"SMITH"},{"data":"Clockwork:ChargingShield","floor":15,"key":"SMITH"},{"data":"Clockwork:ReactiveNanites","floor":23,"key":"SMITH"},{"data":"Clockwork:Improve","floor":29,"key":"SMITH"},{"data":"Clockwork:Improve","floor":32,"key":"SMITH"},{"floor":40,"key":"RECALL"},{"floor":49,"key":"DIG"},{"data":"Clockwork:AssemblyLine","floor":52,"key":"SMITH"}],"circlet_count":0,"master_deck":["AscendersBane","Clockwork:Shield+1","Clockwork:Tinker+1","Clockwork:WarmUp","Clockwork:CogBarrier","Clockwork:ChargingBlade+1","Clockwork:Selectivity","Clockwork:AssemblyLine+1","Replay:Bootleg Shield Generator","Clockwork:ChargingShield+1","Clockwork:Halt","Clockwork:ReactiveNanites+1","Clockwork:TimeOut","Clockwork:Selectivity+1","Clockwork:Improve+1","Clockwork:Improve+1","infinitespire:Collect","Clockwork:ElasticNanites","jedi:pocketpoison+1","Clockwork:CraftMomentumEngine"],"relics":["Clockwork:MomentumEngine","aspiration:Nostalgia","beaked:MendingPlumage","ReplayTheSpireMod:Ninjato","halation:KoshaPiece","aspiration:EmptySkull","Odd Mushroom","Clockwork:Varja","hubris:VirtuousBlindfold","Gambling Chip","BranchBurnRelic","hubris:ToyBattleship","aspiration:SilentSkillbook","aspiration:HiddenCompartment","beaked:SacredNecklace","Whetstone","infinitespire:Satchel","Darkstone Periapt","Clockwork:GoldenCog","jedi:archwizardhat","conspire:Dentures","aspiration:SeaSaltIceCream","MawBank"],"acts_visited":["Exordium","TheCity","TheBeyond","TheEnding"],"potions_floor_usage":[27,55],"damage_taken":[{"damage":1.0,"enemies":"Small Slimes","floor":1.0,"turns":8.0},{"damage":0.0,"enemies":"2 Louse","floor":2.0,"turns":5.0},{"damage":5.0,"enemies":"Jaw Worm","floor":3.0,"turns":10.0},{"damage":61.0,"enemies":"Gremlin Nob","floor":6.0,"turns":6.0},{"damage":49.0,"enemies":"Lagavulin","floor":8.0,"turns":11.0},{"damage":24,"enemies":"3 Louse","floor":13,"turns":14},{"damage":23,"enemies":"The Mushroom Lair","floor":14,"turns":8},{"damage":69,"enemies":"Slime Boss","floor":16,"turns":18},{"damage":38,"enemies":"Chosen","floor":18,"turns":10},{"damage":26,"enemies":"Spheric Guardian","floor":20,"turns":9},{"damage":34,"enemies":"Centurion and Healer","floor":21,"turns":9},{"damage":45,"enemies":"Gremlin Leader","floor":24,"turns":11},{"damage":10,"enemies":"3 Cultists","floor":27,"turns":6},{"damage":19,"enemies":"Cultist and Chosen","floor":28,"turns":9},{"damage":24,"enemies":"Shelled Parasite and Fungi","floor":30,"turns":6},{"damage":19,"enemies":"Book of Stabbing","floor":31,"turns":7},{"damage":0,"enemies":"Champ","floor":33,"turns":12},{"damage":26,"enemies":"3 Darklings","floor":35,"turns":9},{"damage":12,"enemies":"Orb Walker","floor":36,"turns":6},{"damage":36,"enemies":"Sphere and 2 Shapes","floor":39,"turns":7},{"damage":0,"enemies":"Nightmare","floor":41,"turns":7},{"damage":0,"enemies":"Maw","floor":42,"turns":7},{"damage":14,"enemies":"Reptomancer","floor":44,"turns":7},{"damage":0,"enemies":"4 Shapes","floor":46,"turns":7},{"damage":0,"enemies":"Writhing Mass","floor":47,"turns":6},{"damage":0,"enemies":"Jaw Worm Horde","floor":48,"turns":5},{"damage":0,"enemies":"Replay:Hell Engine","floor":50,"turns":6},{"damage":0,"enemies":"Shield and Spear","floor":54,"turns":8},{"damage":39,"enemies":"The Heart","floor":55,"turns":9}],"seed_played":"5881337027534027657","potions_obtained":[{"floor":13,"key":"Explosive Potion"},{"floor":14,"key":"Strength Potion"},{"floor":28,"key":"Energy Potion"}],"is_trial":false,"path_per_floor":["M","M","M","?","?","E","R","E","T","$","?","R","M","?","R","B",null,"M","$","M","M","$","R","E","?","T","M","M","R","M","E","R","B",null,"M","M","AVR","?","M","R","NM","M","T","E","$","M","M","M","R_BF","B",null,"R","$","E","B",null],"character_chosen":"CLOCKWORK","items_purchased":["Replay:Bootleg Shield Generator","conspire:Dentures"],"campfire_rested":0,"item_purchase_floors":[10,53],"current_hp_per_floor":[85,85,85,90,90,40,40,26,26,26,26,26,90,89,89,90,90,78,78,90,90,90,90,90,90,90,90,90,90,90,90,90,90,90,90,84,84,84,89,89,90,90,90,90,90,90,90,90,90,90,90,90,90,90,90],"gold":66,"neow_bonus":"NOSTALGIA","is_daily":false,"chose_seed":false,"campfire_upgraded":7,"win_rate":0.0,"timestamp":1610066772,"path_taken":["M","M","M","?","?","E","R","E","T","$","?","R","?","?","R","BOSS","M","$","M","M","$","R","E","?","T","M","M","R","M","E","R","BOSS","M","M","AVR","?","M","R","NM","M","T","E","?","M","?","M","R_BF","BOSS","R","$","E","BOSS"],"items_purchased_type":["Card","Relic"],"build_version":"2020-12-22","purchased_purges":5,"victory":true,"max_hp_per_floor":[85,85,85,90,90,90,90,90,90,90,90,90,90,90,90,90,90,90,90,90,90,90,90,90,90,90,90,90,90,90,90,90,90,90,90,90,90,90,90,90,90,90,90,90,90,90,90,90,90,90,90,90,90,90,90],"relic_stats":{"Darkstone Periapt":0,"counters":[29,243],"Gambling Chip":[111],"Whetstone":["Clockwork:Strike"],"MawBank":24,"obtain_stats":[{"Darkstone Periapt":44,"conspire:Dentures":53,"ReplayTheSpireMod:Ninjato":6,"aspiration:Nostalgia":0,"Dead Branch":24,"hubris:VirtuousBlindfold":17,"Clockwork:Varja":16,"beaked:SacredNecklace":37,"Whetstone":38,"aspiration:SeaSaltIceCream":54,"Odd Mushroom":14,"jedi:archwizardhat":49,"aspiration:HiddenCompartment":37,"MawBank":54,"Clockwork:MomentumEngine":0,"BranchBurnRelic":29,"aspiration:EmptySkull":9,"Gambling Chip":26,"infinitespire:Satchel":41,"aspiration:SilentSkillbook":34,"halation:KoshaPiece":8,"hubris:ToyBattleship":31,"Clockwork:GoldenCog":47,"beaked:MendingPlumage":0},{"Darkstone Periapt":23,"conspire:Dentures":27,"ReplayTheSpireMod:Ninjato":4,"aspiration:Nostalgia":0,"Dead Branch":12,"hubris:VirtuousBlindfold":8,"Clockwork:Varja":8,"beaked:SacredNecklace":19,"Whetstone":19,"aspiration:SeaSaltIceCream":28,"Odd Mushroom":7,"jedi:archwizardhat":26,"aspiration:HiddenCompartment":19,"MawBank":28,"Clockwork:MomentumEngine":0,"BranchBurnRelic":14,"aspiration:EmptySkull":5,"Gambling Chip":12,"infinitespire:Satchel":21,"aspiration:SilentSkillbook":17,"halation:KoshaPiece":5,"hubris:ToyBattleship":16,"Clockwork:GoldenCog":25,"beaked:MendingPlumage":0},{"Darkstone Periapt":202,"conspire:Dentures":226,"ReplayTheSpireMod:Ninjato":29,"aspiration:Nostalgia":0,"Dead Branch":119,"hubris:VirtuousBlindfold":80,"Clockwork:Varja":67,"beaked:SacredNecklace":174,"Whetstone":174,"aspiration:SeaSaltIceCream":234,"Odd Mushroom":62,"jedi:archwizardhat":220,"aspiration:HiddenCompartment":174,"MawBank":234,"Clockwork:MomentumEngine":0,"BranchBurnRelic":134,"aspiration:EmptySkull":40,"Gambling Chip":119,"infinitespire:Satchel":188,"aspiration:SilentSkillbook":159,"halation:KoshaPiece":40,"hubris:ToyBattleship":147,"Clockwork:GoldenCog":212,"beaked:MendingPlumage":0}]},"card_choices":[{"not_picked":["Clockwork:Enhance","Clockwork:TiltAWhirl"],"picked":"Clockwork:CogBarrier","floor":1.0},{"not_picked":["Clockwork:Minimalism","Clockwork:Pluck"],"picked":"Clockwork:ChargingBlade","floor":2.0},{"not_picked":["Clockwork:AdaptiveShield","Clockwork:QuantumStrike"],"picked":"Clockwork:CraftVarja","floor":3.0},{"not_picked":["Clockwork:AdaptiveShield","Clockwork:SystemHardening"],"picked":"Clockwork:Selectivity","floor":6.0},{"not_picked":["Clockwork:TestingEnvironment","Clockwork:ChargingBlade"],"picked":"Clockwork:AssemblyLine","floor":8.0},{"not_picked":["Clockwork:SpurOn","Clockwork:Pluck"],"picked":"Clockwork:ChargingShield","floor":13},{"not_picked":["Clockwork:SystemScan","Clockwork:RitualDaggerMk0"],"picked":"Clockwork:Halt","floor":14},{"not_picked":["Clockwork:Strangle","Clockwork:DefectiveParts"],"picked":"Clockwork:ReactiveNanites","floor":16},{"not_picked":["Clockwork:ChargingShield","Clockwork:LogisticRegression"],"picked":"Clockwork:TimeOut","floor":18},{"not_picked":["Clockwork:CogShield","Clockwork:ChargingBlade"],"picked":"Clockwork:Selectivity+1","floor":20},{"not_picked":["Clockwork:SearingStrike","Clockwork:Roundhouse","Clockwork:ChargingBlade"],"picked":"SKIP","floor":21},{"not_picked":["Clockwork:Minimalism","Clockwork:ZeroPointEnergy"],"picked":"Clockwork:Improve","floor":24},{"not_picked":["Clockwork:Selectivity","Clockwork:Friction"],"picked":"Clockwork:RampUp","floor":27},{"not_picked":["Clockwork:Pluck+1","Clockwork:Efficiency+1"],"picked":"Clockwork:Improve","floor":28},{"not_picked":["Clockwork:ForgeStrike","Clockwork:SpringShield","Clockwork:Minimalism"],"picked":"SKIP","floor":30},{"not_picked":["Clockwork:ChargingShield","Clockwork:CogToss","Clockwork:AdaptiveShield"],"picked":"SKIP","floor":31},{"not_picked":["Bane","Flying Knee","ReplayTheSpireMod:Tripwire"],"picked":"Clockwork:Downsize","floor":35},{"not_picked":["Reflex","Hidden Blade","Clockwork:CogShield+1","Clockwork:Roundhouse"],"picked":"SKIP","floor":36},{"not_picked":["Replay:Poison Smokescreen","Blade Dance","ReplayTheSpireMod:Tripwire+1","conspire:PoisonWeapons"],"picked":"SKIP","floor":39},{"not_picked":["Clockwork:ForgeStrike+1","Escape Plan","Riddle With Holes"],"picked":"Clockwork:ElasticNanites","floor":41},{"not_picked":["ReplayTheSpireMod:Shiv Toss","Clockwork:Minimalism","Quick Slash","Clockwork:Downsize"],"picked":"SKIP","floor":42},{"not_picked":["Clockwork:LogisticRegression","Slice","Blade Dance","Clockwork:PerfectedStrike"],"picked":"SKIP","floor":44},{"not_picked":["PiercingWail","Clockwork:Enhance","Deflect","Prepared"],"picked":"SKIP","floor":46},{"not_picked":["Clockwork:Efficiency","Clockwork:CogToss+1","Acrobatics"],"picked":"jedi:pocketpoison+1","floor":47},{"not_picked":["Die Die Die","Clockwork:Downsize+1","Heel Hook","Underhanded Strike"],"picked":"SKIP","floor":48},{"not_picked":["Clockwork:TestingEnvironment+1","Clockwork:ReserveSystems+1","Expertise"],"picked":"Clockwork:CraftMomentumEngine","floor":54}],"player_experience":1824734,"relics_obtained":[{"floor":6.0,"key":"ReplayTheSpireMod:Ninjato"},{"floor":8.0,"key":"halation:KoshaPiece"},{"floor":9.0,"key":"aspiration:EmptySkull"},{"floor":14,"key":"Odd Mushroom"},{"floor":24,"key":"Dead Branch"},{"floor":26,"key":"Gambling Chip"},{"floor":31,"key":"hubris:ToyBattleship"},{"floor":41,"key":"infinitespire:Satchel"},{"floor":44,"key":"Darkstone Periapt"},{"floor":49,"key":"jedi:archwizardhat"},{"floor":54,"key":"aspiration:SeaSaltIceCream"}],"event_choices":[{"damage_healed":0.0,"max_hp_gain":5.0,"max_hp_loss":0.0,"gold_gain":0.0,"event_name":"Big Fish","player_choice":"Donut","floor":4.0,"gold_loss":0.0,"damage_taken":0.0},{"damage_healed":0.0,"max_hp_gain":0.0,"max_hp_loss":0.0,"gold_gain":0.0,"event_name":"Living Wall","player_choice":"Grow","floor":5.0,"gold_loss":0.0,"damage_taken":0.0,"cards_upgraded":["Clockwork:ChargingBlade"]},{"damage_healed":0,"gold_gain":0,"player_choice":"Searched \u00271\u0027 times","damage_taken":0,"max_hp_gain":0,"max_hp_loss":0,"event_name":"Dead Adventurer","floor":11,"gold_loss":0},{"damage_healed":0,"gold_gain":0,"player_choice":"Fought Mushrooms","damage_taken":0,"max_hp_gain":0,"max_hp_loss":0,"event_name":"Mushrooms","floor":14,"gold_loss":0},{"damage_healed":0,"gold_gain":0,"player_choice":"Ignored","damage_taken":0,"max_hp_gain":0,"max_hp_loss":0,"event_name":"The Mausoleum","floor":25,"gold_loss":0}],"is_beta":false,"boss_relics":[{"not_picked":["aspiration:FutureDiary","infinitespire:Cupcake"],"picked":"hubris:VirtuousBlindfold"},{"not_picked":["hubris:GrandSneckoEye","hubris:BlackHole"],"picked":"aspiration:SilentSkillbook"}],"items_purged_floors":[10,19,22,37,45],"is_endless":false,"potions_floor_spawned":[13,14,16,18,21,24,28,33,46,47,48],"ascension_level":13}}