{"host":"ig7tc0uedzltt2sr","time":1610074005,"event":{"mods":["BaseMod","Better Twitch Integration","Block Reminder","Colored Map","Colored Powertips","Communication Mod","Current Relic Mod","GifTheSpireLib","HexUI Lib","Minty Spire (QoL Compilation)","Quick Restart","Random Character Button","Rare Cards Sparkle","Relic Sorter","Relic Stats","Slay the Relics Exporter","StSLib","SuperFastMode","Synergy Search","Twitch Decklist","Twitch Utils","everything is the same but u backflip on backflip","slay the spire mod where everything is the same but ironclad has a cowboy hat"],"gold_per_floor":[117,127,80,80,100,100,129,143,143,155,110,122,136,91,91,91,91],"floor_reached":16,"playtime":163,"items_purged":[],"score":104,"play_id":"265c7970-4e29-451d-80f6-28251e59c8ce","local_time":"20210107184645","is_ascension_mode":false,"campfire_choices":[{"floor":15,"key":"RECALL"}],"circlet_count":0,"master_deck":["Strike_R","Strike_R","Strike_R","Strike_R","Strike_R","Defend_R","Defend_R+1","Defend_R","Defend_R","Bash","Blood for Blood","Sword Boomerang","True Grit","Rage+1","Clash","Shrug It Off","Headbutt","Juggernaut","Sentinel","Hemokinesis","Clothesline"],"relics":["Burning Blood","War Paint"],"acts_visited":["Exordium"],"potions_floor_usage":[],"damage_taken":[{"damage":5,"enemies":"Small Slimes","floor":1,"turns":7},{"damage":41,"enemies":"Cultist","floor":2,"turns":8},{"damage":13,"enemies":"Jaw Worm","floor":5,"turns":8},{"damage":24,"enemies":"Gremlin Nob","floor":7,"turns":4},{"damage":13,"enemies":"Large Slime","floor":8,"turns":7},{"damage":7,"enemies":"3 Louse","floor":10,"turns":6},{"damage":0,"enemies":"Looter","floor":11,"turns":5},{"damage":0,"enemies":"Red Slaver","floor":12,"turns":4},{"damage":8,"enemies":"Exordium Wildlife","floor":13,"turns":8},{"damage":12,"enemies":"Looter","floor":14,"turns":5},{"damage":28,"enemies":"Slime Boss","floor":16,"turns":3}],"seed_played":"-1385619209442955353","potions_obtained":[{"floor":1,"key":"Weak Potion"},{"floor":5,"key":"SneckoOil"},{"floor":10,"key":"Block Potion"},{"floor":12,"key":"FearPotion"},{"floor":13,"key":"Energy Potion"}],"is_trial":false,"path_per_floor":["M","M","$","?","M","$","E","M","T","M","M","M","M","M","R","B"],"character_chosen":"IRONCLAD","items_purchased":["True Grit"],"campfire_rested":0,"item_purchase_floors":[3],"current_hp_per_floor":[88,53,53,53,46,46,28,21,21,20,26,32,30,24,24,0,0],"gold":91,"neow_bonus":"TEN_PERCENT_HP_BONUS","is_daily":false,"chose_seed":false,"campfire_upgraded":0,"win_rate":0.0,"timestamp":1610074005,"path_taken":["M","M","$","?","M","?","E","?","T","M","M","M","M","M","R","BOSS"],"items_purchased_type":["Card"],"build_version":"2020-12-22","purchased_purges":0,"victory":false,"max_hp_per_floor":[88,88,88,88,88,88,88,88,88,88,88,88,88,88,88,88,88],"relic_stats":{"counters":[11,65],"War Paint":["Defend_R","Rage"],"obtain_stats":[{"War Paint":7,"Burning Blood":0},{"War Paint":4,"Burning Blood":0},{"War Paint":27,"Burning Blood":0}],"Burning Blood":59},"card_choices":[{"not_picked":["Searing Blow","Intimidate"],"picked":"Blood for Blood","floor":1},{"not_picked":["Clothesline","Feel No Pain"],"picked":"Sword Boomerang","floor":2},{"not_picked":["Clash","Iron Wave"],"picked":"Rage","floor":5},{"not_picked":["Clothesline","Bloodletting"],"picked":"Clash","floor":7},{"not_picked":["Perfected Strike","Pommel Strike"],"picked":"Shrug It Off","floor":8},{"not_picked":["Body Slam","Flex"],"picked":"Headbutt","floor":10},{"not_picked":["Sever Soul","Headbutt"],"picked":"Juggernaut","floor":11},{"not_picked":["Wild Strike","Clash"],"picked":"Sentinel","floor":12},{"not_picked":["Body Slam","Clash"],"picked":"Hemokinesis","floor":13},{"not_picked":["Evolve","Perfected Strike"],"picked":"Clothesline","floor":14}],"player_experience":1470158,"relics_obtained":[{"floor":7,"key":"War Paint"}],"event_choices":[{"damage_healed":0,"gold_gain":0,"player_choice":"Bought 0 Potions","damage_taken":0,"max_hp_gain":0,"max_hp_loss":0,"event_name":"The Woman in Blue","floor":4,"gold_loss":0}],"is_beta":false,"boss_relics":[],"items_purged_floors":[],"is_endless":false,"potions_floor_spawned":[1,5,10,12,13],"killed_by":"Slime Boss","ascension_level":0}}