{"host":"sav7uxregyirlf69","time":1610112713,"event":{"mods":["AchievementEnabler","BaseMod","Colored Map","DeckTracker","Keyboard Shortcuts","Minty Spire (QoL Compilation)","READ ME - Guardian Mod","StSLib","SuperFastMode"],"gold_per_floor":[113,113,38,38,59,99,99,135,135,159,159,175,199,199,199,288,288,311,334,249,277,88,88,88,88,97,137,164,51,51,51],"floor_reached":30,"playtime":510,"items_purged":["Strike_G","Strike_G","Pain"],"score":566,"play_id":"ede2bcc9-3db5-4695-99af-680ce5c72584","local_time":"20210108223153","is_ascension_mode":true,"campfire_choices":[{"data":"Poisoned Stab","floor":7.0,"key":"SMITH"},{"data":"Neutralize","floor":11.0,"key":"SMITH"},{"data":"Malaise","floor":15.0,"key":"SMITH"},{"data":"Finisher","floor":23.0,"key":"SMITH"},{"data":"Flash of Steel","floor":25.0,"key":"SMITH"}],"circlet_count":0,"master_deck":["AscendersBane","Strike_G","Strike_G","Strike_G","Defend_G","Defend_G","Defend_G","Defend_G","Defend_G","Survivor","Neutralize+1","Dagger Throw","Poisoned Stab+1","Blade Dance","Malaise+1","Adrenaline","Calculated Gamble","Finisher+1","Tactician+1","Flash of Steel+1"],"relics":["Ring of the Snake","NeowsBlessing","Golden Idol","Eternal Feather","Question Card","Ornamental Fan","Cursed Key","CeramicFish","Singing Bowl","MawBank"],"acts_visited":["Exordium","TheCity"],"potions_floor_usage":[27,28],"damage_taken":[{"damage":0.0,"enemies":"2 Louse","floor":1.0,"turns":1.0},{"damage":0.0,"enemies":"Small Slimes","floor":5.0,"turns":1.0},{"damage":0.0,"enemies":"3 Sentries","floor":6.0,"turns":1.0},{"damage":44.0,"enemies":"Lagavulin","floor":8.0,"turns":6.0},{"damage":0.0,"enemies":"Jaw Worm","floor":10.0,"turns":3.0},{"damage":9.0,"enemies":"Exordium Wildlife","floor":12.0,"turns":4.0},{"damage":3.0,"enemies":"Large Slime","floor":13.0,"turns":6.0},{"damage":21.0,"enemies":"Hexaghost","floor":16.0,"turns":15.0},{"damage":18.0,"enemies":"Spheric Guardian","floor":18.0,"turns":6.0},{"damage":7.0,"enemies":"Shell Parasite","floor":19.0,"turns":7.0},{"damage":8.0,"enemies":"Snake Plant","floor":21.0,"turns":4.0},{"damage":8,"enemies":"Book of Stabbing","floor":27,"turns":6},{"damage":8,"enemies":"Centurion and Healer","floor":28,"turns":3},{"damage":45,"enemies":"Gremlin Leader","floor":30,"turns":7}],"seed_played":"-2929992977044346170","potions_obtained":[{"floor":8.0,"key":"Fire Potion"},{"floor":10.0,"key":"Ancient Potion"},{"floor":16.0,"key":"Regen Potion"},{"floor":19.0,"key":"CultistPotion"},{"floor":27,"key":"SteroidPotion"}],"is_trial":false,"path_per_floor":["M","?","$","?","M","E","R","E","T","M","R","M","M","?","R","B",null,"M","M","?","M","$","R","?","R","T","E","M","$","E"],"character_chosen":"THE_SILENT","items_purchased":["Flash of Steel"],"campfire_rested":0,"item_purchase_floors":[22],"current_hp_per_floor":[59,59,59,59,59,59,60,16,16,16,25,16,13,13,22,1,45,27,35,35,27,27,39,39,51,51,45,39,39,0,0],"gold":51,"neow_bonus":"THREE_ENEMY_KILL","is_daily":false,"chose_seed":false,"campfire_upgraded":5,"win_rate":0.0,"timestamp":1610112713,"path_taken":["M","?","$","?","M","E","R","E","T","M","R","M","M","?","R","BOSS","M","M","?","M","$","R","?","R","T","E","M","$","E"],"items_purchased_type":["Card"],"build_version":"2020-12-22","purchased_purges":3,"victory":false,"max_hp_per_floor":[66,60,60,60,60,60,60,60,60,60,60,60,60,60,60,60,60,60,60,60,60,60,60,60,60,60,62,64,64,64,64],"card_choices":[{"not_picked":["Deflect","Flechettes"],"picked":"Dagger Throw","floor":1.0},{"not_picked":["Backflip","Blur"],"picked":"Poisoned Stab","floor":5.0},{"not_picked":["Slice","Outmaneuver","Underhanded Strike"],"picked":"SKIP","floor":6.0},{"not_picked":["Blur","Predator"],"picked":"Blade Dance","floor":8.0},{"not_picked":["Predator","Dagger Spray","Bane","Deflect"],"picked":"SKIP","floor":10.0},{"not_picked":["Quick Slash","Dodge and Roll","Deadly Poison","Flying Knee"],"picked":"SKIP","floor":12.0},{"not_picked":["Poisoned Stab","Catalyst","Underhanded Strike"],"picked":"Malaise","floor":13.0},{"not_picked":["A Thousand Cuts","Glass Knife","Wraith Form v2"],"picked":"Adrenaline","floor":16.0},{"not_picked":["Catalyst","Outmaneuver","Underhanded Strike"],"picked":"Calculated Gamble","floor":18.0},{"not_picked":["Prepared","Slice","Deflect"],"picked":"Finisher","floor":19.0},{"not_picked":["Catalyst","Calculated Gamble+1","Predator"],"picked":"Tactician+1","floor":21.0},{"not_picked":["Bouncing Flask+1","Flying Knee+1","Dash","Choke"],"picked":"Singing Bowl","floor":27},{"not_picked":["Backflip","Leg Sweep+1","Blade Dance+1","Outmaneuver"],"picked":"Singing Bowl","floor":28}],"player_experience":1203507,"relics_obtained":[{"floor":6.0,"key":"Eternal Feather"},{"floor":8.0,"key":"Question Card"},{"floor":9.0,"key":"Ornamental Fan"},{"floor":26.0,"key":"Singing Bowl"},{"floor":27,"key":"MawBank"}],"event_choices":[{"damage_healed":0.0,"max_hp_gain":0.0,"max_hp_loss":6.0,"gold_gain":0.0,"event_name":"Golden Idol","player_choice":"Lose Max HP","floor":2.0,"gold_loss":0.0,"damage_taken":0.0,"relics_obtained":["Golden Idol"]},{"damage_healed":0.0,"max_hp_gain":0.0,"max_hp_loss":0.0,"gold_gain":0.0,"event_name":"The Cleric","player_choice":"Leave","floor":4.0,"gold_loss":0.0,"damage_taken":0.0},{"damage_healed":0.0,"max_hp_gain":0.0,"max_hp_loss":0.0,"gold_gain":0.0,"event_name":"Liars Game","player_choice":"Ignored","floor":14.0,"gold_loss":0.0,"damage_taken":0.0},{"damage_healed":0.0,"max_hp_gain":0.0,"max_hp_loss":0.0,"gold_gain":0.0,"event_name":"Addict","player_choice":"Obtained Relic","floor":20.0,"gold_loss":85.0,"damage_taken":0.0,"relics_obtained":["CeramicFish"]},{"damage_healed":0.0,"max_hp_gain":0.0,"max_hp_loss":0.0,"gold_gain":0.0,"event_name":"The Mausoleum","player_choice":"Ignored","floor":24.0,"gold_loss":0.0,"damage_taken":0.0}],"is_beta":false,"boss_relics":[{"not_picked":["Snecko Eye","Fusion Hammer"],"picked":"Cursed Key"}],"items_purged_floors":[3,22,29],"is_endless":false,"potions_floor_spawned":[8,10,16,19,27],"killed_by":"Gremlin Leader","ascension_level":20}}