{"host":"j4g6ia6asvpyu2b0","time":1610064203,"event":{"mods":["BaseMod","Colored Map","Minty Spire (QoL Compilation)","Permanent Neow","Quick Restart","Relic Stats","StSLib","Unceasing Turn Reminder"],"gold_per_floor":[112,112,123,398,410,410,429,462,462,462,492,508,220,246,246,342,342,342,342,354,354,254,288,288,387,387,387,417,417,429,429,429,527,527,537,537,548,558,577,609,625,625,625],"floor_reached":42,"playtime":1447,"items_purged":["Regret","Strike_B"],"score":666,"play_id":"8d2ec69b-73b2-4a95-b571-ce8ee48b4286","local_time":"20210107170323","is_ascension_mode":true,"campfire_choices":[{"data":"Ball Lightning","floor":6.0,"key":"SMITH"},{"data":"Zap","floor":10.0,"key":"SMITH"},{"data":"Darkness","floor":15.0,"key":"SMITH"},{"floor":24.0,"key":"REST"},{"data":"Electrodynamics","floor":27.0,"key":"SMITH"},{"floor":32.0,"key":"RECALL"}],"circlet_count":0,"master_deck":["Strike_B","Strike_B","Defend_B","Defend_B","Defend_B","Zap+1","Dualcast","Reinforced Body","Ball Lightning+1","Leap","Darkness+1","Echo Form","Self Repair","Static Discharge","Echo Form","Darkness","Electrodynamics+1","Conserve Battery+1","Sunder","Capacitor","Meteor Strike","Capacitor+1","Hologram+1","Compile Driver+1"],"relics":["Cracked Core","CaptainsWheel","Gambling Chip","DollysMirror","Blood Vial","Snecko Eye","White Beast Statue","The Courier","Mercury Hourglass","Nilry\u0027s Codex","Black Star","Regal Pillow","Juzu Bracelet"],"acts_visited":["Exordium","TheCity","TheBeyond"],"potions_floor_usage":[42],"damage_taken":[{"damage":1.0,"enemies":"Cultist","floor":1.0,"turns":3.0},{"damage":0.0,"enemies":"2 Louse","floor":3.0,"turns":1.0},{"damage":7.0,"enemies":"Jaw Worm","floor":5.0,"turns":3.0},{"damage":3.0,"enemies":"Blue Slaver","floor":7.0,"turns":3.0},{"damage":25.0,"enemies":"Lagavulin","floor":8.0,"turns":5.0},{"damage":25.0,"enemies":"3 Sentries","floor":11.0,"turns":6.0},{"damage":2.0,"enemies":"Large Slime","floor":12.0,"turns":4.0},{"damage":13.0,"enemies":"The Guardian","floor":16.0,"turns":8.0},{"damage":0.0,"enemies":"3 Byrds","floor":18.0,"turns":2.0},{"damage":27.0,"enemies":"2 Thieves","floor":20.0,"turns":3.0},{"damage":34.0,"enemies":"Slavers","floor":23.0,"turns":4.0},{"damage":21.0,"enemies":"Book of Stabbing","floor":28.0,"turns":4.0},{"damage":0.0,"enemies":"Snake Plant","floor":30.0,"turns":2.0},{"damage":18.0,"enemies":"Champ","floor":33.0,"turns":8.0},{"damage":0.0,"enemies":"3 Shapes","floor":35.0,"turns":2.0},{"damage":2.0,"enemies":"Orb Walker","floor":37.0,"turns":3.0},{"damage":24.0,"enemies":"Spire Growth","floor":38.0,"turns":4.0},{"damage":19.0,"enemies":"Jaw Worm Horde","floor":39.0,"turns":2.0},{"damage":22.0,"enemies":"Giant Head","floor":40.0,"turns":6.0},{"damage":33,"enemies":"Sphere and 2 Shapes","floor":41,"turns":3},{"damage":0,"enemies":"Reptomancer","floor":42,"turns":1}],"seed_played":"2762942977009804493","potions_obtained":[{"floor":1.0,"key":"SkillPotion"},{"floor":3.0,"key":"FearPotion"},{"floor":8.0,"key":"Dexterity Potion"},{"floor":11.0,"key":"SmokeBomb"},{"floor":23.0,"key":"PotionOfCapacity"},{"floor":28.0,"key":"Weak Potion"},{"floor":30.0,"key":"PowerPotion"},{"floor":38.0,"key":"PowerPotion"},{"floor":41,"key":"FocusPotion"}],"is_trial":false,"path_per_floor":["M","?","M","?","M","R","M","E","T","R","E","M","$","T","R","B",null,"M","?","M","?","$","E","R","?","T","R","E","?","M","?","R","B",null,"M","?","M","M","M","E","M","E"],"character_chosen":"DEFECT","items_purchased":["DollysMirror","Darkness"],"campfire_rested":1,"item_purchase_floors":[13,13],"current_hp_per_floor":[67,67,67,67,60,60,57,32,32,32,7,12,12,12,12,8,58,60,46,35,35,35,17,41,41,41,41,36,80,80,64,64,62,76,80,80,78,70,53,47,23,25,25],"gold":625,"neow_bonus":"RANDOM_COLORLESS","is_daily":false,"chose_seed":false,"campfire_upgraded":4,"win_rate":0.0,"timestamp":1610064203,"path_taken":["M","?","?","?","M","R","M","E","T","R","E","M","$","?","R","BOSS","M","?","M","?","$","E","R","?","T","R","E","?","?","?","R","BOSS","M","?","M","M","M","E","M","E"],"items_purchased_type":["Relic","Card"],"build_version":"2020-12-22","purchased_purges":2,"victory":false,"max_hp_per_floor":[75,75,75,75,75,75,75,75,75,75,75,75,75,75,75,75,75,75,80,80,80,80,80,80,80,80,80,80,80,80,80,80,80,80,80,80,80,80,80,80,80,80,80],"relic_stats":{"Blood Vial":24,"Regal Pillow":0,"counters":[21,77],"Gambling Chip":[71],"Snecko Eye":[85,103,89,79],"Black Star":1,"Juzu Bracelet":0,"obtain_stats":[{"Regal Pillow":40,"Nilry\u0027s Codex":31,"The Courier":26,"Juzu Bracelet":40,"White Beast Statue":23,"Mercury Hourglass":28,"Blood Vial":14,"CaptainsWheel":8,"DollysMirror":13,"Gambling Chip":11,"Snecko Eye":17,"Black Star":34,"Cracked Core":0},{"Regal Pillow":19,"Nilry\u0027s Codex":13,"The Courier":11,"Juzu Bracelet":19,"White Beast Statue":11,"Mercury Hourglass":12,"Blood Vial":7,"CaptainsWheel":5,"DollysMirror":7,"Gambling Chip":6,"Snecko Eye":8,"Black Star":14,"Cracked Core":0},{"Regal Pillow":73,"Nilry\u0027s Codex":48,"The Courier":42,"Juzu Bracelet":73,"White Beast Statue":42,"Mercury Hourglass":46,"Blood Vial":25,"CaptainsWheel":15,"DollysMirror":25,"Gambling Chip":21,"Snecko Eye":33,"Black Star":56,"Cracked Core":0}],"Mercury Hourglass":[108]},"card_choices":[{"not_picked":["Deep Breath","Madness"],"picked":"Flash of Steel","floor":0.0},{"not_picked":["Barrage","Stack"],"picked":"Reinforced Body","floor":1.0},{"not_picked":["Storm","Turbo"],"picked":"Ball Lightning","floor":3.0},{"not_picked":["Chaos","Compile Driver"],"picked":"Leap","floor":5.0},{"not_picked":["Beam Cell","Stack"],"picked":"Darkness","floor":7.0},{"not_picked":["Blizzard","Biased Cognition"],"picked":"Echo Form","floor":8.0},{"not_picked":["Ball Lightning","Doom and Gloom"],"picked":"Self Repair","floor":11.0},{"not_picked":["Auto Shields","Scrape"],"picked":"Static Discharge","floor":12.0},{"not_picked":["Buffer","Multi-Cast"],"picked":"Electrodynamics","floor":16.0},{"not_picked":["Streamline","Auto Shields"],"picked":"Conserve Battery+1","floor":20.0},{"not_picked":["Streamline","Redo"],"picked":"Sunder","floor":23.0},{"not_picked":["Cold Snap+1","Streamline","Steam"],"picked":"SKIP","floor":28.0},{"not_picked":["White Noise","Redo"],"picked":"Capacitor","floor":30.0},{"not_picked":["Hyperbeam","Reboot"],"picked":"Meteor Strike","floor":33.0},{"not_picked":["Scrape+1","Fusion","Beam Cell"],"picked":"SKIP","floor":35.0},{"not_picked":["Ball Lightning+1","Beam Cell+1"],"picked":"Capacitor+1","floor":37.0},{"not_picked":["Turbo+1","Stack"],"picked":"Hologram+1","floor":38.0},{"not_picked":["Double Energy+1","Leap","Reboot"],"picked":"SKIP","floor":39.0},{"not_picked":["Streamline+1","Static Discharge+1","Fusion+1"],"picked":"SKIP","floor":40.0},{"not_picked":["Rebound+1","Turbo+1"],"picked":"Compile Driver+1","floor":41}],"player_experience":762730,"relics_obtained":[{"floor":8.0,"key":"CaptainsWheel"},{"floor":11.0,"key":"Gambling Chip"},{"floor":14.0,"key":"Blood Vial"},{"floor":23.0,"key":"White Beast Statue"},{"floor":26.0,"key":"The Courier"},{"floor":28.0,"key":"Mercury Hourglass"},{"floor":31.0,"key":"Nilry\u0027s Codex"},{"floor":40.0,"key":"Regal Pillow"},{"floor":40.0,"key":"Juzu Bracelet"}],"event_choices":[{"cards_removed":["Defend_B"],"damage_healed":0.0,"max_hp_gain":0.0,"max_hp_loss":0.0,"gold_gain":0.0,"event_name":"Wheel of Change","player_choice":"Card Removal","floor":2.0,"gold_loss":0.0,"damage_taken":0.0},{"damage_healed":0.0,"max_hp_gain":0.0,"max_hp_loss":0.0,"gold_gain":275.0,"event_name":"Golden Shrine","player_choice":"Desecrate","floor":4.0,"gold_loss":0.0,"damage_taken":0.0,"cards_obtained":["Regret"]},{"damage_healed":0.0,"max_hp_gain":5.0,"max_hp_loss":0.0,"gold_gain":0.0,"event_name":"Forgotten Altar","player_choice":"Shed Blood","floor":19.0,"gold_loss":0.0,"damage_taken":19.0},{"damage_healed":0.0,"max_hp_gain":0.0,"max_hp_loss":0.0,"gold_gain":0.0,"event_name":"Ghosts","player_choice":"Ignored","floor":21.0,"gold_loss":0.0,"damage_taken":0.0},{"damage_healed":0.0,"max_hp_gain":0.0,"max_hp_loss":0.0,"gold_gain":99.0,"event_name":"Nest","player_choice":"Stole From Cult","floor":25.0,"gold_loss":0.0,"damage_taken":0.0},{"cards_removed":["Flash of Steel"],"damage_healed":44.0,"max_hp_gain":0.0,"max_hp_loss":0.0,"gold_gain":0.0,"event_name":"Bonfire Elementals","player_choice":"Offered Uncommon","floor":29.0,"gold_loss":0.0,"damage_taken":0.0},{"damage_healed":0.0,"max_hp_gain":0.0,"max_hp_loss":0.0,"gold_gain":0.0,"event_name":"Cursed Tome","player_choice":"Obtained Book","floor":31.0,"gold_loss":0.0,"damage_taken":16.0},{"cards_removed":["Strike_B"],"damage_healed":0.0,"max_hp_gain":0.0,"max_hp_loss":0.0,"gold_gain":0.0,"event_name":"Falling","player_choice":"Removed Attack","floor":36.0,"gold_loss":0.0,"damage_taken":0.0}],"is_beta":false,"boss_relics":[{"not_picked":["Tiny House","Fusion Hammer"],"picked":"Snecko Eye"},{"not_picked":["SacredBark","Sozu"],"picked":"Black Star"}],"items_purged_floors":[13,22],"is_endless":false,"potions_floor_spawned":[1,3,8,11,23,28,30,33,35,37,38,39,40,41],"killed_by":"Reptomancer","ascension_level":8}}