{"host":"6pfj0wha12yu6wq3","time":1610136044,"event":{"mods":["AchievementEnabler","BaseMod","Colored Map","Colored Powertips","Curses Come First","DeckTracker","Filter the Spire","Hermit","Minty Spire (QoL Compilation)","RNG Fix","Relic Sorter","Relic Stats","StSLib","The Cursed","The Disciple","The Marked","UnlockEverythingMod","Waifu the Spire","ojb\u0027s Better Paths Mod","ojb\u0027s Info Mod"],"gold_per_floor":[366,385,435,0,14,47,47,47,47],"floor_reached":8,"playtime":364,"items_purged":[],"score":112,"play_id":"36295a33-5ffe-4575-84b7-7315efb24ab3","local_time":"20210108150044","is_ascension_mode":true,"campfire_choices":[{"data":"Noxious Fumes","floor":7.0,"key":"SMITH"}],"circlet_count":0,"master_deck":["AscendersBane","Strike_G","Strike_G","Strike_G","Strike_G","Strike_G","Defend_G","Defend_G","Defend_G","Defend_G","Defend_G","Survivor","Neutralize","Choke","Noxious Fumes+1","Dagger Throw"],"relics":["Ring of the Snake","ClockworkSouvenir","White Beast Statue","The Courier"],"acts_visited":["Exordium"],"potions_floor_usage":[8],"damage_taken":[{"damage":4.0,"enemies":"Small Slimes","floor":1.0,"turns":5.0},{"damage":0.0,"enemies":"Jaw Worm","floor":2.0,"turns":3.0},{"damage":8.0,"enemies":"2 Louse","floor":5.0,"turns":3.0},{"damage":20.0,"enemies":"Gremlin Nob","floor":6.0,"turns":4.0},{"damage":27,"enemies":"3 Sentries","floor":8,"turns":6}],"seed_played":"7662802789575792334","potions_obtained":[{"floor":1.0,"key":"Fire Potion"},{"floor":5.0,"key":"Energy Potion"},{"floor":6.0,"key":"AttackPotion"}],"is_trial":false,"path_per_floor":["M","M","?","$","M","E","R","E"],"character_chosen":"THE_SILENT","items_purchased":["ClockworkSouvenir","White Beast Statue"],"campfire_rested":0,"item_purchase_floors":[4,4],"current_hp_per_floor":[55,55,49,49,41,21,21,0,0],"gold":47,"neow_bonus":"TWO_FIFTY_GOLD","is_daily":false,"chose_seed":false,"campfire_upgraded":1,"win_rate":0.0,"timestamp":1610136044,"path_taken":["M","M","?","$","M","E","R","E"],"items_purchased_type":["Relic","Relic"],"build_version":"2020-12-22","purchased_purges":0,"victory":false,"max_hp_per_floor":[60,60,60,60,60,60,60,60,60],"relic_stats":{"counters":[5,21],"obtain_stats":[{"The Courier":6,"White Beast Statue":4,"Ring of the Snake":0,"ClockworkSouvenir":4},{"The Courier":4,"White Beast Statue":2,"Ring of the Snake":0,"ClockworkSouvenir":2},{"The Courier":15,"White Beast Statue":8,"Ring of the Snake":0,"ClockworkSouvenir":8}],"Ring of the Snake":[10]},"card_choices":[{"not_picked":["Calculated Gamble","Deadly Poison"],"picked":"Choke","floor":1.0},{"not_picked":["Masterful Stab","Dodge and Roll"],"picked":"Noxious Fumes","floor":2.0},{"not_picked":["Sucker Punch","Reflex","Cloak And Dagger"],"picked":"SKIP","floor":5.0},{"not_picked":["Sucker Punch","Reflex","Cloak And Dagger"],"picked":"SKIP","floor":5.0},{"not_picked":["Prepared","Underhanded Strike"],"picked":"Dagger Throw","floor":6.0}],"player_experience":127898,"relics_obtained":[{"floor":6.0,"key":"The Courier"}],"event_choices":[{"damage_healed":0.0,"max_hp_gain":0.0,"max_hp_loss":0.0,"gold_gain":50.0,"event_name":"FaceTrader","player_choice":"Touch","floor":3.0,"gold_loss":0.0,"damage_taken":6.0}],"is_beta":false,"boss_relics":[],"items_purged_floors":[],"is_endless":false,"potions_floor_spawned":[1,5,6],"killed_by":"3 Sentries","ascension_level":20}}