{"host":"xrbutm0tzv4qwo7u","time":1610073127,"event":{"mods":["AchievementEnabler","BaseMod","Colored Powertips","Dark Map","Hermit","Minty Spire (QoL Compilation)","StSLib","The Cursed","The Marked"],"gold_per_floor":[118,118,136,136,11,37,50,50,73,105,380,399,417,430,430,530,580,592,602,527,527,278,306,320,339,339,339,339],"floor_reached":27,"playtime":2038,"items_purged":[],"score":282,"play_id":"b3f59275-710d-4d3a-8b43-72ad8cad6d78","local_time":"20210107203207","is_ascension_mode":true,"campfire_choices":[{"floor":8,"key":"REST"},{"floor":15,"key":"REST"}],"circlet_count":0,"master_deck":["Strike_B","Strike_B","Defend_B","Defend_B","Defend_B","Defend_B","Zap+1","Dualcast","Conserve Battery","Force Field","Coolheaded","Defragment","Barrage","Electrodynamics","Heatsinks","Coolheaded","Cold Snap","Storm","Melter","Machine Learning","Barrage","Heatsinks","White Noise","All For One","Loop","Coolheaded","Cold Snap","Genetic Algorithm","BootSequence","Coolheaded+1","Darkness","Storm+1","Ball Lightning+1","Stack"],"relics":["Cracked Core","CultistMask","Smiling Mask","Lantern","Eternal Feather","Tiny House","Orrery","Shuriken","Kunai"],"acts_visited":["Exordium","TheCity"],"potions_floor_usage":[16,16,23,25,25,27],"damage_taken":[{"damage":0,"enemies":"Jaw Worm","floor":1,"turns":3},{"damage":4,"enemies":"Cultist","floor":3,"turns":4},{"damage":35,"enemies":"Gremlin Nob","floor":6,"turns":5},{"damage":0,"enemies":"Small Slimes","floor":7,"turns":3},{"damage":17,"enemies":"Lagavulin","floor":10,"turns":6},{"damage":10,"enemies":"Exordium Thugs","floor":12,"turns":4},{"damage":2,"enemies":"3 Louse","floor":13,"turns":2},{"damage":10,"enemies":"Red Slaver","floor":14,"turns":2},{"damage":48,"enemies":"The Guardian","floor":16,"turns":15},{"damage":0,"enemies":"Chosen","floor":18,"turns":4},{"damage":0,"enemies":"Spheric Guardian","floor":19,"turns":2},{"damage":43,"enemies":"Book of Stabbing","floor":23,"turns":7},{"damage":17,"enemies":"Snecko","floor":24,"turns":5},{"damage":18,"enemies":"Snake Plant","floor":25,"turns":4},{"damage":20,"enemies":"Chosen and Byrds","floor":27,"turns":4}],"seed_played":"8943602990535846987","potions_obtained":[{"floor":3,"key":"PowerPotion"},{"floor":12,"key":"GamblersBrew"},{"floor":14,"key":"Swift Potion"},{"floor":17,"key":"SpeedPotion"},{"floor":18,"key":"ColorlessPotion"},{"floor":24,"key":"PotionOfCapacity"}],"is_trial":false,"path_per_floor":["M","?","M","?","$","E","M","R","T","E","?","M","M","M","R","B",null,"M","M","?","?","$","E","M","M","T","M"],"character_chosen":"DEFECT","items_purchased":["Defragment","Barrage","Loop","Coolheaded","Orrery"],"campfire_rested":2,"item_purchase_floors":[5,5,22,22,22],"current_hp_per_floor":[75,75,71,71,71,36,36,58,58,41,41,31,29,19,53,5,80,80,80,80,80,80,37,20,2,2,0,0],"gold":339,"neow_bonus":"THREE_CARDS","is_daily":false,"chose_seed":false,"campfire_upgraded":0,"win_rate":0.0,"timestamp":1610073127,"path_taken":["M","?","?","?","?","E","M","R","T","E","?","M","?","M","R","BOSS","M","M","?","?","$","E","?","M","T","M"],"items_purchased_type":["Card","Card","Card","Card","Relic"],"build_version":"2020-12-22","purchased_purges":0,"victory":false,"max_hp_per_floor":[75,75,75,75,75,75,75,75,75,75,75,75,75,75,75,75,80,80,80,80,80,80,80,80,80,80,80,80],"card_choices":[{"not_picked":["Recycle","Aggregate"],"picked":"Conserve Battery","floor":0},{"not_picked":["Beam Cell","Undo"],"picked":"Force Field","floor":1},{"not_picked":["Redo","Turbo"],"picked":"Coolheaded","floor":3},{"not_picked":["Genetic Algorithm","All For One"],"picked":"Electrodynamics","floor":6},{"not_picked":["Go for the Eyes","Steam"],"picked":"Heatsinks","floor":7},{"not_picked":["Chaos","Rebound"],"picked":"Coolheaded","floor":10},{"not_picked":["Hologram","Rebound"],"picked":"Cold Snap","floor":12},{"not_picked":["Aggregate","Compile Driver"],"picked":"Storm","floor":13},{"not_picked":["Hyperbeam","Steam"],"picked":"Melter","floor":14},{"not_picked":["All For One","Electrodynamics"],"picked":"Machine Learning","floor":16},{"not_picked":["Recycle","Sweeping Beam"],"picked":"Barrage","floor":17},{"not_picked":["Gash","Streamline+1"],"picked":"Heatsinks","floor":18},{"not_picked":["Coolheaded","Steam+1"],"picked":"White Noise","floor":19},{"not_picked":["Compile Driver","Coolheaded+1"],"picked":"Cold Snap","floor":22},{"not_picked":["Turbo","Hyperbeam"],"picked":"Genetic Algorithm","floor":22},{"not_picked":["Storm","Barrage"],"picked":"BootSequence","floor":22},{"not_picked":["Heatsinks","Redo"],"picked":"Coolheaded+1","floor":22},{"not_picked":["Steam Power+1","Coolheaded"],"picked":"Darkness","floor":22},{"not_picked":["Sweeping Beam","Go for the Eyes"],"picked":"Storm+1","floor":23},{"not_picked":["Gash+1","Turbo"],"picked":"Ball Lightning+1","floor":24},{"not_picked":["Skim","Fusion"],"picked":"Stack","floor":25}],"player_experience":32112,"relics_obtained":[{"floor":6,"key":"Smiling Mask"},{"floor":9,"key":"Lantern"},{"floor":10,"key":"Eternal Feather"},{"floor":23,"key":"Shuriken"},{"floor":26,"key":"Kunai"}],"event_choices":[{"damage_healed":0,"gold_gain":0,"player_choice":"Trade","damage_taken":0,"relics_obtained":["CultistMask"],"max_hp_gain":0,"max_hp_loss":0,"event_name":"FaceTrader","floor":2,"gold_loss":0},{"cards_removed":["Strike_B"],"damage_healed":0,"gold_gain":0,"player_choice":"Offered Basic","damage_taken":0,"max_hp_gain":0,"max_hp_loss":0,"event_name":"Bonfire Elementals","floor":4,"gold_loss":0},{"damage_healed":0,"gold_gain":275,"player_choice":"Desecrate","damage_taken":0,"max_hp_gain":0,"max_hp_loss":0,"event_name":"Golden Shrine","floor":11,"gold_loss":0,"cards_obtained":["Regret"]},{"cards_removed":["Regret"],"damage_healed":0,"gold_gain":0,"player_choice":"Gave Gold","damage_taken":0,"max_hp_gain":0,"max_hp_loss":0,"event_name":"Beggar","floor":20,"gold_loss":75},{"damage_healed":0,"gold_gain":0,"cards_transformed":["Strike_B"],"player_choice":"Transformed","damage_taken":0,"max_hp_gain":0,"max_hp_loss":0,"event_name":"Transmorgrifier","floor":21,"gold_loss":0,"cards_obtained":["All For One"]}],"is_beta":false,"boss_relics":[{"not_picked":["Snecko Eye","Cursed Key"],"picked":"Tiny House"}],"items_purged_floors":[],"is_endless":false,"potions_floor_spawned":[3,12,14,18,24],"killed_by":"Chosen and Byrds","ascension_level":1}}