{"host":"sav7uxregyirlf69","time":1610086544,"event":{"mods":["AchievementEnabler","BaseMod","Colored Map","DeckTracker","Keyboard Shortcuts","Minty Spire (QoL Compilation)","READ ME - Guardian Mod","StSLib","SuperFastMode"],"gold_per_floor":[119,129,129,141,121,121,132,145,145,58,58,133,56,106,106,185,185,199,215,140,158,168,168,203,203,228,228,228,228],"floor_reached":28,"playtime":477,"items_purged":["Strike_B"],"score":456,"play_id":"dfe108b7-3cab-4f26-ae50-26426ea61052","local_time":"20210108151544","is_ascension_mode":true,"campfire_choices":[{"data":"Defragment","floor":6,"key":"SMITH"},{"floor":15,"key":"REST"},{"data":"Creative AI","floor":23,"key":"SMITH"},{"data":"White Noise","floor":25,"key":"SMITH"},{"data":"Self Repair","floor":27,"key":"SMITH"}],"circlet_count":0,"master_deck":["AscendersBane","Strike_B","Strike_B+1","Strike_B","Defend_B","Defend_B","Defend_B","Defend_B+1","Zap","Dualcast","Echo Form","Sweeping Beam","Gash","Defragment+1","Ball Lightning","Self Repair+1","Glacier","Creative AI+1","White Noise+1","Cold Snap+1","White Noise+1"],"relics":["Cracked Core","Bird Faced Urn","Incense Burner","SacredBark","Du-Vu Doll","Omamori"],"acts_visited":["Exordium","TheCity"],"potions_floor_usage":[16,18,24],"damage_taken":[{"damage":4,"enemies":"Jaw Worm","floor":1,"turns":4},{"damage":1,"enemies":"Cultist","floor":2,"turns":4},{"damage":2,"enemies":"Small Slimes","floor":4,"turns":2},{"damage":11,"enemies":"Blue Slaver","floor":7,"turns":3},{"damage":9,"enemies":"Looter","floor":8,"turns":3},{"damage":10,"enemies":"Hexaghost","floor":16,"turns":11},{"damage":31,"enemies":"Shell Parasite","floor":18,"turns":8},{"damage":25,"enemies":"Chosen","floor":19,"turns":6},{"damage":39,"enemies":"3 Cultists","floor":21,"turns":6},{"damage":2,"enemies":"Centurion and Healer","floor":22,"turns":7},{"damage":39,"enemies":"Gremlin Leader","floor":24,"turns":8},{"damage":103,"enemies":"Colosseum Slavers","floor":28,"turns":5}],"seed_played":"-573712671157841384","potions_obtained":[{"floor":1,"key":"PowerPotion"},{"floor":5,"key":"AttackPotion"},{"floor":16,"key":"Fruit Juice"},{"floor":18,"key":"Strength Potion"},{"floor":21,"key":"FocusPotion"},{"floor":24,"key":"SteroidPotion"}],"is_trial":false,"path_per_floor":["M","M","?","M","?","R","M","M","T","$","T","?","$","?","R","B",null,"M","M","$","M","M","R","E","R","T","R","?"],"character_chosen":"DEFECT","items_purchased":["Self Repair","Glacier"],"campfire_rested":1,"item_purchase_floors":[10,13],"current_hp_per_floor":[60,59,38,36,36,36,25,16,16,16,16,5,5,5,26,42,64,56,70,70,43,65,65,71,71,71,71,0,0],"gold":228,"neow_bonus":"ONE_RANDOM_RARE_CARD","is_daily":false,"chose_seed":false,"campfire_upgraded":4,"win_rate":0.0,"timestamp":1610086544,"path_taken":["M","M","?","M","?","R","?","M","T","$","?","?","?","?","R","BOSS","M","?","$","M","M","R","E","R","T","R","?"],"items_purchased_type":["Card","Card"],"build_version":"2020-12-22","purchased_purges":1,"victory":false,"max_hp_per_floor":[71,71,71,71,71,71,71,71,71,71,71,71,71,71,71,71,71,81,81,81,81,81,81,81,81,81,81,81,81],"card_choices":[{"not_picked":["Steam Power","Fusion"],"picked":"Sweeping Beam","floor":1},{"not_picked":["Rebound","Steam Power"],"picked":"Gash","floor":2},{"not_picked":["Steam","Gash"],"picked":"Defragment","floor":4},{"not_picked":["Barrage","Steam"],"picked":"Ball Lightning","floor":7},{"not_picked":["Hello World","Beam Cell","Ball Lightning"],"picked":"SKIP","floor":8},{"not_picked":["Thunder Strike","Machine Learning"],"picked":"Creative AI","floor":16},{"not_picked":["Ball Lightning","Barrage"],"picked":"White Noise+1","floor":18},{"not_picked":["Hologram","Beam Cell"],"picked":"Cold Snap+1","floor":19},{"not_picked":["Ball Lightning","Hologram"],"picked":"White Noise","floor":21},{"not_picked":["Compile Driver","Barrage","Beam Cell"],"picked":"SKIP","floor":22},{"not_picked":["Skim","Reprogram","Reinforced Body"],"picked":"SKIP","floor":24}],"player_experience":1196263,"relics_obtained":[{"floor":9,"key":"Bird Faced Urn"},{"floor":11,"key":"Incense Burner"},{"floor":24,"key":"Du-Vu Doll"},{"floor":26,"key":"Omamori"}],"event_choices":[{"damage_healed":0,"gold_gain":0,"player_choice":"Entered Light","damage_taken":21,"max_hp_gain":0,"max_hp_loss":0,"event_name":"Shining Light","floor":3,"gold_loss":0,"cards_upgraded":["Defend_B","Strike_B"]},{"damage_healed":0,"gold_gain":0,"player_choice":"Bought 1 Potion","damage_taken":0,"max_hp_gain":0,"max_hp_loss":0,"event_name":"The Woman in Blue","floor":5,"gold_loss":0},{"damage_healed":0,"gold_gain":75,"player_choice":"Gather Gold","damage_taken":11,"max_hp_gain":0,"max_hp_loss":0,"event_name":"World of Goop","floor":12,"gold_loss":0},{"damage_healed":0,"gold_gain":50,"player_choice":"Pray","damage_taken":0,"max_hp_gain":0,"max_hp_loss":0,"event_name":"Golden Shrine","floor":14,"gold_loss":0},{"damage_healed":0,"gold_gain":0,"player_choice":"Fight","damage_taken":0,"max_hp_gain":0,"max_hp_loss":0,"event_name":"Colosseum","floor":28,"gold_loss":0}],"is_beta":false,"boss_relics":[{"not_picked":["Cursed Key","Ectoplasm"],"picked":"SacredBark"}],"items_purged_floors":[20],"is_endless":false,"potions_floor_spawned":[1,7,16,18,21,24],"killed_by":"Colosseum Slavers","ascension_level":20}}