{"host":"7po9pgh86bqe2blc","time":1610107275,"event":{"mods":["BaseMod","Colored Map","Colored Powertips","Minty Spire (QoL Compilation)","StSLib","The Disciple","The Hierophant","The Mystic"],"gold_per_floor":[118,132,57,77,77,96,116,116,163,63,94,110,110,172,172,172,172],"floor_reached":16,"playtime":1668,"items_purged":["mysticmod:Strike_Mystic","mysticmod:Strike_Mystic"],"score":104,"play_id":"3c1c1e46-61a8-4e48-abb4-80bd8d3162f4","local_time":"20210108130115","is_ascension_mode":false,"campfire_choices":[{"data":"mysticmod:ShockingGrasp","floor":8,"key":"SMITH"},{"data":"mysticmod:ArcaneDodge","floor":15,"key":"SMITH"}],"circlet_count":0,"master_deck":["mysticmod:Strike_Mystic","mysticmod:Strike_Mystic","mysticmod:Defend_Mystic","mysticmod:Defend_Mystic","mysticmod:Defend_Mystic","mysticmod:Defend_Mystic","mysticmod:ArcaneDodge+1","mysticmod:ShockingGrasp+1","mysticmod:PowerSlash"],"relics":["mysticmod:SpellBook","NeowsBlessing","SsserpentHead","Oddly Smooth Stone","HornCleat"],"acts_visited":["Exordium"],"potions_floor_usage":[16],"damage_taken":[{"damage":0,"enemies":"Jaw Worm","floor":1,"turns":1},{"damage":0,"enemies":"Cultist","floor":2,"turns":1},{"damage":0,"enemies":"2 Louse","floor":4,"turns":2},{"damage":2,"enemies":"Blue Slaver","floor":6,"turns":4},{"damage":5,"enemies":"Looter","floor":7,"turns":3},{"damage":13,"enemies":"3 Sentries","floor":11,"turns":8},{"damage":7,"enemies":"3 Louse","floor":12,"turns":2},{"damage":0,"enemies":"Gremlin Gang","floor":14,"turns":6},{"damage":52,"enemies":"Hexaghost","floor":16,"turns":14}],"seed_played":"6504298264984836945","potions_obtained":[{"floor":1,"key":"SmokeBomb"},{"floor":4,"key":"Dexterity Potion"},{"floor":6,"key":"BlessingOfTheForge"},{"floor":7,"key":"Energy Potion"}],"is_trial":false,"path_per_floor":["M","M","$","M","?","M","M","R","T","$","E","M","$","M","R","B"],"character_chosen":"MYSTIC_CLASS","items_purchased":[],"campfire_rested":0,"item_purchase_floors":[],"current_hp_per_floor":[77,77,77,77,77,75,70,70,70,70,57,50,50,50,50,0,0],"gold":172,"neow_bonus":"THREE_ENEMY_KILL","is_daily":false,"chose_seed":false,"campfire_upgraded":2,"win_rate":0.0,"timestamp":1610107275,"path_taken":["M","M","$","M","?","M","M","R","T","$","E","M","$","?","R","BOSS"],"items_purchased_type":[],"build_version":"2020-12-13","purchased_purges":2,"victory":false,"max_hp_per_floor":[77,77,77,77,77,77,77,77,77,77,77,77,77,77,77,77,77],"card_choices":[{"not_picked":["mysticmod:CureLightWounds","mysticmod:CorrosiveTouch","mysticmod:LightningBolt"],"picked":"SKIP","floor":1},{"not_picked":["mysticmod:EnergizedRift","mysticmod:Grease"],"picked":"mysticmod:PowerSlash","floor":2},{"not_picked":["mysticmod:DiviningBlow","mysticmod:Stoneskin","mysticmod:PureInstinct"],"picked":"SKIP","floor":4},{"not_picked":["mysticmod:TomeOfSpells","mysticmod:BulkUp","mysticmod:PunishingArmor"],"picked":"SKIP","floor":6},{"not_picked":["mysticmod:HunkerDown","mysticmod:MagicMissile","mysticmod:Daze"],"picked":"SKIP","floor":7},{"not_picked":["mysticmod:Fireball","mysticmod:EnergizedRift","mysticmod:ChargedParry"],"picked":"SKIP","floor":11},{"not_picked":["mysticmod:ComponentsPouch","mysticmod:EnchantedMoulinet","mysticmod:DiviningBlow"],"picked":"SKIP","floor":12},{"not_picked":["mysticmod:RapidCaster","mysticmod:Daze","mysticmod:HeavyStrike"],"picked":"SKIP","floor":14}],"player_experience":296064,"relics_obtained":[{"floor":9,"key":"Oddly Smooth Stone"},{"floor":11,"key":"HornCleat"}],"event_choices":[{"damage_healed":0,"gold_gain":0,"player_choice":"Trade","damage_taken":0,"relics_obtained":["SsserpentHead"],"max_hp_gain":0,"max_hp_loss":0,"event_name":"FaceTrader","floor":5,"gold_loss":0}],"is_beta":false,"boss_relics":[],"items_purged_floors":[3,10],"is_endless":false,"potions_floor_spawned":[1,4,6,7],"killed_by":"Hexaghost","ascension_level":0}}