{"host":"h4lp0eeso8a0ssq0","time":1610074538,"event":{"mods":["2.2 Compatiblity","AchievementEnabler","BaseMod","CapriCore","Colored Map","Minty Spire (QoL Compilation)","StSLib","SuperFastMode"],"gold_per_floor":[113,38,38,52,68,101,101,1,26,101,111,111,129,141,141,244,244,232,260,260,276,1,1,1,11,38,57,91,101,0,10,10,105,105,119,171,393,295,295,312,312,312,338,338,351,351,378,28,28,28,28,28,28,59,59,59],"floor_reached":55,"playtime":1783,"items_purged":["Strike_R","Strike_R","Strike_R","Strike_R+1","Evolve","Defend_R"],"score":815,"play_id":"fdadaf17-75b8-4e79-a995-beac2ec701c4","local_time":"20210108115538","is_ascension_mode":false,"campfire_choices":[{"data":"Dropkick","floor":7.0,"key":"SMITH"},{"floor":15.0,"key":"REST"},{"data":"Corruption","floor":23.0,"key":"SMITH"},{"floor":32.0,"key":"REST"},{"floor":41.0,"key":"RECALL"},{"floor":44.0,"key":"REST"},{"floor":46,"key":"REST"},{"data":"Battle Trance","floor":49,"key":"SMITH"},{"data":"Ghostly Armor","floor":52,"key":"SMITH"}],"circlet_count":0,"master_deck":["Defend_R","Bash+1","Dropkick+1","Ghostly Armor+1","Battle Trance+1","Corruption+1","Dual Wield","RitualDagger","Flex+1"],"relics":["Burning Blood","NeowsBlessing","Red Skull","Omamori","Runic Pyramid","Red Mask","PreservedInsect","Smiling Mask","Regal Pillow","Empty Cage","Ice Cream","Bag of Marbles","HornCleat","Centennial Puzzle"],"acts_visited":["Exordium","TheCity","TheBeyond","TheEnding"],"potions_floor_usage":[55,55,55],"damage_taken":[{"damage":0.0,"enemies":"Cultist","floor":1.0,"turns":1.0},{"damage":0.0,"enemies":"Small Slimes","floor":4.0,"turns":2.0},{"damage":0.0,"enemies":"2 Louse","floor":5.0,"turns":2.0},{"damage":46.0,"enemies":"Lagavulin","floor":6.0,"turns":8.0},{"damage":0.0,"enemies":"Large Slime","floor":11.0,"turns":5.0},{"damage":4.0,"enemies":"Blue Slaver","floor":13.0,"turns":3.0},{"damage":5.0,"enemies":"Looter","floor":14.0,"turns":3.0},{"damage":39.0,"enemies":"Slime Boss","floor":16.0,"turns":9.0},{"damage":16.0,"enemies":"2 Thieves","floor":18.0,"turns":4.0},{"damage":44.0,"enemies":"Masked Bandits","floor":19.0,"turns":5.0},{"damage":0.0,"enemies":"Shell Parasite","floor":21.0,"turns":3.0},{"damage":4.0,"enemies":"Centurion and Healer","floor":25.0,"turns":3.0},{"damage":12.0,"enemies":"3 Cultists","floor":27.0,"turns":4.0},{"damage":14.0,"enemies":"Gremlin Leader","floor":28.0,"turns":3.0},{"damage":0.0,"enemies":"Snecko","floor":29.0,"turns":4.0},{"damage":0.0,"enemies":"Shelled Parasite and Fungi","floor":31.0,"turns":3.0},{"damage":0.0,"enemies":"Champ","floor":33.0,"turns":2.0},{"damage":16.0,"enemies":"3 Darklings","floor":35.0,"turns":4.0},{"damage":13.0,"enemies":"2 Orb Walkers","floor":36.0,"turns":3.0},{"damage":1.0,"enemies":"Orb Walker","floor":40.0,"turns":2.0},{"damage":8,"enemies":"Spire Growth","floor":45,"turns":3},{"damage":3,"enemies":"Giant Head","floor":47,"turns":3},{"damage":43,"enemies":"Time Eater","floor":50,"turns":4},{"damage":10,"enemies":"Shield and Spear","floor":54,"turns":3},{"damage":92,"enemies":"The Heart","floor":55,"turns":3}],"seed_played":"-686781067561435556","potions_obtained":[{"floor":5.0,"key":"FearPotion"},{"floor":6.0,"key":"BlessingOfTheForge"},{"floor":13.0,"key":"AttackPotion"},{"floor":16.0,"key":"BlessingOfTheForge"},{"floor":29.0,"key":"DistilledChaos"},{"floor":35.0,"key":"SmokeBomb"},{"floor":40.0,"key":"SteroidPotion"}],"is_trial":false,"path_per_floor":["M","$","?","M","M","E","R","$","T","?","M","?","M","M","R","B",null,"M","?","?","M","$","R","?","M","T","M","E","M","$","M","R","B",null,"M","?","?","$","?","M","R","?","T","R","M","R","E","$","R","B",null,"R","$","E","B"],"character_chosen":"IRONCLAD","items_purchased":["PreservedInsect","Swift Potion","BloodPotion","HornCleat","Weak Potion"],"campfire_rested":4,"item_purchase_floors":[22,30,38,48,48],"current_hp_per_floor":[80,80,80,80,80,40,40,40,40,29,35,19,21,22,46,13,80,70,32,26,32,32,32,26,28,28,22,14,20,20,26,65,71,80,70,63,63,63,63,68,68,68,68,76,74,76,76,76,76,39,76,76,76,72,0,0],"gold":59,"neow_bonus":"THREE_ENEMY_KILL","is_daily":false,"chose_seed":false,"campfire_upgraded":4,"win_rate":0.0,"timestamp":1610074538,"path_taken":["M","?","?","?","M","E","R","$","T","?","M","?","M","M","R","BOSS","M","?","?","?","$","R","?","M","T","M","E","M","?","M","R","BOSS","M","?","?","$","?","?","R","?","T","R","M","R","E","$","R","BOSS","R","$","E","BOSS"],"items_purchased_type":["Relic","Potion","Potion","Relic","Potion"],"build_version":"2020-12-22","purchased_purges":6,"victory":false,"max_hp_per_floor":[80,80,80,80,80,80,80,80,80,80,80,80,80,80,80,80,80,80,80,80,80,80,80,80,80,80,80,80,80,80,80,80,80,80,80,80,80,80,80,80,80,76,76,76,76,76,76,76,76,76,76,76,76,76,76,76],"card_choices":[{"not_picked":["Warcry","Iron Wave"],"picked":"Dropkick","floor":1.0},{"not_picked":["Infernal Blade","Clothesline"],"picked":"Evolve","floor":4.0},{"not_picked":["Iron Wave","Intimidate"],"picked":"Ghostly Armor","floor":5.0},{"not_picked":["Exhume","Evolve"],"picked":"Burning Pact","floor":6.0},{"not_picked":["Anger","Rage","Cleave"],"picked":"SKIP","floor":11.0},{"not_picked":["Anger","Clothesline","Heavy Blade"],"picked":"SKIP","floor":13.0},{"not_picked":["Pommel Strike","Iron Wave"],"picked":"Battle Trance","floor":14.0},{"not_picked":["Double Tap","Limit Break"],"picked":"Corruption","floor":16.0},{"not_picked":["Clash","True Grit"],"picked":"Dual Wield","floor":18.0},{"not_picked":["Twin Strike","Perfected Strike","Flex"],"picked":"SKIP","floor":21.0},{"not_picked":["Anger+1","Armaments+1"],"picked":"Flex+1","floor":25.0},{"not_picked":["Havoc","Shrug It Off","Flex"],"picked":"SKIP","floor":27.0},{"not_picked":["Feed","Fire Breathing","Battle Trance"],"picked":"SKIP","floor":28.0},{"not_picked":["Heavy Blade","Dual Wield","Flex"],"picked":"SKIP","floor":29.0},{"not_picked":["Searing Blow","Burning Pact","True Grit+1"],"picked":"SKIP","floor":31.0},{"not_picked":["Clash","Seeing Red+1","Thunderclap"],"picked":"SKIP","floor":35.0},{"not_picked":["Armaments","Metallicize","Power Through"],"picked":"SKIP","floor":40.0},{"not_picked":["Uppercut+1","Warcry+1","Cleave"],"picked":"SKIP","floor":45},{"not_picked":["Uppercut+1","Warcry+1","Cleave"],"picked":"SKIP","floor":45},{"not_picked":["Flex","Combust+1","Entrench+1"],"picked":"SKIP","floor":47},{"not_picked":["Seeing Red+1","Wild Strike+1","True Grit+1"],"picked":"SKIP","floor":54}],"player_experience":94659,"relics_obtained":[{"floor":6.0,"key":"Red Skull"},{"floor":9.0,"key":"Omamori"},{"floor":19.0,"key":"Red Mask"},{"floor":26.0,"key":"Smiling Mask"},{"floor":28.0,"key":"Regal Pillow"},{"floor":36.0,"key":"Ice Cream"},{"floor":47,"key":"Bag of Marbles"},{"floor":54,"key":"Centennial Puzzle"}],"event_choices":[{"cards_removed":["Strike_R"],"damage_healed":0.0,"max_hp_gain":0.0,"max_hp_loss":0.0,"gold_gain":0.0,"event_name":"Bonfire Elementals","player_choice":"Offered Basic","floor":3.0,"gold_loss":0.0,"damage_taken":0.0},{"damage_healed":0.0,"max_hp_gain":0.0,"max_hp_loss":0.0,"gold_gain":75.0,"event_name":"World of Goop","player_choice":"Gather Gold","floor":10.0,"gold_loss":0.0,"damage_taken":11.0},{"damage_healed":0.0,"max_hp_gain":0.0,"max_hp_loss":0.0,"gold_gain":0.0,"event_name":"Shining Light","player_choice":"Entered Light","floor":12.0,"gold_loss":0.0,"damage_taken":16.0,"cards_upgraded":["Strike_R","Bash"]},{"damage_healed":0.0,"max_hp_gain":0.0,"max_hp_loss":0.0,"gold_gain":0.0,"event_name":"Masked Bandits","player_choice":"Fought Bandits","floor":19.0,"gold_loss":0.0,"damage_taken":0.0},{"damage_healed":0.0,"max_hp_gain":0.0,"max_hp_loss":0.0,"gold_gain":0.0,"event_name":"Knowing Skull","player_choice":"","floor":20.0,"potions_obtained":[],"gold_loss":0.0,"damage_taken":6.0,"cards_obtained":[]},{"damage_healed":0.0,"max_hp_gain":0.0,"max_hp_loss":0.0,"gold_gain":0.0,"event_name":"Nest","player_choice":"Joined the Cult","floor":24.0,"gold_loss":0.0,"damage_taken":6.0,"cards_obtained":["RitualDagger"]},{"damage_healed":0.0,"max_hp_gain":0.0,"max_hp_loss":0.0,"gold_gain":0.0,"event_name":"Mysterious Sphere","player_choice":"Fight","floor":36.0,"gold_loss":0.0,"damage_taken":0.0},{"damage_healed":0.0,"max_hp_gain":0.0,"max_hp_loss":0.0,"gold_gain":222.0,"event_name":"Tomb of Lord Red Mask","player_choice":"Wore Mask","floor":37.0,"gold_loss":0.0,"damage_taken":0.0},{"cards_removed":["Burning Pact"],"damage_healed":0.0,"max_hp_gain":0.0,"max_hp_loss":0.0,"gold_gain":0.0,"event_name":"Falling","player_choice":"Removed Skill","floor":39.0,"gold_loss":0.0,"damage_taken":0.0},{"damage_healed":0.0,"max_hp_gain":0.0,"max_hp_loss":4.0,"gold_gain":0.0,"event_name":"Winding Halls","player_choice":"Max HP","floor":42.0,"gold_loss":0.0,"damage_taken":0.0}],"is_beta":false,"boss_relics":[{"not_picked":["Cursed Key","Black Blood"],"picked":"Runic Pyramid"},{"not_picked":["Snecko Eye","Fusion Hammer"],"picked":"Empty Cage"}],"items_purged_floors":[2,8,22,30,38,48],"is_endless":false,"potions_floor_spawned":[5,6,13,16,19,21,27,29,31,35,40,47],"killed_by":"The Heart","ascension_level":0}}