{"host":"43vb3u4kiuosyd1s","time":1610136748,"event":{"mods":["BaseMod","HololiveMod","Koishi","Minty Spire (QoL Compilation)","StSLib"],"gold_per_floor":[86,98,98,98,23,23,44,60,60,60,73,92,131,156,156,279,279,302,227,142,157,170,170,203,203,203,227,227,250,250,294,294,425,425,438,438,452,515,74,74,135,169,469,469,487,487,507,0,0,0,0,0,0,36,36],"floor_reached":56,"playtime":2662,"items_purged":["Hololive_CallRosalyn","Hololive_Strike"],"score":1492,"play_id":"5e9058d0-566c-462a-b8a2-431fdf8399bd","local_time":"20210109051228","is_ascension_mode":false,"campfire_choices":[{"data":"Hololive_CallHimemoriLuna","floor":6,"key":"SMITH"},{"data":"Hololive_CallAmaneKanata","floor":10,"key":"SMITH"},{"data":"Hololive_CallInugamiKorone","floor":15,"key":"SMITH"},{"data":"Hololive_Drill","floor":23,"key":"SMITH"},{"data":"Hololive_Rebirth","floor":25,"key":"SMITH"},{"data":"Hololive_Recruit","floor":28,"key":"SMITH"},{"data":"Hololive_Nanodesu","floor":32,"key":"SMITH"},{"floor":40,"key":"DIG"},{"floor":44,"key":"DIG"},{"floor":49,"key":"RECALL"},{"floor":52,"key":"DIG"}],"circlet_count":0,"master_deck":["Hololive_Defend","Hololive_Drill","Hololive_CallNatsuiroMatsuri","Hololive_CallInugamiKorone+1","Hololive_CallAmaneKanata+1","Hololive_CallHimemoriLuna+1","Hololive_Sequa","Hololive_Psychosis","Hololive_CallMurasakiShion","Hololive_Rebirth+1","Hololive_Drill+1","Hololive_Recruit+1","Hololive_CallMurasakiShion+1","Hololive_Drill","Hololive_CallTsunomakiWatame","Hololive_Nanodesu+1","Hololive_Nanodesu","Hololive_Rebound","Hololive_FlyingPonyTail+1"],"relics":["Hololive_TheStar","NeowsBlessing","Golden Idol","Ornamental Fan","Ice Cream","Hololive_Finger","Potion Belt","Turnip","Bag of Preparation","Torii","SacredBark","Shovel","Pocketwatch","Orichalcum","Unceasing Top","Blood Vial","Old Coin","Toxic Egg 2","Red Mask","Bottled Lightning","Nunchaku"],"acts_visited":["Exordium","TheCity","TheBeyond","TheEnding"],"potions_floor_usage":[33,33,42,50,50,55,55,55,55,55,55,55],"damage_taken":[{"damage":0,"enemies":"Small Slimes","floor":1,"turns":1},{"damage":0,"enemies":"Jaw Worm","floor":2,"turns":1},{"damage":0,"enemies":"2 Louse","floor":7,"turns":1},{"damage":0,"enemies":"Blue Slaver","floor":8,"turns":2},{"damage":0,"enemies":"2 Fungi Beasts","floor":11,"turns":2},{"damage":3,"enemies":"Looter","floor":12,"turns":3},{"damage":0,"enemies":"3 Sentries","floor":13,"turns":4},{"damage":0,"enemies":"Lots of Slimes","floor":14,"turns":4},{"damage":0,"enemies":"Slime Boss","floor":16,"turns":7},{"damage":0,"enemies":"Shell Parasite","floor":18,"turns":3},{"damage":0,"enemies":"Chosen","floor":21,"turns":3},{"damage":0,"enemies":"Centurion and Healer","floor":22,"turns":5},{"damage":7,"enemies":"Book of Stabbing","floor":24,"turns":4},{"damage":2,"enemies":"Snake Plant","floor":27,"turns":3},{"damage":0,"enemies":"Sentry and Sphere","floor":29,"turns":3},{"damage":0,"enemies":"Slavers","floor":31,"turns":4},{"damage":0,"enemies":"Automaton","floor":33,"turns":5},{"damage":25,"enemies":"3 Shapes","floor":35,"turns":5},{"damage":0,"enemies":"Orb Walker","floor":37,"turns":2},{"damage":0,"enemies":"Mind Bloom Boss Battle","floor":38,"turns":4},{"damage":0,"enemies":"2 Orb Walkers","floor":41,"turns":3},{"damage":0,"enemies":"Nemesis","floor":42,"turns":5},{"damage":0,"enemies":"3 Darklings","floor":45,"turns":3},{"damage":0,"enemies":"Writhing Mass","floor":47,"turns":4},{"damage":1,"enemies":"Donu and Deca","floor":50,"turns":8},{"damage":41,"enemies":"Shield and Spear","floor":54,"turns":7},{"damage":0,"enemies":"The Heart","floor":55,"turns":5}],"seed_played":"486575086292755067","potions_obtained":[{"floor":7,"key":"Energy Potion"},{"floor":8,"key":"FairyPotion"},{"floor":13,"key":"Weak Potion"},{"floor":22,"key":"Energy Potion"},{"floor":27,"key":"DuplicationPotion"},{"floor":29,"key":"DistilledChaos"},{"floor":33,"key":"Fire Potion"},{"floor":37,"key":"Block Potion"},{"floor":42,"key":"LiquidBronze"},{"floor":46,"key":"Strength Potion"},{"floor":54,"key":"EntropicBrew"}],"is_trial":false,"path_per_floor":["M","M","?","?","$","R","M","M","T","R","M","M","E","M","R","B",null,"M","?","?","M","M","R","E","R","T","M","R","M","T","E","R","B",null,"M","?","M","?","$","R","?","E","T","R","M","?","M","?","R","B",null,"R","$","E","B",null],"character_chosen":"Hololive_HololiveCharacter","items_purchased":["Hololive_Rebound","Pocketwatch"],"campfire_rested":0,"item_purchase_floors":[39,39],"current_hp_per_floor":[35,35,27,20,20,20,20,20,20,20,20,17,17,17,17,17,35,35,35,35,35,35,35,28,28,28,26,26,26,26,26,26,26,35,10,10,10,10,10,10,10,10,10,10,12,12,14,14,14,15,35,35,35,21,23],"gold":36,"neow_bonus":"THREE_ENEMY_KILL","is_daily":false,"chose_seed":false,"campfire_upgraded":7,"win_rate":0.0,"timestamp":1610136748,"path_taken":["M","M","?","?","$","R","M","M","T","R","M","?","E","M","R","BOSS","M","?","?","M","M","R","E","R","T","M","R","M","?","E","R","BOSS","M","?","M","?","$","R","?","E","T","R","M","?","?","?","R","BOSS","R","$","E","BOSS"],"items_purchased_type":["Card","Relic"],"build_version":"2020-12-22","purchased_purges":2,"victory":true,"max_hp_per_floor":[35,35,35,35,35,35,35,35,35,35,35,35,35,35,35,35,35,35,35,35,35,35,35,35,35,35,35,35,35,35,35,35,35,35,35,35,35,35,35,35,35,35,35,35,35,35,35,35,35,35,35,35,35,35,35],"card_choices":[{"not_picked":["Hololive_Drill","Hololive_CallMomosuzuNene","Hololive_CallKiryuuCoco"],"picked":"Hololive_CallHimemoriLuna","floor":1},{"not_picked":["Hololive_LuckPotion","Hololive_CallYogiri","Hololive_FlyingPonyTail"],"picked":"Hololive_Sequa","floor":2},{"not_picked":["Hololive_Watashimo","Hololive_Breathe","Hololive_RevenueBasedLive","Hololive_CallUsadaPekora"],"picked":"SKIP","floor":7},{"not_picked":["Hololive_RevenueBasedLive","Hololive_Trident","Hololive_HuntDinosaur"],"picked":"Hololive_Psychosis","floor":8},{"not_picked":["Hololive_CallMomosuzuNene","Hololive_Drill","Hololive_Sequa"],"picked":"Hololive_CallMurasakiShion","floor":11},{"not_picked":["Hololive_Psychosis","Hololive_Yoholoon","Hololive_LuckPotion"],"picked":"Hololive_Rebirth","floor":12},{"not_picked":["Hololive_Psychosis","Hololive_LuckPotion","Hololive_CallShiranuiFlare","Hololive_StrengthChampion"],"picked":"SKIP","floor":13},{"not_picked":["Hololive_OvertimeWork","Hololive_HuntDinosaur","Hololive_Trident"],"picked":"Hololive_Drill","floor":14},{"not_picked":["Hololive_StarCraft","Hololive_OpenUp","Hololive_ScarfAndHalo"],"picked":"Hololive_Recruit","floor":16},{"not_picked":["Hololive_CallShiroganeNoel","Hololive_RevenueBasedLive","Hololive_CallShiranuiFlare","Hololive_StrengthChampion"],"picked":"SKIP","floor":18},{"not_picked":["Hololive_CallInugamiKorone+1","Hololive_CallRosalyn","Hololive_Trident","Hololive_CallAkaiHaato"],"picked":"SKIP","floor":21},{"not_picked":["Hololive_Psychosis","Hololive_ASMR","Hololive_OvertimeWork+1"],"picked":"Hololive_CallMurasakiShion+1","floor":22},{"not_picked":["Hololive_RevenueBasedLive","Hololive_Rebound","Hololive_LuckPotion"],"picked":"Hololive_Drill","floor":24},{"not_picked":["Hololive_HuntDinosaur+1","Hololive_StrengthChampion","Hololive_RevenueBasedLive","Hololive_WolfAndLamb"],"picked":"SKIP","floor":27},{"not_picked":["Hololive_Sequa","Hololive_CallAkiRosenthal","Hololive_CallShishiroBotan+1"],"picked":"Hololive_CallTsunomakiWatame","floor":29},{"not_picked":["Hololive_DiamondStrike","Hololive_StrengthChampion","Hololive_Drill"],"picked":"Hololive_Nanodesu","floor":31},{"not_picked":["Hololive_DiamondStrike","Hololive_AWSL","Hololive_ScarfAndHalo"],"picked":"Hololive_Nanodesu","floor":33},{"not_picked":["Hololive_CallInugamiKorone","Hololive_Psychosis","Hololive_LuckPotion+1","Hololive_Sequa"],"picked":"SKIP","floor":35},{"not_picked":["Hololive_OvertimeWork","Hololive_HuntDinosaur","Hololive_CallOmaruPolka","Hololive_Drill+1"],"picked":"SKIP","floor":37},{"not_picked":["Hololive_CallTokinoSora+1","Hololive_Rebound","Hololive_CocoNews+1"],"picked":"Hololive_FlyingPonyTail+1","floor":41},{"not_picked":["Hololive_Rebirth","Hololive_CallTsunomakiWatame","Hololive_Sequa","Hololive_Trident"],"picked":"SKIP","floor":42},{"not_picked":["Hololive_CallHimemoriLuna+1","Hololive_SummonFox+1","Hololive_Psychosis+1","Hololive_DiamondStrike"],"picked":"SKIP","floor":45},{"not_picked":["Hololive_Sequa+1","Hololive_RevenueBasedLive+1","Hololive_Trident","Hololive_OvertimeWork+1"],"picked":"SKIP","floor":47},{"not_picked":["Hololive_Trident+1","Hololive_HuntDinosaur+1","Hololive_Rebound+1","Hololive_ManjiGathering"],"picked":"SKIP","floor":54}],"player_experience":175882,"relics_obtained":[{"floor":9,"key":"Ornamental Fan"},{"floor":13,"key":"Ice Cream"},{"floor":24,"key":"Turnip"},{"floor":30,"key":"Bag of Preparation"},{"floor":31,"key":"Torii"},{"floor":38,"key":"Shovel"},{"floor":40,"key":"Orichalcum"},{"floor":41,"key":"Unceasing Top"},{"floor":42,"key":"Blood Vial"},{"floor":43,"key":"Old Coin"},{"floor":44,"key":"Toxic Egg 2"},{"floor":52,"key":"Bottled Lightning"},{"floor":54,"key":"Nunchaku"}],"event_choices":[{"damage_healed":0,"gold_gain":0,"player_choice":"Take Damage","damage_taken":8,"relics_obtained":["Golden Idol"],"max_hp_gain":0,"max_hp_loss":0,"event_name":"Golden Idol","floor":3,"gold_loss":0},{"cards_removed":["Hololive_CallCivia"],"damage_healed":0,"gold_gain":0,"player_choice":"Card Removal","damage_taken":7,"max_hp_gain":0,"max_hp_loss":0,"event_name":"Golden Wing","floor":4,"gold_loss":0},{"cards_removed":["Hololive_Strike"],"damage_healed":0,"gold_gain":0,"player_choice":"Gave Gold","damage_taken":0,"max_hp_gain":0,"max_hp_loss":0,"event_name":"Beggar","floor":19,"gold_loss":75},{"damage_healed":0,"gold_gain":0,"player_choice":"Obtained Relic","damage_taken":0,"relics_obtained":["Potion Belt"],"max_hp_gain":0,"max_hp_loss":0,"event_name":"Addict","floor":20,"gold_loss":85},{"cards_removed":["Hololive_Defend"],"damage_healed":0,"gold_gain":0,"player_choice":"Removed Skill","damage_taken":0,"max_hp_gain":0,"max_hp_loss":0,"event_name":"Falling","floor":36,"gold_loss":0},{"damage_healed":0,"gold_gain":0,"player_choice":"Fight","damage_taken":0,"max_hp_gain":0,"max_hp_loss":0,"event_name":"MindBloom","floor":38,"gold_loss":0},{"damage_healed":0,"gold_gain":0,"player_choice":"Fight","damage_taken":0,"max_hp_gain":0,"max_hp_loss":0,"event_name":"Mysterious Sphere","floor":41,"gold_loss":0},{"damage_healed":0,"gold_gain":0,"player_choice":"Got Potions","damage_taken":0,"max_hp_gain":0,"max_hp_loss":0,"event_name":"Lab","floor":46,"gold_loss":0},{"damage_healed":0,"gold_gain":0,"player_choice":"Paid","damage_taken":0,"relics_obtained":["Red Mask"],"max_hp_gain":0,"max_hp_loss":0,"event_name":"Tomb of Lord Red Mask","floor":48,"gold_loss":507}],"is_beta":false,"boss_relics":[{"not_picked":["Coffee Dripper","Calling Bell"],"picked":"Hololive_Finger"},{"not_picked":["Runic Dome","Sozu"],"picked":"SacredBark"}],"items_purged_floors":[5,39],"is_endless":false,"potions_floor_spawned":[7,8,13,16,22,27,29,33,37,41,42,54],"ascension_level":0}}