{"host":"msa0wxqjs3jv1k3j","time":1610115962,"event":{"mods":["BaseMod","BetterRewards","Colored Map","Highlight Path","KOR Keyword Fix","Keyboard Shortcuts","Minty Spire (QoL Compilation)","Quick Restart","SuperFastMode","everything is the same but u backflip on backflip"],"gold_per_floor":[110,110,120,120,130,160,177,177,203,245,281,311,323,335,347,457,469,498,510,522,554,566,578,607,29,29,48,48,60,60,71,71,71,71],"floor_reached":33,"playtime":1225,"items_purged":[],"score":257,"play_id":"b9e23b06-9289-428e-b6a0-71ff4e25aef1","local_time":"20210108232602","is_ascension_mode":false,"campfire_choices":[{"floor":8.0,"key":"REST"},{"floor":15.0,"key":"REST"},{"floor":23.0,"key":"REST"},{"floor":30,"key":"REST"},{"floor":32,"key":"REST"}],"circlet_count":0,"master_deck":["Strike_B","Strike_B","Strike_B","Defend_B","Defend_B","Defend_B","Defend_B","Zap","Dualcast","Coolheaded","Barrage","Chaos","Sweeping Beam","Gash","Ball Lightning","Doom and Gloom","Leap+1","Go for the Eyes","Compile Driver","Amplify","Conserve Battery+1","Conserve Battery","Hello World","White Noise","Auto Shields","Redo+1","Chaos","White Noise","Chill"],"relics":["Cracked Core","Thread and Needle","Medical Kit","Darkstone Periapt","Pantograph","Regal Pillow","MawBank","Toy Ornithopter","Odd Mushroom","Black Star","Dream Catcher","War Paint","Sling","Bottled Lightning"],"acts_visited":["Exordium","TheCity"],"potions_floor_usage":[29,33,33],"damage_taken":[{"damage":6.0,"enemies":"2 Louse","floor":1.0,"turns":3.0},{"damage":0.0,"enemies":"Cultist","floor":3.0,"turns":3.0},{"damage":2.0,"enemies":"Jaw Worm","floor":5.0,"turns":3.0},{"damage":21.0,"enemies":"Gremlin Nob","floor":6.0,"turns":4.0},{"damage":5.0,"enemies":"3 Louse","floor":7.0,"turns":3.0},{"damage":19.0,"enemies":"3 Sentries","floor":10.0,"turns":5.0},{"damage":12.0,"enemies":"The Mushroom Lair","floor":11.0,"turns":3.0},{"damage":0.0,"enemies":"Blue Slaver","floor":12.0,"turns":3.0},{"damage":1.0,"enemies":"Slime Boss","floor":16.0,"turns":8.0},{"damage":33.0,"enemies":"2 Thieves","floor":18.0,"turns":4.0},{"damage":27.0,"enemies":"3 Byrds","floor":21.0,"turns":5.0},{"damage":24.0,"enemies":"Snake Plant","floor":24.0,"turns":6.0},{"damage":21.0,"enemies":"3 Cultists","floor":27.0,"turns":5.0},{"damage":22,"enemies":"Chosen and Byrds","floor":29,"turns":7},{"damage":0,"enemies":"Snecko","floor":31,"turns":6},{"damage":90,"enemies":"Collector","floor":33,"turns":12}],"seed_played":"7580395680524346384","potions_obtained":[{"floor":2.0,"key":"FearPotion"},{"floor":2.0,"key":"SteroidPotion"},{"floor":2.0,"key":"FairyPotion"},{"floor":11.0,"key":"PotionOfCapacity"},{"floor":29,"key":"Fire Potion"},{"floor":31,"key":"FearPotion"}],"is_trial":false,"path_per_floor":["M","?","M","?","M","E","M","R","T","E","?","M","$","$","R","B",null,"M","?","$","M","?","R","M","$","T","M","?","M","R","M","R","B"],"character_chosen":"DEFECT","items_purchased":["Medical Kit","Darkstone Periapt","Pantograph","Coolheaded","Dream Catcher","War Paint","Sling","Hello World","White Noise"],"campfire_rested":5,"item_purchase_floors":[0,0,0,0,25,25,25,25,25],"current_hp_per_floor":[69,69,69,69,67,46,41,75,75,56,44,44,44,44,75,74,75,42,28,28,1,1,40,16,16,16,24,24,7,46,46,80,0,0],"gold":71,"neow_bonus":"","is_daily":false,"chose_seed":false,"campfire_upgraded":0,"win_rate":0.0,"timestamp":1610115962,"path_taken":["M","?","?","?","M","E","M","R","T","E","?","M","?","$","R","BOSS","M","?","$","M","?","R","M","$","T","M","?","M","R","M","R","BOSS"],"items_purchased_type":["Relic","Relic","Relic","Card","Relic","Relic","Relic","Card","Card"],"build_version":"2020-12-22","purchased_purges":0,"victory":false,"max_hp_per_floor":[75,75,75,75,75,75,75,75,75,75,75,75,75,75,75,75,75,75,80,80,80,80,80,80,80,80,80,80,80,80,80,80,80,80],"card_choices":[{"not_picked":["White Noise","Gash"],"picked":"Barrage","floor":1.0},{"not_picked":["Reinforced Body","Reprogram"],"picked":"Chaos","floor":3.0},{"not_picked":["Barrage","Darkness"],"picked":"Gash","floor":5.0},{"not_picked":["Cold Snap","Go for the Eyes"],"picked":"Ball Lightning","floor":6.0},{"not_picked":["Cold Snap","Double Energy"],"picked":"Doom and Gloom","floor":7.0},{"not_picked":["Double Energy","Barrage"],"picked":"Leap","floor":10.0},{"not_picked":["Ball Lightning","Leap"],"picked":"Go for the Eyes","floor":11.0},{"not_picked":["Blizzard","Sweeping Beam"],"picked":"Compile Driver","floor":12.0},{"not_picked":["Biased Cognition","Buffer"],"picked":"Amplify","floor":16.0},{"not_picked":["Reprogram","Streamline","Go for the Eyes"],"picked":"SKIP","floor":18.0},{"not_picked":["Lockon","Undo"],"picked":"Conserve Battery","floor":21.0},{"not_picked":["Sweeping Beam","Go for the Eyes"],"picked":"Conserve Battery","floor":24.0},{"not_picked":["Reprogram","Go for the Eyes"],"picked":"Auto Shields","floor":27.0},{"not_picked":["Compile Driver","Hologram+1"],"picked":"Redo+1","floor":29},{"not_picked":["Multi-Cast","Coolheaded+1"],"picked":"Chaos","floor":30},{"not_picked":["Consume","Leap"],"picked":"White Noise","floor":31},{"not_picked":["Cold Snap","Barrage"],"picked":"Chill","floor":32}],"player_experience":37407,"relics_obtained":[{"floor":6.0,"key":"Regal Pillow"},{"floor":9.0,"key":"MawBank"},{"floor":10.0,"key":"Toy Ornithopter"},{"floor":11.0,"key":"Odd Mushroom"},{"floor":26.0,"key":"Bottled Lightning"}],"event_choices":[{"damage_healed":0.0,"max_hp_gain":0.0,"max_hp_loss":0.0,"gold_gain":0.0,"event_name":"Lab","player_choice":"Got Potions","floor":2.0,"gold_loss":0.0,"damage_taken":0.0},{"damage_healed":0.0,"max_hp_gain":0.0,"max_hp_loss":0.0,"gold_gain":0.0,"cards_transformed":["Strike_B"],"event_name":"Living Wall","player_choice":"Change","floor":4.0,"gold_loss":0.0,"damage_taken":0.0,"cards_obtained":["Sweeping Beam"]},{"damage_healed":0.0,"max_hp_gain":0.0,"max_hp_loss":0.0,"gold_gain":0.0,"event_name":"Mushrooms","player_choice":"Fought Mushrooms","floor":11.0,"gold_loss":0.0,"damage_taken":0.0},{"damage_healed":0.0,"max_hp_gain":5.0,"max_hp_loss":0.0,"gold_gain":0.0,"event_name":"Forgotten Altar","player_choice":"Shed Blood","floor":19.0,"gold_loss":0.0,"damage_taken":19.0},{"damage_healed":0.0,"max_hp_gain":0.0,"max_hp_loss":0.0,"gold_gain":0.0,"event_name":"Ghosts","player_choice":"Ignored","floor":22.0,"gold_loss":0.0,"damage_taken":0.0},{"damage_healed":0.0,"max_hp_gain":0.0,"max_hp_loss":0.0,"gold_gain":0.0,"event_name":"Vampires","player_choice":"Ignored","floor":28.0,"gold_loss":0.0,"damage_taken":0.0}],"is_beta":false,"boss_relics":[{"not_picked":["SacredBark","Ectoplasm"],"picked":"Black Star"}],"items_purged_floors":[],"is_endless":false,"potions_floor_spawned":[5,7,10,11,21,29,31],"killed_by":"Collector","ascension_level":0}}