{"host":"873t0y8ybyo38pfq","time":1610097398,"event":{"mods":["BaseMod","Bestiary","Colored Map","Colored Powertips","Highlight Path","Minty Spire (QoL Compilation)","Quick Restart","RNG Fix","Rare Cards Sparkle","Relic Stats","StSLib"],"gold_per_floor":[114,114,114,114,39,39,51,81,105,117,142,142,155,181,181,255,255,274,37,37,54,72,99,99,118,145,157,192,15,31,31,31,106,106,120,139,139,139,13,13,0,32,59,86,86,2,2,2],"floor_reached":47,"playtime":1903,"items_purged":["Strike_B","Writhe"],"score":1332,"play_id":"1cdb5afa-2a50-44a7-bb48-bab95c96a1e1","local_time":"20210108041638","is_ascension_mode":true,"campfire_choices":[{"data":"Buffer","floor":6,"key":"SMITH"},{"data":"Zap","floor":12,"key":"SMITH"},{"data":"Ball Lightning","floor":15,"key":"SMITH"},{"floor":24,"key":"REST"},{"floor":32,"key":"RECALL"},{"data":"Machine Learning","floor":40,"key":"SMITH"},{"floor":45,"key":"REST"}],"circlet_count":0,"master_deck":["AscendersBane","Zap+1","Dualcast","Darkness","Buffer+1","Coolheaded","Auto Shields","Ball Lightning+1","Machine Learning","Reinforced Body","Electrodynamics","Glacier","Core Surge","Conserve Battery+1","Machine Learning+1","Tempest","Core Surge","Storm","Multi-Cast","Heatsinks","Creative AI","Loop","Hologram","Glacier+1","Steam+1","Steam Power"],"relics":["Cracked Core","NeowsBlessing","WarpedTongs","Gremlin Horn","Regal Pillow","White Beast Statue","Darkstone Periapt","Nuclear Battery","Chemical X","Nunchaku","Lantern","Symbiotic Virus","Pandora\u0027s Box","Red Mask","StrikeDummy","Bag of Preparation","Happy Flower"],"acts_visited":["Exordium","TheCity","TheBeyond"],"potions_floor_usage":[14,16,23,23,25,28,30,33,33,35,37,42],"damage_taken":[{"damage":0,"enemies":"Jaw Worm","floor":1,"turns":1},{"damage":0,"enemies":"Small Slimes","floor":7,"turns":1},{"damage":0,"enemies":"Gremlin Nob","floor":8,"turns":1},{"damage":0,"enemies":"2 Louse","floor":10,"turns":2},{"damage":2,"enemies":"3 Sentries","floor":11,"turns":11},{"damage":0,"enemies":"Exordium Thugs","floor":13,"turns":3},{"damage":0,"enemies":"Gremlin Nob","floor":14,"turns":4},{"damage":0,"enemies":"Slime Boss","floor":16,"turns":8},{"damage":0,"enemies":"Chosen","floor":18,"turns":5},{"damage":12,"enemies":"3 Byrds","floor":21,"turns":4},{"damage":6,"enemies":"Centurion and Healer","floor":22,"turns":8},{"damage":14,"enemies":"Book of Stabbing","floor":23,"turns":7},{"damage":0,"enemies":"Snecko","floor":25,"turns":4},{"damage":0,"enemies":"Snake Plant","floor":27,"turns":7},{"damage":0,"enemies":"Gremlin Leader","floor":28,"turns":6},{"damage":0,"enemies":"Cultist and Chosen","floor":30,"turns":5},{"damage":22,"enemies":"Champ","floor":33,"turns":14},{"damage":20,"enemies":"3 Darklings","floor":35,"turns":3},{"damage":0,"enemies":"3 Shapes","floor":36,"turns":3},{"damage":13,"enemies":"Writhing Mass","floor":37,"turns":3},{"damage":8,"enemies":"Reptomancer","floor":42,"turns":8},{"damage":36,"enemies":"Giant Head","floor":44,"turns":11},{"damage":4,"enemies":"Jaw Worm Horde","floor":47,"turns":2}],"seed_played":"8795510762522287603","potions_obtained":[{"floor":7,"key":"EssenceOfSteel"},{"floor":10,"key":"Fire Potion"},{"floor":13,"key":"Fire Potion"},{"floor":14,"key":"Weak Potion"},{"floor":16,"key":"Block Potion"},{"floor":18,"key":"EssenceOfDarkness"},{"floor":23,"key":"Ancient Potion"},{"floor":25,"key":"DuplicationPotion"},{"floor":27,"key":"CultistPotion"},{"floor":28,"key":"AttackPotion"},{"floor":30,"key":"FocusPotion"},{"floor":33,"key":"Weak Potion"},{"floor":35,"key":"SmokeBomb"},{"floor":36,"key":"PowerPotion"},{"floor":42,"key":"Ancient Potion"},{"floor":44,"key":"Dexterity Potion"}],"is_trial":false,"path_per_floor":["M","?","?","?","?","R","M","E","T","M","E","R","M","E","R","B",null,"M","$","?","M","M","E","R","M","T","M","E","$","M","?","R","B",null,"M","M","M","?","$","R","?","E","T","E","R","$","M"],"character_chosen":"DEFECT","items_purchased":["Chemical X","Core Surge","Hologram","Steam Power"],"campfire_rested":2,"item_purchase_floors":[19,29,39,46],"current_hp_per_floor":[64,64,64,64,64,64,64,64,64,64,62,62,62,62,62,62,69,69,69,69,57,51,37,71,71,71,71,71,71,71,71,71,49,66,46,46,33,53,53,53,53,45,45,9,47,47,43,43],"gold":2,"neow_bonus":"THREE_ENEMY_KILL","is_daily":false,"chose_seed":false,"campfire_upgraded":4,"win_rate":0.0,"timestamp":1610097398,"path_taken":["M","?","?","?","?","R","?","E","T","?","E","R","M","E","R","BOSS","M","$","?","?","M","E","R","M","T","M","E","?","M","?","R","BOSS","M","M","M","?","$","R","?","E","T","E","R","$","M"],"items_purchased_type":["Relic","Card","Card","Card"],"build_version":"2020-12-22","purchased_purges":2,"victory":false,"max_hp_per_floor":[71,71,71,71,71,71,71,71,71,71,71,71,71,71,71,71,71,71,71,71,71,71,71,71,71,71,71,71,71,71,71,71,71,71,71,71,71,77,77,77,77,77,77,77,77,77,77,77],"relic_stats":{"Darkstone Periapt":6,"Regal Pillow":28,"Nunchaku":[4],"Gremlin Horn":[24,24],"Happy Flower":[0],"counters":[23,121],"Pandora\u0027s Box":["Tempest","Core Surge","Storm","Multi-Cast","Heatsinks","Creative AI"],"Bag of Preparation":[4],"Chemical X":[32],"obtain_stats":[{"Darkstone Periapt":14,"Regal Pillow":9,"Lantern":26,"NeowsBlessing":0,"Gremlin Horn":8,"Happy Flower":44,"Bag of Preparation":43,"White Beast Statue":11,"WarpedTongs":3,"Nuclear Battery":17,"Nunchaku":23,"Pandora\u0027s Box":34,"Red Mask":41,"Chemical X":19,"Cracked Core":0,"Symbiotic Virus":28,"StrikeDummy":42},{"Darkstone Periapt":7,"Regal Pillow":3,"Lantern":13,"NeowsBlessing":0,"Gremlin Horn":3,"Happy Flower":22,"Bag of Preparation":21,"White Beast Statue":5,"WarpedTongs":1,"Nuclear Battery":8,"Nunchaku":12,"Pandora\u0027s Box":17,"Red Mask":20,"Chemical X":9,"Cracked Core":0,"Symbiotic Virus":15,"StrikeDummy":21},{"Darkstone Periapt":23,"Regal Pillow":3,"Lantern":59,"NeowsBlessing":0,"Gremlin Horn":3,"Happy Flower":119,"Bag of Preparation":108,"White Beast Statue":16,"WarpedTongs":1,"Nuclear Battery":31,"Nunchaku":55,"Pandora\u0027s Box":91,"Red Mask":100,"Chemical X":36,"Cracked Core":0,"Symbiotic Virus":72,"StrikeDummy":108}],"WarpedTongs":[115]},"card_choices":[{"not_picked":["Chaos","Go for the Eyes"],"picked":"Darkness","floor":1},{"not_picked":["Heatsinks","Go for the Eyes","Rebound"],"picked":"SKIP","floor":7},{"not_picked":["Leap","Stack"],"picked":"Coolheaded","floor":8},{"not_picked":["Force Field","Go for the Eyes"],"picked":"Auto Shields","floor":10},{"not_picked":["Conserve Battery","Recycle"],"picked":"Ball Lightning","floor":11},{"not_picked":["Thunder Strike","Barrage","Tempest"],"picked":"SKIP","floor":13},{"not_picked":["Heatsinks","Static Discharge","Beam Cell"],"picked":"SKIP","floor":14},{"not_picked":["Seek","Thunder Strike"],"picked":"Machine Learning","floor":16},{"not_picked":["Cold Snap","Blizzard"],"picked":"Reinforced Body","floor":18},{"not_picked":["Turbo+1","Ball Lightning"],"picked":"Glacier","floor":21},{"not_picked":["Streamline","Beam Cell","Barrage"],"picked":"SKIP","floor":22},{"not_picked":["Beam Cell","Compile Driver","Storm"],"picked":"SKIP","floor":23},{"not_picked":["Stack","Ball Lightning","Sunder"],"picked":"SKIP","floor":25},{"not_picked":["Scrape","Sunder","Gash"],"picked":"SKIP","floor":27},{"not_picked":["Auto Shields+1","Blizzard","Rebound"],"picked":"SKIP","floor":28},{"not_picked":["Chill","Reinforced Body"],"picked":"Conserve Battery+1","floor":30},{"not_picked":["Hyperbeam","Core Surge"],"picked":"Machine Learning","floor":33},{"not_picked":["Reprogram","Fusion"],"picked":"Loop","floor":35},{"not_picked":["Static Discharge","Rebound","Go for the Eyes+1"],"picked":"SKIP","floor":36},{"not_picked":["Ball Lightning","Hologram"],"picked":"Glacier+1","floor":42},{"not_picked":["Rip and Tear+1","Turbo"],"picked":"Steam+1","floor":44}],"player_experience":1542004,"relics_obtained":[{"floor":8,"key":"Gremlin Horn"},{"floor":9,"key":"Regal Pillow"},{"floor":11,"key":"White Beast Statue"},{"floor":14,"key":"Darkstone Periapt"},{"floor":23,"key":"Nunchaku"},{"floor":26,"key":"Lantern"},{"floor":28,"key":"Symbiotic Virus"},{"floor":42,"key":"StrikeDummy"},{"floor":43,"key":"Bag of Preparation"},{"floor":44,"key":"Happy Flower"}],"event_choices":[{"damage_healed":0,"gold_gain":0,"player_choice":"1 cards matched","damage_taken":0,"max_hp_gain":0,"max_hp_loss":0,"event_name":"Match and Keep!","floor":2,"gold_loss":0,"cards_obtained":["Buffer"]},{"damage_healed":0,"gold_gain":0,"player_choice":"Rummage","damage_taken":0,"relics_obtained":["WarpedTongs"],"max_hp_gain":0,"max_hp_loss":0,"event_name":"Accursed Blacksmith","floor":3,"gold_loss":0,"cards_obtained":["Pain"]},{"cards_removed":["Pain"],"damage_healed":0,"gold_gain":0,"player_choice":"Forget","damage_taken":0,"max_hp_gain":0,"max_hp_loss":0,"event_name":"Living Wall","floor":4,"gold_loss":0},{"cards_removed":["Strike_B"],"damage_healed":0,"gold_gain":0,"player_choice":"Card Removal","damage_taken":0,"max_hp_gain":0,"max_hp_loss":0,"event_name":"The Cleric","floor":5,"gold_loss":75},{"damage_healed":0,"gold_gain":0,"player_choice":"1 cards matched","damage_taken":0,"max_hp_gain":0,"max_hp_loss":0,"event_name":"Match and Keep!","floor":20,"gold_loss":0,"cards_obtained":["Electrodynamics"]},{"damage_healed":0,"gold_gain":0,"player_choice":"Got Potions","damage_taken":0,"max_hp_gain":0,"max_hp_loss":0,"event_name":"Lab","floor":31,"gold_loss":0},{"damage_healed":14,"gold_gain":0,"player_choice":"Writhe","damage_taken":0,"max_hp_gain":0,"max_hp_loss":0,"event_name":"Winding Halls","floor":38,"gold_loss":0,"cards_obtained":["Writhe"]},{"damage_healed":0,"gold_gain":0,"player_choice":"Paid","damage_taken":0,"relics_obtained":["Red Mask"],"max_hp_gain":0,"max_hp_loss":0,"event_name":"Tomb of Lord Red Mask","floor":41,"gold_loss":13}],"is_beta":false,"boss_relics":[{"not_picked":["Tiny House","Runic Dome"],"picked":"Nuclear Battery"},{"not_picked":["Calling Bell","SacredBark"],"picked":"Pandora\u0027s Box"}],"items_purged_floors":[19,39],"is_endless":false,"potions_floor_spawned":[7,10,13,14,16,18,21,22,23,25,27,28,30,33,35,36,37,42,44],"killed_by":"Jaw Worm Horde","ascension_level":20}}