{"host":"oigynbtg272c19pw","time":1610089365,"event":{"mods":["BaseMod","Colored Map","Minty Spire (QoL Compilation)","Relic Stats","StSLib"],"gold_per_floor":[116,116,131,131,28,28,46,80,131,150,150,190,29,57,57,141,141,161,13,26,49,49,49],"floor_reached":22,"playtime":1348,"items_purged":["Strike_P"],"score":392,"play_id":"cac55500-1c73-4725-bc9c-fce0e417831d","local_time":"20210108080245","is_ascension_mode":true,"campfire_choices":[{"data":"BowlingBash","floor":6.0,"key":"SMITH"},{"data":"SashWhip","floor":11.0,"key":"SMITH"},{"data":"WaveOfTheHand","floor":15.0,"key":"SMITH"}],"circlet_count":0,"master_deck":["AscendersBane","Defend_P+1","Defend_P","Defend_P","Defend_P+1","Eruption","Vigilance+1","Crescendo","Vault","BowlingBash+1","CutThroughFate","Tantrum+1","Wireheading","SashWhip+1","WaveOfTheHand+1","WindmillStrike","DevaForm","Evaluate+1","LessonLearned","CrushJoints+1"],"relics":["PureWater","War Paint","Strawberry","CeramicFish","Potion Belt","OrangePellets","Empty Cage"],"acts_visited":["Exordium","TheCity"],"potions_floor_usage":[22,22,22],"damage_taken":[{"damage":0.0,"enemies":"Jaw Worm","floor":1.0,"turns":4.0},{"damage":0.0,"enemies":"2 Louse","floor":3.0,"turns":3.0},{"damage":0.0,"enemies":"Cultist","floor":7.0,"turns":3.0},{"damage":10.0,"enemies":"Lagavulin","floor":8.0,"turns":6.0},{"damage":0.0,"enemies":"Large Slime","floor":10.0,"turns":2.0},{"damage":5.0,"enemies":"3 Sentries","floor":12.0,"turns":5.0},{"damage":1.0,"enemies":"2 Fungi Beasts","floor":14.0,"turns":4.0},{"damage":34.0,"enemies":"Hexaghost","floor":16.0,"turns":11.0},{"damage":17.0,"enemies":"Shell Parasite","floor":18.0,"turns":7.0},{"damage":22.0,"enemies":"Spheric Guardian","floor":20.0,"turns":6.0},{"damage":17,"enemies":"Shelled Parasite and Fungi","floor":21,"turns":6},{"damage":8,"enemies":"Snake Plant","floor":22,"turns":4}],"seed_played":"-5153480686684661864","potions_obtained":[{"floor":8.0,"key":"DuplicationPotion"},{"floor":10.0,"key":"ColorlessPotion"},{"floor":14.0,"key":"Block Potion"},{"floor":16.0,"key":"DuplicationPotion"},{"floor":21,"key":"StancePotion"}],"is_trial":false,"path_per_floor":["M","?","M","?","$","R","M","E","T","M","R","E","$","M","R","B",null,"M","$","M","M","M"],"character_chosen":"WATCHER","items_purchased":["CutThroughFate","OrangePellets","LessonLearned"],"campfire_rested":0,"item_purchase_floors":[5,13,19],"current_hp_per_floor":[61,61,61,51,51,51,51,48,48,48,48,43,43,42,42,8,58,41,41,19,2,0,0],"gold":49,"neow_bonus":"RANDOM_COMMON_RELIC","is_daily":false,"chose_seed":false,"campfire_upgraded":3,"win_rate":0.0,"timestamp":1610089365,"path_taken":["M","?","M","?","$","R","M","E","T","M","R","E","$","M","R","BOSS","M","$","M","?","M"],"items_purchased_type":["Card","Relic","Card"],"build_version":"2020-12-13","purchased_purges":1,"victory":false,"max_hp_per_floor":[68,68,68,68,68,68,68,75,75,75,75,75,75,75,75,75,75,75,75,75,75,75,75],"relic_stats":{"OrangePellets":[4],"counters":[12,61],"CeramicFish":63,"War Paint":["Defend_P","Vigilance"],"obtain_stats":[{"Potion Belt":12,"OrangePellets":13,"Strawberry":8,"CeramicFish":9,"PureWater":0,"War Paint":0,"Empty Cage":17},{"Potion Belt":6,"OrangePellets":6,"Strawberry":4,"CeramicFish":4,"PureWater":0,"War Paint":0,"Empty Cage":8},{"Potion Belt":23,"OrangePellets":23,"Strawberry":16,"CeramicFish":16,"PureWater":0,"War Paint":0,"Empty Cage":38}]},"card_choices":[{"not_picked":["ClearTheMind","Protect"],"picked":"Crescendo","floor":1.0},{"not_picked":["Study","Crescendo"],"picked":"BowlingBash","floor":3.0},{"not_picked":["ReachHeaven","Protect"],"picked":"Tantrum","floor":7.0},{"not_picked":["BattleHymn","Perseverance"],"picked":"Wireheading","floor":8.0},{"not_picked":["Evaluate","Study"],"picked":"SashWhip","floor":10.0},{"not_picked":["BowlingBash","Alpha"],"picked":"WaveOfTheHand","floor":12.0},{"not_picked":["Evaluate","Perseverance"],"picked":"WindmillStrike","floor":14.0},{"not_picked":["DeusExMachina","Establishment"],"picked":"DevaForm","floor":16.0},{"not_picked":["EmptyBody","ReachHeaven"],"picked":"Evaluate+1","floor":18.0},{"not_picked":["Consecrate","BowlingBash+1","CarveReality+1"],"picked":"SKIP","floor":20.0},{"not_picked":["ClearTheMind","EmptyBody"],"picked":"CrushJoints+1","floor":21}],"player_experience":1349233,"relics_obtained":[{"floor":8.0,"key":"Strawberry"},{"floor":9.0,"key":"CeramicFish"},{"floor":12.0,"key":"Potion Belt"}],"event_choices":[{"damage_healed":0.0,"max_hp_gain":0.0,"max_hp_loss":0.0,"gold_gain":0.0,"cards_transformed":["Strike_P"],"event_name":"Living Wall","player_choice":"Change","floor":2.0,"gold_loss":0.0,"damage_taken":0.0,"cards_obtained":["Vault"]},{"damage_healed":0.0,"max_hp_gain":0.0,"max_hp_loss":0.0,"gold_gain":0.0,"event_name":"Wheel of Change","player_choice":"Damaged","floor":4.0,"gold_loss":0.0,"damage_taken":10.0}],"is_beta":false,"boss_relics":[{"not_picked":["SacredBark","Fusion Hammer"],"picked":"Empty Cage"}],"items_purged_floors":[5],"is_endless":false,"potions_floor_spawned":[8,10,14,16,21],"killed_by":"Snake Plant","ascension_level":20}}