{"host":"i09pxcjttd31eh4q","time":1610124913,"event":{"mods":["AchievementEnabler","BaseMod","Colored Map","Keyboard Shortcuts","Minty Spire (QoL Compilation)","StSLib","SuperFastMode"],"gold_per_floor":[117,127,140,158,172,172,184,200,200,221,221,256,55,68,68,147,147,165,115,115,15,15,15,33,33,33,44,44,62,62,62,62,141,141,153,166,41,61,0,34,34,34,34],"floor_reached":42,"playtime":1227,"items_purged":["Strike_G","Strike_G","Poisoned Stab"],"score":1014,"play_id":"e955d44c-0df0-4111-b652-d9d58127e1e3","local_time":"20210109015513","is_ascension_mode":true,"campfire_choices":[{"data":"Night Terror","floor":6.0,"key":"SMITH"},{"data":"Deadly Poison","floor":11.0,"key":"SMITH"},{"data":"Catalyst","floor":15.0,"key":"SMITH"},{"data":"Concentrate","floor":23.0,"key":"SMITH"},{"floor":25.0,"key":"REST"},{"data":"Tactician","floor":28.0,"key":"SMITH"},{"data":"Acrobatics","floor":32.0,"key":"SMITH"},{"data":"Catalyst","floor":41.0,"key":"SMITH"}],"circlet_count":0,"master_deck":["AscendersBane","Defend_G","Defend_G","Defend_G","Defend_G","Survivor","Neutralize","Night Terror+1","Masterful Stab","Skewer","Tactician+1","Calculated Gamble","Backflip","Backstab","Poisoned Stab","Deadly Poison+1","Acrobatics+1","Catalyst+1","Footwork","After Image","Concentrate+1","Catalyst+1","Escape Plan","Acrobatics"],"relics":["Ring of the Snake","Gremlin Horn","Odd Mushroom","Singing Bowl","SacredBark","Eternal Feather","Coffee Dripper","Red Mask","Bag of Marbles"],"acts_visited":["Exordium","TheCity","TheBeyond"],"potions_floor_usage":[42],"damage_taken":[{"damage":0.0,"enemies":"Cultist","floor":1.0,"turns":2.0},{"damage":8.0,"enemies":"Jaw Worm","floor":2.0,"turns":4.0},{"damage":0.0,"enemies":"2 Louse","floor":3.0,"turns":3.0},{"damage":1.0,"enemies":"Blue Slaver","floor":4.0,"turns":4.0},{"damage":13.0,"enemies":"Exordium Wildlife","floor":5.0,"turns":4.0},{"damage":1.0,"enemies":"2 Fungi Beasts","floor":7.0,"turns":6.0},{"damage":0.0,"enemies":"Lots of Slimes","floor":8.0,"turns":4.0},{"damage":7.0,"enemies":"The Mushroom Lair","floor":10.0,"turns":2.0},{"damage":22.0,"enemies":"Lagavulin","floor":12.0,"turns":5.0},{"damage":1.0,"enemies":"Exordium Wildlife","floor":14.0,"turns":3.0},{"damage":0.0,"enemies":"Hexaghost","floor":16.0,"turns":2.0},{"damage":1.0,"enemies":"3 Byrds","floor":18.0,"turns":5.0},{"damage":31.0,"enemies":"2 Thieves","floor":19.0,"turns":5.0},{"damage":18.0,"enemies":"Snake Plant","floor":24.0,"turns":4.0},{"damage":0.0,"enemies":"Snecko","floor":27.0,"turns":2.0},{"damage":2.0,"enemies":"Cultist and Chosen","floor":29.0,"turns":4.0},{"damage":38.0,"enemies":"Collector","floor":33.0,"turns":7.0},{"damage":0.0,"enemies":"Orb Walker","floor":35.0,"turns":2.0},{"damage":13.0,"enemies":"3 Shapes","floor":36.0,"turns":7.0},{"damage":1.0,"enemies":"Maw","floor":38.0,"turns":5.0},{"damage":29.0,"enemies":"Nemesis","floor":40.0,"turns":7.0},{"damage":25,"enemies":"3 Darklings","floor":42,"turns":5}],"seed_played":"8677508532065388556","potions_obtained":[{"floor":1.0,"key":"Dexterity Potion"},{"floor":3.0,"key":"Regen Potion"},{"floor":5.0,"key":"Poison Potion"},{"floor":12.0,"key":"DistilledChaos"},{"floor":16.0,"key":"Poison Potion"},{"floor":27.0,"key":"Weak Potion"},{"floor":29.0,"key":"Strength Potion"},{"floor":33.0,"key":"CunningPotion"},{"floor":36.0,"key":"Dexterity Potion"},{"floor":38.0,"key":"Weak Potion"}],"is_trial":false,"path_per_floor":["M","M","M","M","M","R","M","M","T","?","R","E","$","M","R","B",null,"M","M","?","$","?","R","M","R","T","M","R","M","$","T","R","B",null,"M","M","$","M","?","E","R","M"],"character_chosen":"THE_SILENT","items_purchased":["Catalyst","Footwork"],"campfire_rested":1,"item_purchase_floors":[13,13],"current_hp_per_floor":[44,36,36,35,22,22,36,36,36,29,29,7,7,8,8,8,53,54,23,23,23,23,23,7,28,28,30,30,30,30,30,42,6,60,60,47,47,48,48,21,33,8,8],"gold":34,"neow_bonus":"TRANSFORM_TWO_CARDS","is_daily":false,"chose_seed":false,"campfire_upgraded":7,"win_rate":0.0,"timestamp":1610124913,"path_taken":["M","M","M","M","M","R","?","M","T","?","R","E","$","M","R","BOSS","M","M","?","$","?","R","M","R","T","M","R","M","$","?","R","BOSS","M","M","$","M","?","E","R","M"],"items_purchased_type":["Card","Card"],"build_version":"2020-12-22","purchased_purges":3,"victory":false,"max_hp_per_floor":[66,66,66,66,66,66,66,66,66,66,66,66,66,68,68,68,68,70,70,70,70,70,70,72,72,72,74,74,76,76,76,76,78,78,78,78,78,80,80,82,82,82,82],"card_choices":[{"not_picked":["Skewer","Distraction","Bane"],"picked":"SKIP","floor":1.0},{"not_picked":["Distraction","Bane"],"picked":"Skewer","floor":1.0},{"not_picked":["Crippling Poison","Quick Slash"],"picked":"Tactician","floor":2.0},{"not_picked":["Concentrate","Riddle With Holes"],"picked":"Calculated Gamble","floor":3.0},{"not_picked":["Cloak And Dagger","Flying Knee"],"picked":"Backflip","floor":4.0},{"not_picked":["Dodge and Roll","Outmaneuver"],"picked":"Backstab","floor":5.0},{"not_picked":["Riddle With Holes","Heel Hook"],"picked":"Poisoned Stab","floor":7.0},{"not_picked":["Footwork","Tactician"],"picked":"Deadly Poison","floor":8.0},{"not_picked":["PiercingWail","Flying Knee"],"picked":"Acrobatics","floor":12.0},{"not_picked":["Tools of the Trade","Flying Knee","Dagger Spray"],"picked":"Singing Bowl","floor":14.0},{"not_picked":["Tools of the Trade","Night Terror"],"picked":"After Image","floor":16.0},{"not_picked":["Flying Knee","Sucker Punch","Outmaneuver+1"],"picked":"Singing Bowl","floor":18.0},{"not_picked":["Riddle With Holes","Flying Knee"],"picked":"Concentrate","floor":19.0},{"not_picked":["Noxious Fumes","Poisoned Stab","Sucker Punch"],"picked":"Singing Bowl","floor":24.0},{"not_picked":["Blade Dance","Masterful Stab","Dodge and Roll+1"],"picked":"Singing Bowl","floor":27.0},{"not_picked":["PiercingWail","Outmaneuver","Setup"],"picked":"Singing Bowl","floor":29.0},{"not_picked":["Phantasmal Killer","Doppelganger","After Image"],"picked":"Singing Bowl","floor":33.0},{"not_picked":["Dagger Spray+1","Terror+1"],"picked":"Escape Plan","floor":35.0},{"not_picked":["Finisher+1","Underhanded Strike+1"],"picked":"Acrobatics","floor":36.0},{"not_picked":["Dash","Dodge and Roll","Outmaneuver+1"],"picked":"Singing Bowl","floor":38.0},{"not_picked":["Terror","Blade Dance","Noxious Fumes"],"picked":"Singing Bowl","floor":40.0}],"player_experience":841430,"relics_obtained":[{"floor":9.0,"key":"Gremlin Horn"},{"floor":10.0,"key":"Odd Mushroom"},{"floor":12.0,"key":"Singing Bowl"},{"floor":31.0,"key":"Eternal Feather"},{"floor":40.0,"key":"Bag of Marbles"}],"event_choices":[{"damage_healed":0.0,"max_hp_gain":0.0,"max_hp_loss":0.0,"gold_gain":0.0,"event_name":"Mushrooms","player_choice":"Fought Mushrooms","floor":10.0,"gold_loss":0.0,"damage_taken":0.0},{"damage_healed":0.0,"max_hp_gain":0.0,"max_hp_loss":0.0,"gold_gain":0.0,"cards_transformed":["Strike_G","Strike_G"],"event_name":"Drug Dealer","player_choice":"Became Test Subject","floor":20.0,"gold_loss":0.0,"damage_taken":0.0,"cards_obtained":["Catalyst","Poisoned Stab"]},{"damage_healed":0.0,"max_hp_gain":0.0,"max_hp_loss":0.0,"gold_gain":0.0,"event_name":"Tomb of Lord Red Mask","player_choice":"Paid","floor":39.0,"gold_loss":61.0,"damage_taken":0.0,"relics_obtained":["Red Mask"]}],"is_beta":false,"boss_relics":[{"not_picked":["Sozu","Tiny House"],"picked":"SacredBark"},{"not_picked":["Velvet Choker","WristBlade"],"picked":"Coffee Dripper"}],"items_purged_floors":[13,21,37],"is_endless":false,"potions_floor_spawned":[1,3,5,12,16,27,29,33,36,38],"killed_by":"3 Darklings","ascension_level":20}}