{"host":"sav7uxregyirlf69","time":1610116472,"event":{"mods":["AchievementEnabler","BaseMod","Colored Map","DeckTracker","Keyboard Shortcuts","Minty Spire (QoL Compilation)","READ ME - Guardian Mod","StSLib","SuperFastMode"],"gold_per_floor":[109,109,126,126,176,209,23,53,99,99,118,132,132,148,148,148,148],"floor_reached":16,"playtime":222,"items_purged":["Strike_G"],"score":270,"play_id":"fecaaad8-30d0-49f9-9e3a-3e32ea46128d","local_time":"20210108233432","is_ascension_mode":true,"campfire_choices":[{"floor":10,"key":"REST"},{"data":"Tactician","floor":13,"key":"SMITH"},{"data":"Acrobatics","floor":15,"key":"SMITH"}],"circlet_count":0,"master_deck":["AscendersBane","Strike_G","Strike_G","Strike_G","Strike_G","Defend_G","Defend_G","Defend_G","Defend_G","Defend_G","Survivor","Neutralize","Tactician+1","Underhanded Strike","Acrobatics+1","Deadly Poison","Eviscerate"],"relics":["Ring of the Snake","NeowsBlessing","Frozen Egg 2","Tough Bandages","Sundial","Bronze Scales"],"acts_visited":["Exordium"],"potions_floor_usage":[8,16],"damage_taken":[{"damage":0,"enemies":"Small Slimes","floor":1,"turns":1},{"damage":0,"enemies":"Jaw Worm","floor":3,"turns":1},{"damage":0,"enemies":"Gremlin Nob","floor":6,"turns":1},{"damage":41,"enemies":"Lagavulin","floor":8,"turns":11},{"damage":0,"enemies":"Cultist","floor":11,"turns":3},{"damage":0,"enemies":"Blue Slaver","floor":12,"turns":3},{"damage":0,"enemies":"Looter","floor":14,"turns":2},{"damage":47,"enemies":"Hexaghost","floor":16,"turns":11}],"seed_played":"-8056108484150637269","potions_obtained":[{"floor":11,"key":"Fire Potion"},{"floor":14,"key":"CunningPotion"}],"is_trial":false,"path_per_floor":["M","?","M","T","?","E","$","E","T","R","M","M","R","M","R","B"],"character_chosen":"THE_SILENT","items_purchased":["Acrobatics","ColorlessPotion"],"campfire_rested":1,"item_purchase_floors":[7,7],"current_hp_per_floor":[59,64,64,64,64,64,64,23,23,44,44,44,44,44,44,0,0],"gold":148,"neow_bonus":"THREE_ENEMY_KILL","is_daily":false,"chose_seed":true,"campfire_upgraded":2,"win_rate":0.0,"timestamp":1610116472,"path_taken":["M","?","M","?","?","E","$","E","T","R","M","M","R","?","R","BOSS"],"items_purchased_type":["Card","Potion"],"build_version":"2020-12-22","purchased_purges":1,"victory":false,"max_hp_per_floor":[66,71,71,71,71,71,71,71,71,71,71,71,71,71,71,71,71],"card_choices":[{"not_picked":["PiercingWail","Sucker Punch","Choke"],"picked":"SKIP","floor":1},{"not_picked":["Flechettes","Flying Knee"],"picked":"Tactician","floor":3},{"not_picked":["Footwork+1","Night Terror"],"picked":"Underhanded Strike","floor":6},{"not_picked":["Choke","Dodge and Roll","Blade Dance"],"picked":"SKIP","floor":8},{"not_picked":["Backflip","Underhanded Strike"],"picked":"Deadly Poison","floor":11},{"not_picked":["Outmaneuver","Choke"],"picked":"Eviscerate","floor":12},{"not_picked":["Catalyst","Dodge and Roll","Underhanded Strike"],"picked":"SKIP","floor":14}],"player_experience":1204499,"relics_obtained":[{"floor":4,"key":"Frozen Egg 2"},{"floor":6,"key":"Tough Bandages"},{"floor":8,"key":"Sundial"},{"floor":9,"key":"Bronze Scales"}],"event_choices":[{"damage_healed":0,"gold_gain":0,"player_choice":"Donut","damage_taken":0,"max_hp_gain":5,"max_hp_loss":0,"event_name":"Big Fish","floor":2,"gold_loss":0},{"damage_healed":0,"gold_gain":50,"player_choice":"Pray","damage_taken":0,"max_hp_gain":0,"max_hp_loss":0,"event_name":"Golden Shrine","floor":5,"gold_loss":0}],"is_beta":false,"boss_relics":[],"items_purged_floors":[7],"is_endless":false,"potions_floor_spawned":[11,14],"killed_by":"Hexaghost","ascension_level":20}}