{"host":"w5vfr18i2ft1pzo2","time":1610124791,"event":{"mods":["AchievementEnabler","Act Like it!","Aspiration","BaseMod","Better Third Choice","BetterRewards","Colored Map","Colored Powertips","Conspire","Curses Come First","DNKmod","Defuse TimeMaze Blight","Dota2Spire","Elementarium","Energized Spire","Evolution","Force Act Four","Friendly Minions","Gensokyo","GifTheSpireLib","Gold Saver","GungeonMod","Halation","Hallownest","Hubris","Hyrulean Relics","Infinite Spire","Jedi Mod","Marisa????????","Minty Spire (QoL Compilation)","MostiFishMod","Poor People Problems","Prisma Mod","Remilia??????","Replay The Spire","SacredBarkPlus","Small Relic Pack","Spicy Shops","Spikes Relics","StSLib","Stuff the Spire","SuperFastMode","Synergy Search","The Blue Laboratory","The Servant 0.9.4","Trackpad","Treasure Hunter","Uncapped","Wandering Minibosses","Yakumo Yukari mod","noobMod","vexMod","??????REMEMod"],"gold_per_floor":[450,396,396,937,937,937,937,963,963,963,973,973,1003,1018,1018,1092,1092,1109,1109,1125,1125,1159,1159],"floor_reached":22,"playtime":579,"items_purged":[],"score":650,"play_id":"0029be55-842e-4ef2-a65a-facfa74f37ae","local_time":"20210109005311","daily_mods":["Heirloom","Time Dilation","Flight","DeadlyEvents","Elite Swarm","Lethality","Diverse","Colorless Cards"],"is_ascension_mode":true,"campfire_choices":[{"floor":6.0,"key":"RECALL"},{"data":"relicPack:TruthCard","floor":10.0,"key":"SMITH"},{"data":"FIFO Queue","floor":12.0,"key":"SMITH"},{"data":"MostiFishMod:CullingBlade","floor":15,"key":"SMITH"}],"circlet_count":0,"master_deck":["hubris:Strike_Merchant","Defend_G","hubris:Defend_Merchant","AscendersBane","hubris:Hubris","ReplayTheSpireMod:Private Reserves","PrismaMod:ChloeRhongomyniad","QueenOfMidnight","MostiFishMod:Confrontation","REME_ACTH","TH:DeckOfManyThings","TH:Mimic","FIFO Queue+1","TH:PixieDust","MostiFishMod:CullingBlade+1","Perfected Strike","TH:EnergyPotion","jedi:harder","BowlingBash+1","TH:DeckOfManyThings"],"relics":["Smiling Mask","hubris:NiceRug","Coffee Dripper","jedi:battlestandard","DaveBox","Ring of Chaos","Honey Jar","halation:CatFaceCupcake","ice","REME_ComplimentaryCards","CaptainsWheel","Brimstone","betterThird:SlimedRelic","relicPack:EdsArm","zeldaRelics:CourageTriforce","DemoMod:GlassGuonStoneRelic","halation:SmartPhone","jedi:maincommand"],"acts_visited":["Exordium","Hallownest:CityofTears"],"potions_floor_usage":[],"damage_taken":[{"damage":0.0,"enemies":"2 Louse","floor":4.0,"turns":3.0},{"damage":3.0,"enemies":"Small Slimes","floor":11.0,"turns":6.0},{"damage":51,"enemies":"3 Sentries","floor":13,"turns":10},{"damage":3,"enemies":"conspire:RoseBush","floor":14,"turns":2},{"damage":0,"enemies":"Slime Boss","floor":16,"turns":3},{"damage":0,"enemies":"Hallownest:Flukemon_and_Top","floor":18,"turns":5},{"damage":0,"enemies":"Hallownest:2_Mistakes","floor":20,"turns":5},{"damage":0,"enemies":"Hallownest:Nosk","floor":21,"turns":9},{"damage":0,"enemies":"Hallownest:eliteSoulWarrior","floor":22,"turns":2}],"seed_played":"1885104282821860179","potions_obtained":[{"floor":11.0,"key":"Regen Potion"},{"floor":13,"key":"blueLaboratory:FaithlessPotion"},{"floor":18,"key":"REME_GoldPotion"}],"is_trial":true,"path_per_floor":["?","?","?","M","?","R","$","T","T","R","M","R","E","M","R","B",null,"M","?","M","E","E"],"character_chosen":"WATCHER","items_purchased":[],"campfire_rested":0,"item_purchase_floors":[],"current_hp_per_floor":[64,53,53,53,53,53,53,53,53,53,53,53,65,62,62,62,67,60,21,14,7,0,0],"gold":1159,"neow_bonus":"","is_daily":false,"chose_seed":false,"campfire_upgraded":3,"win_rate":0.0,"timestamp":1610124791,"path_taken":["?","?","?","?","?","R","$","?","T","R","M","R","?","?","R","BOSS","M","?","?","?","?"],"items_purchased_type":[],"build_version":"2020-12-22","purchased_purges":0,"victory":false,"max_hp_per_floor":[71,71,71,71,66,66,66,66,66,66,66,66,66,68,68,68,68,73,73,74,74,74,74],"card_choices":[{"not_picked":["StuffTheSpire:Python","EmptyBody","DemoMod:AC15"],"picked":"PrismaMod:ChloeRhongomyniad","floor":4.0},{"not_picked":["TH:ElvenBoots","TH:CursedSword"],"picked":"TH:DeckOfManyThings","floor":8.0},{"not_picked":["TH:EnergyPotion","TH:CopperCoins"],"picked":"TH:Mimic","floor":9.0},{"not_picked":["Intimidate","Headbutt","BarbarianYell"],"picked":"FIFO Queue","floor":11.0},{"not_picked":["TH:TreasureMap","TH:CursedSword"],"picked":"TH:PixieDust","floor":13},{"not_picked":["hubris:DoWhile","REME_CopyPotion","DemoMod:FullFirepower"],"picked":"MostiFishMod:CullingBlade","floor":13},{"not_picked":["6A","hubris:ReadiedAction","Replay:BluntJabs"],"picked":"Perfected Strike","floor":14},{"not_picked":["TH:CopperCoins","TH:BikiniMail"],"picked":"TH:EnergyPotion","floor":16},{"not_picked":["Sunlight","Replay:LoomingThreat","DemoMod:SuppressiveFire"],"picked":"jedi:harder","floor":16},{"not_picked":["hubris:SlightOfHand","FlurryOfBlows","PathToVictory+1"],"picked":"BowlingBash+1","floor":18},{"not_picked":["ThirdEye","PrismaMod:ChloeCheapAttackTwo","SprinkleStarSeal","PrismaMod:IllyaPartialInstallAssassin"],"picked":"SKIP","floor":20},{"not_picked":["TH:EnergyPotion","TH:ArmorSpikes","TH:PixieDust"],"picked":"SKIP","floor":21},{"not_picked":["TH:Mimic","The Bomb","Wraith Form v2","MostiFishMod:LethalBlade"],"picked":"SKIP","floor":21},{"not_picked":["TH:EnergyPotion","TH:CursedSword"],"picked":"TH:DeckOfManyThings","floor":22}],"player_experience":260850,"relics_obtained":[{"floor":9.0,"key":"zeldaRelics:CouragePiece"},{"floor":13,"key":"zeldaRelics:CouragePiece"},{"floor":22,"key":"zeldaRelics:CouragePiece"}],"event_choices":[{"damage_healed":0.0,"max_hp_gain":0.0,"max_hp_loss":0.0,"gold_gain":0.0,"event_name":"betterThird:BetterGoop","player_choice":"Slimed","floor":2.0,"gold_loss":54.0,"damage_taken":11.0}],"is_beta":false,"boss_relics":[{"not_picked":["hubris:Backtick","OneHitWonderSystem"],"picked":"halation:SmartPhone"}],"items_purged_floors":[],"is_endless":false,"potions_floor_spawned":[11,13,18],"killed_by":"Hallownest:eliteSoulWarrior","ascension_level":20}}