{"host":"uqbebr2vlnosvkft","time":1610141606,"event":{"mods":["AchievementEnabler","BaseMod","Minty Spire (QoL Compilation)"],"gold_per_floor":[116,291,309,90,90,90,120,131,131,131,131,145,168,13,13,138,138,163,262,262,187,187,228,244,244,244,100,125,125,146,184,184,308,308,324,324,349,349,624,221,237,261,261,261,261,261],"floor_reached":45,"playtime":1956,"items_purged":["Doubt","Regret"],"score":526,"play_id":"dbb8244f-6126-4ffd-87e4-473caf1c2794","local_time":"20210109003326","is_ascension_mode":false,"campfire_choices":[{"data":"Eruption","floor":10,"key":"SMITH"},{"floor":15,"key":"REST"},{"data":"Halt","floor":25,"key":"SMITH"},{"data":"DevaForm","floor":29,"key":"SMITH"},{"floor":32,"key":"REST"}],"circlet_count":0,"master_deck":["Strike_P+1","Strike_P","Strike_P+1","Eruption+1","Vigilance","Halt","ThirdEye","Consecrate+1","FollowUp","Halt+1","LessonLearned","Vault","Study+1","Brilliance+1","ConjureBlade+1","Fasting2+1","BattleHymn+1","EmptyBody","DevaForm+1","Crescendo","Wallop","Scrawl","CurseOfTheBell","Fasting2+1","SashWhip+1"],"relics":["Runic Dome","Bronze Scales","HornCleat","PreservedInsect","Golden Idol","Astrolabe","Dead Branch","Orichalcum","Calling Bell","Damaru","Frozen Egg 2","CloakClasp","Turnip","TeardropLocket"],"acts_visited":["Exordium","TheCity","TheBeyond"],"potions_floor_usage":[23,23,41],"damage_taken":[{"damage":5,"enemies":"Jaw Worm","floor":1,"turns":5},{"damage":0,"enemies":"Small Slimes","floor":3,"turns":4},{"damage":45,"enemies":"Lagavulin","floor":7,"turns":7},{"damage":0,"enemies":"Cultist","floor":8,"turns":2},{"damage":0,"enemies":"Looter","floor":12,"turns":3},{"damage":0,"enemies":"3 Louse","floor":13,"turns":2},{"damage":0,"enemies":"Slime Boss","floor":16,"turns":8},{"damage":0,"enemies":"Spheric Guardian","floor":18,"turns":4},{"damage":4,"enemies":"Gremlin Leader","floor":23,"turns":4},{"damage":7,"enemies":"Chosen","floor":24,"turns":3},{"damage":0,"enemies":"Snecko","floor":28,"turns":3},{"damage":10,"enemies":"Shelled Parasite and Fungi","floor":30,"turns":3},{"damage":32,"enemies":"Slavers","floor":31,"turns":4},{"damage":3,"enemies":"Automaton","floor":33,"turns":5},{"damage":10,"enemies":"3 Darklings","floor":35,"turns":4},{"damage":18,"enemies":"3 Shapes","floor":37,"turns":5},{"damage":28,"enemies":"Writhing Mass","floor":41,"turns":6},{"damage":0,"enemies":"Maw","floor":42,"turns":7},{"damage":17,"enemies":"4 Shapes","floor":45,"turns":1}],"seed_played":"-751654253844530094","potions_obtained":[{"floor":1,"key":"Energy Potion"},{"floor":13,"key":"Strength Potion"},{"floor":16,"key":"SkillPotion"},{"floor":24,"key":"GamblersBrew"},{"floor":30,"key":"Energy Potion"},{"floor":41,"key":"Fire Potion"}],"is_trial":false,"path_per_floor":["M","?","M","$","?","$","E","M","T","R","?","M","M","$","R","B",null,"M","?","?","?","?","E","M","R","T","$","M","R","M","E","R","B",null,"M","?","M","?","?","$","M","M","T","$","M"],"character_chosen":"WATCHER","items_purchased":["Bronze Scales","LessonLearned","DevaForm","Turnip"],"campfire_rested":2,"item_purchase_floors":[4,14,27,40],"current_hp_per_floor":[67,67,67,67,67,67,22,22,22,22,22,22,22,22,42,42,67,67,67,67,67,67,63,56,56,56,56,56,56,46,14,34,31,67,57,57,39,39,39,39,11,11,11,11,0,0],"gold":261,"neow_bonus":"BOSS_RELIC","is_daily":false,"chose_seed":false,"campfire_upgraded":3,"win_rate":0.0,"timestamp":1610141606,"path_taken":["M","?","M","$","?","$","E","?","T","R","?","M","M","$","R","BOSS","M","?","?","?","?","E","M","R","T","$","M","R","M","E","R","BOSS","M","?","M","?","?","$","M","M","T","$","M"],"items_purchased_type":["Relic","Card","Card","Relic"],"build_version":"2020-12-22","purchased_purges":2,"victory":false,"max_hp_per_floor":[72,72,72,72,72,72,72,72,72,72,67,67,67,67,67,67,67,67,67,67,67,67,67,67,67,67,67,67,67,67,67,67,67,67,67,67,67,64,64,64,64,64,64,64,64,64],"card_choices":[{"not_picked":["EmptyBody","Sanctity"],"picked":"Halt","floor":1},{"not_picked":["Nirvana","EmptyMind"],"picked":"ThirdEye","floor":3},{"not_picked":["Study","Pray","BowlingBash"],"picked":"SKIP","floor":7},{"not_picked":["Protect","CrushJoints"],"picked":"Consecrate","floor":8},{"not_picked":["FlurryOfBlows","Vengeance"],"picked":"FollowUp","floor":12},{"not_picked":["DeceiveReality","JustLucky"],"picked":"Halt","floor":13},{"not_picked":["Alpha","Devotion"],"picked":"Vault","floor":16},{"not_picked":["WheelKick","Halt"],"picked":"Fasting2+1","floor":18},{"not_picked":["SignatureMove","FollowUp","TalkToTheHand"],"picked":"SKIP","floor":23},{"not_picked":["ClearTheMind","Sanctity"],"picked":"EmptyBody","floor":24},{"not_picked":["EmptyFist","Nirvana","Vengeance+1"],"picked":"SKIP","floor":28},{"not_picked":["Nirvana","BowlingBash"],"picked":"Crescendo","floor":30},{"not_picked":["Worship","Prostrate"],"picked":"Wallop","floor":31},{"not_picked":["Blasphemy","Wish"],"picked":"Scrawl","floor":33},{"not_picked":["CutThroughFate+1","Halt"],"picked":"Fasting2+1","floor":35},{"not_picked":["Indignation","Evaluate"],"picked":"SashWhip+1","floor":37},{"not_picked":["CutThroughFate+1","FlyingSleeves","Weave+1"],"picked":"SKIP","floor":41},{"not_picked":["Evaluate","FollowUp","BowlingBash"],"picked":"SKIP","floor":42}],"player_experience":246801,"relics_obtained":[{"floor":7,"key":"HornCleat"},{"floor":9,"key":"PreservedInsect"},{"floor":23,"key":"Dead Branch"},{"floor":31,"key":"Orichalcum"},{"floor":34,"key":"Damaru"},{"floor":34,"key":"Frozen Egg 2"},{"floor":34,"key":"CloakClasp"},{"floor":43,"key":"TeardropLocket"}],"event_choices":[{"damage_healed":0,"gold_gain":175,"player_choice":"AGREE","damage_taken":0,"max_hp_gain":0,"max_hp_loss":0,"event_name":"Liars Game","floor":2,"gold_loss":0,"cards_obtained":["Doubt"]},{"cards_removed":["Defend_P"],"damage_healed":0,"gold_gain":0,"player_choice":"Offered Basic","damage_taken":0,"max_hp_gain":0,"max_hp_loss":0,"event_name":"Bonfire Elementals","floor":5,"gold_loss":0},{"damage_healed":0,"gold_gain":0,"player_choice":"Lose Max HP","damage_taken":0,"relics_obtained":["Golden Idol"],"max_hp_gain":0,"max_hp_loss":5,"event_name":"Golden Idol","floor":11,"gold_loss":0},{"damage_healed":0,"gold_gain":99,"player_choice":"Stole From Cult","damage_taken":0,"max_hp_gain":0,"max_hp_loss":0,"event_name":"Nest","floor":19,"gold_loss":0},{"damage_healed":0,"gold_gain":0,"player_choice":"Read","damage_taken":0,"max_hp_gain":0,"max_hp_loss":0,"event_name":"The Library","floor":20,"gold_loss":0,"cards_obtained":["BattleHymn"]},{"cards_removed":["Defend_P"],"damage_healed":0,"gold_gain":0,"player_choice":"Gave Gold","damage_taken":0,"max_hp_gain":0,"max_hp_loss":0,"event_name":"Beggar","floor":21,"gold_loss":75},{"damage_healed":0,"gold_gain":0,"player_choice":"Upgraded","damage_taken":0,"max_hp_gain":0,"max_hp_loss":0,"event_name":"Upgrade Shrine","floor":22,"gold_loss":0,"cards_upgraded":["BattleHymn"]},{"damage_healed":0,"gold_gain":0,"player_choice":"Ignored","damage_taken":0,"max_hp_gain":0,"max_hp_loss":0,"event_name":"Tomb of Lord Red Mask","floor":36,"gold_loss":0},{"damage_healed":0,"gold_gain":0,"player_choice":"Max HP","damage_taken":0,"max_hp_gain":0,"max_hp_loss":3,"event_name":"Winding Halls","floor":38,"gold_loss":0},{"damage_healed":0,"gold_gain":275,"player_choice":"Desecrate","damage_taken":0,"max_hp_gain":0,"max_hp_loss":0,"event_name":"Golden Shrine","floor":39,"gold_loss":0,"cards_obtained":["Regret"]}],"is_beta":false,"boss_relics":[{"not_picked":["Runic Pyramid","SacredBark"],"picked":"Astrolabe"},{"not_picked":["Tiny House","Black Star"],"picked":"Calling Bell"}],"items_purged_floors":[4,40],"is_endless":false,"potions_floor_spawned":[1,13,16,24,30,33,37,41],"killed_by":"4 Shapes","ascension_level":0}}