{"host":"appz8zkad29u9482","time":1610068955,"event":{"mods":["2.2 Compatiblity","Act Like it!","Aspiration","BaseMod","Beaked The Cultist","Better Altar","Better Match","Better Note","Better Skull","Better Third Choice","BetterRewards","CapriCore","Conspire","Disable Question Mark Monsters","Downfall","Energized Spire","Gensokyo","GifTheSpireLib","Gold Saver","Halation","Hermit","Hubris","Infinite Spire","Jedi Mod","Marisa????????","Minty Spire (QoL Compilation)","Permanent Neow","Reimu??????","Replay The Spire","Spicy Shops","StSLib","Strawberry Spire","Stuff the Spire","The Cursed","The Hierophant","The Immortal","Yuyuko","yUi"],"gold_per_floor":[20,20,20,30,42,42,42,6,6,106,134,134,165,178,178,280,280,299,144,144,164,18,61,61,61,106,106,106,107,107],"floor_reached":29,"playtime":1475,"items_purged":[],"score":272,"play_id":"a80f9d52-6003-4a7e-a6e8-dfebe64991eb","local_time":"20210107152235","is_ascension_mode":false,"campfire_choices":[{"data":"beaked:Ceremony","floor":6,"key":"SMITH"},{"floor":12,"key":"DIG"},{"floor":15,"key":"DIG"},{"data":"beaked:KnowThyFoe","floor":25,"key":"SMITH"}],"circlet_count":0,"master_deck":["beaked:Strike_Y","beaked:Strike_Y","beaked:Strike_Y","beaked:Strike_Y","beaked:Strike_Y","beaked:Defend_Y","beaked:Defend_Y","beaked:Defend_Y","beaked:Defend_Y","beaked:Ceremony","beaked:Ceremony","beaked:Ceremony+1","beaked:StunningBlow","beaked:MachineSpirit","beaked:KnowThyFoe+1","beaked:Windmill+1","beaked:Insight","ReplayTheSpireMod:Prepare the Ceremony","ReplayTheSpireMod:Prepare the Ceremony","beaked:Sacrifice","beaked:HuntressSpirit","beaked:Windmill","beaked:MachineEssence","beaked:Pecker"],"relics":["beaked:MendingPlumage","Calipers","halation:EternalFortune","hubris:BottledRain","Shovel","halation:IllGainedPizza","Quantum Egg","halation:AfternoonTea","energizedSpire:MagnifyingGlass","Lee\u0027s Waffle","beaked:RitualPlumage","aspiration:DSix","strawberrySpire:ThornyGelberry","infinitespire:Golems Mask","StuffTheSpire:Experiment12","Replay:Arrowhead","beaked:ThroatLozenge"],"acts_visited":["Exordium","TheCity"],"potions_floor_usage":[11,16,21,23,29,29],"damage_taken":[{"damage":6,"enemies":"Jaw Worm","floor":1,"turns":4},{"damage":5,"enemies":"Cultist","floor":4,"turns":4},{"damage":2,"enemies":"2 Louse","floor":5,"turns":3},{"damage":60,"enemies":"strawberrySpire:EnergyPylons","floor":11,"turns":6},{"damage":46,"enemies":"Replay:BlueRogue","floor":13,"turns":6},{"damage":10,"enemies":"Looter","floor":14,"turns":2},{"damage":45,"enemies":"Slime Boss","floor":16,"turns":9},{"damage":17,"enemies":"Chosen","floor":18,"turns":6},{"damage":0,"enemies":"Spheric Guardian","floor":21,"turns":4},{"damage":13,"enemies":"Gremlin Leader","floor":23,"turns":7},{"damage":13,"enemies":"Snecko","floor":29,"turns":2}],"seed_played":"4969772945086077842","potions_obtained":[{"floor":4,"key":"hexamod:EctoCoolerPotion"},{"floor":5,"key":"ZuzhouPotion:ReiMu"},{"floor":13,"key":"champ:CounterPotion"},{"floor":18,"key":"champ:CounterPotion"},{"floor":20,"key":"Death Potion"},{"floor":20,"key":"ColorlessPotion"},{"floor":20,"key":"GrandPatriotsElixir:ReiMu"},{"floor":21,"key":"SkillPotion"},{"floor":23,"key":"jedi:tentaclejuice"}],"is_trial":false,"path_per_floor":["M","?","?","M","M","R","?","$","T","?","E","R","E","M","R","B",null,"M","$","?","M","$","E","?","R","T","?","$","M"],"character_chosen":"BEAKED_THE_CULTIST","items_purchased":["beaked:Windmill+1","Lee\u0027s Waffle","beaked:RitualPlumage","infinitespire:Golems Mask","StuffTheSpire:Experiment12","Replay:Arrowhead","beaked:ThroatLozenge"],"campfire_rested":0,"item_purchase_floors":[8,19,22,28,28,28,28],"current_hp_per_floor":[50,53,46,50,53,53,53,53,53,53,32,32,47,44,44,22,53,44,63,63,63,63,66,66,66,66,66,5,0,0],"gold":107,"neow_bonus":"ONE_RARE_RELIC","is_daily":false,"chose_seed":false,"campfire_upgraded":2,"win_rate":0.0,"timestamp":1610068955,"path_taken":["M","?","?","?","?","R","?","$","T","?","E","R","E","M","R","BOSS","M","$","?","M","$","E","?","R","T","?","?","M"],"items_purchased_type":["Card","Relic","Relic","Relic","Relic","Relic","Relic"],"build_version":"2020-12-22","purchased_purges":0,"victory":false,"max_hp_per_floor":[50,53,53,53,53,53,53,53,53,53,53,53,53,53,53,53,53,56,63,63,63,63,66,66,66,66,66,66,66,66],"card_choices":[{"not_picked":["beaked:Resilience","beaked:Daydream"],"picked":"beaked:StunningBlow","floor":1},{"not_picked":["beaked:Tradeoff","beaked:Daydream"],"picked":"beaked:BloodForTheGods","floor":4},{"not_picked":["beaked:Tweet","beaked:Poke"],"picked":"beaked:MachineSpirit","floor":5},{"not_picked":["beaked:Flinch","beaked:Foresight"],"picked":"beaked:Insight","floor":11},{"not_picked":["beaked:DigDeep","beaked:Struggle"],"picked":"ReplayTheSpireMod:Prepare the Ceremony","floor":13},{"not_picked":["beaked:Molting","beaked:Windmill"],"picked":"ReplayTheSpireMod:Prepare the Ceremony","floor":14},{"not_picked":["beaked:ShadowFade","beaked:DarkTribute"],"picked":"beaked:Sacrifice","floor":16},{"not_picked":["beaked:StunningBlow+1","beaked:Evade+1"],"picked":"beaked:HuntressSpirit","floor":18},{"not_picked":["beaked:WarriorSpirit","beaked:Tweet+1"],"picked":"beaked:Windmill","floor":21},{"not_picked":["beaked:Evade","beaked:VigorBurst+1"],"picked":"beaked:MachineEssence","floor":23}],"player_experience":476590,"relics_obtained":[{"floor":9,"key":"hubris:BottledRain"},{"floor":11,"key":"Shovel"},{"floor":12,"key":"halation:IllGainedPizza"},{"floor":13,"key":"Quantum Egg"},{"floor":15,"key":"halation:AfternoonTea"},{"floor":23,"key":"aspiration:DSix"},{"floor":26,"key":"strawberrySpire:ThornyGelberry"}],"event_choices":[{"cards_removed":["beaked:Strike_Y"],"damage_healed":0,"gold_gain":0,"player_choice":"Card Removal","damage_taken":7,"max_hp_gain":0,"max_hp_loss":0,"event_name":"Golden Wing","floor":3,"gold_loss":0},{"damage_healed":0,"gold_gain":100,"player_choice":"Pray","damage_taken":0,"max_hp_gain":0,"max_hp_loss":0,"event_name":"Golden Shrine","floor":10,"gold_loss":0},{"damage_healed":0,"gold_gain":0,"player_choice":"Got Potions","damage_taken":0,"max_hp_gain":0,"max_hp_loss":0,"event_name":"Lab","floor":20,"gold_loss":0},{"damage_healed":0,"gold_gain":0,"cards_transformed":["beaked:BloodForTheGods"],"player_choice":"Transformed","damage_taken":0,"max_hp_gain":0,"max_hp_loss":0,"event_name":"Transmorgrifier","floor":24,"gold_loss":0,"cards_obtained":["beaked:Pecker"]},{"damage_healed":0,"gold_gain":0,"player_choice":"Bought 0 Potions","damage_taken":0,"max_hp_gain":0,"max_hp_loss":0,"event_name":"The Woman in Blue","floor":27,"gold_loss":0}],"is_beta":false,"boss_relics":[{"not_picked":["jedi:paperlyon","Cursed Key"],"picked":"energizedSpire:MagnifyingGlass"}],"items_purged_floors":[],"is_endless":false,"potions_floor_spawned":[4,5,13,18,21,23],"killed_by":"Snecko","ascension_level":0}}