{"host":"l97fnvmr74b5xfzs","time":1610145784,"event":{"mods":["100% Spire Juice","AchievementEnabler","BaseMod","Better Third Choice","Evolution","Hermit","Koishi","Marisa（霧雨　魔理沙）","Minty Spire (QoL Compilation)","Relic Stats","StSLib","The Marked"],"gold_per_floor":[113,113,75,162,174,94,106,78,90,102,0,12,24,36,48,157,169,191,217,229,141,153,176,188,200,200],"floor_reached":25,"playtime":712,"items_purged":[],"score":270,"play_id":"da28ab13-f21b-49a1-a496-ff8243f5de17","local_time":"20210108174304","is_ascension_mode":false,"campfire_choices":[{"data":"Moonworks:SakisCookie","floor":7,"key":"SMITH"},{"data":"Moonworks:Ambush","floor":10,"key":"SMITH"},{"floor":15,"key":"REST"},{"data":"Moonworks:Accelerator","floor":24,"key":"SMITH"}],"circlet_count":0,"master_deck":["Moonworks:CloudOfSeagulls","Moonworks:CloudOfSeagulls","Moonworks:Strike","Moonworks:Strike","Moonworks:Defend","Moonworks:Defend","Moonworks:Ambush+1","Moonworks:LongDistanceShot","Moonworks:CloudOfSeagulls","Moonworks:SakisCookie+1","Enlightenment","Moonworks:BindingChains+1","Apotheosis+1","Moonworks:Accelerator+1","Moonworks:IndiscriminateFireSupport","Moonworks:Heat300Percent","Moonworks:DeployBits","Writhe","Moonworks:NicePresent"],"relics":["Moonworks:BrokenBomb","Moonworks:Homemark","EVO:Axolotl","NeowsBlessing","MawBank","Juzu Bracelet","Pen Nib","Coffee Dripper","Mercury Hourglass"],"acts_visited":["Exordium","TheCity"],"potions_floor_usage":[8,18,18,25],"damage_taken":[{"damage":5,"enemies":"Small Slimes","floor":1,"turns":1},{"damage":0,"enemies":"Lagavulin","floor":6,"turns":1},{"damage":0,"enemies":"Slime Boss","floor":16,"turns":1},{"damage":19,"enemies":"3 Byrds","floor":18,"turns":5},{"damage":18,"enemies":"Shell Parasite","floor":19,"turns":4},{"damage":39,"enemies":"Sentry and Sphere","floor":21,"turns":4},{"damage":5,"enemies":"Chosen and Byrds","floor":23,"turns":3},{"damage":13,"enemies":"Slavers","floor":25,"turns":1}],"seed_played":"4760949450952387695","potions_obtained":[{"floor":8,"key":"Fruit Juice"},{"floor":8,"key":"Weak Potion"},{"floor":8,"key":"Explosive Potion"},{"floor":21,"key":"AttackPotion"},{"floor":23,"key":"Swift Potion"}],"is_trial":false,"path_per_floor":["M","?","?","?","$","E","R","?","T","R","?","?","?","?","R","B",null,"M","M","$","M","?","M","R","E"],"character_chosen":"THE_STARBREAKER","items_purchased":[],"campfire_rested":1,"item_purchase_floors":[],"current_hp_per_floor":[55,48,48,37,37,37,37,42,42,42,48,48,48,48,69,69,71,56,44,44,13,13,8,8,0,0],"gold":200,"neow_bonus":"THREE_ENEMY_KILL","is_daily":false,"chose_seed":false,"campfire_upgraded":3,"win_rate":0.0,"timestamp":1610145784,"path_taken":["M","?","?","?","$","E","R","?","T","R","?","?","?","?","R","BOSS","M","M","$","M","?","M","R","E"],"items_purchased_type":[],"build_version":"2020-12-22","purchased_purges":0,"victory":false,"max_hp_per_floor":[60,60,60,60,60,60,60,65,65,65,71,71,71,71,71,71,71,71,71,71,71,71,71,71,71,71],"relic_stats":{"counters":[8,20],"Pen Nib":[4],"Juzu Bracelet":2,"MawBank":276,"obtain_stats":[{"NeowsBlessing":0,"Moonworks:Homemark":0,"Pen Nib":9,"Juzu Bracelet":6,"Coffee Dripper":17,"EVO:Axolotl":0,"MawBank":2,"Moonworks:BrokenBomb":0,"Mercury Hourglass":22},{"NeowsBlessing":0,"Moonworks:Homemark":0,"Pen Nib":2,"Juzu Bracelet":2,"Coffee Dripper":3,"EVO:Axolotl":0,"MawBank":1,"Moonworks:BrokenBomb":0,"Mercury Hourglass":6},{"NeowsBlessing":0,"Moonworks:Homemark":0,"Pen Nib":2,"Juzu Bracelet":2,"Coffee Dripper":3,"EVO:Axolotl":0,"MawBank":1,"Moonworks:BrokenBomb":0,"Mercury Hourglass":16}],"Mercury Hourglass":[27]},"card_choices":[{"not_picked":["Moonworks:BigMagnum","Moonworks:EvilSpyWorkPreparation"],"picked":"Moonworks:CloudOfSeagulls","floor":1},{"not_picked":["Moonworks:CloudOfSeagulls","Moonworks:TacticalRetreat"],"picked":"Moonworks:SakisCookie","floor":6},{"not_picked":["Moonworks:Blazing","Moonworks:FinalBattle"],"picked":"Moonworks:Accelerator","floor":16},{"not_picked":["Moonworks:EvilSpyWorkPreparation","Moonworks:ReproductionOfRecords"],"picked":"Moonworks:IndiscriminateFireSupport","floor":18},{"not_picked":["Moonworks:ImOnFire","Moonworks:IndiscriminateFireSupport"],"picked":"Moonworks:Heat300Percent","floor":19},{"not_picked":["Moonworks:BigMagnum","Moonworks:IndiscriminateFireSupport"],"picked":"Moonworks:DeployBits","floor":21},{"not_picked":["Moonworks:BigMagnum","Moonworks:JonathanRush"],"picked":"Moonworks:NicePresent","floor":23}],"player_experience":286275,"relics_obtained":[{"floor":6,"key":"Juzu Bracelet"},{"floor":9,"key":"Pen Nib"}],"event_choices":[{"damage_healed":0,"gold_gain":0,"player_choice":"Relic ","damage_taken":7,"max_hp_gain":0,"max_hp_loss":0,"event_name":"betterThird:BetterScrap","floor":2,"gold_loss":0,"cards_obtained":["Evolve"]},{"cards_removed":["Moonworks:Defend"],"damage_healed":0,"gold_gain":0,"player_choice":"Card Removal","damage_taken":0,"max_hp_gain":0,"max_hp_loss":0,"event_name":"The Cleric","floor":3,"gold_loss":50},{"damage_healed":0,"gold_gain":75,"player_choice":"Gold","damage_taken":11,"max_hp_gain":0,"max_hp_loss":0,"event_name":"betterThird:BetterGoop","floor":4,"gold_loss":0},{"damage_healed":0,"gold_gain":0,"player_choice":"Bought 3 Potions","damage_taken":0,"max_hp_gain":0,"max_hp_loss":0,"event_name":"The Woman in Blue","floor":8,"gold_loss":0},{"damage_healed":0,"gold_gain":0,"player_choice":"RENOUNCE","damage_taken":114,"max_hp_gain":0,"max_hp_loss":0,"event_name":"betterThird:BetterSerpent","floor":11,"gold_loss":114,"cards_obtained":["Enlightenment"]},{"damage_healed":0,"gold_gain":0,"cards_transformed":["Moonworks:Defend"],"player_choice":"Transformed","damage_taken":0,"max_hp_gain":0,"max_hp_loss":0,"event_name":"Transmorgrifier","floor":12,"gold_loss":0,"cards_obtained":["Moonworks:BindingChains"]},{"damage_healed":48,"gold_gain":0,"player_choice":"Embrace","damage_taken":0,"max_hp_gain":0,"max_hp_loss":71,"event_name":"betterThird:BetterShining","floor":13,"gold_loss":0},{"damage_healed":0,"gold_gain":0,"player_choice":"Grow","damage_taken":0,"max_hp_gain":0,"max_hp_loss":0,"event_name":"Living Wall","floor":14,"gold_loss":0,"cards_upgraded":["Moonworks:BindingChains"]},{"damage_healed":0,"gold_gain":0,"player_choice":"Opened","damage_taken":0,"relics_obtained":["Mercury Hourglass"],"max_hp_gain":0,"max_hp_loss":0,"event_name":"The Mausoleum","floor":22,"gold_loss":0,"cards_obtained":["Writhe"]}],"is_beta":false,"boss_relics":[{"not_picked":["Philosopher\u0027s Stone","Tiny House"],"picked":"Coffee Dripper"}],"items_purged_floors":[],"is_endless":false,"potions_floor_spawned":[21,23],"killed_by":"Slavers","ascension_level":0}}