{"host":"19t2eyow02s954g8","time":1610097161,"event":{"mods":["BaseMod","Colored Map","DeckTracker","Minty Spire (QoL Compilation)","StSLib","SuperFastMode"],"gold_per_floor":[111,111,111,36,54,54,79,79,106,126,126,136,151,161,161,240,240,240,240,240,255,266,266,266,280,280,280,280],"floor_reached":27,"playtime":996,"items_purged":[],"score":480,"play_id":"8c58cee8-3262-468b-9ac2-122b44e1280d","local_time":"20210108181241","is_ascension_mode":true,"campfire_choices":[{"data":"Neutralize","floor":6,"key":"SMITH"},{"data":"Wraith Form v2","floor":8,"key":"SMITH"},{"data":"Deadly Poison","floor":15,"key":"SMITH"},{"floor":23,"key":"REST"}],"circlet_count":0,"master_deck":["AscendersBane","Strike_G","Defend_G","Defend_G","Defend_G","Defend_G","Defend_G","Survivor","Neutralize+1","Dagger Throw","Wraith Form v2+1","Underhanded Strike","Reflex","Deadly Poison+1","PiercingWail","Night Terror","Calculated Gamble","Prepared"],"relics":["Ring of the Snake","NeowsBlessing","FossilizedHelix","Boot","Runic Pyramid","Mummified Hand"],"acts_visited":["Exordium","TheCity"],"potions_floor_usage":[16,16,16,18,22,27,27],"damage_taken":[{"damage":0,"enemies":"Jaw Worm","floor":1,"turns":1},{"damage":0,"enemies":"2 Louse","floor":5,"turns":1},{"damage":0,"enemies":"Gremlin Nob","floor":7,"turns":1},{"damage":0,"enemies":"Cultist","floor":10,"turns":3},{"damage":0,"enemies":"2 Fungi Beasts","floor":12,"turns":6},{"damage":0,"enemies":"Blue Slaver","floor":13,"turns":4},{"damage":6,"enemies":"Exordium Wildlife","floor":14,"turns":5},{"damage":13,"enemies":"The Guardian","floor":16,"turns":10},{"damage":0,"enemies":"2 Thieves","floor":18,"turns":1},{"damage":5,"enemies":"Spheric Guardian","floor":21,"turns":7},{"damage":29,"enemies":"Shelled Parasite and Fungi","floor":22,"turns":9},{"damage":22,"enemies":"3 Cultists","floor":25,"turns":8},{"damage":30,"enemies":"Masked Bandits","floor":27,"turns":3}],"seed_played":"1261029992731642987","potions_obtained":[{"floor":5,"key":"FearPotion"},{"floor":7,"key":"EntropicBrew"},{"floor":16,"key":"SmokeBomb"},{"floor":21,"key":"Strength Potion"},{"floor":25,"key":"SteroidPotion"}],"is_trial":false,"path_per_floor":["M","?","?","?","M","R","E","R","T","M","?","M","M","M","R","B",null,"M","?","?","M","M","R","?","M","T","?"],"character_chosen":"THE_SILENT","items_purchased":[],"campfire_rested":1,"item_purchase_floors":[],"current_hp_per_floor":[59,41,41,41,41,41,41,41,41,41,41,41,41,35,35,22,55,55,55,37,32,18,39,39,17,17,0,0],"gold":280,"neow_bonus":"THREE_ENEMY_KILL","is_daily":false,"chose_seed":false,"campfire_upgraded":3,"win_rate":0.0,"timestamp":1610097161,"path_taken":["M","?","?","?","M","R","E","R","T","M","?","M","?","M","R","BOSS","M","?","?","M","M","R","?","?","T","?"],"items_purchased_type":[],"build_version":"2020-12-22","purchased_purges":0,"victory":false,"max_hp_per_floor":[66,66,66,66,66,66,66,66,66,66,66,66,66,66,66,66,66,66,66,71,71,71,71,71,71,71,71,71],"card_choices":[{"not_picked":["Skewer","Eviscerate"],"picked":"Dagger Throw","floor":1},{"not_picked":["Acrobatics","Deflect"],"picked":"Underhanded Strike","floor":5},{"not_picked":["Deflect","All Out Attack"],"picked":"Reflex","floor":7},{"not_picked":["Cloak And Dagger","Bane","Backflip"],"picked":"SKIP","floor":10},{"not_picked":["Cloak And Dagger","Bane","Backflip"],"picked":"SKIP","floor":10},{"not_picked":["Quick Slash","Dagger Throw"],"picked":"Deadly Poison","floor":12},{"not_picked":["Skewer","Distraction","A Thousand Cuts"],"picked":"SKIP","floor":13},{"not_picked":["Prepared","Cloak And Dagger"],"picked":"PiercingWail","floor":14},{"not_picked":["Burst","Tools of the Trade"],"picked":"Night Terror","floor":16},{"not_picked":["Riddle With Holes","Blade Dance+1","Outmaneuver"],"picked":"SKIP","floor":21},{"not_picked":["Deflect+1","Accuracy","Expertise"],"picked":"SKIP","floor":22},{"not_picked":["Flying Knee","All Out Attack"],"picked":"Prepared","floor":25}],"player_experience":4199734,"relics_obtained":[{"floor":7,"key":"Boot"},{"floor":26,"key":"Mummified Hand"}],"event_choices":[{"damage_healed":0,"gold_gain":0,"player_choice":"Success","damage_taken":18,"relics_obtained":["FossilizedHelix"],"max_hp_gain":0,"max_hp_loss":0,"event_name":"Scrap Ooze","floor":2,"gold_loss":0},{"damage_healed":0,"gold_gain":0,"cards_transformed":["Strike_G"],"player_choice":"Change","damage_taken":0,"max_hp_gain":0,"max_hp_loss":0,"event_name":"Living Wall","floor":3,"gold_loss":0,"cards_obtained":["Wraith Form v2"]},{"cards_removed":["Strike_G"],"damage_healed":0,"gold_gain":0,"player_choice":"Card Removal","damage_taken":0,"max_hp_gain":0,"max_hp_loss":0,"event_name":"The Cleric","floor":4,"gold_loss":75},{"cards_removed":["Strike_G"],"damage_healed":0,"gold_gain":0,"player_choice":"Purged","damage_taken":0,"max_hp_gain":0,"max_hp_loss":0,"event_name":"Purifier","floor":11,"gold_loss":0},{"damage_healed":0,"gold_gain":0,"player_choice":"Read","damage_taken":0,"max_hp_gain":0,"max_hp_loss":0,"event_name":"The Library","floor":19,"gold_loss":0,"cards_obtained":["Calculated Gamble"]},{"damage_healed":0,"gold_gain":0,"player_choice":"Shed Blood","damage_taken":23,"max_hp_gain":5,"max_hp_loss":0,"event_name":"Forgotten Altar","floor":20,"gold_loss":0},{"cards_removed":["Strike_G"],"damage_healed":0,"gold_gain":0,"player_choice":"Elegance","damage_taken":0,"max_hp_gain":0,"max_hp_loss":0,"event_name":"Back to Basics","floor":24,"gold_loss":0},{"damage_healed":0,"gold_gain":0,"player_choice":"Fought Bandits","damage_taken":0,"max_hp_gain":0,"max_hp_loss":0,"event_name":"Masked Bandits","floor":27,"gold_loss":0}],"is_beta":false,"boss_relics":[{"not_picked":["Pandora\u0027s Box","SacredBark"],"picked":"Runic Pyramid"}],"items_purged_floors":[],"is_endless":false,"potions_floor_spawned":[5,7,10,13,16,21,25],"killed_by":"Masked Bandits","ascension_level":20}}