{"host":"ilxricga2547gmyy","time":1610133050,"event":{"mods":["AchievementEnabler","BaseMod","Minty Spire (QoL Compilation)","Quick Restart","Replay The Spire","StSLib"],"gold_per_floor":[112,112,38,58,77,109,109,120,120,120,148,148,148,205,205,305,305,325,343,354,370,370,370,397,397,420,452,452,471,506,539,539,641,641,658,320,334,8,20,20,54,54,79,96,111,129,129,148,148,148,148,148,48,79,129],"floor_reached":56,"playtime":2512,"items_purged":["SandsOfTime","EmptyFist"],"score":1293,"play_id":"4ca64e63-4ba0-4a5f-a522-182e6447319b","local_time":"20210108201050","is_ascension_mode":true,"campfire_choices":[{"data":"Fasting2","floor":7.0,"key":"SMITH"},{"floor":10.0,"key":"REST"},{"floor":13.0,"key":"REST"},{"data":"Ragnarok","floor":23.0,"key":"SMITH"},{"data":"ClearTheMind","floor":25.0,"key":"SMITH"},{"data":"EmptyMind","floor":28.0,"key":"SMITH"},{"data":"Replay:DivineShield","floor":32.0,"key":"SMITH"},{"data":"Establishment","floor":40.0,"key":"SMITH"},{"floor":47.0,"key":"RECALL"},{"data":"Replay:DivineShield","floor":49.0,"key":"SMITH"}],"circlet_count":0,"master_deck":["Strike_P+1","Strike_P","Strike_P","Defend_P+1","Defend_P","Defend_P","Defend_P","Eruption+1","Vigilance","Evaluate","EmptyMind+1","Fasting2+1","Consecrate","Evaluate+1","ClearTheMind+1","Blasphemy+1","Ragnarok+1","FollowUp+1","CutThroughFate+1","ClearTheMind+1","Replay:DivineShield+1","Establishment+1","Conclude","LessonLearned","Weave","CutThroughFate+1","BowlingBash+1","Replay:DivineShield+1","Crescendo+1"],"relics":["HolyWater","Pen Nib","ReplayTheSpireMod:Shallot","Nunchaku","Eternal Feather","Replay:Grab Bag","ReplayTheSpireMod:DimensionalGlitch","Philosopher\u0027s Stone","Enchiridion","Gremlin Food","Omamori","Yang","Red Mask","Quantum Egg","Honey Jar","ReplayTheSpireMod:CursedCoin","ReplayTheSpireMod:Ninjato","Bag of Marbles","Blue Candle","Chameleon Ring","Potion Belt","Replay:Bandana"],"acts_visited":["Exordium","TheCity","TheBeyond","TheEnding"],"potions_floor_usage":[55,55,55,55,55,55,55,55,55],"damage_taken":[{"damage":0.0,"enemies":"Jaw Worm","floor":1.0,"turns":4.0},{"damage":9.0,"enemies":"Small Slimes","floor":4.0,"turns":4.0},{"damage":0.0,"enemies":"Cultist","floor":5.0,"turns":2.0},{"damage":2.0,"enemies":"Replay:BlueRogue","floor":6.0,"turns":5.0},{"damage":11.0,"enemies":"2 Fungi Beasts","floor":8.0,"turns":3.0},{"damage":9.0,"enemies":"3 Sentries","floor":11.0,"turns":7.0},{"damage":2.0,"enemies":"Gremlin Nob","floor":14.0,"turns":3.0},{"damage":12.0,"enemies":"Fading Forest","floor":16.0,"turns":11.0},{"damage":0.0,"enemies":"Spheric Guardian","floor":18.0,"turns":2.0},{"damage":0.0,"enemies":"2 Thieves","floor":19.0,"turns":2.0},{"damage":5.0,"enemies":"Centurion and Healer","floor":20.0,"turns":3.0},{"damage":0.0,"enemies":"Snecko","floor":21.0,"turns":3.0},{"damage":2.0,"enemies":"Book of Stabbing","floor":24.0,"turns":3.0},{"damage":0.0,"enemies":"Gremlin Leader","floor":27.0,"turns":3.0},{"damage":0.0,"enemies":"Cultist and Chosen","floor":29.0,"turns":3.0},{"damage":0.0,"enemies":"Masked Bandits","floor":30.0,"turns":2.0},{"damage":0.0,"enemies":"Replay:Snechameleon","floor":31.0,"turns":3.0},{"damage":0.0,"enemies":"Pondfish","floor":33.0,"turns":4.0},{"damage":0.0,"enemies":"3 Darklings","floor":35.0,"turns":2.0},{"damage":0.0,"enemies":"3 Shapes","floor":37.0,"turns":1.0},{"damage":0.0,"enemies":"3 Darklings","floor":39.0,"turns":1.0},{"damage":11.0,"enemies":"R_Hoarder","floor":41.0,"turns":4.0},{"damage":0.0,"enemies":"Spire Growth","floor":44.0,"turns":1.0},{"damage":6.0,"enemies":"4 Shapes","floor":45.0,"turns":2.0},{"damage":0.0,"enemies":"Jaw Worm Horde","floor":46.0,"turns":1.0},{"damage":0.0,"enemies":"3 Darklings","floor":48.0,"turns":1.0},{"damage":0.0,"enemies":"Replay:Hell Engine","floor":50.0,"turns":2.0},{"damage":0.0,"enemies":"Shield and Spear","floor":54.0,"turns":1.0},{"damage":0,"enemies":"The Heart","floor":55,"turns":3}],"seed_played":"-3242922815682087552","potions_obtained":[{"floor":4.0,"key":"Elixir"},{"floor":6.0,"key":"GamblersBrew"},{"floor":8.0,"key":"Milkshake"},{"floor":11.0,"key":"Fire Potion"},{"floor":18.0,"key":"Flashbang"},{"floor":29.0,"key":"Energy Potion"},{"floor":39.0,"key":"BottledMiracle"},{"floor":41.0,"key":"SteroidPotion"},{"floor":45.0,"key":"EntropicBrew"},{"floor":46.0,"key":"Explosive Potion"},{"floor":52.0,"key":"Regen Potion"},{"floor":52.0,"key":"LifebloodPotion"},{"floor":54.0,"key":"Languid Potion"}],"is_trial":false,"path_per_floor":["M","?","?","M","M","E","R","M","T","R","E","?","R","?","R","B",null,"M","M","M","M","?","R","E","R","T","E","R","M","?","E","R","B",null,"M","$","M","$","M","R","E","?","T","M","M","M","R","M","R","B",null,"R","$","E","B",null],"character_chosen":"WATCHER","items_purchased":["ReplayTheSpireMod:CursedCoin","ReplayTheSpireMod:Ninjato","Bag of Marbles","Fire Potion","Swift Potion","Blue Candle"],"campfire_rested":2,"item_purchase_floors":[36,36,36,36,36,38],"current_hp_per_floor":[72,65,65,56,56,54,54,43,43,64,55,41,62,60,72,60,72,72,72,67,67,42,54,52,64,64,64,72,72,72,72,72,72,72,72,72,72,72,72,72,61,72,72,72,66,66,72,72,72,72,72,72,72,72,72],"gold":129,"neow_bonus":"RANDOM_EVENT","is_daily":false,"chose_seed":false,"campfire_upgraded":7,"win_rate":0.0,"timestamp":1610133050,"path_taken":["M","?","?","M","?","E","R","M","T","R","E","?","R","?","R","BOSS","M","M","M","M","?","R","E","R","T","E","R","M","?","E","R","BOSS","M","$","M","$","M","R","E","?","T","M","M","?","R","M","R","BOSS","R","$","E","BOSS"],"items_purchased_type":["Relic","Relic","Relic","Potion","Potion","Relic"],"build_version":"2020-12-22","purchased_purges":2,"victory":true,"max_hp_per_floor":[72,72,72,72,72,72,72,72,72,72,72,72,72,72,72,72,72,72,72,72,72,72,72,72,72,72,72,72,72,72,72,72,72,72,72,72,72,72,72,72,72,72,72,72,72,72,72,72,72,72,72,72,72,72,72],"card_choices":[{"not_picked":["EmptyFist","FlyingSleeves"],"picked":"Evaluate","floor":1.0},{"not_picked":["Weave","ThirdEye"],"picked":"EmptyMind","floor":4.0},{"not_picked":["PathToVictory","Evaluate"],"picked":"Fasting2","floor":5.0},{"not_picked":["Replay:ManipulateFuture","FollowUp"],"picked":"Consecrate","floor":6.0},{"not_picked":["Replay:ManipulateFuture","Halt"],"picked":"Evaluate","floor":8.0},{"not_picked":["Replay:Hum","Weave"],"picked":"ClearTheMind","floor":11.0},{"not_picked":["Weave","ThirdEye"],"picked":"Blasphemy","floor":14.0},{"not_picked":["Devotion","Replay:AllIn"],"picked":"Ragnarok","floor":16.0},{"not_picked":["PathToVictory","Replay:AtTheReady+1"],"picked":"SandsOfTime","floor":18.0},{"not_picked":["Pray","ReachHeaven+1"],"picked":"FollowUp+1","floor":19.0},{"not_picked":["ReachHeaven+1","Evaluate"],"picked":"CutThroughFate+1","floor":20.0},{"not_picked":["WindmillStrike","CrushJoints","FlyingSleeves"],"picked":"SKIP","floor":21.0},{"not_picked":["FlyingSleeves+1","Replay:Cycle+1"],"picked":"ClearTheMind+1","floor":24.0},{"not_picked":["DeceiveReality","PathToVictory","ForeignInfluence"],"picked":"SKIP","floor":27.0},{"not_picked":["Prostrate+1","Halt","Replay:Battleflow"],"picked":"SKIP","floor":29.0},{"not_picked":["Replay:Vibes","Replay:AtTheReady"],"picked":"Replay:DivineShield","floor":31.0},{"not_picked":["DeusExMachina","Devotion"],"picked":"Establishment","floor":33.0},{"not_picked":["ThirdEye","Replay:Cycle+1","SignatureMove+1"],"picked":"SandsOfTime","floor":35.0},{"not_picked":["Prostrate","Replay:BluntJabs","Swivel"],"picked":"EmptyFist","floor":37.0},{"not_picked":["CutThroughFate","PathToVictory+1","Replay:DivineShield+1"],"picked":"Conclude","floor":39.0},{"not_picked":["Replay:Anticipation+1","SignatureMove+1","WindmillStrike"],"picked":"LessonLearned","floor":41.0},{"not_picked":["PathToVictory+1","EmptyBody","WindmillStrike+1"],"picked":"Weave","floor":44.0},{"not_picked":["Crescendo","ReachHeaven","Pray"],"picked":"CutThroughFate+1","floor":45.0},{"not_picked":["SandsOfTime+1","Crescendo","PathToVictory"],"picked":"BowlingBash+1","floor":46.0},{"not_picked":["Replay:Cycle+1","Protect","EmptyFist"],"picked":"Replay:DivineShield","floor":48.0},{"not_picked":["ClearTheMind+1","Replay:AtTheReady","Consecrate"],"picked":"Crescendo+1","floor":54.0}],"player_experience":277493,"relics_obtained":[{"floor":6.0,"key":"ReplayTheSpireMod:Shallot"},{"floor":11.0,"key":"Nunchaku"},{"floor":14.0,"key":"Eternal Feather"},{"floor":22.0,"key":"Enchiridion"},{"floor":24.0,"key":"Gremlin Food"},{"floor":26.0,"key":"Omamori"},{"floor":27.0,"key":"Yang"},{"floor":30.0,"key":"Red Mask"},{"floor":31.0,"key":"Quantum Egg"},{"floor":41.0,"key":"Chameleon Ring"},{"floor":43.0,"key":"Potion Belt"},{"floor":54.0,"key":"Replay:Bandana"}],"event_choices":[{"damage_healed":0.0,"max_hp_gain":0.0,"max_hp_loss":0.0,"gold_gain":0.0,"event_name":"Living Wall","player_choice":"Grow","floor":0.0,"gold_loss":0.0,"damage_taken":0.0,"cards_upgraded":["Eruption"]},{"cards_removed":["Strike_P"],"damage_healed":0.0,"max_hp_gain":0.0,"max_hp_loss":0.0,"gold_gain":0.0,"event_name":"Golden Wing","player_choice":"Card Removal","floor":2.0,"gold_loss":0.0,"damage_taken":7.0},{"damage_healed":0.0,"max_hp_gain":0.0,"max_hp_loss":0.0,"gold_gain":0.0,"event_name":"WeMeetAgain","player_choice":"Paid Gold","floor":3.0,"gold_loss":74.0,"damage_taken":0.0,"relics_obtained":["Pen Nib"]},{"damage_healed":0.0,"max_hp_gain":0.0,"max_hp_loss":0.0,"gold_gain":0.0,"event_name":"Shining Light","player_choice":"Entered Light","floor":12.0,"gold_loss":0.0,"damage_taken":14.0,"cards_upgraded":["Defend_P","Strike_P"]},{"damage_healed":0.0,"max_hp_gain":0.0,"max_hp_loss":0.0,"gold_gain":0.0,"event_name":"Dead Adventurer","player_choice":"Searched \u00272\u0027 times","floor":14.0,"gold_loss":0.0,"damage_taken":0.0},{"damage_healed":0.0,"max_hp_gain":0.0,"max_hp_loss":0.0,"gold_gain":0.0,"event_name":"Cursed Tome","player_choice":"Obtained Book","floor":22.0,"gold_loss":0.0,"damage_taken":16.0},{"damage_healed":0.0,"max_hp_gain":0.0,"max_hp_loss":0.0,"gold_gain":0.0,"event_name":"Masked Bandits","player_choice":"Fought Bandits","floor":30.0,"gold_loss":0.0,"damage_taken":0.0},{"cards_removed":["SandsOfTime"],"damage_healed":11.0,"max_hp_gain":0.0,"max_hp_loss":0.0,"gold_gain":0.0,"event_name":"Bonfire Elementals","player_choice":"Offered Uncommon","floor":42.0,"gold_loss":0.0,"damage_taken":0.0}],"is_beta":false,"boss_relics":[{"not_picked":["Replay:Wanted Poster","Coffee Dripper"],"picked":"Replay:Grab Bag"},{"not_picked":["ChewingGum","Replay:Bronze Core"],"picked":"ReplayTheSpireMod:DimensionalGlitch"},{"not_picked":["Ectoplasm","Sozu"],"picked":"Philosopher\u0027s Stone"},{"not_picked":["Snecko Eye","Empty Cage"],"picked":"HolyWater"},{"not_picked":["Runic Dome","Fusion Hammer"],"picked":"Honey Jar"}],"items_purged_floors":[38,53],"is_endless":false,"potions_floor_spawned":[4,6,8,11,16,18,20,29,39,41,45,46,54],"ascension_level":1}}