{"host":"19t2eyow02s954g8","time":1610115992,"event":{"mods":["BaseMod","Colored Map","DeckTracker","Minty Spire (QoL Compilation)","StSLib","SuperFastMode"],"gold_per_floor":[110,130,130,130,130,161,178,178,178,190,201,220,10,29,29,29,29],"floor_reached":16,"playtime":579,"items_purged":["Strike_G"],"score":258,"play_id":"df9aecb2-2a69-4806-b3a2-cf226cc76678","local_time":"20210108232632","is_ascension_mode":true,"campfire_choices":[{"data":"Strike_G","floor":8,"key":"PURGE"},{"data":"Neutralize","floor":15,"key":"SMITH"}],"circlet_count":0,"master_deck":["AscendersBane","Strike_G","Defend_G","Defend_G","Defend_G","Defend_G","Defend_G","Survivor","Neutralize+1","Cloak And Dagger","PiercingWail","Expertise","Wraith Form v2","Noxious Fumes","Slice","Underhanded Strike","Tools of the Trade","Terror"],"relics":["Ring of the Snake","NeowsBlessing","Peace Pipe","Ninja Scroll"],"acts_visited":["Exordium"],"potions_floor_usage":[],"damage_taken":[{"damage":0,"enemies":"Jaw Worm","floor":1,"turns":1},{"damage":0,"enemies":"Small Slimes","floor":2,"turns":1},{"damage":0,"enemies":"3 Sentries","floor":6,"turns":1},{"damage":0,"enemies":"2 Louse","floor":7,"turns":4},{"damage":9,"enemies":"Red Slaver","floor":10,"turns":5},{"damage":3,"enemies":"Blue Slaver","floor":11,"turns":6},{"damage":0,"enemies":"Lots of Slimes","floor":12,"turns":4},{"damage":1,"enemies":"Gremlin Gang","floor":14,"turns":4},{"damage":15,"enemies":"Slime Boss","floor":16,"turns":6}],"seed_played":"8300455665959674034","potions_obtained":[{"floor":1,"key":"GhostInAJar"},{"floor":10,"key":"Ancient Potion"},{"floor":14,"key":"FearPotion"}],"is_trial":false,"path_per_floor":["M","M","?","?","?","E","M","R","T","M","M","M","$","M","R","B"],"character_chosen":"THE_SILENT","items_purchased":["Underhanded Strike","Tools of the Trade"],"campfire_rested":0,"item_purchase_floors":[13,13],"current_hp_per_floor":[59,59,59,52,52,52,52,52,52,43,40,40,40,39,39,24,24],"gold":29,"neow_bonus":"THREE_ENEMY_KILL","is_daily":false,"chose_seed":false,"campfire_upgraded":1,"win_rate":0.0,"timestamp":1610115992,"path_taken":["M","M","?","?","?","E","M","R","T","?","M","M","$","M","R","BOSS"],"items_purchased_type":["Card","Card"],"build_version":"2020-12-22","purchased_purges":1,"victory":false,"max_hp_per_floor":[66,66,66,66,66,66,66,66,66,66,66,66,66,66,66,66,66],"card_choices":[{"not_picked":["Eviscerate","Flying Knee","Quick Slash"],"picked":"SKIP","floor":1},{"not_picked":["Quick Slash","Flying Knee"],"picked":"Cloak And Dagger","floor":2},{"not_picked":["Deflect","Dodge and Roll"],"picked":"PiercingWail","floor":6},{"not_picked":["Outmaneuver","Deadly Poison"],"picked":"Expertise","floor":7},{"not_picked":["Outmaneuver","Prepared"],"picked":"Wraith Form v2","floor":10},{"not_picked":["Deflect","Flying Knee"],"picked":"Noxious Fumes","floor":11},{"not_picked":["Dagger Spray","Cloak And Dagger"],"picked":"Slice","floor":12},{"not_picked":["PiercingWail","Escape Plan"],"picked":"Terror","floor":14}],"player_experience":4203191,"relics_obtained":[{"floor":6,"key":"Peace Pipe"},{"floor":9,"key":"Ninja Scroll"}],"event_choices":[{"damage_healed":0,"gold_gain":0,"player_choice":"Ignored","damage_taken":0,"max_hp_gain":0,"max_hp_loss":0,"event_name":"Liars Game","floor":3,"gold_loss":0},{"cards_removed":["Strike_G"],"damage_healed":0,"gold_gain":0,"player_choice":"Card Removal","damage_taken":7,"max_hp_gain":0,"max_hp_loss":0,"event_name":"Golden Wing","floor":4,"gold_loss":0},{"cards_removed":["Strike_G"],"damage_healed":0,"gold_gain":0,"player_choice":"Purged","damage_taken":0,"max_hp_gain":0,"max_hp_loss":0,"event_name":"Purifier","floor":5,"gold_loss":0}],"is_beta":false,"boss_relics":[],"items_purged_floors":[13],"is_endless":false,"potions_floor_spawned":[1,10,12,14],"killed_by":"Slime Boss","ascension_level":20}}