{"host":"iy58fyt9wsbv4cf1","time":1610140365,"event":{"mods":["BaseMod","Better Altar","Better Match","Better Skull","Better Third Choice","BetterRewards","Conspire","Custom Start","Defuse TimeMaze Blight","Hubris","Infinite Spire","Minty Spire (QoL Compilation)","Permanent Neow","Quick Restart","Spicy Shops","StSLib"],"gold_per_floor":[119,135,135,56,73,108,283,283,283,283,34,47,72,72,72,167,167,187,112,112,112,131,160,171,171,242,242,254,254,254,289,289,394,394,407,419,469,481,497,532,547,173,173,173,43,43,43,43,43,43,43,43,43,71,71],"floor_reached":56,"playtime":1084,"items_purged":["Strike_B","Strike_B","Strike_B"],"score":1896,"play_id":"807653f7-9f30-4c31-a9ff-0b26fdc86d4a","local_time":"20210108161245","is_ascension_mode":false,"campfire_choices":[{"data":"Double Energy","floor":8.0,"key":"SMITH"},{"data":"hubris:DuctTapeCard","floor":10.0,"key":"SMITH"},{"data":"Storm","floor":15.0,"key":"SMITH"},{"data":"Storm","floor":25.0,"key":"SMITH"},{"floor":27.0,"key":"RECALL"},{"data":"Amplify","floor":32.0,"key":"SMITH"},{"data":"Defend_B","floor":44.0,"key":"PURGE"},{"data":"Amplify","floor":47.0,"key":"SMITH"},{"data":"Defend_B","floor":49.0,"key":"PURGE"},{"data":"Seek","floor":52.0,"key":"SMITH"}],"circlet_count":0,"master_deck":["Defend_B","Defend_B","Zap","Dualcast+1","hubris:PowerSurge","Ball Lightning","Storm+1","hubris:PowerSurge","Thunder Strike","Storm+1","Double Energy+1","hubris:PowerSurge","Defragment","Tempest+1","Loop","Tempest","Heatsinks","hubris:PowerSurge","Defragment","Tempest","Heatsinks","Storm+1","Conserve Battery","Doubt","BootSequence","Self Repair","Amplify+1","Creative AI","Force Field","Seek+1","White Noise+1","Static Discharge+1","White Noise+1","Amplify+1","Biased Cognition","hubris:DuctTapeCard"],"relics":["FrozenCore","Bag of Preparation","DataDisk","Runic Capacitor","Lee\u0027s Waffle","Chemical X","Lantern","Membership Card","Strange Spoon","DollysMirror","PreservedInsect","hubris:MysteriousPyramids","Mummified Hand","hubris:DuctTape","Prayer Wheel","HandDrill","Mango","hubris:TenFootPole","Juzu Bracelet","Boot","hubris:Towel","hubris:Zylophone","hubris:PeanutButter","hubris:Icosahedron","Ice Cream","infinitespire:WardingShard","Nuclear Battery","infinitespire:Magic Flask","Peace Pipe","Happy Flower","War Paint","hubris:CrystalStatue","Bottled Lightning"],"acts_visited":["Exordium","TheCity","TheBeyond","TheEnding"],"potions_floor_usage":[55,55],"damage_taken":[{"damage":0.0,"enemies":"2 Louse","floor":1.0,"turns":1.0},{"damage":0.0,"enemies":"Jaw Worm","floor":2.0,"turns":1.0},{"damage":0.0,"enemies":"Cultist","floor":5.0,"turns":1.0},{"damage":0.0,"enemies":"Lagavulin","floor":6.0,"turns":2.0},{"damage":0.0,"enemies":"Exordium Thugs","floor":12.0,"turns":2.0},{"damage":0.0,"enemies":"3 Sentries","floor":13.0,"turns":2.0},{"damage":0.0,"enemies":"Hexaghost","floor":16.0,"turns":2.0},{"damage":0.0,"enemies":"3 Byrds","floor":18.0,"turns":1.0},{"damage":0.0,"enemies":"Chosen","floor":22.0,"turns":1.0},{"damage":8.0,"enemies":"Book of Stabbing","floor":23.0,"turns":2.0},{"damage":0.0,"enemies":"Centurion and Healer","floor":24.0,"turns":1.0},{"damage":0.0,"enemies":"Snecko","floor":28.0,"turns":1.0},{"damage":0.0,"enemies":"Gremlin Leader","floor":31.0,"turns":1.0},{"damage":2.0,"enemies":"hubris:MusketHawk","floor":33.0,"turns":3.0},{"damage":0.0,"enemies":"3 Darklings","floor":35.0,"turns":1.0},{"damage":0.0,"enemies":"3 Shapes","floor":36.0,"turns":1.0},{"damage":0.0,"enemies":"Mind Bloom Boss Battle","floor":37.0,"turns":1.0},{"damage":0.0,"enemies":"Spire Growth","floor":38.0,"turns":1.0},{"damage":0.0,"enemies":"Writhing Mass","floor":39.0,"turns":1.0},{"damage":0.0,"enemies":"Reptomancer","floor":40.0,"turns":1.0},{"damage":0.0,"enemies":"Sphere and 2 Shapes","floor":41.0,"turns":1.0},{"damage":0.0,"enemies":"Awakened One","floor":50.0,"turns":2.0},{"damage":0.0,"enemies":"Shield and Spear","floor":54.0,"turns":1.0},{"damage":63,"enemies":"The Heart","floor":55,"turns":3}],"seed_played":"1658368274100610436","potions_obtained":[{"floor":1.0,"key":"SteroidPotion"},{"floor":6.0,"key":"FocusPotion"},{"floor":21.0,"key":"Fire Potion"},{"floor":21.0,"key":"Ancient Potion"},{"floor":28.0,"key":"EssenceOfSteel"}],"is_trial":false,"path_per_floor":["M","M","?","$","M","E","?","R","T","R","$","M","E","?","R","B",null,"M","?","?","?","M","E","M","R","T","R","M","?","T","E","R","B",null,"M","M","?","M","M","E","M","$","T","R","$","?","R","?","R","B",null,"R","$","E","B",null],"character_chosen":"DEFECT","items_purchased":["Bag of Preparation","DataDisk","Runic Capacitor","Lee\u0027s Waffle","Chemical X","Lantern","hubris:PowerSurge","Double Energy","Ball Lightning","Membership Card","Storm","Turbo","hubris:PowerSurge","Strange Spoon","Thunder Strike","DollysMirror","Double Energy","hubris:PowerSurge","Defragment","Tempest","PreservedInsect","Loop","Tempest","Heatsinks","hubris:PowerSurge","hubris:MysteriousPyramids","Mummified Hand","hubris:DuctTape","Prayer Wheel","Defragment","HandDrill","Heatsinks","Juzu Bracelet","BootSequence","Self Repair","Amplify","Biased Cognition","Happy Flower","War Paint","hubris:CrystalStatue"],"campfire_rested":0,"item_purchase_floors":[0,0,0,0,0,0,0,0,0,0,0,0,0,0,0,0,0,0,0,0,0,0,0,0,0,0,0,0,0,0,4,4,11,11,11,42,42,42,42,45],"current_hp_per_floor":[82,82,82,82,82,96,96,96,96,96,96,96,96,96,96,96,96,96,96,96,96,96,95,96,96,96,96,96,96,96,96,96,94,96,96,96,96,96,96,96,96,96,96,96,96,96,96,96,96,96,96,96,96,96,33],"gold":71,"neow_bonus":"","is_daily":false,"chose_seed":false,"campfire_upgraded":7,"win_rate":0.0,"timestamp":1610140365,"path_taken":["M","M","?","$","M","E","?","R","T","R","$","M","E","?","R","BOSS","M","?","?","?","M","E","M","R","T","R","M","?","?","E","R","BOSS","M","M","?","M","M","E","M","$","T","R","$","?","R","?","R","BOSS","R","$","E","BOSS"],"items_purchased_type":["Relic","Relic","Relic","Relic","Relic","Relic","Card","Card","Card","Relic","Card","Card","Card","Relic","Card","Relic","Card","Card","Card","Card","Relic","Card","Card","Card","Card","Relic","Relic","Relic","Relic","Card","Relic","Card","Relic","Card","Card","Card","Card","Relic","Relic","Relic"],"build_version":"2020-12-22","purchased_purges":3,"victory":true,"max_hp_per_floor":[82,82,82,82,82,96,96,96,96,96,96,96,96,96,96,96,96,96,96,96,96,96,96,96,96,96,96,96,96,96,96,96,96,96,96,96,96,96,96,96,96,96,96,96,96,96,96,96,96,96,96,96,96,96,96],"card_choices":[{"not_picked":["hubris:Ukulele","Glacier"],"picked":"Tempest","floor":1.0},{"not_picked":["Turbo","Cold Snap","Beam Cell"],"picked":"SKIP","floor":1.0},{"not_picked":["Reinforced Body","Barrage","Melter"],"picked":"SKIP","floor":2.0},{"not_picked":["Gash","Stack","Undo"],"picked":"SKIP","floor":2.0},{"not_picked":["Turbo","Streamline"],"picked":"Storm","floor":5.0},{"not_picked":["Fusion","Redo","Conserve Battery"],"picked":"SKIP","floor":5.0},{"not_picked":["Compile Driver","Streamline","Conserve Battery"],"picked":"SKIP","floor":6.0},{"not_picked":["Compile Driver","Streamline"],"picked":"Conserve Battery","floor":6.0},{"not_picked":["Leap","Beam Cell"],"picked":"Amplify","floor":12.0},{"not_picked":["Darkness","Sweeping Beam","Gash"],"picked":"SKIP","floor":12.0},{"not_picked":["Stack","Gash","Ball Lightning"],"picked":"SKIP","floor":13.0},{"not_picked":["Thunder Strike","All For One"],"picked":"Creative AI","floor":16.0},{"not_picked":["Coolheaded+1","Genetic Algorithm+1","Conserve Battery"],"picked":"SKIP","floor":18.0},{"not_picked":["Turbo","Leap","Chill"],"picked":"SKIP","floor":18.0},{"not_picked":["hubris:SpecializedCircuitry","Sweeping Beam+1"],"picked":"Force Field","floor":22.0},{"not_picked":["Cold Snap","Stack","Glacier"],"picked":"SKIP","floor":22.0},{"not_picked":["Self Repair","Redo+1","Leap"],"picked":"SKIP","floor":23.0},{"not_picked":["Leap","Compile Driver","conspire:SharedLibrary"],"picked":"SKIP","floor":24.0},{"not_picked":["Aggregate","Redo","Ball Lightning"],"picked":"SKIP","floor":24.0},{"not_picked":["Go for the Eyes","Streamline","Cold Snap+1"],"picked":"SKIP","floor":28.0},{"not_picked":["Loop+1","Fusion","Doom and Gloom"],"picked":"SKIP","floor":28.0},{"not_picked":["Sweeping Beam","Fusion","hubris:DoWhile"],"picked":"SKIP","floor":31.0},{"not_picked":["hubris:SpecializedCircuitry","Creative AI"],"picked":"Seek","floor":33.0},{"not_picked":["Reprogram","Compile Driver+1","Cold Snap"],"picked":"SKIP","floor":35.0},{"not_picked":["Hello World","Loop","Static Discharge"],"picked":"SKIP","floor":35.0},{"not_picked":["Cold Snap","Chill+1","Stack"],"picked":"SKIP","floor":36.0},{"not_picked":["Redo+1","Conserve Battery","Coolheaded+1"],"picked":"SKIP","floor":36.0},{"not_picked":["Steam+1","Static Discharge+1"],"picked":"White Noise+1","floor":37.0},{"not_picked":["Leap+1","FTL"],"picked":"Static Discharge+1","floor":38.0},{"not_picked":["Rebound","Go for the Eyes+1","Redo"],"picked":"SKIP","floor":38.0},{"not_picked":["conspire:Rain","Beam Cell+1"],"picked":"White Noise+1","floor":39.0},{"not_picked":["Scrape","Echo Form","Reprogram+1"],"picked":"SKIP","floor":39.0},{"not_picked":["Consume+1","Rip and Tear","Redo+1"],"picked":"SKIP","floor":40.0},{"not_picked":["Force Field+1","Glacier+1","Defragment"],"picked":"SKIP","floor":41.0},{"not_picked":["Ball Lightning","Cold Snap","Darkness"],"picked":"SKIP","floor":41.0},{"not_picked":["Skim+1","Steam","Compile Driver+1"],"picked":"SKIP","floor":54.0}],"player_experience":47719,"relics_obtained":[{"floor":6.0,"key":"Mango"},{"floor":9.0,"key":"hubris:TenFootPole"},{"floor":13.0,"key":"Boot"},{"floor":23.0,"key":"hubris:Zylophone"},{"floor":26.0,"key":"hubris:PeanutButter"},{"floor":30.0,"key":"Ice Cream"},{"floor":31.0,"key":"infinitespire:WardingShard"},{"floor":37.0,"key":"infinitespire:Magic Flask"},{"floor":40.0,"key":"Peace Pipe"},{"floor":54.0,"key":"Bottled Lightning"}],"event_choices":[{"damage_healed":0.0,"max_hp_gain":0.0,"max_hp_loss":0.0,"gold_gain":175.0,"event_name":"betterThird:BetterSerpent","player_choice":"AGREE","floor":7.0,"gold_loss":0.0,"damage_taken":108.0},{"cards_removed":["Strike_B"],"damage_healed":0.0,"max_hp_gain":0.0,"max_hp_loss":0.0,"gold_gain":0.0,"event_name":"Beggar","player_choice":"Gave Gold","floor":19.0,"gold_loss":75.0,"damage_taken":0.0},{"damage_healed":0.0,"max_hp_gain":0.0,"max_hp_loss":0.0,"gold_gain":0.0,"event_name":"Lab","player_choice":"Got Potions","floor":21.0,"gold_loss":0.0,"damage_taken":0.0},{"damage_healed":0.0,"max_hp_gain":0.0,"max_hp_loss":0.0,"gold_gain":0.0,"event_name":"MindBloom","player_choice":"Fight","floor":37.0,"gold_loss":0.0,"damage_taken":0.0},{"damage_healed":0.0,"max_hp_gain":0.0,"max_hp_loss":0.0,"gold_gain":0.0,"event_name":"SensoryStone","player_choice":"Memory 1","floor":46.0,"gold_loss":0.0,"damage_taken":0.0}],"is_beta":false,"boss_relics":[{"not_picked":["hubris:BlackHole","Snecko Eye"],"picked":"FrozenCore"},{"not_picked":["Pandora\u0027s Box","Calling Bell"],"picked":"Nuclear Battery"}],"items_purged_floors":[0,11,42],"is_endless":false,"potions_floor_spawned":[1,6,23,24,28,36,37,38,54],"ascension_level":0}}