{"host":"s9dep4x43c14s74h","time":1610099335,"event":{"mods":["BaseMod","Downfall","Gremlin Mod","Hermit","HololiveMod","Jorbs\u0027s Wanderer Trilogy","Lobotomy","Marisa????????","Minty Spire (QoL Compilation)","Replay The Spire","StSLib","The Animator","The Bug Knight","The Construct","The Cursed","The Necromancer","The Runesmith","The Servant 0.9.4"],"gold_per_floor":[0,19,30,130,130,149,176,127,141,166,178,194,207,234,248,248,248,248],"floor_reached":16,"playtime":2923,"items_purged":[],"score":166,"play_id":"ba2f0fc8-89af-4002-b9fd-688aa9109565","local_time":"20210108124855","is_ascension_mode":false,"campfire_choices":[{"data":"hexamod:Float","floor":1.0,"key":"SMITH"}],"circlet_count":0,"master_deck":["hexamod:Strike","hexamod:Strike","hexamod:Strike","hexamod:Strike","hexamod:Defend","hexamod:Defend","hexamod:Defend","hexamod:Defend","hexamod:Sear","hexamod:Float+1","hexamod:FlamesFromBeyond","hexamod:EtherealExpedition","hexamod:GhostOfSpirePresent","hexamod:ExtraCrispy","hexamod:GhostOfSpirePresent","hexamod:NightmareGuise","hexamod:SpectersWail","hexamod:EmpoweredFlame","hexamod:SpectralAdrenaline","hexamod:PhantomFireball","hexamod:SoulSteal"],"relics":["hexamod:SpiritBrand","Ornamental Fan","ReplayTheSpireMod:TigerMarble","Meat on the Bone","Strawberry"],"acts_visited":["Exordium"],"potions_floor_usage":[15,15],"damage_taken":[{"damage":0.0,"enemies":"Small Slimes","floor":2.0,"turns":3.0},{"damage":0.0,"enemies":"Cultist","floor":3.0,"turns":4.0},{"damage":0.0,"enemies":"2 Louse","floor":6.0,"turns":4.0},{"damage":0.0,"enemies":"downfall:FleeingMerchant","floor":8.0,"turns":4.0},{"damage":15.0,"enemies":"Exordium Thugs","floor":9.0,"turns":3.0},{"damage":0.0,"enemies":"Lagavulin","floor":10.0,"turns":4.0},{"damage":18.0,"enemies":"Exordium Wildlife","floor":11.0,"turns":4.0},{"damage":2.0,"enemies":"3 Louse","floor":12.0,"turns":2.0},{"damage":0.0,"enemies":"Lots of Slimes","floor":13.0,"turns":1.0},{"damage":42.0,"enemies":"3 Sentries","floor":14.0,"turns":6.0},{"damage":6,"enemies":"Blue Slaver","floor":15,"turns":3},{"damage":33,"enemies":"downfall:Defect","floor":16,"turns":4}],"seed_played":"-7714870859307063746","potions_obtained":[{"floor":2.0,"key":"Fire Potion"},{"floor":3.0,"key":"Weak Potion"},{"floor":9.0,"key":"LiquidMemories"},{"floor":11.0,"key":"SpeedPotion"},{"floor":12.0,"key":"EntropicBrew"}],"is_trial":false,"path_per_floor":["R","M","M","?","?","M","T","$","M","E","M","M","M","E","M","B"],"character_chosen":"THE_SPIRIT","items_purchased":["hexamod:GhostOfSpirePresent"],"campfire_rested":0,"item_purchase_floors":[8],"current_hp_per_floor":[84,84,84,84,59,59,59,59,44,44,38,48,48,25,31,0,0,0],"gold":248,"neow_bonus":"TWENTY_PERCENT_HP_BONUS","is_daily":false,"chose_seed":false,"campfire_upgraded":1,"win_rate":0.0,"timestamp":1610099335,"path_taken":["R","M","M","?","?","M","T","$","M","E","M","M","M","E","M","BOSS"],"items_purchased_type":["Card"],"build_version":"2020-12-22","purchased_purges":0,"victory":false,"max_hp_per_floor":[84,84,84,84,84,84,84,84,84,84,84,84,84,91,91,91,91,91],"card_choices":[{"not_picked":["hexamod:RadiantFlame","hexamod:PhantomFireball"],"picked":"hexamod:FlamesFromBeyond","floor":2.0},{"not_picked":["hexamod:SpectersWail","hexamod:NightmareGuise"],"picked":"hexamod:EtherealExpedition","floor":3.0},{"not_picked":["hexamod:ThermalTransfer","hexamod:NightmareStrike"],"picked":"hexamod:GhostOfSpirePresent","floor":6.0},{"not_picked":["hexamod:SpectersWail","hexamod:GhostOfSpireFuture"],"picked":"hexamod:ExtraCrispy","floor":8.0},{"not_picked":["hexamod:FastForward","hexamod:Hexaguard"],"picked":"hexamod:NightmareGuise","floor":9.0},{"not_picked":["hexamod:DynamicBlow","hexamod:TurnItUp"],"picked":"hexamod:SpectersWail","floor":10.0},{"not_picked":["hexamod:RainOfEmbers","hexamod:HauntingEcho"],"picked":"hexamod:EmpoweredFlame","floor":11.0},{"not_picked":["hexamod:NightmareStrike","hexamod:SwordOfDarkness"],"picked":"hexamod:SpectralAdrenaline","floor":12.0},{"not_picked":["hexamod:NightmareGuise","hexamod:SwordOfDarkness","hexamod:GhostLash"],"picked":"SKIP","floor":13.0},{"not_picked":["hexamod:Firestarter","hexamod:InspiringFlames"],"picked":"hexamod:PhantomFireball","floor":14.0},{"not_picked":["hexamod:GhostShield","hexamod:GhostOfSpirePresent"],"picked":"hexamod:SoulSteal","floor":15}],"player_experience":854656,"relics_obtained":[{"floor":7.0,"key":"ReplayTheSpireMod:TigerMarble"},{"floor":10.0,"key":"Meat on the Bone"},{"floor":14.0,"key":"Strawberry"}],"event_choices":[{"damage_healed":0.0,"max_hp_gain":0.0,"max_hp_loss":0.0,"gold_gain":0.0,"event_name":"Scrap Ooze","player_choice":"Success","floor":5.0,"gold_loss":0.0,"damage_taken":25.0,"relics_obtained":["Ornamental Fan"]}],"is_beta":false,"boss_relics":[],"items_purged_floors":[],"is_endless":false,"potions_floor_spawned":[2,3,9,11,12],"killed_by":"downfall:Defect","ascension_level":0}}