{"host":"4c7oxphrh4ok8x7u","time":1610121960,"event":{"mods":["100% Spire Juice","2.2 Compatiblity","Act Like it!","Arknights The Spire","Aspiration","BaseMod","Better Skull","Better Vampires","BetterRewards","Challenge The Spire","Conjunction","Conspire","Custom Start","Dota2Spire","Ekko","Evolution","Fiend Mod","Friendly Minions","FruityMod","GifTheSpireLib","Halation","Hermit","HololiveMod","Hubris","Hyrulean Relics","Jedi Mod","Kratos Character Expansion","Minty Spire (QoL Compilation)","MostiFishMod","Permanent Neow","Poor People Problems","Prisma Mod","Quarter Circle Forward PUNCH!","RatMod","Replay The Spire","Robot Space Explorer","SCP261 Mod","Shade Mod","Slay the Relics Exporter","Small Relic Pack","Spicy Shops","Spikes Relics","Spires And Sneckos","StSLib","Stuff the Spire","The Animator","The Blue Laboratory","The Death Knight","The Edgeheg","The Exalted","The Fake Hero","The Trickster","TheVacant","TheWitcher","Wandering Minibosses"],"gold_per_floor":[113,130,144,144,163,197,51,84,84,84,84,94,105,180,180,283,283,298,298,298,298,316,316,316],"floor_reached":23,"playtime":1387,"items_purged":[],"score":251,"play_id":"1edc2e45-81e4-46ae-a6c9-db71d448d8c9","local_time":"20210108190600","is_ascension_mode":false,"campfire_choices":[{"data":"Moonworks:Dash","floor":11,"key":"SMITH"},{"data":"Moonworks:CrystalBarrier","floor":15,"key":"SMITH"}],"circlet_count":0,"master_deck":["Moonworks:Assault","Moonworks:Strike","Moonworks:Strike","Moonworks:Strike","Moonworks:Defend","Moonworks:Defend","Moonworks:Defend","Moonworks:Defend","Moonworks:Ambush","Moonworks:LongDistanceShot","Moonworks:SakisCookie","Moonworks:BigMagnum","Moonworks:RagingMadness","Moonworks:Dash+1","Moonworks:CrystalBarrier+1","Moonworks:SakisCookie","Moonworks:SakisCookie","Moonworks:Accelerator","Moonworks:ImOnFire+1","Moonworks:ForcedRevival"],"relics":["Moonworks:SBBomb","Moonworks:Homemark","EVO:Axolotl","DaveBox","aspiration:Nostalgia","theTrickster:OpticalIllusionRelic","HereWithMe","SynthV:TestCard","Dota2Spire:MagicBottle","StuffTheSpire:Saxophone","StuffTheSpire:SapphireSignet","Letter Opener","hubris:Icosahedron","qcfpunch:Red_Gi"],"acts_visited":["Exordium","TheCity"],"potions_floor_usage":[8],"damage_taken":[{"damage":0,"enemies":"Cultist","floor":1,"turns":3},{"damage":0,"enemies":"2 Louse","floor":2,"turns":2},{"damage":0,"enemies":"Jaw Worm","floor":3,"turns":3},{"damage":5,"enemies":"2 Fungi Beasts","floor":5,"turns":3},{"damage":15,"enemies":"Lagavulin","floor":6,"turns":7},{"damage":20,"enemies":"3 Sentries","floor":8,"turns":7},{"damage":0,"enemies":"Large Slime","floor":12,"turns":8},{"damage":5,"enemies":"Looter","floor":13,"turns":3},{"damage":5,"enemies":"Fading Forest","floor":16,"turns":11},{"damage":33,"enemies":"2 Thieves","floor":18,"turns":4},{"damage":6,"enemies":"Spheric Guardian","floor":22,"turns":3},{"damage":46,"enemies":"Book of Stabbing","floor":23,"turns":4}],"seed_played":"-4397741408074929291","potions_obtained":[{"floor":2,"key":"blueLaboratory:Moonshine"},{"floor":8,"key":"Venom Potion"},{"floor":12,"key":"SCP261:BarrettColaPotion"},{"floor":18,"key":"SteroidPotion"},{"floor":22,"key":"ColorlessPotion"}],"is_trial":false,"path_per_floor":["M","M","M","$","M","E","$","E","T","$","R","M","M","?","R","B",null,"M","?","?","T","M","E"],"character_chosen":"THE_STARBREAKER","items_purchased":["StuffTheSpire:Saxophone"],"campfire_rested":0,"item_purchase_floors":[7],"current_hp_per_floor":[60,60,60,60,57,44,44,26,26,26,26,30,31,20,20,33,60,35,35,35,35,35,0,0],"gold":316,"neow_bonus":"NOSTALGIA","is_daily":false,"chose_seed":false,"campfire_upgraded":2,"win_rate":0.0,"timestamp":1610121960,"path_taken":["M","M","M","$","M","E","?","E","T","$","R","M","M","?","R","BOSS","M","?","?","?","M","E"],"items_purchased_type":["Relic"],"build_version":"2020-12-22","purchased_purges":0,"victory":false,"max_hp_per_floor":[60,60,60,60,60,60,60,60,60,60,60,60,60,60,60,60,60,60,60,60,60,60,60,60],"card_choices":[{"not_picked":["Moonworks:EvilSpyWorkPreparation","Moonworks:BigMagnum"],"picked":"Moonworks:SakisCookie","floor":1},{"not_picked":["Moonworks:EvilSpyWorkPreparation","Moonworks:NicePresent","Moonworks:TacticalRetreat","Moonworks:DeployBits"],"picked":"Moonworks:BigMagnum","floor":2},{"not_picked":["Moonworks:ReflectiveShell","Moonworks:TacticalRetreat","Moonworks:CloudOfSeagulls","Moonworks:NicePresent"],"picked":"Moonworks:RagingMadness","floor":3},{"not_picked":["Moonworks:EvilSpyWorkPreparation","Moonworks:JonathanRush","Moonworks:Assault","Moonworks:CompletionReward"],"picked":"Moonworks:Dash","floor":5},{"not_picked":["Moonworks:BindingChains","Moonworks:ExtendedPhotonRifle","Moonworks:CloudOfSeagulls","Moonworks:FinalSurgery"],"picked":"Moonworks:CrystalBarrier","floor":6},{"not_picked":["Moonworks:Dinner","Moonworks:NicePresent","Moonworks:JonathanRush","Moonworks:BeyondHell"],"picked":"Moonworks:SakisCookie","floor":8},{"not_picked":["Moonworks:DeployBits","Moonworks:CloudOfSeagulls","Moonworks:EvilSpyWorkPreparation","Moonworks:NicePresent"],"picked":"Moonworks:SakisCookie","floor":12},{"not_picked":["Moonworks:IndiscriminateFireSupport","Moonworks:ImOnFire","Moonworks:LulusLuckyEgg","Moonworks:Assault","Moonworks:BigMagnum"],"picked":"SKIP","floor":13},{"not_picked":["Moonworks:MeltingMemories","Moonworks:AccelHyper","Moonworks:SubspaceTunnel","Moonworks:Blazing"],"picked":"Moonworks:Accelerator","floor":16},{"not_picked":["Moonworks:ImmovableObject","Moonworks:JonathanRush","Moonworks:RagingMadness","Moonworks:NicePresent"],"picked":"Moonworks:ImOnFire+1","floor":18},{"not_picked":["Moonworks:JonathanRush","Moonworks:MiracleRedBeanIceCream+1","Moonworks:ImOnFire","Moonworks:NicePresent+1"],"picked":"Moonworks:ForcedRevival","floor":22}],"player_experience":681768,"relics_obtained":[{"floor":1,"key":"SynthV:TestCard"},{"floor":6,"key":"Dota2Spire:MagicBottle"},{"floor":8,"key":"StuffTheSpire:SapphireSignet"},{"floor":9,"key":"Letter Opener"},{"floor":21,"key":"qcfpunch:Red_Gi"}],"event_choices":[{"damage_healed":0,"gold_gain":75,"player_choice":"Gather Gold","damage_taken":11,"max_hp_gain":0,"max_hp_loss":0,"event_name":"World of Goop","floor":14,"gold_loss":0}],"is_beta":false,"boss_relics":[{"not_picked":["aspiration:WatcherSkillbook","aspiration:FutureDiary"],"picked":"Moonworks:SBBomb"}],"items_purged_floors":[],"is_endless":false,"potions_floor_spawned":[2,8,12,18,22],"killed_by":"Book of Stabbing","ascension_level":0}}