{"host":"ao4lxi9bhtts409i","time":1610135012,"event":{"mods":["AchievementEnabler","BaseMod","Colored Map","Colored Powertips","Minty Spire (QoL Compilation)","SuperFastMode"],"gold_per_floor":[109,128,148,148,163,163,163],"floor_reached":6,"playtime":370,"items_purged":[],"score":42,"play_id":"2b457765-8987-428e-b51d-83516daba8ab","local_time":"20210108204332","is_ascension_mode":true,"campfire_choices":[],"circlet_count":0,"master_deck":["Strike_G","Strike_G","Strike_G","Strike_G","Strike_G","Defend_G","Defend_G","Defend_G","Defend_G","Defend_G","Survivor","Neutralize","Wraith Form v2","Flying Knee","Dagger Throw","All Out Attack","Injury","Sucker Punch"],"relics":["Ring of the Snake","Golden Idol"],"acts_visited":["Exordium"],"potions_floor_usage":[5],"damage_taken":[{"damage":19,"enemies":"Cultist","floor":1,"turns":6},{"damage":9,"enemies":"Small Slimes","floor":2,"turns":6},{"damage":6,"enemies":"2 Louse","floor":3,"turns":2},{"damage":3,"enemies":"2 Fungi Beasts","floor":5,"turns":5},{"damage":25,"enemies":"Lagavulin","floor":6,"turns":8}],"seed_played":"7888544416714412976","potions_obtained":[{"floor":1,"key":"DuplicationPotion"},{"floor":3,"key":"SpeedPotion"}],"is_trial":false,"path_per_floor":["M","M","M","?","M","E"],"character_chosen":"THE_SILENT","items_purchased":[],"campfire_rested":0,"item_purchase_floors":[],"current_hp_per_floor":[44,35,29,29,26,1,1],"gold":163,"neow_bonus":"THREE_RARE_CARDS","is_daily":false,"chose_seed":false,"campfire_upgraded":0,"win_rate":0.0,"timestamp":1610135012,"path_taken":["M","M","M","?","M","E"],"items_purchased_type":[],"build_version":"2020-12-22","purchased_purges":0,"victory":false,"max_hp_per_floor":[63,63,63,63,63,63,63],"card_choices":[{"not_picked":["Doppelganger","Grand Finale"],"picked":"Wraith Form v2","floor":0},{"not_picked":["All Out Attack","Deflect"],"picked":"Flying Knee","floor":1},{"not_picked":["Cloak And Dagger","Flechettes"],"picked":"Dagger Throw","floor":2},{"not_picked":["Dagger Spray","Accuracy"],"picked":"All Out Attack","floor":3},{"not_picked":["Catalyst","Dagger Throw"],"picked":"Sucker Punch","floor":5}],"player_experience":181772,"relics_obtained":[],"event_choices":[{"damage_healed":0,"gold_gain":0,"player_choice":"Take Wound","damage_taken":0,"relics_obtained":["Golden Idol"],"max_hp_gain":0,"max_hp_loss":0,"event_name":"Golden Idol","floor":4,"gold_loss":0,"cards_obtained":["Injury"]}],"is_beta":false,"boss_relics":[],"items_purged_floors":[],"is_endless":false,"potions_floor_spawned":[1,3],"killed_by":"Lagavulin","ascension_level":2}}