{"host":"mydft8i2zzydgggw","time":1610140440,"event":{"mods":["AchievementEnabler","BaseMod","Colored Map","Colored Powertips","DeckTracker","Keyboard Shortcuts","Minty Spire (QoL Compilation)","Rare Cards Sparkle","StSLib","SuperFastMode","The Poker Player","everything is the same but u backflip on backflip"],"gold_per_floor":[119,194,212,212,387,387,422,422,422,449,473,548,581,581,581,581,581],"floor_reached":16,"playtime":166,"items_purged":[],"score":195,"play_id":"93128516-7a16-4c2e-95d7-47a0d98e2ac6","local_time":"20210109061400","is_ascension_mode":true,"campfire_choices":[{"data":"Zap","floor":6,"key":"SMITH"},{"data":"Dualcast","floor":8,"key":"SMITH"},{"floor":15,"key":"REST"}],"circlet_count":0,"master_deck":["Strike_B","Strike_B","Strike_B","Defend_B","Defend_B","Defend_B","Defend_B","Zap+1","Dualcast+1","Streamline","Doubt","Defragment"],"relics":["Cracked Core","NeowsBlessing","Matryoshka","Nunchaku","Happy Flower","Dream Catcher","Akabeko","Pen Nib","Mercury Hourglass","Gremlin Horn"],"acts_visited":["Exordium"],"potions_floor_usage":[10,13,16],"damage_taken":[{"damage":0,"enemies":"2 Louse","floor":1,"turns":1},{"damage":0,"enemies":"Cultist","floor":3,"turns":1},{"damage":0,"enemies":"3 Sentries","floor":7,"turns":1},{"damage":22,"enemies":"Lagavulin","floor":10,"turns":8},{"damage":26,"enemies":"Gremlin Nob","floor":13,"turns":4},{"damage":28,"enemies":"The Guardian","floor":16,"turns":7}],"seed_played":"-1784318466314983231","potions_obtained":[{"floor":1,"key":"EssenceOfSteel"},{"floor":10,"key":"BlessingOfTheForge"},{"floor":13,"key":"Strength Potion"}],"is_trial":false,"path_per_floor":["M","?","M","?","?","R","E","R","T","E","T","?","E","T","R","B"],"character_chosen":"DEFECT","items_purchased":[],"campfire_rested":1,"item_purchase_floors":[],"current_hp_per_floor":[68,61,61,61,61,61,61,61,61,39,39,28,2,2,24,0,0],"gold":581,"neow_bonus":"THREE_ENEMY_KILL","is_daily":false,"chose_seed":false,"campfire_upgraded":2,"win_rate":0.0,"timestamp":1610140440,"path_taken":["M","?","?","?","?","R","E","R","T","E","?","?","E","?","R","BOSS"],"items_purchased_type":[],"build_version":"2020-12-22","purchased_purges":0,"victory":false,"max_hp_per_floor":[75,75,75,75,75,75,75,75,75,75,75,75,75,75,75,75,75],"card_choices":[{"not_picked":["Undo","Leap","Sweeping Beam"],"picked":"SKIP","floor":1},{"not_picked":["Barrage","Steam"],"picked":"Streamline","floor":3},{"not_picked":["Compile Driver","Recycle","Blizzard"],"picked":"SKIP","floor":7},{"not_picked":["Steam","All For One","Streamline"],"picked":"SKIP","floor":10},{"not_picked":["Machine Learning","Lockon","Stack"],"picked":"SKIP","floor":13},{"not_picked":["Recycle","Sweeping Beam"],"picked":"Defragment","floor":15}],"player_experience":152604,"relics_obtained":[{"floor":7,"key":"Matryoshka"},{"floor":9,"key":"Nunchaku"},{"floor":9,"key":"Happy Flower"},{"floor":10,"key":"Dream Catcher"},{"floor":11,"key":"Akabeko"},{"floor":11,"key":"Pen Nib"},{"floor":13,"key":"Mercury Hourglass"},{"floor":14,"key":"Gremlin Horn"}],"event_choices":[{"damage_healed":0,"gold_gain":75,"player_choice":"Touch","damage_taken":7,"max_hp_gain":0,"max_hp_loss":0,"event_name":"FaceTrader","floor":2,"gold_loss":0},{"cards_removed":["Strike_B"],"damage_healed":0,"gold_gain":0,"player_choice":"Forget","damage_taken":0,"max_hp_gain":0,"max_hp_loss":0,"event_name":"Living Wall","floor":4,"gold_loss":0},{"damage_healed":0,"gold_gain":175,"player_choice":"AGREE","damage_taken":0,"max_hp_gain":0,"max_hp_loss":0,"event_name":"Liars Game","floor":5,"gold_loss":0,"cards_obtained":["Doubt"]},{"damage_healed":0,"gold_gain":75,"player_choice":"Gather Gold","damage_taken":11,"max_hp_gain":0,"max_hp_loss":0,"event_name":"World of Goop","floor":12,"gold_loss":0}],"is_beta":false,"boss_relics":[],"items_purged_floors":[],"is_endless":false,"potions_floor_spawned":[1,10,13],"killed_by":"The Guardian","ascension_level":8}}