{"host":"t6w2q9o6m1ipuhb5","time":1610097049,"event":{"mods":["2.2 Compatiblity","Abigail Mod","AchievementEnabler","Arknights The Spire","BaseMod","Chen","Colored Map","Colored Powertips","Downfall","Friendly Minions","GifTheSpireLib","Hermit","Hubris","Infinite Spire","KinomotoSakuraMod(????)","Kiyohime????","Marisa????????","Mimic Mod","Minty Spire (QoL Compilation)","Permanent Neow","Prisma Mod","Quick Restart","Reimu??????","Remilia??????","Replay The Spire","StSLib","SuperFastMode","The Animator","The Bug Knight","The Construct","The Cursed","The Marked","The Mystic","The Senshi","Waifu the Spire"],"gold_per_floor":[119,119,138,158,169,169,182,194,234,234,250,313,348,348,348,367,453,552,552,565,565,575,575,575],"floor_reached":23,"playtime":1603,"items_purged":[],"score":195,"play_id":"d110d515-8c76-4534-bc01-49ab4471a14a","local_time":"20210108041049","is_ascension_mode":false,"campfire_choices":[{"data":"theSenshi:MoonPrismPowerMakeUp","floor":6,"key":"SMITH"},{"floor":10,"key":"REST"}],"circlet_count":0,"master_deck":["theSenshi:SailorKick","theSenshi:SailorKick","theSenshi:SailorKick","theSenshi:SailorKick","theSenshi:SailorBlock","theSenshi:SailorBlock","theSenshi:SailorBlock","theSenshi:RoseThrow","theSenshi:MoonPrismPowerMakeUp+1","theSenshi:SailorMercuryAssists","theSenshi:SailorMarsAssists","theSenshi:SailorStarHealerAssists","theSenshi:MoonsReflection","theSenshi:Sidestep","theSenshi:MoonTiaraMagic","theSenshi:MoonPrincessHalation","theSenshi:JupitersPower","theSenshi:MoonTwilightFlash","theSenshi:MoonPrincessHalation","theSenshi:InTheNameOfTheMoon","theSenshi:MercurysCunning+1","ReplayTheSpireMod:Black Plague","theSenshi:MoonSpiralHeartAttack"],"relics":["theSenshi:TransformationBroochRelic","MealTicket","Gremlin Horn","Oddly Smooth Stone","Empty Cage"],"acts_visited":["Exordium","TheCity"],"potions_floor_usage":[12,18,20],"damage_taken":[{"damage":2,"enemies":"2 Louse","floor":1,"turns":4},{"damage":0,"enemies":"Cultist","floor":3,"turns":4},{"damage":0,"enemies":"Jaw Worm","floor":4,"turns":3},{"damage":14,"enemies":"Large Slime","floor":5,"turns":6},{"damage":12,"enemies":"Exordium Thugs","floor":7,"turns":6},{"damage":5,"enemies":"Blue Slaver","floor":8,"turns":3},{"damage":11,"enemies":"3 Louse","floor":9,"turns":9},{"damage":18,"enemies":"3 Louse","floor":11,"turns":4},{"damage":31,"enemies":"Lagavulin","floor":13,"turns":6},{"damage":5,"enemies":"Large Slime","floor":16,"turns":5},{"damage":6,"enemies":"Hexaghost","floor":18,"turns":8},{"damage":20,"enemies":"Spheric Guardian","floor":20,"turns":5},{"damage":0,"enemies":"Chosen","floor":22,"turns":4},{"damage":60,"enemies":"Masked Bandits","floor":23,"turns":5}],"seed_played":"2789043147394255417","potions_obtained":[{"floor":0,"key":"CultistPotion"},{"floor":0,"key":"LiquidBronze"},{"floor":0,"key":"SmokeBomb"},{"floor":7,"key":"BlessingOfTheForge"},{"floor":12,"key":"Fruit Juice"},{"floor":16,"key":"GamblersBrew"},{"floor":22,"key":"CultistPotion"}],"is_trial":false,"path_per_floor":["M","?","M","M","M","R","M","M","MIM","R","M","?","E","PTL","PTL","M","R_BF","B",null,"M","?","M","?"],"character_chosen":"THE_SENSHI","items_purchased":[],"campfire_rested":1,"item_purchase_floors":[],"current_hp_per_floor":[73,73,73,73,59,59,52,52,46,68,55,60,34,34,34,34,34,33,80,65,44,49,0,0],"gold":575,"neow_bonus":"THREE_SMALL_POTIONS","is_daily":false,"chose_seed":false,"campfire_upgraded":1,"win_rate":0.0,"timestamp":1610097049,"path_taken":["M","?","M","?","M","R","M","M","MIM","R","M","?","E","PTL","PTL","M","R_BF","BOSS","M","?","M","?"],"items_purchased_type":[],"build_version":"2020-12-22","purchased_purges":0,"victory":false,"max_hp_per_floor":[75,75,75,75,75,75,75,75,75,75,75,80,80,80,80,80,80,80,80,80,80,80,80,80],"card_choices":[{"not_picked":["theSenshi:OdangoHead","theSenshi:SailorStarMakerAssists"],"picked":"theSenshi:SailorMercuryAssists","floor":1},{"not_picked":["theSenshi:TallSilhouette","theSenshi:EncouragingSpeech"],"picked":"theSenshi:LateForSchool","floor":3},{"not_picked":["theSenshi:SailorChibiMoonAssists","theSenshi:LunasBite"],"picked":"theSenshi:SailorMarsAssists","floor":4},{"not_picked":["theSenshi:MoonlightKnight","theSenshi:LunasBite"],"picked":"theSenshi:SailorStarHealerAssists","floor":5},{"not_picked":["theSenshi:KlutzyLuck","theSenshi:GatheringStrength"],"picked":"theSenshi:MoonsReflection","floor":7},{"not_picked":["theSenshi:MoonsReflection","theSenshi:MoonlightKnight"],"picked":"theSenshi:Sidestep","floor":8},{"not_picked":["theSenshi:EncouragingSpeech","theSenshi:MoonCrisisMakeUp"],"picked":"theSenshi:MoonTiaraMagic","floor":9},{"not_picked":["theSenshi:NeptunesGrace","theSenshi:MoonCosmicPowerMakeUp"],"picked":"theSenshi:MoonPrincessHalation","floor":11},{"not_picked":["theSenshi:LateForSchool","theSenshi:SailorMercuryAssists"],"picked":"theSenshi:JupitersPower","floor":12},{"not_picked":["theSenshi:SailorMercuryAssists","theSenshi:SailorChibiMoonAssists"],"picked":"theSenshi:MoonTwilightFlash","floor":13},{"not_picked":["theSenshi:SchoolBag","theSenshi:MoonPunch"],"picked":"theSenshi:MoonPrincessHalation","floor":16},{"not_picked":["theSenshi:IWillPunishYou","theSenshi:LunaSensingAllies"],"picked":"theSenshi:InTheNameOfTheMoon","floor":18},{"not_picked":["theSenshi:TallSilhouette+1","theSenshi:MoonsReflection"],"picked":"theSenshi:MercurysCunning+1","floor":20},{"not_picked":["ReplayTheSpireMod:Haul","infinitespire:DeathsTouch"],"picked":"ReplayTheSpireMod:Black Plague","floor":21},{"not_picked":["theSenshi:MoonsReflection","theSenshi:YouCanTalk"],"picked":"theSenshi:MoonSpiralHeartAttack","floor":22}],"player_experience":370425,"relics_obtained":[{"floor":9,"key":"MealTicket"},{"floor":12,"key":"Gremlin Horn"},{"floor":13,"key":"Oddly Smooth Stone"}],"event_choices":[{"damage_healed":0,"gold_gain":0,"player_choice":"Ignored","damage_taken":0,"max_hp_gain":0,"max_hp_loss":0,"event_name":"Transmorgrifier","floor":2,"gold_loss":0},{"damage_healed":0,"gold_gain":0,"player_choice":"Fought Bandits","damage_taken":0,"max_hp_gain":0,"max_hp_loss":0,"event_name":"Masked Bandits","floor":23,"gold_loss":0}],"is_beta":false,"boss_relics":[{"not_picked":["hubris:BlackHole","Ectoplasm"],"picked":"Empty Cage"}],"items_purged_floors":[],"is_endless":false,"potions_floor_spawned":[1,7,11,16,22],"killed_by":"Masked Bandits","ascension_level":0}}