{"host":"h0xw20cia6ppa69g","time":1610091233,"event":{"mods":["AchievementEnabler","BaseMod","Colored Map","Filter the Spire","Googly Eyes","Minty Spire (QoL Compilation)","Relic Stats","StSLib","The Awakened One except there are too many feathers","everything is the same but u backflip on backflip"],"gold_per_floor":[116,6,26,38,38,38,80,80,105,46,87,105,132,160,160,273,345,366,394,31,130,151,151,185,185,211,240,269,269,278,322,322,428,428,449,459,1476,1386,1405,1405,1445,1345,1369,1653,1695,571,597,624,624,624,624,624,88,127,127],"floor_reached":56,"playtime":3304,"items_purged":["Blood for Blood","Normality","Regret"],"score":1406,"play_id":"d8379489-c0e6-4aee-9470-8054bd68240c","local_time":"20210108013353","is_ascension_mode":true,"campfire_choices":[{"data":"Demon Form","floor":6.0,"key":"SMITH"},{"data":"Bash","floor":8.0,"key":"SMITH"},{"data":"Cleave","floor":15.0,"key":"SMITH"},{"data":"Feel No Pain","floor":23.0,"key":"SMITH"},{"data":"Metallicize","floor":25.0,"key":"SMITH"},{"data":"Feel No Pain","floor":32.0,"key":"SMITH"},{"floor":40.0,"key":"RECALL"},{"data":"Metallicize","floor":49,"key":"SMITH"},{"data":"Heavy Blade","floor":52,"key":"SMITH"}],"circlet_count":0,"master_deck":["Bash+1","Spot Weakness+1","Fire Breathing","Demon Form+1","Carnage","Impervious+1","Battle Trance","Cleave+1","Battle Trance+1","True Grit+1","Offering+1","Immolate","Wild Strike+1","Metallicize+1","Feel No Pain+1","Sword Boomerang","Heavy Blade+1","Corruption+1","Armaments+1","Body Slam+1","Flame Barrier+1","Dark Embrace","True Grit+1","Sentinel+1","Havoc+1","Disarm+1","Exhume+1","Feel No Pain+1","Reaper+1","Evolve+1","Clothesline+1","Disarm+1","Disarm+1","Metallicize+1","Disarm+1","Chrysalis+1","Reckless Charge+1","True Grit+1","Intimidate+1","Transmutation+1","Entrench+1"],"relics":["Black Blood","NeowsBlessing","Blood Vial","CeramicFish","Akabeko","Toxic Egg 2","Pandora\u0027s Box","Nunchaku","PreservedInsect","Bag of Marbles","Mummified Hand","War Paint","Boot","Pen Nib","ClockworkSouvenir","Kunai","CaptainsWheel","Art of War","Whetstone","Mercury Hourglass"],"acts_visited":["Exordium","TheCity","TheBeyond","TheEnding"],"potions_floor_usage":[55,55],"damage_taken":[{"damage":0.0,"enemies":"Cultist","floor":1.0,"turns":1.0},{"damage":0.0,"enemies":"Small Slimes","floor":3.0,"turns":1.0},{"damage":0.0,"enemies":"Jaw Worm","floor":4.0,"turns":1.0},{"damage":26.0,"enemies":"Lagavulin","floor":7.0,"turns":8.0},{"damage":17.0,"enemies":"Gremlin Nob","floor":11.0,"turns":4.0},{"damage":5.0,"enemies":"Looter","floor":12.0,"turns":2.0},{"damage":0.0,"enemies":"3 Louse","floor":13.0,"turns":3.0},{"damage":0.0,"enemies":"Large Slime","floor":14.0,"turns":5.0},{"damage":46.0,"enemies":"Hexaghost","floor":16.0,"turns":9.0},{"damage":6.0,"enemies":"Chosen","floor":18.0,"turns":4.0},{"damage":24.0,"enemies":"3 Byrds","floor":19.0,"turns":3.0},{"damage":6.0,"enemies":"Snecko","floor":22.0,"turns":5.0},{"damage":31.0,"enemies":"Slavers","floor":24.0,"turns":6.0},{"damage":1.0,"enemies":"Chosen and Byrds","floor":27.0,"turns":4.0},{"damage":0.0,"enemies":"Centurion and Healer","floor":28.0,"turns":6.0},{"damage":6.0,"enemies":"Book of Stabbing","floor":31.0,"turns":5.0},{"damage":41.0,"enemies":"Automaton","floor":33.0,"turns":8.0},{"damage":16.0,"enemies":"Orb Walker","floor":35.0,"turns":3.0},{"damage":46.0,"enemies":"3 Darklings","floor":36.0,"turns":11.0},{"damage":15.0,"enemies":"Transient","floor":39.0,"turns":5.0},{"damage":19.0,"enemies":"Giant Head","floor":41.0,"turns":9.0},{"damage":45.0,"enemies":"Nemesis","floor":45.0,"turns":9.0},{"damage":16,"enemies":"Spire Growth","floor":47,"turns":12},{"damage":20,"enemies":"3 Darklings","floor":48,"turns":6},{"damage":39,"enemies":"Awakened One","floor":50,"turns":16},{"damage":16,"enemies":"Shield and Spear","floor":54,"turns":5},{"damage":94,"enemies":"The Heart","floor":55,"turns":15}],"seed_played":"4681870733895862586","potions_obtained":[{"floor":3.0,"key":"Regen Potion"},{"floor":4.0,"key":"SkillPotion"},{"floor":11.0,"key":"LiquidBronze"},{"floor":19.0,"key":"BlessingOfTheForge"},{"floor":31.0,"key":"LiquidMemories"},{"floor":39.0,"key":"EssenceOfSteel"},{"floor":47,"key":"Strength Potion"}],"is_trial":false,"path_per_floor":["M","?","M","M","?","R","E","R","T","$","E","M","M","M","R","B",null,"M","M","$","?","M","R","E","R","T","M","M","T","?","E","R","B",null,"M","M","?","?","M","R","E","$","T","?","E","$","M","M","R","B",null,"R","$","E","B",null],"character_chosen":"IRONCLAD","items_purchased":["Battle Trance","Nunchaku","Flame Barrier+1","Dark Embrace","ClockworkSouvenir","Kunai","CaptainsWheel","Metallicize","Disarm+1","ColorlessPotion","Chrysalis+1","Art of War","Intimidate+1","Whetstone","Transmutation+1"],"campfire_rested":0,"item_purchase_floors":[10,20,20,20,46,46,46,46,46,46,46,53,53,53,53],"current_hp_per_floor":[80,80,80,80,80,80,60,60,60,60,51,54,62,70,70,32,80,80,62,62,62,64,64,41,41,41,48,70,70,70,72,72,39,80,77,80,80,80,80,80,80,80,80,80,47,47,80,80,80,80,80,80,80,80,68],"gold":127,"neow_bonus":"THREE_ENEMY_KILL","is_daily":false,"chose_seed":false,"campfire_upgraded":8,"win_rate":0.0,"timestamp":1610091233,"path_taken":["M","?","M","?","?","R","E","R","T","$","E","?","M","M","R","BOSS","M","M","$","?","M","R","E","R","T","M","M","?","?","E","R","BOSS","M","M","?","?","?","R","E","$","T","?","E","$","?","M","R","BOSS","R","$","E","BOSS"],"items_purchased_type":["Card","Relic","Card","Card","Relic","Relic","Relic","Card","Card","Potion","Card","Relic","Card","Relic","Card"],"build_version":"2020-12-22","purchased_purges":3,"victory":true,"max_hp_per_floor":[80,80,80,80,80,80,80,80,80,80,80,80,80,80,80,80,80,80,80,80,80,80,80,80,80,80,80,80,80,80,80,80,80,80,80,80,80,80,80,80,80,80,80,80,80,80,80,80,80,80,80,80,80,80,80],"relic_stats":{"counters":[27,166],"CeramicFish":360,"Black Blood":146,"PreservedInsect":280,"Pen Nib":[4],"Whetstone":["Reaper","Wild Strike"],"War Paint":["Spot Weakness","Impervious"],"Boot":[8],"Mercury Hourglass":[45],"Blood Vial":26,"Nunchaku":[11],"Mummified Hand":[117],"Pandora\u0027s Box":["Immolate","Wild Strike","Metallicize","Feel No Pain","Blood for Blood","Sword Boomerang","Heavy Blade","Corruption"],"Art of War":[5],"Kunai":[3],"obtain_stats":[{"NeowsBlessing":0,"CeramicFish":7,"Black Blood":34,"PreservedInsect":24,"Pen Nib":45,"Whetstone":53,"War Paint":41,"Boot":43,"Burning Blood":0,"Akabeko":9,"ClockworkSouvenir":46,"Mercury Hourglass":54,"Blood Vial":2,"Nunchaku":20,"CaptainsWheel":46,"Mummified Hand":31,"Pandora\u0027s Box":17,"Bag of Marbles":26,"Art of War":53,"Kunai":46,"Toxic Egg 2":11},{"NeowsBlessing":0,"CeramicFish":4,"Black Blood":17,"PreservedInsect":13,"Pen Nib":22,"Whetstone":25,"War Paint":21,"Boot":21,"Burning Blood":0,"Akabeko":4,"ClockworkSouvenir":22,"Mercury Hourglass":26,"Blood Vial":1,"Nunchaku":11,"CaptainsWheel":22,"Mummified Hand":16,"Pandora\u0027s Box":9,"Bag of Marbles":13,"Art of War":25,"Kunai":22,"Toxic Egg 2":5},{"NeowsBlessing":0,"CeramicFish":11,"Black Blood":75,"PreservedInsect":52,"Pen Nib":112,"Whetstone":146,"War Paint":103,"Boot":103,"Burning Blood":0,"Akabeko":11,"ClockworkSouvenir":112,"Mercury Hourglass":151,"Blood Vial":1,"Nunchaku":41,"CaptainsWheel":112,"Mummified Hand":67,"Pandora\u0027s Box":34,"Bag of Marbles":52,"Art of War":146,"Kunai":112,"Toxic Egg 2":15}]},"card_choices":[{"not_picked":["Clash","Twin Strike"],"picked":"Spot Weakness","floor":1.0},{"not_picked":["Clash","Havoc"],"picked":"Fire Breathing","floor":3.0},{"not_picked":["Carnage","Headbutt"],"picked":"Demon Form","floor":4.0},{"not_picked":["Iron Wave","Dark Embrace"],"picked":"Impervious","floor":7.0},{"not_picked":["Flex+1","Body Slam"],"picked":"Cleave","floor":11.0},{"not_picked":["Clash","Iron Wave","Inflame"],"picked":"SKIP","floor":12.0},{"not_picked":["Body Slam","Clash"],"picked":"Battle Trance+1","floor":13.0},{"not_picked":["Juggernaut","Sentinel+1"],"picked":"True Grit+1","floor":14.0},{"not_picked":["Demon Form","Double Tap+1"],"picked":"Offering+1","floor":16.0},{"not_picked":["Cleave","Battle Trance+1"],"picked":"Armaments+1","floor":18.0},{"not_picked":["Pommel Strike","Fire Breathing"],"picked":"Body Slam+1","floor":19.0},{"not_picked":["Sword Boomerang","Rage+1"],"picked":"True Grit+1","floor":22.0},{"not_picked":["Cleave","Clothesline+1"],"picked":"Sentinel+1","floor":24.0},{"not_picked":["Twin Strike","Clash"],"picked":"Havoc+1","floor":27.0},{"not_picked":["Perfected Strike+1","Wild Strike+1"],"picked":"Disarm+1","floor":28.0},{"not_picked":["Battle Trance+1","Clothesline"],"picked":"Feel No Pain","floor":31.0},{"not_picked":["Corruption","Juggernaut"],"picked":"Reaper","floor":33.0},{"not_picked":["Iron Wave+1","Warcry+1"],"picked":"Evolve+1","floor":35.0},{"not_picked":["Clash+1","Perfected Strike+1","Flex+1"],"picked":"SKIP","floor":36.0},{"not_picked":["Rage+1","Wild Strike"],"picked":"Clothesline+1","floor":39.0},{"not_picked":["Warcry+1","Feed"],"picked":"Disarm+1","floor":41.0},{"not_picked":["Sword Boomerang+1","Armaments+1"],"picked":"Disarm+1","floor":45.0},{"not_picked":["Perfected Strike","Warcry+1"],"picked":"Reckless Charge+1","floor":47},{"not_picked":["Twin Strike+1","Inflame"],"picked":"True Grit+1","floor":48},{"not_picked":["Pommel Strike","Anger"],"picked":"Entrench+1","floor":54}],"player_experience":3659055,"relics_obtained":[{"floor":7.0,"key":"CeramicFish"},{"floor":9.0,"key":"Akabeko"},{"floor":11.0,"key":"Toxic Egg 2"},{"floor":24.0,"key":"PreservedInsect"},{"floor":26.0,"key":"Bag of Marbles"},{"floor":31.0,"key":"Mummified Hand"},{"floor":41.0,"key":"War Paint"},{"floor":43.0,"key":"Boot"},{"floor":45.0,"key":"Pen Nib"},{"floor":54,"key":"Mercury Hourglass"}],"event_choices":[{"damage_healed":0.0,"max_hp_gain":0.0,"max_hp_loss":0.0,"gold_gain":0.0,"event_name":"WeMeetAgain","player_choice":"Paid Gold","floor":2.0,"gold_loss":110.0,"damage_taken":0.0,"relics_obtained":["Blood Vial"]},{"damage_healed":0.0,"max_hp_gain":0.0,"max_hp_loss":0.0,"gold_gain":0.0,"cards_transformed":["Strike_R"],"event_name":"Transmorgrifier","player_choice":"Transformed","floor":5.0,"gold_loss":0.0,"damage_taken":0.0,"cards_obtained":["Carnage"]},{"damage_healed":0.0,"max_hp_gain":0.0,"max_hp_loss":0.0,"gold_gain":99.0,"event_name":"Nest","player_choice":"Stole From Cult","floor":21.0,"gold_loss":0.0,"damage_taken":0.0},{"damage_healed":0.0,"max_hp_gain":0.0,"max_hp_loss":0.0,"gold_gain":0.0,"event_name":"The Library","player_choice":"Read","floor":30.0,"gold_loss":0.0,"damage_taken":0.0,"cards_obtained":["Exhume"]},{"damage_healed":0.0,"max_hp_gain":0.0,"max_hp_loss":0.0,"gold_gain":999.0,"event_name":"MindBloom","player_choice":"Gold","floor":37.0,"gold_loss":0.0,"damage_taken":0.0,"cards_obtained":["Normality","Normality"]},{"cards_removed":["Normality"],"damage_healed":0.0,"max_hp_gain":0.0,"max_hp_loss":0.0,"gold_gain":0.0,"event_name":"Designer","player_choice":"Upgrade and Remove","floor":38.0,"gold_loss":90.0,"damage_taken":0.0,"cards_upgraded":["Corruption"]},{"damage_healed":0.0,"max_hp_gain":0.0,"max_hp_loss":0.0,"gold_gain":275.0,"event_name":"Golden Shrine","player_choice":"Desecrate","floor":44.0,"gold_loss":0.0,"damage_taken":0.0,"cards_obtained":["Regret"]}],"is_beta":false,"boss_relics":[{"not_picked":["Cursed Key","Runic Dome"],"picked":"Pandora\u0027s Box"},{"not_picked":["Empty Cage","Busted Crown"],"picked":"Black Blood"}],"items_purged_floors":[20,42,46],"is_endless":false,"potions_floor_spawned":[3,4,11,13,14,18,19,31,39,47,48],"ascension_level":1}}