{"host":"7k2a2omxz3voj5ax","time":1610124041,"event":{"mods":["BaseMod","Marisa£¨ìFÓê¡¡Ä§ÀíÉ³£©","Minty Spire (QoL Compilation)","Quick Restart","Spicy Shops","StSLib","Starting Relic: Pandora\u0027s Box","óô»ðÖ¸ÄÏ"],"gold_per_floor":[110,110,51,16,16,56,82,125,205,231,265,265,296,336,82,169,169,200,226,151,151,185,185,22,22,22],"floor_reached":25,"playtime":1018,"items_purged":["MasterSpark"],"score":442,"play_id":"5a018776-b115-416e-ac95-79daa9085f61","local_time":"20210109014041","is_ascension_mode":true,"campfire_choices":[{"floor":23,"key":"REST"}],"circlet_count":0,"master_deck":["AscendersBane","UpSweep+1","EventHorizon","MachineGunSpark+1","SporeBomb","GrandCross","AsteroidBelt","ShootingEcho","MillisecondPulsars","WitchOfGreed","StarBarrage","WitchLeyline","OortCloud","SatelliteIllusion","Acceleration","OortCloud","GasGiant"],"relics":["MiniHakkero","Pen Nib","StrikeDummy","Mummified Hand","Membership Card","Art of War","Philosopher\u0027s Stone","Nloth\u0027s Gift","Whetstone"],"acts_visited":["Exordium","TheCity"],"potions_floor_usage":[],"damage_taken":[{"damage":0.0,"enemies":"Small Slimes","floor":1.0,"turns":2.0},{"damage":11.0,"enemies":"Gremlin Nob","floor":6.0,"turns":3.0},{"damage":12.0,"enemies":"Jaw Worm","floor":7.0,"turns":3.0},{"damage":6.0,"enemies":"Lagavulin","floor":8.0,"turns":4.0},{"damage":6.0,"enemies":"Cultist","floor":10.0,"turns":3.0},{"damage":0.0,"enemies":"2 Fungi Beasts","floor":11.0,"turns":2.0},{"damage":12.0,"enemies":"Lots of Slimes","floor":13.0,"turns":4.0},{"damage":2.0,"enemies":"Gremlin Nob","floor":14.0,"turns":3.0},{"damage":14.0,"enemies":"Hexaghost","floor":16.0,"turns":6.0},{"damage":18.0,"enemies":"Shell Parasite","floor":18.0,"turns":3.0},{"damage":0.0,"enemies":"Spheric Guardian","floor":19.0,"turns":3.0},{"damage":31.0,"enemies":"Snake Plant","floor":22.0,"turns":3.0},{"damage":27,"enemies":"Book of Stabbing","floor":25,"turns":3}],"seed_played":"-5241914655304325663","potions_obtained":[{"floor":6.0,"key":"Ancient Potion"},{"floor":6.0,"key":"PowerPotion"},{"floor":7.0,"key":"Swift Potion"},{"floor":8.0,"key":"BottledSpark"},{"floor":11.0,"key":"FairyPotion"},{"floor":13.0,"key":"Energy Potion"},{"floor":14.0,"key":"Energy Potion"},{"floor":14.0,"key":"Regen Potion"},{"floor":16.0,"key":"Dexterity Potion"},{"floor":19.0,"key":"SkillPotion"}],"is_trial":false,"path_per_floor":["M","?","$","?","?","E","M","E","T","M","M","?","M","E","R","B",null,"M","M","?","?","M","R","$","E"],"character_chosen":"MARISA","items_purchased":["WitchOfGreed","Membership Card","Art of War","GasGiant","Whetstone"],"campfire_rested":1,"item_purchase_floors":[3,15,15,24,24],"current_hp_per_floor":[63,68,68,68,68,57,45,39,39,33,33,33,21,19,19,20,56,38,38,38,38,7,27,27,0,0],"gold":22,"neow_bonus":"THREE_RARE_CARDS","is_daily":false,"chose_seed":false,"campfire_upgraded":0,"win_rate":0.0,"timestamp":1610124041,"path_taken":["M","?","$","?","?","E","?","E","T","M","M","?","M","E","R","BOSS","M","?","?","?","?","R","$","E"],"items_purchased_type":["Card","Relic","Relic","Card","Relic"],"build_version":"2020-12-22","purchased_purges":1,"victory":false,"max_hp_per_floor":[63,68,68,68,68,68,68,68,68,68,68,68,68,68,68,68,68,68,68,68,68,68,68,68,68,68],"card_choices":[{"not_picked":["ManaRampage","BinaryStars"],"picked":"MillisecondPulsars","floor":0.0},{"not_picked":["LuminesStrike","GravityBeat","Occultation"],"picked":"SKIP","floor":1.0},{"not_picked":["DarkSpark","MaximisePower","SporeBomb"],"picked":"SKIP","floor":6.0},{"not_picked":["MilkyWay","WitchOfGreed"],"picked":"StarBarrage","floor":7.0},{"not_picked":["DeepEcoloBomb","DoubleSpark","ManaConvection"],"picked":"SKIP","floor":8.0},{"not_picked":["GravityBeat","GrandCross"],"picked":"WitchLeyline","floor":10.0},{"not_picked":["DoubleSpark","MagicChant"],"picked":"OortCloud","floor":11.0},{"not_picked":["GalacticHalo","SporeBomb","DC"],"picked":"SKIP","floor":13.0},{"not_picked":["DarkMatter","GalacticHalo","StarBarrage"],"picked":"SKIP","floor":14.0},{"not_picked":["BigCrunch","StarDustReverie"],"picked":"SatelliteIllusion","floor":16.0},{"not_picked":["AlicesGift","ShootingEcho"],"picked":"Acceleration","floor":18.0},{"not_picked":["NonDirectionalLaser","StarBarrage+1"],"picked":"OortCloud","floor":19.0},{"not_picked":["DC","BlazingStar","SporeBomb"],"picked":"SKIP","floor":22.0}],"player_experience":407980,"relics_obtained":[{"floor":6.0,"key":"Pen Nib"},{"floor":8.0,"key":"Sundial"},{"floor":14.0,"key":"Mummified Hand"}],"event_choices":[{"damage_healed":0.0,"max_hp_gain":5.0,"max_hp_loss":0.0,"gold_gain":0.0,"event_name":"Big Fish","player_choice":"Donut","floor":2.0,"gold_loss":0.0,"damage_taken":0.0},{"damage_healed":17.0,"max_hp_gain":0.0,"max_hp_loss":0.0,"gold_gain":0.0,"event_name":"The Cleric","player_choice":"Healed","floor":4.0,"gold_loss":35.0,"damage_taken":0.0},{"cards_removed":["IllusionStar"],"damage_healed":5.0,"max_hp_gain":0.0,"max_hp_loss":0.0,"gold_gain":0.0,"event_name":"Bonfire Elementals","player_choice":"Offered Common","floor":5.0,"gold_loss":0.0,"damage_taken":0.0},{"cards_removed":["IllusionStar"],"damage_healed":5.0,"max_hp_gain":0.0,"max_hp_loss":0.0,"gold_gain":0.0,"event_name":"Bonfire Elementals","player_choice":"Offered Special","floor":5.0,"gold_loss":0.0,"damage_taken":0.0},{"damage_healed":0.0,"max_hp_gain":0.0,"max_hp_loss":0.0,"gold_gain":0.0,"event_name":"WeMeetAgain","player_choice":"Gave Potion","floor":12.0,"gold_loss":0.0,"damage_taken":0.0,"relics_obtained":["StrikeDummy"]},{"cards_removed":["ShootingEcho"],"damage_healed":0.0,"max_hp_gain":0.0,"max_hp_loss":0.0,"gold_gain":0.0,"event_name":"Beggar","player_choice":"Gave Gold","floor":20.0,"gold_loss":75.0,"damage_taken":0.0},{"damage_healed":0.0,"max_hp_gain":0.0,"max_hp_loss":0.0,"gold_gain":0.0,"event_name":"N\u0027loth","player_choice":"Traded Relic","floor":21.0,"relics_lost":["Sundial"],"gold_loss":0.0,"damage_taken":0.0,"relics_obtained":["Nloth\u0027s Gift"]}],"is_beta":false,"boss_relics":[{"not_picked":["Ectoplasm","Cursed Key"],"picked":"Philosopher\u0027s Stone"}],"items_purged_floors":[24],"is_endless":false,"potions_floor_spawned":[6,10,11,14,19],"killed_by":"Book of Stabbing","ascension_level":20}}