{"host":"873t0y8ybyo38pfq","time":1610095333,"event":{"mods":["BaseMod","Bestiary","Colored Map","Colored Powertips","Highlight Path","Minty Spire (QoL Compilation)","Quick Restart","RNG Fix","Rare Cards Sparkle","Relic Stats","StSLib"],"gold_per_floor":[117,130,18,30,30,30,30,58,58,58,93,93,126,141,141,215,215,189,199,199,211,211,211],"floor_reached":22,"playtime":819,"items_purged":["Strike_B"],"score":408,"play_id":"c0ed3413-b157-4c6c-9f12-8e0148bb381a","local_time":"20210108034213","is_ascension_mode":true,"campfire_choices":[{"data":"Rip and Tear","floor":6,"key":"SMITH"},{"data":"Static Discharge","floor":10,"key":"SMITH"},{"floor":12,"key":"REST"},{"floor":15,"key":"REST"}],"circlet_count":0,"master_deck":["AscendersBane","Strike_B","Strike_B","Strike_B","Defend_B","Defend_B","Defend_B","Defend_B","Zap+1","Dualcast","Reinforced Body+1","Lockon","Static Discharge+1","Rip and Tear+1","Conserve Battery","Darkness","Auto Shields","Echo Form","Turbo","Leap","Decay"],"relics":["Cracked Core","NeowsBlessing","PreservedInsect","War Paint","InkBottle","Akabeko","Philosopher\u0027s Stone"],"acts_visited":["Exordium","TheCity"],"potions_floor_usage":[11,16,19,19],"damage_taken":[{"damage":0,"enemies":"Jaw Worm","floor":1,"turns":1},{"damage":0,"enemies":"Small Slimes","floor":2,"turns":1},{"damage":0,"enemies":"Cultist","floor":4,"turns":1},{"damage":39,"enemies":"Gremlin Nob","floor":8,"turns":4},{"damage":9,"enemies":"3 Sentries","floor":11,"turns":5},{"damage":14,"enemies":"Lagavulin","floor":13,"turns":6},{"damage":6,"enemies":"Lots of Slimes","floor":14,"turns":4},{"damage":7,"enemies":"Hexaghost","floor":16,"turns":8},{"damage":10,"enemies":"2 Thieves","floor":18,"turns":4},{"damage":18,"enemies":"3 Byrds","floor":19,"turns":1},{"damage":17,"enemies":"Centurion and Healer","floor":21,"turns":8},{"damage":27,"enemies":"Snake Plant","floor":22,"turns":1}],"seed_played":"-8174552293264550197","potions_obtained":[{"floor":1,"key":"Dexterity Potion"},{"floor":2,"key":"PotionOfCapacity"},{"floor":16,"key":"LiquidBronze"},{"floor":18,"key":"LiquidBronze"}],"is_trial":false,"path_per_floor":["M","M","$","M","?","R","?","E","T","R","E","R","E","M","R","B",null,"M","M","?","M","M"],"character_chosen":"DEFECT","items_purchased":["Static Discharge"],"campfire_rested":2,"item_purchase_floors":[3],"current_hp_per_floor":[64,64,64,64,69,69,69,30,30,30,21,43,29,23,45,38,67,57,39,39,22,0,0],"gold":211,"neow_bonus":"THREE_ENEMY_KILL","is_daily":false,"chose_seed":false,"campfire_upgraded":2,"win_rate":0.0,"timestamp":1610095333,"path_taken":["M","M","$","M","?","R","?","E","T","R","E","R","E","M","R","BOSS","M","M","?","M","M"],"items_purchased_type":["Card"],"build_version":"2020-12-22","purchased_purges":1,"victory":false,"max_hp_per_floor":[71,71,71,71,76,76,76,76,76,76,76,76,76,76,76,76,76,76,76,76,76,76,76],"relic_stats":{"counters":[12,44],"PreservedInsect":59,"War Paint":["Reinforced Body","Zap"],"obtain_stats":[{"NeowsBlessing":0,"Philosopher\u0027s Stone":17,"PreservedInsect":8,"War Paint":9,"Cracked Core":0,"InkBottle":11,"Akabeko":13},{"NeowsBlessing":0,"Philosopher\u0027s Stone":8,"PreservedInsect":4,"War Paint":4,"Cracked Core":0,"InkBottle":5,"Akabeko":6},{"NeowsBlessing":0,"Philosopher\u0027s Stone":30,"PreservedInsect":7,"War Paint":7,"Cracked Core":0,"InkBottle":12,"Akabeko":18}],"InkBottle":[9]},"card_choices":[{"not_picked":["Barrage","Aggregate"],"picked":"Reinforced Body","floor":1},{"not_picked":["Scrape","Coolheaded"],"picked":"Lockon","floor":2},{"not_picked":["Compile Driver","Streamline"],"picked":"Rip and Tear","floor":4},{"not_picked":["Scrape","Consume"],"picked":"Darkness","floor":8},{"not_picked":["Reinforced Body","Cold Snap","Hello World"],"picked":"SKIP","floor":11},{"not_picked":["Barrage","Rip and Tear"],"picked":"Auto Shields","floor":13},{"not_picked":["Gash","Beam Cell","Rebound"],"picked":"SKIP","floor":14},{"not_picked":["Biased Cognition","Rainbow"],"picked":"Echo Form","floor":16},{"not_picked":["Coolheaded","Compile Driver"],"picked":"Turbo","floor":18},{"not_picked":["Tempest","Stack+1"],"picked":"Leap","floor":19},{"not_picked":["Gash","Turbo","Beam Cell"],"picked":"SKIP","floor":21}],"player_experience":1542004,"relics_obtained":[{"floor":8,"key":"PreservedInsect"},{"floor":9,"key":"War Paint"},{"floor":11,"key":"InkBottle"},{"floor":13,"key":"Akabeko"}],"event_choices":[{"damage_healed":0,"gold_gain":0,"player_choice":"Donut","damage_taken":0,"max_hp_gain":5,"max_hp_loss":0,"event_name":"Big Fish","floor":5,"gold_loss":0},{"damage_healed":0,"gold_gain":0,"player_choice":"1 cards matched","damage_taken":0,"max_hp_gain":0,"max_hp_loss":0,"event_name":"Match and Keep!","floor":7,"gold_loss":0,"cards_obtained":["Conserve Battery"]},{"damage_healed":0,"gold_gain":0,"player_choice":"Smashed Altar","damage_taken":0,"max_hp_gain":0,"max_hp_loss":0,"event_name":"Forgotten Altar","floor":20,"gold_loss":0,"cards_obtained":["Decay"]}],"is_beta":false,"boss_relics":[{"not_picked":["Fusion Hammer","Astrolabe"],"picked":"Philosopher\u0027s Stone"}],"items_purged_floors":[3],"is_endless":false,"potions_floor_spawned":[1,2,16,18],"killed_by":"Snake Plant","ascension_level":20}}