{"host":"dqv8oo4v229c1o2l","time":1610124675,"event":{"mods":["AchievementEnabler","BaseMod","Colored Map","Colored Powertips","Minty Spire (QoL Compilation)","Quick Restart","Rare Cards Sparkle","StSLib","Synergy Search"],"gold_per_floor":[209,223,148,164,141,170,170,181,181,213,213,227,227,194,194,296,296,313,329,80,91,107,107,107,107],"floor_reached":24,"playtime":798,"items_purged":["Strike_B"],"score":303,"play_id":"d187f1c3-3032-497a-810a-ea0cfa49e861","local_time":"20210108085115","is_ascension_mode":true,"campfire_choices":[{"data":"Buffer","floor":7.0,"key":"SMITH"},{"data":"Static Discharge","floor":11.0,"key":"SMITH"},{"data":"Dualcast","floor":15.0,"key":"SMITH"},{"data":"Electrodynamics","floor":23.0,"key":"SMITH"}],"circlet_count":0,"master_deck":["Strike_B","Strike_B","Defend_B","Defend_B","Defend_B","Defend_B","Zap","Dualcast+1","Ball Lightning","Buffer+1","Ball Lightning","Doom and Gloom","Doom and Gloom","Static Discharge+1","Electrodynamics+1","Capacitor","Capacitor+1"],"relics":["Cracked Core","Art of War","Meat on the Bone","Ornamental Fan","Empty Cage","Bottled Tornado"],"acts_visited":["Exordium","TheCity"],"potions_floor_usage":[24,24],"damage_taken":[{"damage":7.0,"enemies":"Jaw Worm","floor":1.0,"turns":4.0},{"damage":0.0,"enemies":"Small Slimes","floor":2.0,"turns":3.0},{"damage":0.0,"enemies":"Cultist","floor":4.0,"turns":2.0},{"damage":15.0,"enemies":"Lagavulin","floor":6.0,"turns":6.0},{"damage":16.0,"enemies":"Exordium Thugs","floor":8.0,"turns":3.0},{"damage":0.0,"enemies":"Gremlin Nob","floor":10.0,"turns":4.0},{"damage":0.0,"enemies":"Large Slime","floor":12.0,"turns":5.0},{"damage":25.0,"enemies":"Hexaghost","floor":16.0,"turns":5.0},{"damage":12.0,"enemies":"3 Byrds","floor":18.0,"turns":2.0},{"damage":11.0,"enemies":"Spheric Guardian","floor":19.0,"turns":4.0},{"damage":18.0,"enemies":"Centurion and Healer","floor":21.0,"turns":5.0},{"damage":18.0,"enemies":"Chosen and Byrds","floor":22.0,"turns":4.0},{"damage":35,"enemies":"Book of Stabbing","floor":24,"turns":3}],"seed_played":"7276024505078916869","potions_obtained":[{"floor":2.0,"key":"SneckoOil"},{"floor":8.0,"key":"FocusPotion"},{"floor":10.0,"key":"LiquidBronze"},{"floor":19.0,"key":"DuplicationPotion"},{"floor":22.0,"key":"SkillPotion"}],"is_trial":false,"path_per_floor":["M","M","$","M","$","E","R","M","T","E","R","M","?","?","R","B",null,"M","M","$","M","M","R","E"],"character_chosen":"DEFECT","items_purchased":["Ball Lightning","Bottled Tornado"],"campfire_rested":0,"item_purchase_floors":[5,20],"current_hp_per_floor":[61,61,61,61,61,46,46,30,30,42,42,42,42,42,42,29,64,52,41,41,35,29,29,0,0],"gold":107,"neow_bonus":"HUNDRED_GOLD","is_daily":false,"chose_seed":false,"campfire_upgraded":4,"win_rate":0.0,"timestamp":1610124675,"path_taken":["M","M","$","M","$","E","R","M","T","E","R","M","?","?","R","BOSS","M","M","$","M","M","R","E"],"items_purchased_type":["Card","Relic"],"build_version":"2020-12-22","purchased_purges":1,"victory":false,"max_hp_per_floor":[75,75,75,75,75,75,75,75,75,75,75,75,75,75,75,75,75,75,75,75,75,75,75,75,75],"card_choices":[{"not_picked":["Steam","Leap"],"picked":"Gash","floor":1.0},{"not_picked":["Stack","Conserve Battery"],"picked":"Ball Lightning","floor":2.0},{"not_picked":["Static Discharge","White Noise"],"picked":"Buffer","floor":4.0},{"not_picked":["Barrage","Heatsinks"],"picked":"Doom and Gloom","floor":6.0},{"not_picked":["Redo","Go for the Eyes"],"picked":"Doom and Gloom","floor":8.0},{"not_picked":["Undo","Conserve Battery"],"picked":"Static Discharge","floor":10.0},{"not_picked":["Glacier","Compile Driver","Conserve Battery"],"picked":"SKIP","floor":12.0},{"not_picked":["Multi-Cast","Creative AI"],"picked":"Electrodynamics","floor":16.0},{"not_picked":["Compile Driver","Genetic Algorithm"],"picked":"Capacitor","floor":18.0},{"not_picked":["Aggregate","Conserve Battery","Ball Lightning"],"picked":"SKIP","floor":19.0},{"not_picked":["Beam Cell","Turbo","Loop+1"],"picked":"SKIP","floor":21.0},{"not_picked":["Sweeping Beam","Stack+1"],"picked":"Capacitor+1","floor":22.0}],"player_experience":253650,"relics_obtained":[{"floor":6.0,"key":"Art of War"},{"floor":9.0,"key":"Meat on the Bone"},{"floor":10.0,"key":"Ornamental Fan"}],"event_choices":[{"damage_healed":0.0,"max_hp_gain":0.0,"max_hp_loss":0.0,"gold_gain":0.0,"event_name":"Liars Game","player_choice":"Ignored","floor":13.0,"gold_loss":0.0,"damage_taken":0.0},{"damage_healed":0.0,"max_hp_gain":0.0,"max_hp_loss":0.0,"gold_gain":0.0,"event_name":"World of Goop","player_choice":"Left Gold","floor":14.0,"gold_loss":33.0,"damage_taken":0.0}],"is_beta":false,"boss_relics":[{"not_picked":["SacredBark","Fusion Hammer"],"picked":"Empty Cage"}],"items_purged_floors":[3],"is_endless":false,"potions_floor_spawned":[2,8,10,19,22],"killed_by":"Book of Stabbing","ascension_level":6}}