{"host":"iywctd57wjay9zw1","time":1610080321,"event":{"mods":["AlwaysNeverKeys","BaseMod","Colored Map","Googly Eyes","Minty Spire (QoL Compilation)","StSLib"],"gold_per_floor":[116,133,146,221,28,53,64,64,64,81,98,98,98,116,116,214,214,226,226,188,188,203,237,237,256,256,287,386,386,386],"floor_reached":29,"playtime":2164,"items_purged":["Decay"],"score":265,"play_id":"24e59e08-acc8-4499-9bcd-a7456f67ad10","local_time":"20210107213201","is_ascension_mode":false,"campfire_choices":[{"data":"Eruption","floor":8,"key":"SMITH"},{"data":"WindmillStrike","floor":12,"key":"SMITH"},{"data":"FollowUp","floor":15,"key":"SMITH"},{"data":"DeusExMachina","floor":24,"key":"SMITH"}],"circlet_count":0,"master_deck":["Strike_P+1","Strike_P+1","Strike_P+1","Strike_P+1","Defend_P+1","Defend_P+1","Defend_P+1","Defend_P+1","Eruption+1","Vigilance","ClearTheMind","Fasting2","Evaluate","WindmillStrike+1","FearNoEvil","Halt","CutThroughFate","JustLucky","FollowUp+1","DeusExMachina+1","Sanctity+1","Pray+1","Collect"],"relics":["PureWater","NeowsBlessing","Membership Card","Incense Burner","Mango","Sozu","Darkstone Periapt","Sundial","Oddly Smooth Stone"],"acts_visited":["Exordium","TheCity"],"potions_floor_usage":[6,6,16],"damage_taken":[{"damage":0,"enemies":"Cultist","floor":1,"turns":1},{"damage":0,"enemies":"Jaw Worm","floor":2,"turns":1},{"damage":0,"enemies":"Small Slimes","floor":3,"turns":1},{"damage":8,"enemies":"Gremlin Nob","floor":6,"turns":3},{"damage":6,"enemies":"3 Louse","floor":7,"turns":5},{"damage":0,"enemies":"Blue Slaver","floor":10,"turns":2},{"damage":0,"enemies":"2 Fungi Beasts","floor":11,"turns":2},{"damage":0,"enemies":"Looter","floor":14,"turns":2},{"damage":55,"enemies":"The Guardian","floor":16,"turns":12},{"damage":11,"enemies":"Shell Parasite","floor":18,"turns":6},{"damage":2,"enemies":"Spheric Guardian","floor":22,"turns":3},{"damage":22,"enemies":"Slavers","floor":23,"turns":6},{"damage":0,"enemies":"Centurion and Healer","floor":25,"turns":5},{"damage":28,"enemies":"Gremlin Leader","floor":27,"turns":6},{"damage":24,"enemies":"Shelled Parasite and Fungi","floor":29,"turns":3}],"seed_played":"-5616045601798230533","potions_obtained":[{"floor":2,"key":"SneckoOil"},{"floor":3,"key":"Swift Potion"},{"floor":7,"key":"EssenceOfSteel"},{"floor":16,"key":"Strength Potion"}],"is_trial":false,"path_per_floor":["M","M","M","?","$","E","M","R","T","M","M","R","?","M","R","B",null,"M","?","$","?","M","E","R","M","T","E","?","M"],"character_chosen":"WATCHER","items_purchased":["Membership Card","WindmillStrike"],"campfire_rested":0,"item_purchase_floors":[5,5],"current_hp_per_floor":[72,72,72,61,61,53,47,47,61,61,61,61,86,86,86,31,86,75,75,75,75,73,51,51,51,51,23,23,0,0],"gold":386,"neow_bonus":"THREE_ENEMY_KILL","is_daily":false,"chose_seed":false,"campfire_upgraded":4,"win_rate":0.0,"timestamp":1610080321,"path_taken":["M","M","?","?","$","E","M","R","T","M","M","R","?","M","R","BOSS","M","?","$","?","M","E","R","M","T","E","?","M"],"items_purchased_type":["Relic","Card"],"build_version":"2020-12-22","purchased_purges":1,"victory":false,"max_hp_per_floor":[72,72,72,72,72,72,72,72,86,86,86,86,86,86,86,86,86,86,86,86,86,86,86,86,86,86,86,86,86,86],"card_choices":[{"not_picked":["Crescendo","Protect"],"picked":"ClearTheMind","floor":1},{"not_picked":["Worship","Prostrate"],"picked":"Fasting2","floor":2},{"not_picked":["Weave","JustLucky"],"picked":"Evaluate","floor":3},{"not_picked":["FlyingSleeves","CarveReality"],"picked":"FearNoEvil","floor":6},{"not_picked":["SashWhip","Ragnarok"],"picked":"Halt","floor":7},{"not_picked":["Halt","Collect"],"picked":"CutThroughFate","floor":10},{"not_picked":["PathToVictory","FlurryOfBlows"],"picked":"JustLucky","floor":11},{"not_picked":["Worship","Crescendo"],"picked":"FollowUp","floor":14},{"not_picked":["MasterReality","SpiritShield"],"picked":"DeusExMachina","floor":16},{"not_picked":["EmptyMind","FlyingSleeves"],"picked":"Sanctity+1","floor":18},{"not_picked":["WaveOfTheHand","FollowUp+1","JustLucky"],"picked":"SKIP","floor":22},{"not_picked":["Halt","Protect","MentalFortress"],"picked":"SKIP","floor":23},{"not_picked":["Protect","CrushJoints"],"picked":"Pray+1","floor":25},{"not_picked":["WreathOfFlame","DeceiveReality"],"picked":"Collect","floor":27}],"player_experience":403192,"relics_obtained":[{"floor":6,"key":"Incense Burner"},{"floor":9,"key":"Mango"},{"floor":23,"key":"Darkstone Periapt"},{"floor":26,"key":"Sundial"},{"floor":27,"key":"Oddly Smooth Stone"}],"event_choices":[{"damage_healed":0,"gold_gain":75,"player_choice":"Gather Gold","damage_taken":11,"max_hp_gain":0,"max_hp_loss":0,"event_name":"World of Goop","floor":4,"gold_loss":0},{"damage_healed":28,"gold_gain":0,"player_choice":"Banana","damage_taken":0,"max_hp_gain":0,"max_hp_loss":0,"event_name":"Big Fish","floor":13,"gold_loss":0},{"damage_healed":0,"gold_gain":0,"player_choice":"Smashed Altar","damage_taken":0,"max_hp_gain":0,"max_hp_loss":0,"event_name":"Forgotten Altar","floor":19,"gold_loss":0,"cards_obtained":["Decay"]},{"damage_healed":0,"gold_gain":0,"player_choice":"Simplicity","damage_taken":0,"max_hp_gain":0,"max_hp_loss":0,"event_name":"Back to Basics","floor":21,"gold_loss":0,"cards_upgraded":["Strike_P","Strike_P","Strike_P","Strike_P","Defend_P","Defend_P","Defend_P","Defend_P"]},{"damage_healed":0,"gold_gain":99,"player_choice":"Stole From Cult","damage_taken":0,"max_hp_gain":0,"max_hp_loss":0,"event_name":"Nest","floor":28,"gold_loss":0}],"is_beta":false,"boss_relics":[{"not_picked":["Fusion Hammer","Coffee Dripper"],"picked":"Sozu"}],"items_purged_floors":[20],"is_endless":false,"potions_floor_spawned":[2,3,7,16,18],"killed_by":"Shelled Parasite and Fungi","ascension_level":0}}