{"host":"tw71e6tbbdk6nymt","time":1610143504,"event":{"mods":["Aspiration","BaseMod","Minty Spire (QoL Compilation)","StSLib"],"gold_per_floor":[119,134,134,47,47,82,82,111,111,121,121,121,140,151,151,249,249,267,286,296,307,307,307,357,373,399,399,416,450,450,465,465,566,566,576,174,192,192,4,4,20,20,45,77,89,124,124,0,0,0],"floor_reached":51,"playtime":4896,"items_purged":["Injury"],"score":781,"play_id":"63ffe0b6-5788-4779-83e8-9214373b52bb","local_time":"20210109060504","is_ascension_mode":true,"campfire_choices":[{"data":"Survivor","floor":7,"key":"SMITH"},{"data":"Terror","floor":11,"key":"SMITH"},{"data":"Leg Sweep","floor":15,"key":"SMITH"},{"floor":23,"key":"REST"},{"floor":27,"key":"REST"},{"data":"Acrobatics","floor":32,"key":"SMITH"},{"floor":40,"key":"REST"},{"floor":49,"key":"REST"}],"circlet_count":0,"master_deck":["Strike_G","Strike_G","Strike_G","Strike_G","Defend_G","Defend_G","Defend_G","Defend_G","Defend_G","Survivor+1","Neutralize","Choke","Leg Sweep+1","Poisoned Stab","Terror+1","Acrobatics+1","Dagger Throw","Outmaneuver+1","Dagger Spray","Outmaneuver+1","Night Terror+1","Backflip+1","Dodge and Roll+1","Quick Slash+1","Prepared+1","Prepared+1","Concentrate+1","Dagger Throw","Distraction+1","Malaise+1","Endless Agony+1","Backflip+1","Underhanded Strike+1","Endless Agony","Writhe","Catalyst+1","Acrobatics+1","Crippling Poison+1"],"relics":["Ring of the Snake","Blood Vial","Shuriken","Pantograph","Centennial Puzzle","Paper Crane","Toxic Egg 2","aspiration:SecretTechniqueScroll","The Specimen","Anchor","Smiling Mask","Runic Pyramid","aspiration:VileToxins","aspiration:Lifesprig","aspiration:Nostalgia","Burning Blood","Juzu Bracelet","Bottled Lightning","Potion Belt","Red Mask"],"acts_visited":["Exordium","TheCity","TheBeyond"],"potions_floor_usage":[6,6,16,19,20,20,33,41,44,46,46],"damage_taken":[{"damage":2,"enemies":"Small Slimes","floor":1,"turns":5},{"damage":0,"enemies":"Cultist","floor":2,"turns":3},{"damage":18,"enemies":"Lagavulin","floor":6,"turns":6},{"damage":22,"enemies":"3 Sentries","floor":8,"turns":11},{"damage":0,"enemies":"Jaw Worm","floor":10,"turns":4},{"damage":0,"enemies":"2 Fungi Beasts","floor":13,"turns":3},{"damage":0,"enemies":"Blue Slaver","floor":14,"turns":4},{"damage":32,"enemies":"Slime Boss","floor":16,"turns":9},{"damage":10,"enemies":"3 Byrds","floor":18,"turns":5},{"damage":11,"enemies":"2 Thieves","floor":19,"turns":3},{"damage":9,"enemies":"Shelled Parasite and Fungi","floor":20,"turns":5},{"damage":7,"enemies":"Cultist and Chosen","floor":21,"turns":6},{"damage":28,"enemies":"Sentry and Sphere","floor":25,"turns":7},{"damage":4,"enemies":"Snake Plant","floor":28,"turns":5},{"damage":25,"enemies":"Gremlin Leader","floor":29,"turns":11},{"damage":2,"enemies":"Chosen and Byrds","floor":31,"turns":3},{"damage":33,"enemies":"Champ","floor":33,"turns":16},{"damage":17,"enemies":"3 Shapes","floor":35,"turns":3},{"damage":28,"enemies":"3 Darklings","floor":37,"turns":5},{"damage":2,"enemies":"Jaw Worm Horde","floor":41,"turns":3},{"damage":22,"enemies":"Nemesis","floor":44,"turns":7},{"damage":28,"enemies":"4 Shapes","floor":45,"turns":5},{"damage":22,"enemies":"Reptomancer","floor":46,"turns":8},{"damage":20,"enemies":"Time Eater","floor":50,"turns":11}],"seed_played":"-1896176543347272355","potions_obtained":[{"floor":1,"key":"SpeedPotion"},{"floor":2,"key":"AttackPotion"},{"floor":13,"key":"Fire Potion"},{"floor":14,"key":"SpeedPotion"},{"floor":18,"key":"Fire Potion"},{"floor":19,"key":"CultistPotion"},{"floor":28,"key":"CunningPotion"},{"floor":33,"key":"LiquidMemories"},{"floor":37,"key":"SteroidPotion"},{"floor":44,"key":"BlessingOfTheForge"},{"floor":45,"key":"SpeedPotion"}],"is_trial":false,"path_per_floor":["M","M","?","$","T","E","R","E","T","M","R","?","M","M","R","B",null,"M","M","M","M","T","R","?","M","T","R","M","E","?","M","R","B",null,"M","$","M","?","$","R","M","?","T","E","M","E","?","?","R","B",null],"character_chosen":"THE_SILENT","items_purchased":["Poisoned Stab","Terror","aspiration:VileToxins","aspiration:Lifesprig","Backflip+1","aspiration:Nostalgia","Endless Agony"],"campfire_rested":4,"item_purchase_floors":[4,4,36,36,36,39,39],"current_hp_per_floor":[68,70,70,70,70,52,52,32,32,34,34,34,36,38,38,33,70,60,51,44,39,39,60,60,34,34,55,53,30,30,30,30,24,70,53,53,27,27,27,48,54,70,70,54,34,20,20,20,41,54],"gold":0,"neow_bonus":"RANDOM_COMMON_RELIC","is_daily":false,"chose_seed":false,"campfire_upgraded":4,"win_rate":0.0,"timestamp":1610143504,"path_taken":["M","M","?","?","?","E","R","E","T","M","R","?","M","?","R","BOSS","M","M","M","M","?","R","?","M","T","R","?","E","?","M","R","BOSS","M","$","M","?","?","R","M","?","T","E","M","E","?","?","R","BOSS"],"items_purchased_type":["Card","Card","Relic","Relic","Card","Relic","Card"],"build_version":"2020-12-22","purchased_purges":1,"victory":true,"max_hp_per_floor":[70,70,70,70,70,70,70,70,70,70,70,70,70,70,70,70,70,70,70,70,70,70,70,70,70,70,70,70,70,70,70,70,70,70,70,70,70,70,70,70,70,70,70,70,70,70,70,70,70,70],"card_choices":[{"not_picked":["Deflect","Flechettes"],"picked":"Choke","floor":1},{"not_picked":["Endless Agony","Dagger Spray"],"picked":"Leg Sweep","floor":2},{"not_picked":["Dodge and Roll","Flying Knee"],"picked":"Acrobatics","floor":6},{"not_picked":["Deflect","Sucker Punch"],"picked":"Dagger Throw","floor":8},{"not_picked":["Well Laid Plans","PiercingWail"],"picked":"Outmaneuver","floor":10},{"not_picked":["Dagger Throw","Flying Knee"],"picked":"Dagger Spray","floor":13},{"not_picked":["Eviscerate","Storm of Steel+1"],"picked":"Outmaneuver+1","floor":14},{"not_picked":["Glass Knife","Grand Finale"],"picked":"Night Terror+1","floor":16},{"not_picked":["PiercingWail+1","Well Laid Plans"],"picked":"Backflip+1","floor":18},{"not_picked":["Underhanded Strike","Accuracy+1"],"picked":"Dodge and Roll+1","floor":19},{"not_picked":["Acrobatics+1","Flechettes"],"picked":"Quick Slash+1","floor":20},{"not_picked":["Unload","Predator"],"picked":"Prepared+1","floor":21},{"not_picked":["Skewer","PiercingWail+1"],"picked":"Prepared+1","floor":25},{"not_picked":["Finisher","Endless Agony"],"picked":"Concentrate+1","floor":28},{"not_picked":["Underhanded Strike","Outmaneuver+1"],"picked":"Dagger Throw","floor":29},{"not_picked":["Backflip+1","Leg Sweep+1"],"picked":"Distraction+1","floor":31},{"not_picked":["aspiration:Lunge","Burst+1"],"picked":"Malaise+1","floor":33},{"not_picked":["Blade Dance+1","PiercingWail+1"],"picked":"Endless Agony+1","floor":35},{"not_picked":["Cloak And Dagger+1","Flying Knee+1"],"picked":"Underhanded Strike+1","floor":37},{"not_picked":["Flechettes","Slice","Sucker Punch+1"],"picked":"SKIP","floor":41},{"not_picked":["Blade Dance+1","Slice"],"picked":"Catalyst+1","floor":44},{"not_picked":["Terror+1","Concentrate+1"],"picked":"Acrobatics+1","floor":45},{"not_picked":["Riddle With Holes+1","Catalyst+1"],"picked":"Crippling Poison+1","floor":46}],"player_experience":392059,"relics_obtained":[{"floor":5,"key":"Shuriken"},{"floor":6,"key":"Pantograph"},{"floor":8,"key":"Centennial Puzzle"},{"floor":9,"key":"Paper Crane"},{"floor":22,"key":"The Specimen"},{"floor":26,"key":"Anchor"},{"floor":29,"key":"Smiling Mask"},{"floor":43,"key":"Juzu Bracelet"},{"floor":44,"key":"Bottled Lightning"},{"floor":46,"key":"Potion Belt"}],"event_choices":[{"cards_removed":["Strike_G"],"damage_healed":0,"gold_gain":0,"player_choice":"Offered Basic","damage_taken":0,"max_hp_gain":0,"max_hp_loss":0,"event_name":"Bonfire Elementals","floor":3,"gold_loss":0},{"damage_healed":0,"gold_gain":100,"player_choice":"Bet on Murderer","damage_taken":0,"max_hp_gain":0,"max_hp_loss":0,"event_name":"The Joust","floor":24,"gold_loss":50},{"damage_healed":0,"gold_gain":0,"player_choice":"Ignored","damage_taken":0,"max_hp_gain":0,"max_hp_loss":0,"event_name":"Ghosts","floor":30,"gold_loss":0},{"damage_healed":0,"gold_gain":0,"player_choice":"Upgraded","damage_taken":0,"max_hp_gain":0,"max_hp_loss":0,"event_name":"Upgrade Shrine","floor":38,"gold_loss":0,"cards_upgraded":["Outmaneuver"]},{"damage_healed":18,"gold_gain":0,"player_choice":"Writhe","damage_taken":0,"max_hp_gain":0,"max_hp_loss":0,"event_name":"Winding Halls","floor":42,"gold_loss":0,"cards_obtained":["Writhe"]},{"damage_healed":0,"gold_gain":0,"player_choice":"Ignored","damage_taken":0,"max_hp_gain":0,"max_hp_loss":0,"event_name":"Mysterious Sphere","floor":47,"gold_loss":0},{"damage_healed":0,"gold_gain":0,"player_choice":"Paid","damage_taken":0,"relics_obtained":["Red Mask"],"max_hp_gain":0,"max_hp_loss":0,"event_name":"Tomb of Lord Red Mask","floor":48,"gold_loss":124}],"is_beta":false,"boss_relics":[{"not_picked":["Coffee Dripper","aspiration:PoetsPen_weak"],"picked":"aspiration:SecretTechniqueScroll"},{"not_picked":["Sozu","Calling Bell"],"picked":"Runic Pyramid"}],"items_purged_floors":[36],"is_endless":false,"potions_floor_spawned":[1,2,13,14,18,19,28,33,37,44,45],"ascension_level":2}}