{"host":"t6w2q9o6m1ipuhb5","time":1610084474,"event":{"mods":["2.2 Compatiblity","Abigail Mod","AchievementEnabler","Arknights The Spire","BaseMod","Chen","Colored Map","Colored Powertips","Downfall","Friendly Minions","GifTheSpireLib","Hermit","Hubris","Infinite Spire","KinomotoSakuraMod(????)","Kiyohime????","Marisa????????","Mimic Mod","Minty Spire (QoL Compilation)","Permanent Neow","Prisma Mod","Quick Restart","Reimu??????","Remilia??????","Replay The Spire","StSLib","SuperFastMode","The Animator","The Bug Knight","The Construct","The Cursed","The Marked","The Mystic","The Senshi","Waifu the Spire"],"gold_per_floor":[118,137,155,166,166,166,193,22,61,61,61,76,90,115,115,213,213,229,248,248,248],"floor_reached":20,"playtime":1311,"items_purged":[],"score":186,"play_id":"23e868a9-aa29-44e8-86f3-78719da660ba","local_time":"20210108004114","is_ascension_mode":false,"campfire_choices":[{"data":"ats:Revitalization","floor":6,"key":"SMITH"},{"data":"ats:Rapid Magazine","floor":11,"key":"SMITH"},{"floor":15,"key":"REST"}],"circlet_count":0,"master_deck":["ats:Strike C","ats:Strike G","ats:Strike S","ats:Strike V","ats:Armor Crushing Shot","ats:Defend","ats:Defend","ats:Defend","ats:Defend","ats:Emotion Absorption+1","ats:Hammer On","ats:Explosion Area Strengthen","ats:Curse Doll","ats:Revitalization+1","ats:Powerful Strike","ats:Rapid Magazine+1","ats:Powerful Strike","ats:Consecutive Shot Auto","ats:Apocalypse","ats:Flexible Camouflage","ats:Assault Order","ats:Burning Ground","ats:Durian","ats:Explosion Area Strengthen+1","ats:Revitalization"],"relics":["ats:Sanity","hubris:Towel","ats:Originium","Darkstone Periapt","Bronze Scales","Art of War","HollowMod:StagPassRelic","construct:ClawGrip"],"acts_visited":["Exordium","TheCity"],"potions_floor_usage":[12,14,14,16,20],"damage_taken":[{"damage":0,"enemies":"2 Louse","floor":1,"turns":2},{"damage":1,"enemies":"Jaw Worm","floor":2,"turns":3},{"damage":1,"enemies":"Cultist","floor":3,"turns":3},{"damage":10,"enemies":"Red Slaver","floor":4,"turns":4},{"damage":69,"enemies":"Lagavulin","floor":7,"turns":12},{"damage":10,"enemies":"Blue Slaver","floor":9,"turns":5},{"damage":9,"enemies":"Blue Slaver","floor":12,"turns":3},{"damage":5,"enemies":"3 Louse","floor":13,"turns":5},{"damage":11,"enemies":"Gremlin Nob","floor":14,"turns":3},{"damage":55,"enemies":"Hexaghost","floor":16,"turns":9},{"damage":22,"enemies":"Spheric Guardian","floor":18,"turns":4},{"damage":22,"enemies":"2 Thieves","floor":19,"turns":3},{"damage":47,"enemies":"Sentry and Sphere","floor":20,"turns":5}],"seed_played":"-6612185340841439435","potions_obtained":[{"floor":3,"key":"Explosive Potion"},{"floor":7,"key":"champ:CounterPotion"},{"floor":13,"key":"SkillPotion"},{"floor":14,"key":"champ:CounterPotion"},{"floor":19,"key":"FearPotion"}],"is_trial":false,"path_per_floor":["M","M","M","M","?","R","E","$","MIM","?","R","M","M","E","R","B",null,"M","M","M"],"character_chosen":"DOCTOR_CLASS","items_purchased":["ats:Rapid Magazine","ats:Powerful Strike","ats:Consecutive Shot Auto"],"campfire_rested":1,"item_purchase_floors":[8,8,8],"current_hp_per_floor":[72,71,70,60,60,60,20,20,16,40,40,35,40,29,50,14,72,52,30,0,0],"gold":248,"neow_bonus":"UPGRADE_CARD","is_daily":false,"chose_seed":false,"campfire_upgraded":2,"win_rate":0.0,"timestamp":1610084474,"path_taken":["M","M","M","M","?","R","E","$","MIM","?","R","?","M","E","R","BOSS","M","M","M"],"items_purchased_type":["Card","Card","Card"],"build_version":"2020-12-22","purchased_purges":0,"victory":false,"max_hp_per_floor":[72,72,72,72,72,72,72,72,72,72,72,72,72,72,72,72,72,72,72,72,72],"card_choices":[{"not_picked":["ats:Shell Defense","ats:Ignite"],"picked":"ats:Hammer On","floor":1},{"not_picked":["ats:Consecutive Shot Auto","ats:Healing Strengthening"],"picked":"ats:Explosion Area Strengthen","floor":2},{"not_picked":["ats:Counter Healing Mode","ats:Healing Strengthening"],"picked":"ats:Curse Doll","floor":3},{"not_picked":["ats:Shell Defense","ats:Flexible Camouflage"],"picked":"ats:Revitalization","floor":4},{"not_picked":["ats:Childhood Dance","ats:Leaping Hammer"],"picked":"ats:Powerful Strike","floor":7},{"not_picked":["ats:Volcano","ats:Shadow Raid"],"picked":"ats:Apocalypse","floor":9},{"not_picked":["ats:Hammer On","ats:Spore Proliferation"],"picked":"ats:Flexible Camouflage","floor":12},{"not_picked":["ats:Consecutive Shot Auto","ats:Explosion Area Strengthen"],"picked":"ats:Assault Order","floor":13},{"not_picked":["ats:Hammer On","ats:Flame Of Heaven"],"picked":"ats:Burning Ground","floor":14},{"not_picked":["ats:Rat Pack","ats:Volcano"],"picked":"ats:Durian","floor":16},{"not_picked":["ats:Consecutive Shot Auto","ats:Flame Of Heaven"],"picked":"ats:Explosion Area Strengthen+1","floor":18},{"not_picked":["ats:Burning Ground","ats:Song Of Battle"],"picked":"ats:Revitalization","floor":19}],"player_experience":361842,"relics_obtained":[{"floor":7,"key":"ats:Originium"},{"floor":7,"key":"Darkstone Periapt"},{"floor":9,"key":"Bronze Scales"},{"floor":9,"key":"Art of War"},{"floor":14,"key":"ats:Originium"},{"floor":14,"key":"HollowMod:StagPassRelic"}],"event_choices":[{"damage_healed":24,"gold_gain":0,"player_choice":"Banana","damage_taken":0,"max_hp_gain":0,"max_hp_loss":0,"event_name":"Big Fish","floor":10,"gold_loss":0}],"is_beta":false,"boss_relics":[{"not_picked":["hubris:Stopwatch","Replay:Drink Me"],"picked":"construct:ClawGrip"}],"items_purged_floors":[],"is_endless":false,"potions_floor_spawned":[3,7,13,14,19],"killed_by":"Sentry and Sphere","ascension_level":0}}