{"host":"ckaco0f0uooj3awm","time":1610066738,"event":{"mods":["AchievementEnabler","BaseMod","Bestiary","Block Reminder","Colored Map","Colored Powertips","Highlight Path","Minty Spire (QoL Compilation)","Permanent Neow","Relic Stats"],"gold_per_floor":[366,366,366,13,31,60,60,79,79,89,121,140,40,65,65,167,167,179,18,18,35,134,169,186,206,206,252,264,311,273,302,314,423,435,467,27,27,27,27,55,70,100,168,168,168],"floor_reached":44,"playtime":13269,"items_purged":["Strike_P","Strike_P","Defend_P"],"score":848,"play_id":"8c07120f-ad61-4c13-a2ab-2e3bc43b0277","local_time":"20210108014538","is_ascension_mode":true,"campfire_choices":[{"data":"FlurryOfBlows","floor":7.0,"key":"SMITH"},{"data":"Prostrate","floor":15.0,"key":"SMITH"},{"data":"Halt","floor":28,"key":"SMITH"},{"data":"Halt","floor":32,"key":"SMITH"}],"circlet_count":0,"master_deck":["Eruption+1","Vigilance","Halt+1","FlurryOfBlows+1","FearNoEvil","FlurryOfBlows","Indignation","Halt+1","Prostrate+1","BattleHymn","Consecrate","Prostrate","Scrawl","Crescendo+1","Weave+1","CarveReality+1","Conclude","DeceiveReality","Ghostly","Ghostly","Ghostly","Ghostly","Ghostly","EmptyFist+1","ClearTheMind","EmptyFist","FollowUp+1","InnerPeace","Ragnarok","Indignation+1","Bandage Up","Magnetism","CutThroughFate+1","Evaluate+1","WreathOfFlame+1"],"relics":["PureWater","Lantern","Du-Vu Doll","Torii","Kunai","Calipers","Astrolabe","Boot","MawBank","Bottled Tornado","Shuriken","Empty Cage","Ice Cream","TheAbacus","Anchor","Orichalcum","Letter Opener","White Beast Statue"],"acts_visited":["Exordium","TheCity","TheBeyond"],"potions_floor_usage":[33,33],"damage_taken":[{"damage":0.0,"enemies":"2 Louse","floor":1.0,"turns":1.0},{"damage":0.0,"enemies":"Small Slimes","floor":5.0,"turns":3.0},{"damage":16.0,"enemies":"Lagavulin","floor":6.0,"turns":7.0},{"damage":0.0,"enemies":"Cultist","floor":8.0,"turns":2.0},{"damage":0.0,"enemies":"Large Slime","floor":10.0,"turns":4.0},{"damage":13.0,"enemies":"3 Sentries","floor":11.0,"turns":6.0},{"damage":1.0,"enemies":"Blue Slaver","floor":12.0,"turns":3.0},{"damage":0.0,"enemies":"Lagavulin","floor":14.0,"turns":3.0},{"damage":5.0,"enemies":"Hexaghost","floor":16.0,"turns":8.0},{"damage":7.0,"enemies":"Chosen","floor":18.0,"turns":2.0},{"damage":0.0,"enemies":"Shell Parasite","floor":21.0,"turns":2.0},{"damage":3.0,"enemies":"Book of Stabbing","floor":23.0,"turns":4.0},{"damage":0.0,"enemies":"3 Cultists","floor":24.0,"turns":5.0},{"damage":1.0,"enemies":"Centurion and Healer","floor":25.0,"turns":4.0},{"damage":3.0,"enemies":"Gremlin Leader","floor":27.0,"turns":5.0},{"damage":0,"enemies":"Book of Stabbing","floor":29,"turns":4},{"damage":17,"enemies":"Snake Plant","floor":31,"turns":2},{"damage":1,"enemies":"Champ","floor":33,"turns":7},{"damage":15,"enemies":"Orb Walker","floor":35,"turns":3},{"damage":0,"enemies":"Giant Head","floor":40,"turns":6},{"damage":0,"enemies":"3 Shapes","floor":41,"turns":3},{"damage":0,"enemies":"Reptomancer","floor":42,"turns":4},{"damage":22,"enemies":"Jaw Worm Horde","floor":44,"turns":1}],"seed_played":"2209971404141610496","potions_obtained":[{"floor":1.0,"key":"SmokeBomb"},{"floor":5.0,"key":"SteroidPotion"},{"floor":10.0,"key":"BottledMiracle"},{"floor":12.0,"key":"SkillPotion"},{"floor":16.0,"key":"Regen Potion"},{"floor":24.0,"key":"StancePotion"},{"floor":29,"key":"Strength Potion"},{"floor":31,"key":"Dexterity Potion"},{"floor":42,"key":"Dexterity Potion"}],"is_trial":false,"path_per_floor":["M","?","?","$","M","E","R","M","T","M","E","M","$","E","R","B",null,"M","$","?","M","?","E","M","M","T","E","R","E","?","M","R","B",null,"M","$","?","?","?","E","M","E","T","M"],"character_chosen":"WATCHER","items_purchased":["Lantern","FlurryOfBlows","FearNoEvil","DeceiveReality","Ice Cream","TheAbacus"],"campfire_rested":0,"item_purchase_floors":[4,4,4,19,36,36],"current_hp_per_floor":[65,70,70,70,70,54,54,54,54,54,41,40,40,40,40,35,70,63,63,35,35,35,32,32,31,31,28,28,28,28,11,11,22,35,20,20,10,10,10,14,18,18,18,0,0],"gold":168,"neow_bonus":"TWO_FIFTY_GOLD","is_daily":false,"chose_seed":false,"campfire_upgraded":4,"win_rate":0.0,"timestamp":1610066738,"path_taken":["M","?","?","$","M","E","R","M","T","M","E","M","$","E","R","BOSS","M","?","?","M","?","E","M","M","T","E","R","E","?","M","R","BOSS","M","$","?","?","?","E","M","E","T","?"],"items_purchased_type":["Relic","Card","Card","Card","Relic","Relic"],"build_version":"2020-12-22","purchased_purges":3,"victory":false,"max_hp_per_floor":[65,70,70,70,70,70,70,70,70,70,70,70,70,70,70,70,70,70,70,35,35,35,35,35,35,35,35,35,35,35,35,35,35,35,35,35,35,33,33,33,33,33,33,33,33],"relic_stats":{"TheAbacus":[6],"Torii":25,"counters":[23,89],"Shuriken":[18],"Astrolabe":["Crescendo","Weave","CarveReality"],"Kunai":[41],"Letter Opener":[0],"Orichalcum":[0],"Boot":[11],"MawBank":120,"obtain_stats":[{"Ice Cream":36,"Lantern":4,"Calipers":14,"Torii":9,"Astrolabe":17,"Letter Opener":42,"Bottled Tornado":27,"Orichalcum":40,"Boot":23,"MawBank":26,"Empty Cage":34,"White Beast Statue":43,"Du-Vu Doll":6,"Anchor":39,"TheAbacus":36,"Shuriken":29,"Kunai":11,"PureWater":0},{"Ice Cream":19,"Lantern":1,"Calipers":8,"Torii":4,"Astrolabe":9,"Letter Opener":22,"Bottled Tornado":15,"Orichalcum":20,"Boot":12,"MawBank":14,"Empty Cage":18,"White Beast Statue":22,"Du-Vu Doll":3,"Anchor":19,"TheAbacus":19,"Shuriken":16,"Kunai":6,"PureWater":0},{"Ice Cream":75,"Lantern":1,"Calipers":29,"Torii":13,"Astrolabe":37,"Letter Opener":88,"Bottled Tornado":59,"Orichalcum":81,"Boot":45,"MawBank":54,"Empty Cage":72,"White Beast Statue":88,"Du-Vu Doll":11,"Anchor":75,"TheAbacus":75,"Shuriken":63,"Kunai":23,"PureWater":0}]},"card_choices":[{"not_picked":["Swivel","PathToVictory"],"picked":"Halt","floor":1.0},{"not_picked":["ThirdEye","ReachHeaven"],"picked":"FlurryOfBlows","floor":5.0},{"not_picked":["Evaluate","Adaptation"],"picked":"Indignation","floor":6.0},{"not_picked":["WindmillStrike","Weave"],"picked":"Halt","floor":8.0},{"not_picked":["CutThroughFate","SignatureMove"],"picked":"Prostrate","floor":10.0},{"not_picked":["Evaluate","Vengeance"],"picked":"BattleHymn","floor":11.0},{"not_picked":["WreathOfFlame","Collect"],"picked":"Consecrate","floor":12.0},{"not_picked":["Indignation","DevaForm"],"picked":"Prostrate","floor":14.0},{"not_picked":["ConjureBlade","Establishment"],"picked":"Scrawl","floor":16.0},{"not_picked":["ThirdEye","FlurryOfBlows"],"picked":"Conclude","floor":18.0},{"not_picked":["CrushJoints","InnerPeace+1"],"picked":"EmptyFist+1","floor":21.0},{"not_picked":["FollowUp","Crescendo"],"picked":"ClearTheMind","floor":23.0},{"not_picked":["Study","Prostrate"],"picked":"EmptyFist","floor":24.0},{"not_picked":["Evaluate","FollowUp","EmptyFist"],"picked":"SKIP","floor":25.0},{"not_picked":["Prostrate","Nirvana"],"picked":"FollowUp+1","floor":27.0},{"not_picked":["Perseverance+1","CutThroughFate"],"picked":"InnerPeace","floor":29},{"not_picked":["BowlingBash","Fasting2+1","Crescendo"],"picked":"SKIP","floor":31},{"not_picked":["Establishment","Wish"],"picked":"Ragnarok","floor":33},{"not_picked":["FlurryOfBlows","BowlingBash"],"picked":"Indignation+1","floor":35},{"not_picked":["Sadistic Nature","Forethought"],"picked":"Bandage Up","floor":37},{"not_picked":["Deep Breath","Dramatic Entrance"],"picked":"Magnetism","floor":37},{"not_picked":["Adaptation","FlyingSleeves"],"picked":"CutThroughFate+1","floor":40},{"not_picked":["Consecrate+1","PathToVictory"],"picked":"Evaluate+1","floor":41},{"not_picked":["Omniscience","DevaForm"],"picked":"WreathOfFlame+1","floor":42}],"player_experience":227373,"relics_obtained":[{"floor":6.0,"key":"Du-Vu Doll"},{"floor":9.0,"key":"Torii"},{"floor":11.0,"key":"Kunai"},{"floor":14.0,"key":"Calipers"},{"floor":23.0,"key":"Boot"},{"floor":26.0,"key":"MawBank"},{"floor":27.0,"key":"Bottled Tornado"},{"floor":29,"key":"Shuriken"},{"floor":40,"key":"Orichalcum"},{"floor":42,"key":"Letter Opener"},{"floor":43,"key":"White Beast Statue"}],"event_choices":[{"damage_healed":0.0,"max_hp_gain":5.0,"max_hp_loss":0.0,"gold_gain":0.0,"event_name":"Big Fish","player_choice":"Donut","floor":2.0,"gold_loss":0.0,"damage_taken":0.0},{"damage_healed":0.0,"max_hp_gain":0.0,"max_hp_loss":0.0,"gold_gain":0.0,"event_name":"Upgrade Shrine","player_choice":"Upgraded","floor":3.0,"gold_loss":0.0,"damage_taken":0.0,"cards_upgraded":["Eruption"]},{"damage_healed":0.0,"max_hp_gain":0.0,"max_hp_loss":35.0,"gold_gain":0.0,"event_name":"Ghosts","player_choice":"Became a Ghost","floor":20.0,"gold_loss":0.0,"damage_taken":0.0,"cards_obtained":["Ghostly","Ghostly","Ghostly","Ghostly","Ghostly"]},{"damage_healed":0.0,"max_hp_gain":0.0,"max_hp_loss":0.0,"gold_gain":99.0,"event_name":"Nest","player_choice":"Stole From Cult","floor":22.0,"gold_loss":0.0,"damage_taken":0.0},{"damage_healed":0,"gold_gain":0,"player_choice":"Bet on Owner","damage_taken":0,"max_hp_gain":0,"max_hp_loss":0,"event_name":"The Joust","floor":30,"gold_loss":50},{"damage_healed":0,"gold_gain":0,"player_choice":"Memory 3","damage_taken":10,"max_hp_gain":0,"max_hp_loss":0,"event_name":"SensoryStone","floor":37,"gold_loss":0},{"damage_healed":0,"gold_gain":0,"player_choice":"Max HP","damage_taken":0,"max_hp_gain":0,"max_hp_loss":2,"event_name":"Winding Halls","floor":38,"gold_loss":0},{"damage_healed":0,"gold_gain":0,"player_choice":"Gave Potion","damage_taken":0,"relics_obtained":["Anchor"],"max_hp_gain":0,"max_hp_loss":0,"event_name":"WeMeetAgain","floor":39,"gold_loss":0}],"is_beta":false,"boss_relics":[{"not_picked":["Velvet Choker","Philosopher\u0027s Stone"],"picked":"Astrolabe"},{"not_picked":["SacredBark","Runic Pyramid"],"picked":"Empty Cage"}],"items_purged_floors":[4,13,19],"is_endless":false,"potions_floor_spawned":[1,5,10,12,16,24,25,27,29,31,42],"killed_by":"Jaw Worm Horde","ascension_level":4}}