{"host":"t7mx8yfj1no5p62f","time":1610084007,"event":{"mods":["BaseMod","Colored Map","Colored Powertips","Minty Spire (QoL Compilation)","Relic Stats","StSLib"],"gold_per_floor":[116,129,129,141,158,158,185,26,49,76,87,116,133,162,162,240,240,250,268,278,278,296,296,296],"floor_reached":23,"playtime":1076,"items_purged":["Strike_P"],"score":650,"play_id":"c4968986-77db-4b63-991e-f6fe5880c81b","local_time":"20210108003327","is_ascension_mode":true,"campfire_choices":[{"data":"CutThroughFate","floor":6.0,"key":"SMITH"},{"data":"CrushJoints","floor":15.0,"key":"SMITH"}],"circlet_count":0,"master_deck":["AscendersBane","Strike_P","Strike_P","Strike_P","Defend_P","Defend_P","Defend_P","Defend_P","Eruption","Vigilance","FlyingSleeves","BattleHymn","CutThroughFate+1","CutThroughFate","CrushJoints+1","ThirdEye","Meditate","ReachHeaven","Blasphemy","Sanctity","RitualDagger","LessonLearned"],"relics":["HolyWater","Thread and Needle","Smiling Mask","Omamori","Centennial Puzzle","Happy Flower","Oddly Smooth Stone"],"acts_visited":["Exordium","TheCity"],"potions_floor_usage":[22],"damage_taken":[{"damage":9.0,"enemies":"Small Slimes","floor":1.0,"turns":5.0},{"damage":1.0,"enemies":"2 Louse","floor":2.0,"turns":4.0},{"damage":3.0,"enemies":"Jaw Worm","floor":4.0,"turns":4.0},{"damage":0.0,"enemies":"Blue Slaver","floor":5.0,"turns":4.0},{"damage":0.0,"enemies":"3 Sentries","floor":7.0,"turns":3.0},{"damage":11.0,"enemies":"Lagavulin","floor":10.0,"turns":6.0},{"damage":0.0,"enemies":"Looter","floor":11.0,"turns":4.0},{"damage":0.0,"enemies":"Gremlin Nob","floor":12.0,"turns":2.0},{"damage":2.0,"enemies":"Lots of Slimes","floor":13.0,"turns":4.0},{"damage":9.0,"enemies":"Lagavulin","floor":14.0,"turns":5.0},{"damage":0.0,"enemies":"Slime Boss","floor":16.0,"turns":3.0},{"damage":0.0,"enemies":"Spheric Guardian","floor":18.0,"turns":3.0},{"damage":0.0,"enemies":"3 Byrds","floor":19.0,"turns":2.0},{"damage":0.0,"enemies":"3 Cultists","floor":20.0,"turns":3.0},{"damage":27,"enemies":"Sentry and Sphere","floor":22,"turns":6},{"damage":0,"enemies":"Slavers","floor":23,"turns":1}],"seed_played":"-1808540669596276127","potions_obtained":[{"floor":1.0,"key":"Ambrosia"},{"floor":2.0,"key":"Ambrosia"},{"floor":13.0,"key":"Fruit Juice"},{"floor":14.0,"key":"Ambrosia"},{"floor":19.0,"key":"SpeedPotion"}],"is_trial":false,"path_per_floor":["M","M","?","M","M","R","E","$","T","E","M","E","M","E","R","B",null,"M","M","M","?","M","E"],"character_chosen":"WATCHER","items_purchased":["ThirdEye","DuplicationPotion"],"campfire_rested":0,"item_purchase_floors":[8,8],"current_hp_per_floor":[52,51,51,48,48,48,48,48,48,37,37,37,35,31,31,31,58,58,58,58,52,25,25,25],"gold":296,"neow_bonus":"ONE_RARE_RELIC","is_daily":false,"chose_seed":false,"campfire_upgraded":2,"win_rate":0.0,"timestamp":1610084007,"path_taken":["M","M","?","M","M","R","E","$","T","E","M","E","M","E","R","BOSS","M","M","M","?","M","E"],"items_purchased_type":["Card","Potion"],"build_version":"2020-12-22","purchased_purges":1,"victory":false,"max_hp_per_floor":[62,62,62,62,62,62,62,62,62,62,62,62,62,67,67,67,67,67,67,67,67,67,67,67],"relic_stats":{"Centennial Puzzle":[9],"Happy Flower":[9],"counters":[16,59],"Smiling Mask":25,"obtain_stats":[{"Centennial Puzzle":10,"Happy Flower":12,"Oddly Smooth Stone":14,"HolyWater":17,"Thread and Needle":0,"Omamori":9,"PureWater":0,"Smiling Mask":7},{"Centennial Puzzle":6,"Happy Flower":8,"Oddly Smooth Stone":10,"HolyWater":11,"Thread and Needle":0,"Omamori":5,"PureWater":0,"Smiling Mask":5},{"Centennial Puzzle":26,"Happy Flower":32,"Oddly Smooth Stone":41,"HolyWater":44,"Thread and Needle":0,"Omamori":20,"PureWater":0,"Smiling Mask":20}]},"card_choices":[{"not_picked":["ClearTheMind","EmptyFist"],"picked":"FlyingSleeves","floor":1.0},{"not_picked":["Prostrate","JustLucky"],"picked":"BattleHymn","floor":2.0},{"not_picked":["LikeWater","Prostrate"],"picked":"CutThroughFate","floor":4.0},{"not_picked":["ClearTheMind","Perseverance"],"picked":"CutThroughFate","floor":5.0},{"not_picked":["ForeignInfluence","SandsOfTime"],"picked":"CrushJoints","floor":7.0},{"not_picked":["MasterReality","CutThroughFate","DevaForm"],"picked":"SKIP","floor":10.0},{"not_picked":["Protect","Halt"],"picked":"Meditate","floor":11.0},{"not_picked":["CutThroughFate","InnerPeace"],"picked":"ReachHeaven","floor":12.0},{"not_picked":["Worship","PathToVictory","FollowUp"],"picked":"SKIP","floor":13.0},{"not_picked":["Worship","SashWhip","PathToVictory"],"picked":"SKIP","floor":14.0},{"not_picked":["Wish","MasterReality"],"picked":"Blasphemy","floor":16.0},{"not_picked":["ClearTheMind","CrushJoints+1","Collect"],"picked":"SKIP","floor":18.0},{"not_picked":["ClearTheMind+1","Halt","EmptyFist"],"picked":"SKIP","floor":19.0},{"not_picked":["FlurryOfBlows","BowlingBash"],"picked":"Sanctity","floor":20.0},{"not_picked":["WindmillStrike+1","PathToVictory"],"picked":"LessonLearned","floor":22}],"player_experience":1677504,"relics_obtained":[{"floor":7.0,"key":"Smiling Mask"},{"floor":9.0,"key":"Omamori"},{"floor":10.0,"key":"Centennial Puzzle"},{"floor":12.0,"key":"Happy Flower"},{"floor":14.0,"key":"Oddly Smooth Stone"}],"event_choices":[{"damage_healed":0.0,"max_hp_gain":0.0,"max_hp_loss":0.0,"gold_gain":0.0,"event_name":"Liars Game","player_choice":"Ignored","floor":3.0,"gold_loss":0.0,"damage_taken":0.0},{"damage_healed":0.0,"max_hp_gain":0.0,"max_hp_loss":0.0,"gold_gain":0.0,"event_name":"Nest","player_choice":"Joined the Cult","floor":21.0,"gold_loss":0.0,"damage_taken":6.0,"cards_obtained":["RitualDagger"]}],"is_beta":false,"boss_relics":[{"not_picked":["SlaversCollar","Runic Pyramid"],"picked":"HolyWater"}],"items_purged_floors":[8],"is_endless":false,"potions_floor_spawned":[1,2,10,13,14,19,20],"killed_by":"Slavers","ascension_level":20}}