{"host":"7eytxr1oawi6r5nr","time":1610138804,"event":{"mods":["BaseMod","Bestiary","Better Third Choice","Curses Come First","Dark Map","Downfall","Gremlin Mod","Hermit","Hubris","Jorbs\u0027s Wanderer Trilogy","Minty Spire (QoL Compilation)","Permanent Neow","Quick Restart","Rare Cards Sparkle","Replay The Spire","Robot Space Explorer","StSLib","The Disciple","The Runesmith"],"gold_per_floor":[119,219,229,242,253,286,306,306,306,326,326,345,245,265,265,369,369,381,353,323,79,91,91,28,28,28,28,40,40,40,59,59,76,76,176,176,190,235,247,259,145,145,145,145,165,165,165],"floor_reached":46,"playtime":4026,"items_purged":["Runesmith:Strike_RS","Runesmith:Defend_RS","Runesmith:MakeshiftArmor","ReplayTheSpireMod:Splinters"],"score":426,"play_id":"2268b483-8a22-4691-91a6-70f823784824","local_time":"20210108204644","is_ascension_mode":false,"campfire_choices":[{"data":"Runesmith:Fortify","floor":8.0,"key":"SMITH"},{"data":"Runesmith:CraftFirestone","floor":11.0,"key":"SMITH"},{"data":"Runesmith:Firewall","floor":23,"key":"SMITH"},{"data":"Runesmith:Permafrost","floor":25,"key":"SMITH"},{"data":"Runesmith:ArcReactor","floor":27,"key":"SMITH"},{"data":"Runesmith:Firestorm","floor":32,"key":"SMITH"},{"floor":34,"key":"REST"},{"floor":42,"key":"REST"}],"circlet_count":0,"master_deck":["Runesmith:Strike_RS","Runesmith:Strike_RS","Runesmith:Defend_RS","Runesmith:Defend_RS","Runesmith:Defend_RS","Runesmith:CraftFirestone+1","Runesmith:Fortify+1","Runesmith:CraftReservo","Runesmith:CraftProtectio","Runesmith:CraftObretio","Runesmith:HeatExchange","Runesmith:Firewall+1","Runesmith:Permafrost+1","Runesmith:HeatedChisel","Runesmith:MakeshiftArmor","Runesmith:ArcReactor+1","Runesmith:Grindstone","Runesmith:EarthShield","Runesmith:Firestorm+1","stsjorbsmod:Procrastination","Runesmith:PoweredAnvil","Runesmith:PerfectChisel","Runesmith:MetallurgicalResearch","Runesmith:StaticCage+1","Runesmith:HammerThrow+1","Runesmith:RuneHurl+1","Runesmith:GrandSlam"],"relics":["Runesmith:BrokenRuby","Ancient Tea Set","Ice Cream","Shuriken","Cursed Key","Membership Card","StoneCalendar","Black Star","Quantum Egg"],"acts_visited":["Exordium","TheCity","TheBeyond"],"potions_floor_usage":[18,19,33,40,45,46],"damage_taken":[{"damage":0.0,"enemies":"2 Louse","floor":1.0,"turns":3.0},{"damage":0.0,"enemies":"Cultist","floor":3.0,"turns":4.0},{"damage":1.0,"enemies":"Small Slimes","floor":4.0,"turns":5.0},{"damage":4.0,"enemies":"Looter","floor":5.0,"turns":4.0},{"damage":24.0,"enemies":"3 Sentries","floor":6.0,"turns":9.0},{"damage":13.0,"enemies":"Lots of Slimes","floor":7.0,"turns":4.0},{"damage":0.0,"enemies":"3 Louse","floor":10.0,"turns":3.0},{"damage":0.0,"enemies":"2 Fungi Beasts","floor":12.0,"turns":3.0},{"damage":1.0,"enemies":"Red Slaver","floor":14.0,"turns":5.0},{"damage":9.0,"enemies":"Hexaghost","floor":16.0,"turns":13.0},{"damage":1,"enemies":"3 Byrds","floor":18,"turns":6},{"damage":22,"enemies":"2 Thieves","floor":19,"turns":5},{"damage":2,"enemies":"Shelled Parasite and Fungi","floor":22,"turns":10},{"damage":7,"enemies":"3 Cultists","floor":28,"turns":7},{"damage":3,"enemies":"Centurion and Healer","floor":31,"turns":7},{"damage":12,"enemies":"Shelled Parasite and Fungi","floor":33,"turns":7},{"damage":18,"enemies":"Automaton","floor":35,"turns":11},{"damage":6,"enemies":"3 Darklings","floor":37,"turns":7},{"damage":2,"enemies":"Orb Walker","floor":39,"turns":4},{"damage":22,"enemies":"Spire Growth","floor":40,"turns":7},{"damage":35,"enemies":"3 Darklings","floor":45,"turns":6},{"damage":70,"enemies":"Reptomancer","floor":46,"turns":3}],"seed_played":"-3305745836853657143","potions_obtained":[{"floor":1.0,"key":"SneckoOil"},{"floor":5.0,"key":"champ:CounterPotion"},{"floor":10.0,"key":"Guardian:BlockOnCardUsePotion"},{"floor":14.0,"key":"Death Potion"},{"floor":20,"key":"FairyPotion"},{"floor":20,"key":"Elixir"},{"floor":28,"key":"AttackPotion"},{"floor":31,"key":"LifebloodPotion"},{"floor":35,"key":"SpeedPotion"},{"floor":45,"key":"PowerPotion"}],"is_trial":false,"path_per_floor":["M","?","M","M","M","E","M","R","T","M","R","M","$","M","R","B",null,"M","M","?","$","M","R","$","R","T","R","M","PTL","PTL","M","R","M","R","B",null,"M","?","M","M","$","R","PTL","PTL","M","E"],"character_chosen":"RUNESMITH_CLASS","items_purchased":["Runesmith:HeatedChisel","Membership Card","Runesmith:Firestorm","Runesmith:GrandSlam"],"campfire_rested":2,"item_purchase_floors":[13,21,21,41],"current_hp_per_floor":[70,70,70,69,65,41,28,28,28,28,28,28,28,27,27,18,70,69,47,47,47,45,45,45,45,45,45,38,38,38,35,35,23,44,26,70,64,64,62,40,40,61,61,61,26,0,0],"gold":165,"neow_bonus":"RANDOM_COMMON_RELIC","is_daily":false,"chose_seed":false,"campfire_upgraded":6,"win_rate":0.0,"timestamp":1610138804,"path_taken":["M","?","M","?","M","E","M","R","T","M","R","M","?","M","R","BOSS","M","M","?","$","?","R","$","R","T","R","M","PTL","PTL","?","R","M","R","BOSS","M","?","M","M","$","R","PTL","PTL","?","E"],"items_purchased_type":["Card","Relic","Card","Card"],"build_version":"2020-12-22","purchased_purges":4,"victory":false,"max_hp_per_floor":[70,70,70,70,70,70,70,70,70,70,70,70,70,70,70,70,70,70,70,70,70,70,70,70,70,70,70,70,70,70,70,70,70,70,70,70,70,70,70,70,70,70,70,70,70,70,70],"card_choices":[{"not_picked":["Runesmith:UnstableHammer","Runesmith:HeatedChisel"],"picked":"Runesmith:CraftReservo","floor":1.0},{"not_picked":["Runesmith:ChargedHammer","Runesmith:StaticCage"],"picked":"Runesmith:CraftProtectio","floor":3.0},{"not_picked":["Runesmith:Retool","Runesmith:StaticCage"],"picked":"Runesmith:CraftObretio","floor":4.0},{"not_picked":["Runesmith:Overpower","Runesmith:CraftObretio"],"picked":"Runesmith:MakeshiftArmor","floor":5.0},{"not_picked":["Runesmith:Duplicate","Runesmith:UnstableHammer"],"picked":"Runesmith:HeatExchange","floor":6.0},{"not_picked":["Runesmith:Terraform","Runesmith:StaticCage","Runesmith:MakeshiftArmor"],"picked":"SKIP","floor":7.0},{"not_picked":["Runesmith:Overpower","Runesmith:EnergizedChisel"],"picked":"Runesmith:Firewall","floor":10.0},{"not_picked":["Runesmith:RunicBlueprint","Runesmith:HammerThrow"],"picked":"Runesmith:Permafrost","floor":12.0},{"not_picked":["Runesmith:RuneHurl","Runesmith:Electrocute","Runesmith:ChaoticBlast"],"picked":"SKIP","floor":14.0},{"not_picked":["Runesmith:CraftPrismatica","Runesmith:Duplicate"],"picked":"Runesmith:ArcReactor","floor":16.0},{"not_picked":["Runesmith:MakeshiftArmor","Runesmith:UnstableHammer+1"],"picked":"Runesmith:Grindstone","floor":18},{"not_picked":["Runesmith:HammerThrow","Runesmith:Retool"],"picked":"Runesmith:EarthShield","floor":19},{"not_picked":["Runesmith:Grindstone+1","Runesmith:EarthShield","Runesmith:CraftProtectio"],"picked":"SKIP","floor":22},{"not_picked":["Runesmith:CraftMedicinae","Runesmith:ShiftingStrike"],"picked":"Runesmith:PoweredAnvil","floor":28},{"not_picked":["Runesmith:BackupBattery","Runesmith:Grindstone+1","Runesmith:CraftProtectio"],"picked":"SKIP","floor":31},{"not_picked":["Runesmith:HeatedChisel","Runesmith:CraftProtectio"],"picked":"Runesmith:PerfectChisel","floor":33},{"not_picked":["Runesmith:CreatorForm","Runesmith:CraftPrismatica"],"picked":"Runesmith:MetallurgicalResearch","floor":35},{"not_picked":["Runesmith:CraftProtectio","Runesmith:EnergizedChisel","Runesmith:Grindstone"],"picked":"SKIP","floor":37},{"not_picked":["Runesmith:CraftProtectio","Runesmith:EnergizedChisel","Runesmith:Grindstone"],"picked":"SKIP","floor":37},{"not_picked":["Runesmith:HammerThrow+1","Runesmith:HeatExchange+1"],"picked":"Runesmith:StaticCage+1","floor":38},{"not_picked":["Runesmith:StaticCage+1","Runesmith:Discharge"],"picked":"Runesmith:HammerThrow+1","floor":39},{"not_picked":["Runesmith:CraftMagma+1","Runesmith:Grindstone"],"picked":"Runesmith:RuneHurl+1","floor":40},{"not_picked":["Runesmith:FrozenChisel","Runesmith:StaticCage","Runesmith:HammerThrow"],"picked":"SKIP","floor":45}],"player_experience":146115,"relics_obtained":[{"floor":6.0,"key":"Ice Cream"},{"floor":9.0,"key":"Shuriken"},{"floor":26,"key":"StoneCalendar"},{"floor":38,"key":"Quantum Egg"}],"event_choices":[{"damage_healed":0.0,"max_hp_gain":0.0,"max_hp_loss":0.0,"gold_gain":100.0,"event_name":"Golden Shrine","player_choice":"Pray","floor":2.0,"gold_loss":0.0,"damage_taken":0.0},{"damage_healed":0,"gold_gain":0,"player_choice":"Bought 2 Potions","damage_taken":0,"max_hp_gain":0,"max_hp_loss":0,"event_name":"The Woman in Blue","floor":20,"gold_loss":0}],"is_beta":false,"boss_relics":[{"not_picked":["hubris:TerracottaHorce","Runesmith:PocketReactor"],"picked":"Cursed Key"},{"not_picked":["Kintsugi","hubris:RunicObelisk"],"picked":"Black Star"}],"items_purged_floors":[13,21,24,41],"is_endless":false,"potions_floor_spawned":[1,5,10,14,28,31,35,37,45],"killed_by":"Reptomancer","ascension_level":0}}