{"host":"nozk9xg7ssf2drdi","time":1610078493,"event":{"mods":["BaseMod","Colored Map","Minty Spire (QoL Compilation)","Relic Stats","Slay the Relics Exporter","StSLib","everything is the same but u backflip on backflip"],"gold_per_floor":[209,220,51,68,82,82,100,126,126,126,146,146,146,175,175,253,253,265,265,276,294,308,308,334,350,373,52,67,84,84,84,84,157,157,168,93,111,111,130,130,161,51,51,71,98,98,113,124,124,124,124,124],"floor_reached":51,"playtime":6289,"items_purged":["Strike_R"],"score":1686,"play_id":"05dce7b5-ebbd-4b85-8acb-01a2147c65e2","local_time":"20210107220133","is_ascension_mode":true,"campfire_choices":[{"data":"Clothesline","floor":6,"key":"SMITH"},{"data":"Flex","floor":10,"key":"SMITH"},{"data":"Inflame","floor":13,"key":"SMITH"},{"data":"Cleave","floor":15,"key":"SMITH"},{"data":"Heavy Blade","floor":23,"key":"SMITH"},{"floor":30,"key":"REST"},{"data":"Bash","floor":32,"key":"SMITH"},{"floor":40,"key":"RECALL"},{"floor":46,"key":"REST"},{"floor":49,"key":"REST"}],"circlet_count":0,"master_deck":["AscendersBane","Strike_R+1","Strike_R+1","Defend_R","Defend_R","Defend_R","Bash+1","Thunderclap","Shrug It Off+1","Inflame+1","Clothesline+1","Flex+1","Twin Strike","True Grit","Cleave+1","Offering","Clothesline+1","Heavy Blade+1","Offering","Corruption","Limit Break+1","Offering","Havoc","Exhume","Shrug It Off","Evolve+1","Flame Barrier","Dual Wield+1"],"relics":["Burning Blood","ClockworkSouvenir","Paper Frog","Whetstone","Akabeko","Snecko Eye","Sundial","Red Skull","Brimstone","Runic Dome","Dream Catcher","Calipers"],"acts_visited":["Exordium","TheCity","TheBeyond"],"potions_floor_usage":[5,20,21,25,44,50,51],"damage_taken":[{"damage":3,"enemies":"2 Louse","floor":1,"turns":3},{"damage":1,"enemies":"Cultist","floor":2,"turns":3},{"damage":11,"enemies":"Jaw Worm","floor":4,"turns":4},{"damage":2,"enemies":"Red Slaver","floor":5,"turns":4},{"damage":1,"enemies":"Large Slime","floor":7,"turns":6},{"damage":21,"enemies":"Gremlin Nob","floor":8,"turns":4},{"damage":3,"enemies":"Blue Slaver","floor":11,"turns":2},{"damage":25,"enemies":"3 Sentries","floor":14,"turns":7},{"damage":15,"enemies":"Slime Boss","floor":16,"turns":5},{"damage":6,"enemies":"Shell Parasite","floor":18,"turns":1},{"damage":6,"enemies":"3 Byrds","floor":20,"turns":3},{"damage":25,"enemies":"Sentry and Sphere","floor":21,"turns":5},{"damage":6,"enemies":"Cultist and Chosen","floor":22,"turns":3},{"damage":17,"enemies":"Gremlin Leader","floor":24,"turns":3},{"damage":18,"enemies":"Chosen and Byrds","floor":25,"turns":4},{"damage":0,"enemies":"Snecko","floor":28,"turns":1},{"damage":12,"enemies":"Centurion and Healer","floor":29,"turns":2},{"damage":18,"enemies":"Collector","floor":33,"turns":2},{"damage":6,"enemies":"Orb Walker","floor":35,"turns":2},{"damage":23,"enemies":"3 Shapes","floor":37,"turns":3},{"damage":16,"enemies":"Jaw Worm Horde","floor":39,"turns":2},{"damage":17,"enemies":"Giant Head","floor":41,"turns":2},{"damage":29,"enemies":"Writhing Mass","floor":44,"turns":2},{"damage":6,"enemies":"Reptomancer","floor":45,"turns":2},{"damage":6,"enemies":"Sphere and 2 Shapes","floor":47,"turns":3},{"damage":26,"enemies":"4 Shapes","floor":48,"turns":2},{"damage":18,"enemies":"Awakened One","floor":50,"turns":4},{"damage":32,"enemies":"Time Eater","floor":51,"turns":2}],"seed_played":"7162859094876284346","potions_obtained":[{"floor":2,"key":"Dexterity Potion"},{"floor":5,"key":"EssenceOfSteel"},{"floor":11,"key":"Swift Potion"},{"floor":16,"key":"SkillPotion"},{"floor":20,"key":"SteroidPotion"},{"floor":22,"key":"SkillPotion"},{"floor":29,"key":"DistilledChaos"},{"floor":39,"key":"BloodPotion"},{"floor":44,"key":"Block Potion"}],"is_trial":false,"path_per_floor":["M","M","$","M","M","R","M","E","T","R","M","?","R","E","R","B",null,"M","?","M","M","M","R","E","M","T","$","M","M","R","?","R","B",null,"M","$","M","?","M","R","E","?","T","M","E","R","M","M","R","B","B"],"character_chosen":"IRONCLAD","items_purchased":["ClockworkSouvenir","Brimstone","Limit Break"],"campfire_rested":3,"item_purchase_floors":[3,27,27],"current_hp_per_floor":[71,75,75,70,74,74,75,60,60,60,63,63,63,44,44,35,65,65,65,65,46,46,46,35,23,23,23,29,23,45,45,45,33,65,65,65,48,48,38,38,27,27,27,19,19,41,41,21,43,31,0,0],"gold":124,"neow_bonus":"HUNDRED_GOLD","is_daily":false,"chose_seed":false,"campfire_upgraded":6,"win_rate":0.0,"timestamp":1610078493,"path_taken":["M","M","$","M","M","R","M","E","T","R","M","?","R","E","R","BOSS","M","?","?","M","M","R","E","M","T","$","M","M","R","?","R","BOSS","M","?","M","?","?","R","E","?","T","M","E","R","M","?","R","BOSS","BOSS"],"items_purchased_type":["Relic","Relic","Card"],"build_version":"2020-12-22","purchased_purges":1,"victory":false,"max_hp_per_floor":[75,75,75,75,75,75,75,75,75,75,75,75,75,75,75,75,75,75,75,75,75,75,75,75,75,75,75,75,75,75,75,75,75,75,75,75,75,75,75,75,75,75,75,75,75,75,75,75,75,75,75,75],"relic_stats":{"Dream Catcher":2,"counters":[28,86],"Sundial":[2],"Snecko Eye":[99,122,106,94],"Whetstone":["Strike_R","Strike_R"],"obtain_stats":[{"Runic Dome":34,"Dream Catcher":41,"Calipers":45,"Sundial":24,"Brimstone":27,"Snecko Eye":17,"Whetstone":9,"Burning Blood":0,"Akabeko":14,"Red Skull":26,"ClockworkSouvenir":3,"Paper Frog":8},{"Runic Dome":18,"Dream Catcher":22,"Calipers":24,"Sundial":14,"Brimstone":15,"Snecko Eye":9,"Whetstone":6,"Burning Blood":0,"Akabeko":8,"Red Skull":15,"ClockworkSouvenir":2,"Paper Frog":6},{"Runic Dome":62,"Dream Catcher":71,"Calipers":75,"Sundial":53,"Brimstone":57,"Snecko Eye":38,"Whetstone":24,"Burning Blood":0,"Akabeko":33,"Red Skull":57,"ClockworkSouvenir":6,"Paper Frog":24}],"Burning Blood":157},"card_choices":[{"not_picked":["Sword Boomerang","Entrench"],"picked":"Thunderclap","floor":1},{"not_picked":["Armaments","Headbutt"],"picked":"Shrug It Off","floor":2},{"not_picked":["Clothesline","Body Slam"],"picked":"Inflame","floor":4},{"not_picked":["Ghostly Armor","True Grit"],"picked":"Clothesline","floor":5},{"not_picked":["Uppercut","Thunderclap"],"picked":"Flex","floor":7},{"not_picked":["Perfected Strike","Sever Soul"],"picked":"Twin Strike","floor":8},{"not_picked":["Feel No Pain","Intimidate"],"picked":"True Grit","floor":11},{"not_picked":["Spot Weakness","Twin Strike"],"picked":"Cleave","floor":14},{"not_picked":["Limit Break","Exhume"],"picked":"Offering","floor":16},{"not_picked":["Iron Wave+1","Anger","Thunderclap+1"],"picked":"SKIP","floor":18},{"not_picked":["Fire Breathing","Warcry"],"picked":"Heavy Blade","floor":20},{"not_picked":["Ghostly Armor","Pummel"],"picked":"Offering","floor":21},{"not_picked":["Anger","Pommel Strike","Body Slam"],"picked":"SKIP","floor":22},{"not_picked":["Armaments","Seeing Red","Wild Strike"],"picked":"SKIP","floor":24},{"not_picked":["Havoc","Body Slam"],"picked":"Corruption","floor":25},{"not_picked":["Cleave","Sword Boomerang","Flex"],"picked":"SKIP","floor":28},{"not_picked":["Cleave","Sword Boomerang","Flex"],"picked":"SKIP","floor":28},{"not_picked":["Clothesline","Sword Boomerang+1"],"picked":"Offering","floor":29},{"not_picked":["Barricade","Demon Form"],"picked":"Exhume","floor":33},{"not_picked":["Power Through","Heavy Blade","Clash+1"],"picked":"SKIP","floor":35},{"not_picked":["Power Through","Twin Strike","Body Slam"],"picked":"SKIP","floor":37},{"not_picked":["Twin Strike","Cleave"],"picked":"Shrug It Off","floor":39},{"not_picked":["Bloodletting","Headbutt","Twin Strike"],"picked":"SKIP","floor":41},{"not_picked":["Shrug It Off","Whirlwind"],"picked":"Evolve+1","floor":44},{"not_picked":["Power Through","Clothesline"],"picked":"Flame Barrier","floor":45},{"not_picked":["Inflame","Cleave+1"],"picked":"Dual Wield+1","floor":47},{"not_picked":["Clash+1","Evolve+1","Wild Strike"],"picked":"SKIP","floor":48}],"player_experience":5975393,"relics_obtained":[{"floor":8,"key":"Paper Frog"},{"floor":9,"key":"Whetstone"},{"floor":14,"key":"Akabeko"},{"floor":24,"key":"Sundial"},{"floor":26,"key":"Red Skull"},{"floor":41,"key":"Dream Catcher"},{"floor":45,"key":"Calipers"}],"event_choices":[{"cards_removed":["Strike_R"],"damage_healed":0,"gold_gain":0,"player_choice":"Forget","damage_taken":0,"max_hp_gain":0,"max_hp_loss":0,"event_name":"Living Wall","floor":12,"gold_loss":0},{"damage_healed":0,"gold_gain":0,"player_choice":"Copied","damage_taken":0,"max_hp_gain":0,"max_hp_loss":0,"event_name":"Duplicator","floor":19,"gold_loss":0,"cards_obtained":["Clothesline"]},{"damage_healed":0,"gold_gain":0,"cards_transformed":["Defend_R"],"player_choice":"Transformed","damage_taken":0,"max_hp_gain":0,"max_hp_loss":0,"event_name":"Transmorgrifier","floor":31,"gold_loss":0,"cards_obtained":["Havoc"]},{"damage_healed":0,"gold_gain":0,"player_choice":"Upgraded","damage_taken":0,"max_hp_gain":0,"max_hp_loss":0,"event_name":"Upgrade Shrine","floor":38,"gold_loss":0,"cards_upgraded":["Shrug It Off"]},{"cards_removed":["Strike_R"],"damage_healed":0,"gold_gain":0,"player_choice":"Upgrade and Remove","damage_taken":0,"max_hp_gain":0,"max_hp_loss":0,"event_name":"Designer","floor":42,"gold_loss":110,"cards_upgraded":["Limit Break"]}],"is_beta":false,"boss_relics":[{"not_picked":["Cursed Key","Calling Bell"],"picked":"Snecko Eye"},{"not_picked":["Black Star","Tiny House"],"picked":"Runic Dome"}],"items_purged_floors":[36],"is_endless":false,"potions_floor_spawned":[2,5,11,16,20,22,29,33,39,44,48],"killed_by":"Time Eater","ascension_level":20}}