{"host":"g01l53quoe6lrer0","time":1610138235,"event":{"mods":["2.2 Compatiblity","AchievementEnabler","BaseMod","Colored Map","Highlight Path","Keyboard Shortcuts","Minty Spire (QoL Compilation)","Permanent Neow","StSLib","SuperFastMode","everything is the same but u backflip on backflip"],"gold_per_floor":[114,124,134,150,150,150,72,100,125,152,152,168,203,215,215,292,292,312,324,82,99,117,117,144,160,187,87,12,12,30,40,40,40,40],"floor_reached":33,"playtime":982,"items_purged":["Strike_R","Strike_R"],"score":614,"play_id":"0721dbec-1ca8-4b09-9b30-dd5755c195c8","local_time":"20210109053715","is_ascension_mode":true,"campfire_choices":[{"data":"Fiend Fire","floor":6.0,"key":"SMITH"},{"floor":11.0,"key":"REST"},{"data":"Entrench","floor":15.0,"key":"SMITH"},{"floor":23.0,"key":"REST"},{"data":"Evolve","floor":29.0,"key":"SMITH"},{"floor":32,"key":"REST"}],"circlet_count":0,"master_deck":["AscendersBane","Strike_R","Strike_R","Defend_R","Defend_R","Defend_R","Defend_R","Bash","Fiend Fire+1","Disarm","Evolve+1","Headbutt","Fire Breathing","Entrench+1","Wild Strike","Havoc","Body Slam","Fiend Fire","Entrench","Feel No Pain","Immolate","Body Slam+1","Intimidate","Double Tap"],"relics":["Black Blood","Regal Pillow","Orichalcum","Bag of Marbles","Oddly Smooth Stone","Akabeko","Nunchaku"],"acts_visited":["Exordium","TheCity"],"potions_floor_usage":[31,33],"damage_taken":[{"damage":7.0,"enemies":"Small Slimes","floor":1.0,"turns":5.0},{"damage":7.0,"enemies":"Jaw Worm","floor":2.0,"turns":3.0},{"damage":3.0,"enemies":"2 Louse","floor":3.0,"turns":3.0},{"damage":21.0,"enemies":"Looter","floor":4.0,"turns":4.0},{"damage":16.0,"enemies":"Gremlin Nob","floor":8.0,"turns":4.0},{"damage":30.0,"enemies":"Lagavulin","floor":10.0,"turns":9.0},{"damage":0.0,"enemies":"Lots of Slimes","floor":12.0,"turns":2.0},{"damage":19.0,"enemies":"3 Sentries","floor":13.0,"turns":6.0},{"damage":3.0,"enemies":"Blue Slaver","floor":14.0,"turns":3.0},{"damage":0.0,"enemies":"Slime Boss","floor":16.0,"turns":7.0},{"damage":12.0,"enemies":"Chosen","floor":18.0,"turns":5.0},{"damage":44.0,"enemies":"Shell Parasite","floor":19.0,"turns":9.0},{"damage":12.0,"enemies":"Snecko","floor":21.0,"turns":4.0},{"damage":4.0,"enemies":"Cultist and Chosen","floor":22.0,"turns":6.0},{"damage":39.0,"enemies":"Slavers","floor":24.0,"turns":7.0},{"damage":4.0,"enemies":"Centurion and Healer","floor":25.0,"turns":4.0},{"damage":39.0,"enemies":"Snecko","floor":30.0,"turns":6.0},{"damage":0,"enemies":"Shelled Parasite and Fungi","floor":31,"turns":2},{"damage":60,"enemies":"Champ","floor":33,"turns":10}],"seed_played":"1358932090308759010","potions_obtained":[{"floor":1.0,"key":"LiquidBronze"},{"floor":2.0,"key":"HeartOfIron"},{"floor":3.0,"key":"SkillPotion"},{"floor":10.0,"key":"Explosive Potion"},{"floor":14.0,"key":"PowerPotion"},{"floor":16.0,"key":"Dexterity Potion"},{"floor":21.0,"key":"DistilledChaos"},{"floor":24.0,"key":"Strength Potion"}],"is_trial":false,"path_per_floor":["M","M","M","M","?","R","$","E","T","E","R","M","E","M","R","B",null,"M","M","$","M","M","R","E","M","T","$","?","R","M","M","R","B"],"character_chosen":"IRONCLAD","items_purchased":["Entrench","Immolate"],"campfire_rested":3,"item_purchase_floors":[7,20],"current_hp_per_floor":[67,66,69,54,47,47,47,37,37,13,50,56,43,46,46,52,69,69,37,37,37,45,75,48,56,56,56,56,56,29,41,75,15,15],"gold":40,"neow_bonus":"THREE_RARE_CARDS","is_daily":false,"chose_seed":false,"campfire_upgraded":3,"win_rate":0.0,"timestamp":1610138235,"path_taken":["M","M","M","M","?","R","$","E","T","E","R","M","E","M","R","BOSS","M","M","$","M","M","R","E","M","T","$","?","R","M","M","R","BOSS"],"items_purchased_type":["Card","Card"],"build_version":"2020-12-22","purchased_purges":2,"victory":false,"max_hp_per_floor":[75,75,75,75,75,75,75,75,75,75,75,75,75,75,75,75,75,75,75,75,75,75,75,75,75,75,75,75,75,75,75,75,75,75],"card_choices":[{"not_picked":["Limit Break","Offering"],"picked":"Fiend Fire","floor":0.0},{"not_picked":["Warcry","Cleave"],"picked":"Disarm","floor":1.0},{"not_picked":["Thunderclap","Anger"],"picked":"Evolve","floor":2.0},{"not_picked":["Seeing Red","Armaments"],"picked":"Headbutt","floor":3.0},{"not_picked":["Shrug It Off","Infernal Blade"],"picked":"Fire Breathing","floor":4.0},{"not_picked":["Pummel","Uppercut"],"picked":"Wild Strike","floor":8.0},{"not_picked":["Inflame","Combust","Clothesline"],"picked":"SKIP","floor":10.0},{"not_picked":["Pummel","Perfected Strike"],"picked":"Havoc","floor":12.0},{"not_picked":["Ghostly Armor","Perfected Strike"],"picked":"Body Slam","floor":13.0},{"not_picked":["Iron Wave","Armaments","Thunderclap"],"picked":"SKIP","floor":14.0},{"not_picked":["Bludgeon","Limit Break"],"picked":"Fiend Fire","floor":16.0},{"not_picked":["Flex","Infernal Blade"],"picked":"Entrench","floor":18.0},{"not_picked":["Iron Wave","Metallicize"],"picked":"Feel No Pain","floor":19.0},{"not_picked":["Ghostly Armor","Warcry"],"picked":"Body Slam+1","floor":21.0},{"not_picked":["Warcry","Pommel Strike","Body Slam"],"picked":"SKIP","floor":22.0},{"not_picked":["Warcry","Clash","Evolve"],"picked":"SKIP","floor":24.0},{"not_picked":["Intimidate","Thunderclap","Rage"],"picked":"SKIP","floor":25.0},{"not_picked":["Thunderclap","Rage"],"picked":"Intimidate","floor":25.0},{"not_picked":["Thunderclap","Rupture+1","Heavy Blade"],"picked":"SKIP","floor":30.0},{"not_picked":["Wild Strike","Flex"],"picked":"Double Tap","floor":31}],"player_experience":95674,"relics_obtained":[{"floor":8.0,"key":"Regal Pillow"},{"floor":9.0,"key":"Orichalcum"},{"floor":10.0,"key":"Bag of Marbles"},{"floor":13.0,"key":"Oddly Smooth Stone"},{"floor":24.0,"key":"Akabeko"},{"floor":26.0,"key":"Nunchaku"}],"event_choices":[{"cards_removed":["Shame"],"damage_healed":0.0,"max_hp_gain":0.0,"max_hp_loss":0.0,"gold_gain":0.0,"event_name":"Golden Wing","player_choice":"Card Removal","floor":5.0,"gold_loss":0.0,"damage_taken":7.0},{"cards_removed":["Strike_R"],"damage_healed":0.0,"max_hp_gain":0.0,"max_hp_loss":0.0,"gold_gain":0.0,"event_name":"Beggar","player_choice":"Gave Gold","floor":28.0,"gold_loss":75.0,"damage_taken":0.0}],"is_beta":false,"boss_relics":[{"not_picked":["Black Star","Busted Crown"],"picked":"Black Blood"}],"items_purged_floors":[20,27],"is_endless":false,"potions_floor_spawned":[1,2,3,10,14,16,21,24,30],"killed_by":"Champ","ascension_level":16}}