{"host":"bxn2em57qlx5u4i0","time":1610082807,"event":{"mods":["BaseMod","Colored Map","Colored Powertips","Highlight Path","Minty Spire (QoL Compilation)","Random Character Button","Relic Sorter","Relic Stats","StSLib","SuperFastMode"],"gold_per_floor":[119,131,56,76,93,93,93,126,151,51,51,85,85,85,85,164,164,182,182,195,70,70,70,100,100,100,100,117,146,146,164,164,164,164],"floor_reached":33,"playtime":959,"items_purged":["Strike_G","Strike_G","Strike_G+1"],"score":632,"play_id":"f164fcb5-b7d0-4b09-9ea7-dcc2fa2187b2","local_time":"20210108001327","is_ascension_mode":true,"campfire_choices":[{"data":"Bane","floor":6.0,"key":"SMITH"},{"data":"Leg Sweep","floor":11.0,"key":"SMITH"},{"data":"Poisoned Stab","floor":13.0,"key":"SMITH"},{"data":"Poisoned Stab","floor":15.0,"key":"SMITH"},{"data":"Corpse Explosion","floor":23.0,"key":"SMITH"},{"floor":27.0,"key":"REST"},{"data":"Backflip","floor":30.0,"key":"SMITH"},{"data":"Survivor","floor":32.0,"key":"SMITH"}],"circlet_count":0,"master_deck":["AscendersBane","Defend_G","Defend_G","Defend_G","Survivor+1","Neutralize+1","Poisoned Stab+1","Poisoned Stab+1","Leg Sweep+1","Bane+1","Backflip+1","Corpse Explosion+1","Deadly Poison+1","Endless Agony+1","Blade Dance"],"relics":["Ring of the Snake","Darkstone Periapt","Incense Burner","Whetstone","Omamori","Calling Bell","Centennial Puzzle","Frozen Egg 2","Unceasing Top","Molten Egg 2","Blood Vial","Shuriken","Akabeko"],"acts_visited":["Exordium","TheCity"],"potions_floor_usage":[],"damage_taken":[{"damage":1.0,"enemies":"Cultist","floor":1.0,"turns":5.0},{"damage":1.0,"enemies":"Jaw Worm","floor":2.0,"turns":5.0},{"damage":4.0,"enemies":"Small Slimes","floor":4.0,"turns":5.0},{"damage":4.0,"enemies":"Exordium Thugs","floor":5.0,"turns":5.0},{"damage":21.0,"enemies":"3 Sentries","floor":8.0,"turns":8.0},{"damage":8.0,"enemies":"Lagavulin","floor":12.0,"turns":8.0},{"damage":5.0,"enemies":"The Guardian","floor":16.0,"turns":10.0},{"damage":0.0,"enemies":"Spheric Guardian","floor":18.0,"turns":4.0},{"damage":3.0,"enemies":"Shell Parasite","floor":20.0,"turns":5.0},{"damage":31.0,"enemies":"Gremlin Leader","floor":24.0,"turns":8.0},{"damage":14.0,"enemies":"Chosen and Byrds","floor":28.0,"turns":5.0},{"damage":12.0,"enemies":"Book of Stabbing","floor":29.0,"turns":4.0},{"damage":0.0,"enemies":"Cultist and Chosen","floor":31.0,"turns":5.0},{"damage":19,"enemies":"Collector","floor":33,"turns":3}],"seed_played":"-7853631128296437891","potions_obtained":[{"floor":2.0,"key":"Fire Potion"},{"floor":4.0,"key":"SteroidPotion"},{"floor":16.0,"key":"ColorlessPotion"},{"floor":18.0,"key":"SteroidPotion"}],"is_trial":false,"path_per_floor":["M","M","$","M","M","R","T","E","T","$","R","E","R","?","R","B",null,"M","?","M","$","T","R","E","$","T","R","M","E","R","M","R","B"],"character_chosen":"THE_SILENT","items_purchased":[],"campfire_rested":1,"item_purchase_floors":[],"current_hp_per_floor":[58,57,57,53,49,49,49,28,28,28,28,20,20,20,20,15,49,49,49,46,46,46,46,15,15,15,33,21,11,11,13,13,0,0],"gold":164,"neow_bonus":"REMOVE_TWO","is_daily":false,"chose_seed":false,"campfire_upgraded":7,"win_rate":0.0,"timestamp":1610082807,"path_taken":["M","M","$","M","M","R","?","E","T","$","R","E","R","?","R","BOSS","M","?","M","$","?","R","E","$","T","R","M","E","R","?","R","BOSS"],"items_purchased_type":[],"build_version":"2020-12-22","purchased_purges":3,"victory":false,"max_hp_per_floor":[60,60,60,60,60,60,60,60,60,60,60,60,60,60,60,60,60,60,60,60,60,60,60,60,60,60,60,60,60,60,60,60,60,60],"relic_stats":{"Darkstone Periapt":0,"Blood Vial":8,"Centennial Puzzle":[15],"counters":[14,80],"Shuriken":[5],"Whetstone":["Strike_G","Neutralize"],"obtain_stats":[{"Darkstone Periapt":7,"Incense Burner":8,"Omamori":12,"Whetstone":9,"Frozen Egg 2":17,"Akabeko":29,"Calling Bell":17,"Blood Vial":24,"Centennial Puzzle":17,"Shuriken":26,"Molten Egg 2":22,"Unceasing Top":17,"Ring of the Snake":0},{"Darkstone Periapt":4,"Incense Burner":5,"Omamori":6,"Whetstone":5,"Frozen Egg 2":7,"Akabeko":12,"Calling Bell":7,"Blood Vial":10,"Centennial Puzzle":7,"Shuriken":10,"Molten Egg 2":9,"Unceasing Top":7,"Ring of the Snake":0},{"Darkstone Periapt":20,"Incense Burner":28,"Omamori":36,"Whetstone":28,"Frozen Egg 2":46,"Akabeko":72,"Calling Bell":46,"Blood Vial":63,"Centennial Puzzle":46,"Shuriken":63,"Molten Egg 2":55,"Unceasing Top":46,"Ring of the Snake":0}],"Unceasing Top":[1],"Ring of the Snake":[28]},"card_choices":[{"not_picked":["Dodge and Roll","Sucker Punch"],"picked":"Poisoned Stab","floor":1.0},{"not_picked":["Acrobatics","Outmaneuver"],"picked":"Poisoned Stab","floor":2.0},{"not_picked":["Tactician","Prepared"],"picked":"Leg Sweep","floor":4.0},{"not_picked":["Phantasmal Killer","Caltrops"],"picked":"Bane","floor":5.0},{"not_picked":["Flying Knee","Leg Sweep","Expertise"],"picked":"SKIP","floor":8.0},{"not_picked":["Prepared","Deflect"],"picked":"Backflip","floor":12.0},{"not_picked":["Unload","Night Terror"],"picked":"Corpse Explosion","floor":16.0},{"not_picked":["Reflex","Backflip"],"picked":"Deadly Poison+1","floor":18.0},{"not_picked":["Deadly Poison","Dodge and Roll","Predator"],"picked":"SKIP","floor":20.0},{"not_picked":["Outmaneuver+1","Dagger Spray+1","Sucker Punch+1"],"picked":"SKIP","floor":24.0},{"not_picked":["Flechettes+1","Calculated Gamble","All Out Attack+1"],"picked":"SKIP","floor":28.0},{"not_picked":["Dash+1","A Thousand Cuts+1"],"picked":"Endless Agony+1","floor":29.0},{"not_picked":["Underhanded Strike+1","Deflect"],"picked":"Blade Dance","floor":31.0}],"player_experience":2877513,"relics_obtained":[{"floor":7.0,"key":"Darkstone Periapt"},{"floor":8.0,"key":"Incense Burner"},{"floor":9.0,"key":"Whetstone"},{"floor":12.0,"key":"Omamori"},{"floor":17.0,"key":"Centennial Puzzle"},{"floor":17.0,"key":"Frozen Egg 2"},{"floor":17.0,"key":"Unceasing Top"},{"floor":22.0,"key":"Molten Egg 2"},{"floor":24.0,"key":"Blood Vial"},{"floor":26.0,"key":"Shuriken"},{"floor":29.0,"key":"Akabeko"}],"event_choices":[{"cards_removed":["Strike_G"],"damage_healed":0.0,"max_hp_gain":0.0,"max_hp_loss":0.0,"gold_gain":0.0,"event_name":"Living Wall","player_choice":"Forget","floor":14.0,"gold_loss":0.0,"damage_taken":0.0},{"cards_removed":["Defend_G"],"damage_healed":0.0,"max_hp_gain":0.0,"max_hp_loss":0.0,"gold_gain":0.0,"event_name":"Bonfire Elementals","player_choice":"Offered Basic","floor":19.0,"gold_loss":0.0,"damage_taken":0.0}],"is_beta":false,"boss_relics":[{"not_picked":["Pandora\u0027s Box","Astrolabe"],"picked":"Calling Bell"}],"items_purged_floors":[3,10,21],"is_endless":false,"potions_floor_spawned":[2,4,16,18,20,24],"killed_by":"Collector","ascension_level":20}}