{"host":"g76rhe4j5kh9hdf9","time":1610089268,"event":{"mods":["100% Spire Juice","Act Like it!","BaseMod","Better Third Choice","GifTheSpireLib","Minty Spire (QoL Compilation)","Relic Stats","Spicy Shops","StSLib"],"gold_per_floor":[12,12,12,31,42,75,75,88,157,173,188,188,219,7,7,106,106,119,119,44,44,62,96,46,81,133,152,184,284,284,316,316,411,411,423,439,439,366,380,413,463,488,560,590,600,528,557,573,573,573,573,573,313,344,344],"floor_reached":56,"playtime":2417,"items_purged":["Moonworks:Strike","Moonworks:AwakeningOfTalent+1"],"score":2126,"play_id":"5953c729-09fc-402a-8b2e-f380d3142c0a","local_time":"20210107230108","is_ascension_mode":true,"campfire_choices":[{"data":"Moonworks:JonathanRush","floor":7,"key":"SMITH"},{"data":"Moonworks:Strike","floor":12,"key":"PURGE"},{"data":"Moonworks:Ambush","floor":15,"key":"PURGE"},{"data":"Moonworks:ReproductionOfRecords","floor":30,"key":"PURGE"},{"data":"Moonworks:LongDistanceShot+1","floor":32,"key":"PURGE"},{"floor":49,"key":"RECALL"},{"data":"Moonworks:JonathanRush+1","floor":52,"key":"PURGE"}],"circlet_count":0,"master_deck":["Moonworks:ForcedRevival+1","Moonworks:JonathanRush+1","Moonworks:StiffCrystal","Moonworks:OutOfAmmo+1","Moonworks:WindyEnchantment","Moonworks:RagingMadness+1"],"relics":["Moonworks:SBBomb","Moonworks:Homemark","Peace Pipe","War Paint","Molten Egg 2","Frozen Egg 2","Membership Card","Busted Crown","Pantograph","Whetstone","Bag of Marbles","InkBottle","Mango","Bottled Lightning","Strawberry","Orichalcum","Bronze Scales","TungstenRod","Moonworks:LittleGull","Lizard Tail","Chemical X","Ornamental Fan","Anchor","Orrery","Bag of Preparation","Lee\u0027s Waffle","Centennial Puzzle"],"acts_visited":["Exordium","TheCity","TheBeyond","TheEnding"],"potions_floor_usage":[6,11,13,13,55,55,55],"damage_taken":[{"damage":4,"enemies":"Jaw Worm","floor":1,"turns":5},{"damage":0,"enemies":"Small Slimes","floor":4,"turns":3},{"damage":0,"enemies":"2 Louse","floor":5,"turns":3},{"damage":23,"enemies":"Lagavulin","floor":6,"turns":9},{"damage":10,"enemies":"Looter","floor":8,"turns":4},{"damage":0,"enemies":"2 Fungi Beasts","floor":10,"turns":3},{"damage":1,"enemies":"3 Louse","floor":11,"turns":3},{"damage":11,"enemies":"3 Sentries","floor":13,"turns":7},{"damage":0,"enemies":"Slime Boss","floor":16,"turns":5},{"damage":0,"enemies":"Chosen","floor":18,"turns":3},{"damage":0,"enemies":"Spheric Guardian","floor":22,"turns":2},{"damage":3,"enemies":"Slavers","floor":23,"turns":2},{"damage":0,"enemies":"Book of Stabbing","floor":25,"turns":1},{"damage":0,"enemies":"Centurion and Healer","floor":27,"turns":1},{"damage":0,"enemies":"Slavers","floor":28,"turns":1},{"damage":0,"enemies":"Colosseum Slavers","floor":29,"turns":1},{"damage":0,"enemies":"Colosseum Nobs","floor":29,"turns":1},{"damage":0,"enemies":"Gremlin Leader","floor":31,"turns":1},{"damage":0,"enemies":"Collector","floor":33,"turns":1},{"damage":10,"enemies":"3 Shapes","floor":35,"turns":1},{"damage":0,"enemies":"3 Darklings","floor":36,"turns":1},{"damage":0,"enemies":"Spire Growth","floor":39,"turns":1},{"damage":0,"enemies":"Nemesis","floor":40,"turns":1},{"damage":0,"enemies":"Mind Bloom Boss Battle","floor":41,"turns":1},{"damage":0,"enemies":"Giant Head","floor":42,"turns":1},{"damage":0,"enemies":"Reptomancer","floor":44,"turns":1},{"damage":3,"enemies":"4 Shapes","floor":45,"turns":1},{"damage":0,"enemies":"Giant Head","floor":47,"turns":1},{"damage":0,"enemies":"Transient","floor":48,"turns":1},{"damage":0,"enemies":"Time Eater","floor":50,"turns":1},{"damage":0,"enemies":"Shield and Spear","floor":54,"turns":1},{"damage":5,"enemies":"The Heart","floor":55,"turns":3}],"seed_played":"8627724430662356998","potions_obtained":[{"floor":4,"key":"DuplicationPotion"},{"floor":5,"key":"SpeedPotion"},{"floor":6,"key":"LiquidMemories"},{"floor":10,"key":"AttackPotion"},{"floor":16,"key":"Fire Potion"},{"floor":23,"key":"Block Potion"},{"floor":27,"key":"Weak Potion"},{"floor":31,"key":"ColorlessPotion"}],"is_trial":false,"path_per_floor":["M","?","?","M","M","E","R","M","T","M","M","R","E","$","R","B",null,"M","?","?","?","M","E","$","E","T","M","E","?","R","E","R","B",null,"M","M","?","$","M","E","?","E","T","E","M","$","E","M","R","B",null,"R","$","E","B",null],"character_chosen":"THE_STARBREAKER","items_purchased":["Membership Card","Moonworks:AwakeningOfTalent+1","Orichalcum","Chemical X","Anchor","Orrery","Bag of Preparation","Lee\u0027s Waffle"],"campfire_rested":0,"item_purchase_floors":[14,14,38,46,53,53,53,53],"current_hp_per_floor":[56,56,38,38,38,15,15,13,13,21,20,20,17,17,17,25,60,60,60,60,60,60,57,57,60,60,60,60,74,74,81,81,81,81,75,81,81,81,81,81,81,81,81,81,81,81,81,81,81,81,81,81,88,88,83],"gold":344,"neow_bonus":"REMOVE_TWO","is_daily":false,"chose_seed":false,"campfire_upgraded":1,"win_rate":0.0,"timestamp":1610089268,"path_taken":["M","?","?","M","M","E","R","M","T","M","M","R","E","$","R","BOSS","M","?","?","?","M","E","$","E","T","M","E","?","R","E","R","BOSS","M","M","?","$","?","E","?","E","T","E","M","$","E","M","R","BOSS","R","$","E","BOSS"],"items_purchased_type":["Relic","Card","Relic","Relic","Relic","Relic","Relic","Relic"],"build_version":"2020-12-22","purchased_purges":2,"victory":true,"max_hp_per_floor":[60,60,60,60,60,60,60,60,60,60,60,60,60,60,60,60,60,60,60,60,60,60,60,60,60,60,60,60,74,74,81,81,81,81,81,81,81,81,81,81,81,81,81,81,81,81,81,81,81,81,81,81,88,88,88],"relic_stats":{"Lee\u0027s Waffle":7,"counters":[32,71],"Bag of Preparation":[2],"Whetstone":["Moonworks:LongDistanceShot"],"War Paint":["Moonworks:Defend","Moonworks:ForcedRevival"],"Orichalcum":[6],"Peace Pipe":5,"Lizard Tail":0,"Centennial Puzzle":[3],"Busted Crown":50,"Ornamental Fan":[112],"Pantograph":0,"Bronze Scales":[36],"Chemical X":[1],"obtain_stats":[{"Mango":29,"Bag of Preparation":53,"Whetstone":25,"Moonworks:SBBomb":34,"Lizard Tail":44,"Centennial Puzzle":54,"Pantograph":23,"Strawberry":31,"Chemical X":46,"InkBottle":28,"Lee\u0027s Waffle":53,"Moonworks:LittleGull":42,"War Paint":6,"Frozen Egg 2":13,"Orichalcum":38,"Peace Pipe":3,"Anchor":53,"Busted Crown":17,"Ornamental Fan":47,"Moonworks:Homemark":0,"Bronze Scales":40,"Orrery":53,"Molten Egg 2":9,"Bag of Marbles":26,"Membership Card":14,"Bottled Lightning":29,"TungstenRod":41,"Moonworks:BrokenBomb":0},{"Mango":17,"Bag of Preparation":30,"Whetstone":13,"Moonworks:SBBomb":19,"Lizard Tail":26,"Centennial Puzzle":31,"Pantograph":12,"Strawberry":18,"Chemical X":27,"InkBottle":15,"Lee\u0027s Waffle":30,"Moonworks:LittleGull":25,"War Paint":4,"Frozen Egg 2":8,"Orichalcum":21,"Peace Pipe":1,"Anchor":30,"Busted Crown":9,"Ornamental Fan":28,"Moonworks:Homemark":0,"Bronze Scales":23,"Orrery":30,"Molten Egg 2":5,"Bag of Marbles":13,"Membership Card":8,"Bottled Lightning":17,"TungstenRod":24,"Moonworks:BrokenBomb":0},{"Mango":54,"Bag of Preparation":67,"Whetstone":50,"Moonworks:SBBomb":56,"Lizard Tail":63,"Centennial Puzzle":68,"Pantograph":49,"Strawberry":55,"Chemical X":64,"InkBottle":52,"Lee\u0027s Waffle":67,"Moonworks:LittleGull":62,"War Paint":20,"Frozen Egg 2":37,"Orichalcum":58,"Peace Pipe":5,"Anchor":67,"Busted Crown":42,"Ornamental Fan":65,"Moonworks:Homemark":0,"Bronze Scales":60,"Orrery":67,"Molten Egg 2":24,"Bag of Marbles":50,"Membership Card":37,"Bottled Lightning":54,"TungstenRod":61,"Moonworks:BrokenBomb":0}],"InkBottle":[22],"TungstenRod":11},"card_choices":[{"not_picked":["Moonworks:ImOnFire","Moonworks:DeployBits"],"picked":"Moonworks:JonathanRush","floor":1},{"not_picked":["Moonworks:ImmovableObject","Moonworks:TreasureThief","Moonworks:CloudOfSeagulls"],"picked":"SKIP","floor":4},{"not_picked":["Moonworks:FinalSurgery","Moonworks:CloudOfSeagulls","Moonworks:BigMagnum"],"picked":"SKIP","floor":5},{"not_picked":["Moonworks:RocketCannon","Moonworks:CookingTime"],"picked":"Moonworks:ForcedRevival","floor":6},{"not_picked":["Moonworks:Dash","Moonworks:Heat300Percent","Moonworks:ImOnFire"],"picked":"SKIP","floor":8},{"not_picked":["Moonworks:IndiscriminateFireSupport+1","Moonworks:LulusLuckyEgg"],"picked":"Moonworks:JonathanRush+1","floor":10},{"not_picked":["Moonworks:IntelligenceOfficer","Moonworks:EvilSpyWorkPreparation","Moonworks:CompletionReward+1"],"picked":"SKIP","floor":11},{"not_picked":["Moonworks:ScrambledEve","Moonworks:RocketCannon+1"],"picked":"Moonworks:StiffCrystal","floor":13},{"not_picked":["Moonworks:SinkOrSwim+1","Moonworks:MetallicMonocoque+1"],"picked":"Moonworks:OutOfAmmo+1","floor":16},{"not_picked":["Moonworks:BigBangBell"],"picked":"SKIP","floor":18},{"not_picked":["Moonworks:EvilSpyWorkPreparation"],"picked":"SKIP","floor":22},{"not_picked":["Moonworks:Heat300Percent"],"picked":"SKIP","floor":23},{"not_picked":["Moonworks:NicePresent"],"picked":"SKIP","floor":25},{"not_picked":["Moonworks:MixPhenomenon"],"picked":"SKIP","floor":27},{"not_picked":["Moonworks:LulusLuckyEgg+1"],"picked":"SKIP","floor":28},{"not_picked":["Moonworks:MiracleWalker+1"],"picked":"SKIP","floor":31},{"not_picked":["Moonworks:NicePresent+1"],"picked":"SKIP","floor":35},{"not_picked":["Moonworks:BigMagnum+1"],"picked":"SKIP","floor":36},{"not_picked":["Moonworks:AwakeningOfTalent+1"],"picked":"SKIP","floor":39},{"not_picked":["Moonworks:LulusLuckyEgg+1"],"picked":"SKIP","floor":40},{"not_picked":["Moonworks:SakisCookie"],"picked":"SKIP","floor":42},{"not_picked":["Moonworks:LuckyCharm"],"picked":"SKIP","floor":44},{"not_picked":["Moonworks:MiracleWalker+1"],"picked":"SKIP","floor":45},{"not_picked":["Moonworks:ImmovableObject+1"],"picked":"SKIP","floor":47},{"not_picked":["Moonworks:LulusLuckyEgg+1"],"picked":"SKIP","floor":48},{"not_picked":[],"picked":"Moonworks:WindyEnchantment","floor":53},{"not_picked":[],"picked":"Moonworks:RagingMadness+1","floor":53},{"not_picked":["Moonworks:EvilSpyWorkPreparation+1"],"picked":"SKIP","floor":54}],"player_experience":459199,"relics_obtained":[{"floor":6,"key":"War Paint"},{"floor":9,"key":"Molten Egg 2"},{"floor":13,"key":"Frozen Egg 2"},{"floor":23,"key":"Pantograph"},{"floor":25,"key":"Whetstone"},{"floor":26,"key":"Bag of Marbles"},{"floor":28,"key":"InkBottle"},{"floor":29,"key":"Mango"},{"floor":29,"key":"Bottled Lightning"},{"floor":31,"key":"Strawberry"},{"floor":40,"key":"Bronze Scales"},{"floor":41,"key":"TungstenRod"},{"floor":42,"key":"Moonworks:LittleGull"},{"floor":44,"key":"Lizard Tail"},{"floor":47,"key":"Ornamental Fan"},{"floor":54,"key":"Centennial Puzzle"}],"event_choices":[{"cards_removed":["Moonworks:Strike"],"damage_healed":0,"gold_gain":0,"player_choice":"Forget","damage_taken":0,"max_hp_gain":0,"max_hp_loss":0,"event_name":"Living Wall","floor":2,"gold_loss":0},{"damage_healed":0,"gold_gain":0,"player_choice":"Relic ","damage_taken":18,"max_hp_gain":0,"max_hp_loss":0,"event_name":"betterThird:BetterScrap","floor":3,"gold_loss":0,"cards_obtained":["Inflame"]},{"damage_healed":0,"gold_gain":0,"cards_transformed":["Moonworks:Defend","Moonworks:Defend"],"player_choice":"Became Test Subject","damage_taken":0,"max_hp_gain":0,"max_hp_loss":0,"event_name":"Drug Dealer","floor":19,"gold_loss":0,"cards_obtained":["Moonworks:FinalSurgery","Moonworks:ReproductionOfRecords"]},{"cards_removed":["Moonworks:FinalSurgery"],"damage_healed":0,"gold_gain":0,"player_choice":"Gave Gold","damage_taken":0,"max_hp_gain":0,"max_hp_loss":0,"event_name":"Beggar","floor":20,"gold_loss":75},{"cards_removed":["Moonworks:Defend"],"damage_healed":0,"gold_gain":0,"player_choice":"Elegance","damage_taken":0,"max_hp_gain":0,"max_hp_loss":0,"event_name":"betterThird:BetterWriting","floor":21,"gold_loss":0},{"damage_healed":0,"gold_gain":0,"player_choice":"Fight","damage_taken":0,"max_hp_gain":0,"max_hp_loss":0,"event_name":"Colosseum","floor":29,"gold_loss":0},{"damage_healed":0,"gold_gain":0,"player_choice":"Fought Nobs","damage_taken":0,"max_hp_gain":0,"max_hp_loss":0,"event_name":"Colosseum","floor":29,"gold_loss":0},{"damage_healed":0,"gold_gain":0,"player_choice":"Ignored","damage_taken":0,"max_hp_gain":0,"max_hp_loss":0,"event_name":"Transmorgrifier","floor":37,"gold_loss":0},{"damage_healed":0,"gold_gain":0,"player_choice":"Fight","damage_taken":0,"max_hp_gain":0,"max_hp_loss":0,"event_name":"MindBloom","floor":41,"gold_loss":0}],"is_beta":false,"boss_relics":[{"not_picked":["Pandora\u0027s Box","Black Star"],"picked":"Busted Crown"},{"not_picked":["Astrolabe","Coffee Dripper"],"picked":"Moonworks:SBBomb"}],"items_purged_floors":[14,24],"is_endless":false,"potions_floor_spawned":[4,5,6,10,16,23,27,28,31,36,41,42,47,48],"ascension_level":2}}