{"host":"acw864156wjp8gcv","time":1610129169,"event":{"mods":["2.2 Compatiblity","AchievementEnabler","Aspiration","BaseMod","Beaked The Cultist","Better Altar","Better Match","Better Note","Better Sensory Stone","Better Silent Start","Better Skull","Better Third Choice","Better Vampires","BetterRewards","Challenge The Spire","Colored Map","Colored Powertips","Conspire","Curses Come First","Downfall","Energized Spire","GifTheSpireLib","Halation","Hubris","Infinite Spire","Ironclad Rager","Jedi Mod","Mimic Mod","Minty Spire (QoL Compilation)","Permanent Neow","Relic Sorter","Replay The Spire","Shop Mod","Spicy Shops","Spikes Relics","StSLib","Stuff the Spire","The Blue Laboratory","The Construct","The Jungle","Wandering Minibosses","everything is the same but u backflip on backflip","vexMod"],"gold_per_floor":[119,94,94,94,652,677,677,697,724,786,820,840,875,889,889,990,990,1005,1024,1024,1043,1043,1043,1073,1073,1073,1085,1482,1505,1517,1547,1559,1673,1685,1715,1741,1201,1220,1239,1239,1333,1358,1381,1381,1381,1381,1381,1400,1400,1400],"floor_reached":51,"playtime":1964,"items_purged":["Defend_R+2","Strike_R+2","Pride"],"score":1154,"play_id":"0999a086-3b77-4a64-8766-5fe625f53a03","local_time":"20210108120609","is_ascension_mode":true,"campfire_choices":[{"data":"Pot Of Greed","floor":7,"key":"SMITH"},{"data":"Pot Of Greed","floor":7,"key":"SMITH"},{"data":"ReplayTheSpireMod:Private Reserves","floor":15,"key":"SMITH"},{"data":"Flex","floor":15,"key":"SMITH"},{"data":"vexMod:StairwayStrike","floor":23,"key":"SMITH"},{"data":"Twin Strike","floor":23,"key":"SMITH"},{"data":"Pommel Strike","floor":25,"key":"SMITH"},{"data":"Strike_R+2","floor":25,"key":"SMITH"},{"data":"Strike_R+3","floor":27,"key":"SMITH"},{"data":"Strike_R+2","floor":27,"key":"SMITH"},{"data":"Strike_R+2","floor":32,"key":"SMITH"},{"data":"Strike_R+2","floor":32,"key":"SMITH"},{"data":"Dramatic Entrance","floor":40,"key":"SMITH"},{"data":"Strike_R+3","floor":40,"key":"SMITH"},{"data":"Strike_R+4","floor":45,"key":"SMITH"},{"data":"Strike_R+4","floor":45,"key":"SMITH"},{"data":"Strike_R+5","floor":47,"key":"SMITH"},{"data":"Strike_R+6","floor":47,"key":"SMITH"},{"data":"Defend_R+3","floor":49,"key":"SMITH"},{"data":"Strike_R+7","floor":49,"key":"SMITH"}],"circlet_count":0,"master_deck":["Strike_R+8","Strike_R+5","Strike_R+5","Strike_R+5","Defend_R+4","Defend_R+4","Defend_R+4","Bash+2","Flex+1","Pot Of Greed+1","Pot Of Greed+1","vexMod:StairwayStrike+1","ReplayTheSpireMod:Private Reserves+1","Pommel Strike+1","Twin Strike+1","Pommel Strike+1","Twin Strike+1","Dramatic Entrance+1","Dramatic Entrance+1"],"relics":["Burning Blood","halation:PinkSoulGem","SpikesRelics:DaevaFist","Simple Rune","Membership Card","Grinning Jar","RollingBoulder","Replay:Arrowhead","jedi:crownofsimplicity","Vajra","Oddly Smooth Stone","ReplayTheSpireMod:DimensionalGlitch","StuffTheSpire:HeavyRock","hubris:MysteriousPyramids","MawBank","vexMod:BigBerry","hubris:TinFlute","jedi:fakemustache","ReplayTheSpireMod:ShopPack","aspiration:SeaSaltIceCream","Replay:Kaleidoscope","BlackRope","wanderingMiniBosses:LockLocket","Smiling Mask","Replay:Wax Seal","Mark of the Bloom"],"acts_visited":["Exordium","Exordium","TheBeyond"],"potions_floor_usage":[31],"damage_taken":[{"damage":0,"enemies":"Cultist","floor":1,"turns":2},{"damage":9,"enemies":"3 Sentries","floor":6,"turns":4},{"damage":0,"enemies":"2 Louse","floor":8,"turns":1},{"damage":0,"enemies":"Lagavulin","floor":11,"turns":3},{"damage":0,"enemies":"Small Slimes","floor":12,"turns":1},{"damage":9,"enemies":"3 Sentries","floor":13,"turns":3},{"damage":1,"enemies":"Exordium Wildlife","floor":14,"turns":2},{"damage":0,"enemies":"Fading Forest","floor":16,"turns":11},{"damage":0,"enemies":"theJungle:Flameango_and_Byrd","floor":18,"turns":3},{"damage":0,"enemies":"theJungle:5_Spyders","floor":19,"turns":3},{"damage":0,"enemies":"theJungle:Lyon","floor":21,"turns":2},{"damage":0,"enemies":"theJungle:Cassacara","floor":24,"turns":2},{"damage":0,"enemies":"theJungle:2_Snecko_Cultists","floor":28,"turns":5},{"damage":0,"enemies":"theJungle:2_Flameangoes","floor":29,"turns":2},{"damage":0,"enemies":"Snake Plant","floor":31,"turns":1},{"damage":0,"enemies":"theJungle:QueenSpyder","floor":33,"turns":1},{"damage":11,"enemies":"Orb Walker","floor":35,"turns":2},{"damage":0,"enemies":"3 Shapes","floor":36,"turns":2},{"damage":0,"enemies":"Jaw Worm Horde","floor":38,"turns":1},{"damage":30,"enemies":"4 Shapes","floor":39,"turns":3},{"damage":0,"enemies":"Maw","floor":41,"turns":5},{"damage":0,"enemies":"Nemesis","floor":42,"turns":3},{"damage":0,"enemies":"Jaw Worm Horde","floor":48,"turns":1},{"damage":24,"enemies":"hubris:GrandSnecko","floor":50,"turns":5}],"seed_played":"3497008520685296376","potions_obtained":[{"floor":11,"key":"Regen Potion"},{"floor":13,"key":"Adrenaline Potion"},{"floor":16,"key":"LifebloodPotion"},{"floor":30,"key":"construct:ShiftPotion"}],"is_trial":false,"path_per_floor":["M","$","?","?","$","E","R","M","T","?","E","M","E","M","R","B",null,"M","M","?","M","?","R","E","R","T","R","M","M","?","M","R","B",null,"M","M","$","M","M","R","M","E","T","?","R","?","R","M","R","B",null],"character_chosen":"IRONCLAD","items_purchased":["SpikesRelics:DaevaFist","Simple Rune","Clash","Flex","Membership Card","Grinning Jar","vexMod:StairwayStrike","RollingBoulder","ReplayTheSpireMod:Private Reserves","hubris:TinFlute","jedi:fakemustache","ReplayTheSpireMod:ShopPack","aspiration:SeaSaltIceCream","ReplayReversal","Dramatic Entrance","BlackRope"],"campfire_rested":0,"item_purchase_floors":[0,0,0,2,5,5,5,5,5,37,37,37,37,37,37,37],"current_hp_per_floor":[50,50,50,50,50,47,47,53,53,53,59,65,62,67,67,80,80,80,80,80,80,80,80,80,80,80,80,80,80,80,80,80,80,110,102,105,110,110,83,83,86,89,89,89,89,89,89,89,89,65],"gold":1400,"neow_bonus":"","is_daily":false,"chose_seed":false,"campfire_upgraded":20,"win_rate":0.0,"timestamp":1610129169,"path_taken":["M","$","?","?","$","E","R","M","T","?","E","?","E","M","R","BOSS","M","M","?","M","?","R","E","R","T","R","M","M","?","M","R","BOSS","M","M","$","M","M","R","M","E","T","?","R","?","R","M","R","BOSS"],"items_purchased_type":["Relic","Relic","Card","Card","Relic","Relic","Card","Relic","Card","Relic","Relic","Relic","Relic","Card","Card","Relic"],"build_version":"2020-12-22","purchased_purges":3,"victory":true,"max_hp_per_floor":[80,80,80,80,80,80,80,80,80,80,80,80,80,80,80,80,80,80,80,80,80,80,80,80,80,80,80,80,80,80,80,80,80,110,110,110,110,110,110,110,110,110,110,110,110,110,110,110,110,110],"card_choices":[{"not_picked":["Sword Boomerang","StuffTheSpire:Incineration","Wild Strike"],"picked":"SKIP","floor":1},{"not_picked":["conspire:HitWhereItHurts","Twin Strike","Hemokinesis"],"picked":"SKIP","floor":6},{"not_picked":["Thunderclap","Perfected Strike","Cleave"],"picked":"SKIP","floor":8},{"not_picked":["Sever Soul","Iron Wave","Clash"],"picked":"SKIP","floor":11},{"not_picked":["Thunderclap","Blood for Blood"],"picked":"Pommel Strike","floor":12},{"not_picked":["Clash","Heavy Blade","Wild Strike"],"picked":"SKIP","floor":13},{"not_picked":["jedi:controlledanger","Thunderclap","Clothesline"],"picked":"SKIP","floor":14},{"not_picked":["ReplayTheSpireMod:Muscle Training","Headbutt"],"picked":"Twin Strike","floor":18},{"not_picked":["Heavy Blade","Flame Barrier+1","hubris:ReadiedAction"],"picked":"SKIP","floor":19},{"not_picked":["Heavy Blade","Flame Barrier+1","hubris:ReadiedAction"],"picked":"SKIP","floor":19},{"not_picked":["Clash","Second Wind+1"],"picked":"Pommel Strike+1","floor":21},{"not_picked":["True Grit+1","hubris:StunningStrike","Sever Soul"],"picked":"SKIP","floor":24},{"not_picked":["infinitespire:OneForAll","Metallicize","Heavy Blade"],"picked":"SKIP","floor":28},{"not_picked":["Replay:Undeath\u0027s Touch","StuffTheSpire:Incineration"],"picked":"Twin Strike+1","floor":29},{"not_picked":["Pommel Strike","ReplayTheSpireMod:Strike From Hell+1","StuffTheSpire:Slingshot"],"picked":"SKIP","floor":31},{"not_picked":["Warcry+1","Burning Pact+1","Twin Strike"],"picked":"SKIP","floor":35},{"not_picked":["Headbutt","jedi:fear","Heavy Blade"],"picked":"SKIP","floor":36},{"not_picked":["Flex","Run Through+1","Sword Boomerang"],"picked":"SKIP","floor":38},{"not_picked":["Flex","Run Through+1","Sword Boomerang"],"picked":"SKIP","floor":38},{"not_picked":["Shrug It Off+1","Thunderclap","Fiend Fire"],"picked":"SKIP","floor":39},{"not_picked":["Cleave","Run Through+1","StuffTheSpire:Incineration+1"],"picked":"SKIP","floor":41},{"not_picked":["jedi:fear","Havoc","Heavy Blade+1"],"picked":"SKIP","floor":42},{"not_picked":["Run Through+1","Sentinel+1","StuffTheSpire:Slingshot+1"],"picked":"SKIP","floor":48}],"player_experience":135511,"relics_obtained":[{"floor":6,"key":"jedi:crownofsimplicity"},{"floor":11,"key":"Vajra"},{"floor":13,"key":"Oddly Smooth Stone"},{"floor":24,"key":"hubris:MysteriousPyramids"},{"floor":26,"key":"MawBank"},{"floor":41,"key":"wanderingMiniBosses:LockLocket"},{"floor":42,"key":"Smiling Mask"},{"floor":43,"key":"Replay:Wax Seal"}],"event_choices":[{"damage_healed":0,"gold_gain":62,"player_choice":"Gained Gold","damage_taken":0,"max_hp_gain":0,"max_hp_loss":0,"event_name":"Golden Wing","floor":10,"gold_loss":0},{"damage_healed":0,"gold_gain":0,"player_choice":"Gold","damage_taken":0,"max_hp_gain":0,"max_hp_loss":0,"event_name":"Wheel of Change","floor":20,"gold_loss":0},{"damage_healed":0,"gold_gain":0,"player_choice":"Gave Potion","damage_taken":0,"relics_obtained":["StuffTheSpire:HeavyRock"],"max_hp_gain":0,"max_hp_loss":0,"event_name":"WeMeetAgain","floor":22,"gold_loss":0},{"damage_healed":0,"gold_gain":0,"player_choice":"Got Potions","damage_taken":0,"max_hp_gain":0,"max_hp_loss":0,"event_name":"Lab","floor":30,"gold_loss":0},{"damage_healed":0,"gold_gain":0,"player_choice":"Upgrade","damage_taken":0,"relics_obtained":["Mark of the Bloom"],"max_hp_gain":0,"max_hp_loss":0,"event_name":"MindBloom","floor":44,"gold_loss":0,"cards_upgraded":["Strike_R","Strike_R","Strike_R","Strike_R","Defend_R","Defend_R","Defend_R"]},{"damage_healed":0,"gold_gain":0,"player_choice":"Copied","damage_taken":0,"max_hp_gain":0,"max_hp_loss":0,"event_name":"Duplicator","floor":46,"gold_loss":0,"cards_obtained":["Dramatic Entrance"]}],"is_beta":false,"boss_relics":[{"not_picked":["Velvet Choker","Mark of Pain"],"picked":"ReplayTheSpireMod:DimensionalGlitch"},{"not_picked":["HailfireSword","aspiration:RunicSpoon"],"picked":"vexMod:BigBerry"}],"items_purged_floors":[0,0,5],"is_endless":false,"potions_floor_spawned":[1,11,13,16,21,24,28,33,38,39],"ascension_level":2}}