{"host":"lg1piimdyocafd6j","time":1610133035,"event":{"mods":["AchievementEnabler","BaseMod","Better Third Choice","BetterRewards","Colored Map","Colored Powertips","Downfall","Minty Spire (QoL Compilation)","Quick Restart","Rare Cards Sparkle","Remove Card Discount Mod","Shop Mod","StSLib","SuperFastMode"],"gold_per_floor":[118,130,130,142,103,134,134,164,243,243,243,263,263,282,282,385,385,399,419,265,265,285,223,256,256,309,343,358,358,369,369,369],"floor_reached":31,"playtime":2099,"items_purged":["Neutralize","Strike_G","Strike_G","Defend_G","Defend_G","Strike_G","Defend_G","Defend_G","Strike_G","Strike_G","Defend_G"],"score":435,"play_id":"d6087c16-54de-488a-8de3-84dc9157638f","local_time":"20210108201035","is_ascension_mode":false,"campfire_choices":[{"floor":7,"key":"DIG"},{"floor":10,"key":"REST"},{"floor":15,"key":"RECALL"},{"floor":25,"key":"REST"}],"circlet_count":0,"master_deck":["Survivor","Cloak And Dagger+1","Footwork","Grand Finale","Cloak And Dagger","Backflip","Accuracy","Blade Dance","Infinite Blades","Slice","Footwork","Accuracy","Backflip","Backflip","Blade Dance","Backflip","Deflect","Footwork","Quick Slash","Cloak And Dagger","Blade Dance","Blade Dance"],"relics":["Ring of the Snake","Membership Card","Lantern","Shovel","Juzu Bracelet","Bag of Marbles","SacredBark","MerchantsRug","InkBottle","Ancient Tea Set","Question Card"],"acts_visited":["Exordium","TheCity"],"potions_floor_usage":[27,31,31],"damage_taken":[{"damage":0,"enemies":"2 Louse","floor":1,"turns":3},{"damage":0,"enemies":"Small Slimes","floor":2,"turns":3},{"damage":0,"enemies":"Cultist","floor":4,"turns":4},{"damage":6,"enemies":"Lagavulin","floor":6,"turns":4},{"damage":23,"enemies":"Gremlin Nob","floor":8,"turns":4},{"damage":1,"enemies":"Looter","floor":12,"turns":3},{"damage":0,"enemies":"Large Slime","floor":14,"turns":4},{"damage":26,"enemies":"Hexaghost","floor":16,"turns":6},{"damage":23,"enemies":"2 Thieves","floor":18,"turns":4},{"damage":0,"enemies":"Chosen","floor":19,"turns":3},{"damage":7,"enemies":"Sentry and Sphere","floor":22,"turns":4},{"damage":22,"enemies":"Gremlin Leader","floor":24,"turns":7},{"damage":5,"enemies":"Slavers","floor":27,"turns":6},{"damage":9,"enemies":"Snake Plant","floor":28,"turns":5},{"damage":11,"enemies":"Centurion and Healer","floor":30,"turns":4},{"damage":21,"enemies":"Cultist and Chosen","floor":31,"turns":6}],"seed_played":"-2711249289819790202","potions_obtained":[{"floor":1,"key":"Energy Potion"},{"floor":4,"key":"Swift Potion"},{"floor":12,"key":"GamblersBrew"},{"floor":19,"key":"Fire Potion"},{"floor":28,"key":"champ:CounterPotion"}],"is_trial":false,"path_per_floor":["M","M","?","M","$","E","R","E","T","R","?","M","?","M","R","B",null,"M","M","$","?","M","$","E","R","T","E","M","?","M","M"],"character_chosen":"THE_SILENT","items_purchased":["Cloak And Dagger","Footwork","Grand Finale","Cloak And Dagger","Membership Card","Backflip","Accuracy","Blade Dance","Lantern","Infinite Blades","Orrery","Footwork","Quick Slash","Cloak And Dagger","MerchantsRug"],"campfire_rested":2,"item_purchase_floors":[0,0,0,0,0,0,0,0,0,5,20,20,20,20,23],"current_hp_per_floor":[70,70,70,70,70,64,64,41,41,62,62,61,61,61,61,35,70,47,47,47,47,40,40,18,39,39,34,25,25,14,0,0],"gold":369,"neow_bonus":"","is_daily":false,"chose_seed":false,"campfire_upgraded":0,"win_rate":0.0,"timestamp":1610133035,"path_taken":["M","M","?","M","$","E","R","E","T","R","?","M","?","M","R","BOSS","M","M","$","?","M","$","E","R","T","E","M","?","M","M"],"items_purchased_type":["Card","Card","Card","Card","Relic","Card","Card","Card","Relic","Card","Relic","Card","Card","Card","Relic"],"build_version":"2020-12-22","purchased_purges":11,"victory":false,"max_hp_per_floor":[70,70,70,70,70,70,70,70,70,70,70,70,70,70,70,70,70,70,70,70,70,70,70,70,70,70,70,70,70,70,70,70],"card_choices":[{"not_picked":["Slice","Dodge and Roll","Concentrate"],"picked":"SKIP","floor":1},{"not_picked":["Reflex","Acrobatics","Catalyst"],"picked":"SKIP","floor":2},{"not_picked":["Dodge and Roll","Skewer","Noxious Fumes"],"picked":"SKIP","floor":4},{"not_picked":["Riddle With Holes","Tactician"],"picked":"Slice","floor":6},{"not_picked":["Slice","Riddle With Holes"],"picked":"Footwork","floor":8},{"not_picked":["Tools of the Trade","Underhanded Strike","Distraction"],"picked":"SKIP","floor":12},{"not_picked":["Blur","Choke"],"picked":"Accuracy","floor":14},{"not_picked":["Reflex+1","Slice","Flying Knee"],"picked":"SKIP","floor":18},{"not_picked":["Deadly Poison+1","Dagger Throw"],"picked":"Backflip","floor":19},{"not_picked":["Reflex+1","Choke"],"picked":"Backflip","floor":20},{"not_picked":["Tactician+1","Flying Knee"],"picked":"Blade Dance","floor":20},{"not_picked":["Burst","Slice"],"picked":"Backflip","floor":20},{"not_picked":["Noxious Fumes","Predator"],"picked":"Prepared","floor":20},{"not_picked":["Bane","Setup"],"picked":"Deflect","floor":20},{"not_picked":["Calculated Gamble","Deadly Poison","Dodge and Roll+1"],"picked":"SKIP","floor":22},{"not_picked":["Dagger Spray","Underhanded Strike","Noxious Fumes"],"picked":"SKIP","floor":24},{"not_picked":["Flechettes","Bullet Time"],"picked":"Blade Dance","floor":27},{"not_picked":["Flying Knee","Quick Slash","Skewer","Predator"],"picked":"SKIP","floor":28},{"not_picked":["Flying Knee+1","Outmaneuver","Dodge and Roll"],"picked":"Blade Dance","floor":30}],"player_experience":113736,"relics_obtained":[{"floor":6,"key":"Shovel"},{"floor":7,"key":"Juzu Bracelet"},{"floor":8,"key":"Bag of Marbles"},{"floor":24,"key":"InkBottle"},{"floor":26,"key":"Ancient Tea Set"},{"floor":27,"key":"Question Card"}],"event_choices":[{"damage_healed":0,"gold_gain":0,"player_choice":"Grow","damage_taken":0,"max_hp_gain":0,"max_hp_loss":0,"event_name":"Living Wall","floor":3,"gold_loss":0,"cards_upgraded":["Cloak And Dagger"]},{"damage_healed":0,"gold_gain":0,"player_choice":"Ignored","damage_taken":0,"max_hp_gain":0,"max_hp_loss":0,"event_name":"NoteForYourself","floor":11,"gold_loss":0},{"damage_healed":0,"gold_gain":0,"player_choice":"Ignored","damage_taken":0,"max_hp_gain":0,"max_hp_loss":0,"event_name":"Golden Idol","floor":13,"gold_loss":0},{"cards_removed":["Prepared"],"damage_healed":0,"gold_gain":0,"player_choice":"Elegance","damage_taken":0,"max_hp_gain":0,"max_hp_loss":0,"event_name":"betterThird:BetterWriting","floor":21,"gold_loss":0},{"damage_healed":0,"gold_gain":0,"player_choice":"Ignored","damage_taken":0,"max_hp_gain":0,"max_hp_loss":0,"event_name":"Ghosts","floor":29,"gold_loss":0}],"is_beta":false,"boss_relics":[{"not_picked":["Ring of the Serpent","Ectoplasm"],"picked":"SacredBark"}],"items_purged_floors":[0,0,0,0,0,0,20,20,20,20,20],"is_endless":false,"potions_floor_spawned":[1,4,12,16,19,24,28],"killed_by":"Cultist and Chosen","ascension_level":0}}