{"host":"mydft8i2zzydgggw","time":1610138282,"event":{"mods":["AchievementEnabler","BaseMod","Colored Map","Colored Powertips","DeckTracker","Keyboard Shortcuts","Minty Spire (QoL Compilation)","Rare Cards Sparkle","StSLib","SuperFastMode","The Poker Player","everything is the same but u backflip on backflip"],"gold_per_floor":[109,126,139,155,175,175,203,203,203,236,236,236,275,290,290,414,414,433,532,146,162,162,162,162,205,205,225,569,594,1,21,21,144,144,169,237,252,266,266,306,306,347,347,347,46,65,65,85,85,85],"floor_reached":51,"playtime":1641,"items_purged":["Strike_R","Strike_R"],"score":945,"play_id":"b617f90f-7189-490a-91db-0ffb396cd56a","local_time":"20210109053802","is_ascension_mode":true,"campfire_choices":[{"data":"Armaments","floor":6,"key":"SMITH"},{"data":"Exhume","floor":8,"key":"SMITH"},{"data":"Metallicize","floor":11,"key":"SMITH"},{"data":"Bash","floor":15,"key":"SMITH"},{"data":"Offering","floor":23,"key":"SMITH"},{"data":"Fiend Fire","floor":32,"key":"SMITH"},{"data":"Reaper","floor":41,"key":"SMITH"},{"data":"Pommel Strike","floor":44,"key":"SMITH"},{"data":"Power Through","floor":49,"key":"SMITH"}],"circlet_count":0,"master_deck":["Strike_R","Strike_R","Strike_R","Defend_R","Defend_R","Defend_R","Defend_R","Bash+1","Flame Barrier","Evolve","Armaments+1","Pommel Strike+1","Bloodletting","Metallicize+1","Exhume+1","Power Through+1","Fiend Fire+1","Pummel+1","Offering+1","Infernal Blade+1","Intimidate+1","Shrug It Off+1","Armaments+1","Reaper+1","Infernal Blade+1","Warcry+1","Shockwave+1","Rage+1","Ghostly Armor+1","Seeing Red+1","Infernal Blade+1","Shrug It Off+1"],"relics":["Burning Blood","Prayer Wheel","Thread and Needle","Incense Burner","Bird Faced Urn","Golden Idol","Charon\u0027s Ashes","Philosopher\u0027s Stone","Champion Belt","Mercury Hourglass","Toxic Egg 2","Darkstone Periapt","Old Coin","Bottled Lightning","Meat on the Bone","Cursed Key","TungstenRod","Blood Vial","Vajra","Lantern","Sundial","Spirit Poop"],"acts_visited":["Exordium","TheCity","TheBeyond"],"potions_floor_usage":[3,7,10,18,28,28,31,33,40,40,40,40,42,50,50,50],"damage_taken":[{"damage":11,"enemies":"Jaw Worm","floor":1,"turns":4},{"damage":1,"enemies":"2 Louse","floor":2,"turns":4},{"damage":11,"enemies":"Small Slimes","floor":3,"turns":4},{"damage":13,"enemies":"Exordium Thugs","floor":4,"turns":6},{"damage":3,"enemies":"Large Slime","floor":5,"turns":7},{"damage":7,"enemies":"Gremlin Nob","floor":7,"turns":4},{"damage":14,"enemies":"Lagavulin","floor":10,"turns":9},{"damage":9,"enemies":"3 Sentries","floor":13,"turns":9},{"damage":4,"enemies":"Exordium Wildlife","floor":14,"turns":7},{"damage":15,"enemies":"Hexaghost","floor":16,"turns":13},{"damage":25,"enemies":"3 Byrds","floor":18,"turns":4},{"damage":15,"enemies":"2 Thieves","floor":21,"turns":3},{"damage":18,"enemies":"Book of Stabbing","floor":25,"turns":4},{"damage":6,"enemies":"Chosen and Byrds","floor":27,"turns":3},{"damage":29,"enemies":"Gremlin Leader","floor":28,"turns":4},{"damage":6,"enemies":"Shelled Parasite and Fungi","floor":29,"turns":1},{"damage":12,"enemies":"Centurion and Healer","floor":31,"turns":2},{"damage":27,"enemies":"Automaton","floor":33,"turns":10},{"damage":6,"enemies":"Orb Walker","floor":35,"turns":3},{"damage":6,"enemies":"2 Orb Walkers","floor":36,"turns":3},{"damage":10,"enemies":"3 Shapes","floor":37,"turns":1},{"damage":5,"enemies":"3 Darklings","floor":38,"turns":2},{"damage":5,"enemies":"Reptomancer","floor":40,"turns":4},{"damage":10,"enemies":"Nemesis","floor":42,"turns":3},{"damage":10,"enemies":"Jaw Worm Horde","floor":46,"turns":1},{"damage":10,"enemies":"Spire Growth","floor":48,"turns":3},{"damage":23,"enemies":"Time Eater","floor":50,"turns":8}],"seed_played":"-8665112623426421991","potions_obtained":[{"floor":1,"key":"PowerPotion"},{"floor":3,"key":"Fruit Juice"},{"floor":5,"key":"Weak Potion"},{"floor":13,"key":"Strength Potion"},{"floor":14,"key":"Explosive Potion"},{"floor":21,"key":"SpeedPotion"},{"floor":25,"key":"BlessingOfTheForge"},{"floor":28,"key":"DistilledChaos"},{"floor":31,"key":"SneckoOil"},{"floor":39,"key":"EntropicBrew"},{"floor":39,"key":"GamblersBrew"},{"floor":39,"key":"DistilledChaos"},{"floor":46,"key":"Fire Potion"},{"floor":48,"key":"ColorlessPotion"}],"is_trial":false,"path_per_floor":["M","M","M","M","M","R","E","R","T","E","R","?","E","M","R","B",null,"M","?","$","M","?","R","?","E","T","M","E","M","$","M","R","B",null,"M","?","M","M","?","E","R","E","T","R","$","M","?","M","R","B",null],"character_chosen":"IRONCLAD","items_purchased":["Champion Belt","Bottled Lightning","Meat on the Bone","Sundial","BloodPotion"],"campfire_rested":0,"item_purchase_floors":[20,30,30,45,45],"current_hp_per_floor":[67,72,72,65,68,68,67,67,67,59,59,59,60,66,66,61,71,54,54,54,49,49,49,49,41,41,43,24,24,24,34,34,29,71,71,71,69,71,71,71,71,69,75,75,75,77,77,77,77,77],"gold":85,"neow_bonus":"ONE_RARE_RELIC","is_daily":false,"chose_seed":false,"campfire_upgraded":9,"win_rate":0.0,"timestamp":1610138282,"path_taken":["M","M","M","M","M","R","E","R","T","E","R","?","E","M","R","BOSS","M","?","$","M","?","R","?","E","T","?","E","M","$","M","R","BOSS","M","?","M","M","?","E","R","E","T","R","$","?","?","M","R","BOSS"],"items_purchased_type":["Relic","Relic","Relic","Relic","Potion"],"build_version":"2020-12-22","purchased_purges":2,"victory":true,"max_hp_per_floor":[72,72,77,77,77,77,77,77,77,77,77,71,71,71,71,71,71,71,71,71,71,71,71,71,71,71,71,71,71,71,71,71,71,71,71,71,71,71,71,71,71,71,77,77,77,77,77,77,77,77],"card_choices":[{"not_picked":["Dropkick","Body Slam"],"picked":"Flame Barrier","floor":1},{"not_picked":["Thunderclap","Shockwave","Burning Pact"],"picked":"SKIP","floor":1},{"not_picked":["Battle Trance","Infernal Blade"],"picked":"Evolve","floor":2},{"not_picked":["Warcry","Wild Strike"],"picked":"Armaments","floor":2},{"not_picked":["Cleave","Spot Weakness"],"picked":"Pommel Strike","floor":3},{"not_picked":["Searing Blow","Anger","Pommel Strike"],"picked":"SKIP","floor":3},{"not_picked":["Heavy Blade","Twin Strike"],"picked":"Bloodletting","floor":4},{"not_picked":["Pommel Strike","Cleave"],"picked":"Metallicize","floor":4},{"not_picked":["Flex","Shrug It Off"],"picked":"Exhume","floor":5},{"not_picked":["Twin Strike","Armaments","Shrug It Off"],"picked":"SKIP","floor":5},{"not_picked":["True Grit","Carnage","Rampage"],"picked":"SKIP","floor":7},{"not_picked":["Wild Strike","Armaments"],"picked":"Power Through","floor":10},{"not_picked":["Fire Breathing","Shrug It Off","Blood for Blood"],"picked":"SKIP","floor":13},{"not_picked":["Sword Boomerang","Heavy Blade","Flex"],"picked":"SKIP","floor":14},{"not_picked":["Iron Wave","Uppercut","Twin Strike"],"picked":"SKIP","floor":14},{"not_picked":["Impervious","Juggernaut"],"picked":"Fiend Fire","floor":16},{"not_picked":["Sword Boomerang","Cleave"],"picked":"Pummel+1","floor":18},{"not_picked":["Clothesline","Wild Strike"],"picked":"Offering","floor":18},{"not_picked":["Wild Strike","True Grit"],"picked":"Infernal Blade+1","floor":21},{"not_picked":["Dropkick","Perfected Strike","Searing Blow+1"],"picked":"SKIP","floor":21},{"not_picked":["Twin Strike","Spot Weakness+1"],"picked":"Intimidate+1","floor":25},{"not_picked":["Wild Strike+1","Twin Strike"],"picked":"Shrug It Off+1","floor":27},{"not_picked":["Twin Strike","Warcry+1","Uppercut"],"picked":"SKIP","floor":27},{"not_picked":["Body Slam","Flex+1","Sever Soul+1"],"picked":"SKIP","floor":28},{"not_picked":["Hemokinesis+1","Iron Wave"],"picked":"Armaments+1","floor":29},{"not_picked":["Cleave","Bludgeon","Clash"],"picked":"SKIP","floor":29},{"not_picked":["Heavy Blade","Clash+1","Perfected Strike"],"picked":"SKIP","floor":31},{"not_picked":["Inflame","Warcry+1","Spot Weakness+1"],"picked":"SKIP","floor":31},{"not_picked":["Offering+1","Double Tap+1"],"picked":"Reaper","floor":33},{"not_picked":["Cleave+1","Flame Barrier+1"],"picked":"Infernal Blade+1","floor":35},{"not_picked":["Havoc+1","Anger+1","Armaments+1"],"picked":"SKIP","floor":35},{"not_picked":["Ghostly Armor+1","Clothesline"],"picked":"Warcry+1","floor":37},{"not_picked":["Intimidate+1","Uppercut+1","Sword Boomerang+1"],"picked":"SKIP","floor":37},{"not_picked":["Sword Boomerang+1","Wild Strike+1"],"picked":"Shockwave+1","floor":38},{"not_picked":["Thunderclap","Pommel Strike+1","Havoc+1"],"picked":"SKIP","floor":38},{"not_picked":["Headbutt","Brutality"],"picked":"Rage+1","floor":40},{"not_picked":["Pommel Strike","Sentinel+1"],"picked":"Ghostly Armor+1","floor":42},{"not_picked":["Battle Trance+1","Pommel Strike+1"],"picked":"Seeing Red+1","floor":46},{"not_picked":["Wild Strike+1","Seeing Red+1"],"picked":"Infernal Blade+1","floor":46},{"not_picked":["Pommel Strike","Whirlwind+1"],"picked":"Shrug It Off+1","floor":48},{"not_picked":["Havoc+1","Carnage","Headbutt"],"picked":"SKIP","floor":48}],"player_experience":149082,"relics_obtained":[{"floor":7,"key":"Thread and Needle"},{"floor":9,"key":"Incense Burner"},{"floor":10,"key":"Bird Faced Urn"},{"floor":13,"key":"Charon\u0027s Ashes"},{"floor":25,"key":"Toxic Egg 2"},{"floor":26,"key":"Darkstone Periapt"},{"floor":28,"key":"Old Coin"},{"floor":36,"key":"TungstenRod"},{"floor":40,"key":"Blood Vial"},{"floor":42,"key":"Vajra"},{"floor":43,"key":"Lantern"}],"event_choices":[{"damage_healed":0,"gold_gain":0,"player_choice":"Lose Max HP","damage_taken":0,"relics_obtained":["Golden Idol"],"max_hp_gain":0,"max_hp_loss":6,"event_name":"Golden Idol","floor":12,"gold_loss":0},{"damage_healed":0,"gold_gain":99,"player_choice":"Stole From Cult","damage_taken":0,"max_hp_gain":0,"max_hp_loss":0,"event_name":"Nest","floor":19,"gold_loss":0},{"damage_healed":0,"gold_gain":0,"player_choice":"Ignored","damage_taken":0,"max_hp_gain":0,"max_hp_loss":0,"event_name":"Vampires","floor":22,"gold_loss":0},{"damage_healed":0,"gold_gain":0,"player_choice":"Gave Potion","damage_taken":0,"relics_obtained":["Mercury Hourglass"],"max_hp_gain":0,"max_hp_loss":0,"event_name":"WeMeetAgain","floor":24,"gold_loss":0},{"damage_healed":0,"gold_gain":0,"player_choice":"Fight","damage_taken":0,"max_hp_gain":0,"max_hp_loss":0,"event_name":"Mysterious Sphere","floor":36,"gold_loss":0},{"damage_healed":0,"gold_gain":0,"player_choice":"Got Potions","damage_taken":0,"max_hp_gain":0,"max_hp_loss":0,"event_name":"Lab","floor":39,"gold_loss":0},{"cards_removed":["Clumsy"],"damage_healed":0,"gold_gain":0,"player_choice":"Offered Curse","damage_taken":0,"relics_obtained":["Spirit Poop"],"max_hp_gain":0,"max_hp_loss":0,"event_name":"Bonfire Elementals","floor":47,"gold_loss":0}],"is_beta":false,"boss_relics":[{"not_picked":["Tiny House","Ectoplasm"],"picked":"Philosopher\u0027s Stone"},{"not_picked":["Black Star","Mark of Pain"],"picked":"Cursed Key"}],"items_purged_floors":[20,30],"is_endless":false,"potions_floor_spawned":[1,3,5,13,14,21,25,28,31,46,48],"ascension_level":2}}