{"host":"d8d3jqle49sogkjv","time":1610139361,"event":{"mods":["BaseMod","Colored Map","Colored Powertips","Minty Spire (QoL Compilation)","StSLib"],"gold_per_floor":[119,133,150,325,76,108,121,121,121,101,90,90,108,133,133,133,133],"floor_reached":16,"playtime":654,"items_purged":["Doubt"],"score":168,"play_id":"5a32195c-3110-42a5-94a8-470c84797927","local_time":"20210108215601","is_ascension_mode":true,"campfire_choices":[{"floor":8,"key":"REST"},{"floor":15,"key":"REST"}],"circlet_count":0,"master_deck":["AscendersBane","Strike_G","Strike_G","Strike_G","Strike_G","Strike_G","Defend_G","Defend_G","Defend_G","Defend_G","Defend_G","Survivor","Neutralize","Footwork","Footwork","Poisoned Stab","Prepared","Accuracy","Blade Dance"],"relics":["Ring of the Snake","NeowsBlessing","Regal Pillow","Frozen Egg 2","Mango","Potion Belt"],"acts_visited":["Exordium"],"potions_floor_usage":[6,14,14,14],"damage_taken":[{"damage":0,"enemies":"Jaw Worm","floor":1,"turns":1},{"damage":0,"enemies":"2 Louse","floor":2,"turns":1},{"damage":0,"enemies":"Cultist","floor":3,"turns":1},{"damage":34,"enemies":"3 Sentries","floor":6,"turns":10},{"damage":8,"enemies":"2 Fungi Beasts","floor":7,"turns":5},{"damage":11,"enemies":"Exordium Thugs","floor":11,"turns":4},{"damage":1,"enemies":"Looter","floor":13,"turns":4},{"damage":16,"enemies":"Lagavulin","floor":14,"turns":6},{"damage":79,"enemies":"Slime Boss","floor":16,"turns":12}],"seed_played":"-1915164813347950704","potions_obtained":[{"floor":1,"key":"PowerPotion"},{"floor":2,"key":"Regen Potion"},{"floor":10,"key":"ColorlessPotion"},{"floor":11,"key":"PowerPotion"}],"is_trial":false,"path_per_floor":["M","M","M","?","$","E","M","R","T","?","M","?","M","E","R","B"],"character_chosen":"THE_SILENT","items_purchased":["Footwork","Poisoned Stab","Prepared"],"campfire_rested":2,"item_purchase_floors":[5,5,5],"current_hp_per_floor":[63,63,63,63,63,29,21,57,57,57,46,35,34,33,73,0,0],"gold":133,"neow_bonus":"THREE_ENEMY_KILL","is_daily":false,"chose_seed":false,"campfire_upgraded":0,"win_rate":0.0,"timestamp":1610139361,"path_taken":["M","M","M","?","$","E","M","R","T","?","?","?","M","E","R","BOSS"],"items_purchased_type":["Card","Card","Card"],"build_version":"2020-12-22","purchased_purges":1,"victory":false,"max_hp_per_floor":[70,70,70,70,70,70,70,70,70,70,70,84,84,84,84,84,84],"card_choices":[{"not_picked":["Well Laid Plans","Outmaneuver"],"picked":"Footwork","floor":1},{"not_picked":["Flying Knee","PiercingWail","Dagger Spray"],"picked":"SKIP","floor":2},{"not_picked":["Sucker Punch","Quick Slash","Underhanded Strike"],"picked":"SKIP","floor":3},{"not_picked":["Deflect","Unload"],"picked":"Accuracy","floor":6},{"not_picked":["Poisoned Stab","Sucker Punch"],"picked":"Blade Dance","floor":7},{"not_picked":["Underhanded Strike","Quick Slash","Dash"],"picked":"SKIP","floor":11},{"not_picked":["Sucker Punch","Distraction","Bane"],"picked":"SKIP","floor":13},{"not_picked":["Flying Knee","Dagger Spray","Outmaneuver"],"picked":"SKIP","floor":14}],"player_experience":408544,"relics_obtained":[{"floor":6,"key":"Regal Pillow"},{"floor":9,"key":"Frozen Egg 2"},{"floor":14,"key":"Potion Belt"}],"event_choices":[{"damage_healed":0,"gold_gain":175,"player_choice":"AGREE","damage_taken":0,"max_hp_gain":0,"max_hp_loss":0,"event_name":"Liars Game","floor":4,"gold_loss":0,"cards_obtained":["Doubt"]},{"damage_healed":0,"gold_gain":0,"player_choice":"Bought 1 Potion","damage_taken":0,"max_hp_gain":0,"max_hp_loss":0,"event_name":"The Woman in Blue","floor":10,"gold_loss":0},{"damage_healed":0,"gold_gain":0,"player_choice":"Success","damage_taken":25,"relics_obtained":["Mango"],"max_hp_gain":0,"max_hp_loss":0,"event_name":"Scrap Ooze","floor":12,"gold_loss":0}],"is_beta":false,"boss_relics":[],"items_purged_floors":[5],"is_endless":false,"potions_floor_spawned":[1,2,11],"killed_by":"Slime Boss","ascension_level":10}}