{"host":"nqsrckqog5ia9mbo","time":1610138782,"event":{"mods":["AchievementEnabler","BaseMod","Colored Map","Highlight Path","Minty Spire (QoL Compilation)","StSLib"],"gold_per_floor":[114,114,133,133,133,133,167,167,167,167,184,217,234,234,234,336,336,353,382,81,81,93,119,119,129,129,146,146,146,146],"floor_reached":29,"playtime":1006,"items_purged":["Strike_B"],"score":317,"play_id":"3dd2633f-c366-4b1a-8a7c-bcd71f47df6a","local_time":"20210108214622","is_ascension_mode":true,"campfire_choices":[{"data":"Leap","floor":6,"key":"SMITH"},{"data":"Doom and Gloom","floor":8,"key":"SMITH"},{"data":"Zap","floor":10,"key":"SMITH"},{"floor":15,"key":"RECALL"},{"data":"Loop","floor":24,"key":"SMITH"},{"floor":28,"key":"REST"}],"circlet_count":0,"master_deck":["Strike_B","Strike_B","Strike_B","Defend_B","Defend_B","Defend_B","Defend_B","Zap+1","Dualcast+1","Leap+1","Doom and Gloom+1","Barrage+1","Hologram","Redo","Loop+1","Turbo","Leap+1"],"relics":["Cracked Core","NeowsBlessing","PreservedInsect","Shuriken","MealTicket","Nuclear Battery","Red Mask","Bronze Scales","Lantern"],"acts_visited":["Exordium","TheCity"],"potions_floor_usage":[16,23,29],"damage_taken":[{"damage":0,"enemies":"Small Slimes","floor":1,"turns":1},{"damage":0,"enemies":"Jaw Worm","floor":3,"turns":1},{"damage":0,"enemies":"3 Sentries","floor":7,"turns":1},{"damage":1,"enemies":"Cultist","floor":11,"turns":3},{"damage":8,"enemies":"Gremlin Nob","floor":12,"turns":3},{"damage":18,"enemies":"Large Slime","floor":13,"turns":4},{"damage":26,"enemies":"Hexaghost","floor":16,"turns":7},{"damage":0,"enemies":"Chosen","floor":18,"turns":3},{"damage":37,"enemies":"Masked Bandits","floor":19,"turns":4},{"damage":19,"enemies":"Shell Parasite","floor":22,"turns":3},{"damage":1,"enemies":"Book of Stabbing","floor":23,"turns":3},{"damage":16,"enemies":"Sentry and Sphere","floor":25,"turns":4},{"damage":12,"enemies":"Snake Plant","floor":27,"turns":4},{"damage":44,"enemies":"Cultist and Chosen","floor":29,"turns":6}],"seed_played":"-6563375539841121787","potions_obtained":[{"floor":1,"key":"Ancient Potion"},{"floor":11,"key":"BlessingOfTheForge"},{"floor":12,"key":"SneckoOil"},{"floor":18,"key":"Ancient Potion"},{"floor":21,"key":"DistilledChaos"},{"floor":27,"key":"SneckoOil"}],"is_trial":false,"path_per_floor":["M","?","M","?","?","R","E","R","T","R","M","E","M","?","R","B",null,"M","?","$","?","M","E","R","M","T","M","R","M"],"character_chosen":"DEFECT","items_purchased":["Bronze Scales","Loop"],"campfire_rested":1,"item_purchase_floors":[20,20],"current_hp_per_floor":[75,75,75,80,80,80,80,80,80,80,79,71,53,53,53,27,80,80,43,58,58,39,38,38,22,22,10,34,0,0],"gold":146,"neow_bonus":"THREE_ENEMY_KILL","is_daily":false,"chose_seed":false,"campfire_upgraded":4,"win_rate":0.0,"timestamp":1610138782,"path_taken":["M","?","M","?","?","R","E","R","T","R","M","E","M","?","R","BOSS","M","?","$","?","M","E","R","M","T","M","R","?"],"items_purchased_type":["Relic","Card"],"build_version":"2020-12-22","purchased_purges":1,"victory":false,"max_hp_per_floor":[75,75,75,80,80,80,80,80,80,80,80,80,80,80,80,80,80,80,80,80,80,80,80,80,80,80,80,80,80,80],"card_choices":[{"not_picked":["Static Discharge","Recycle","Undo"],"picked":"SKIP","floor":1},{"not_picked":["Rip and Tear","Stack"],"picked":"Leap","floor":3},{"not_picked":["Steam","White Noise"],"picked":"Doom and Gloom","floor":7},{"not_picked":["Aggregate","Undo"],"picked":"Barrage","floor":11},{"not_picked":["Multi-Cast","Double Energy"],"picked":"Hologram","floor":12},{"not_picked":["Cold Snap","Coolheaded","Beam Cell"],"picked":"SKIP","floor":13},{"not_picked":["Compile Driver","Streamline","Static Discharge"],"picked":"SKIP","floor":18},{"not_picked":["Chaos","Double Energy+1"],"picked":"Redo","floor":19},{"not_picked":["Sweeping Beam","Scrape"],"picked":"Turbo","floor":22},{"not_picked":["Multi-Cast","Steam"],"picked":"Leap+1","floor":23},{"not_picked":["Redo","Beam Cell","Aggregate"],"picked":"SKIP","floor":25},{"not_picked":["Heatsinks","Leap","Steam"],"picked":"SKIP","floor":27}],"player_experience":170884,"relics_obtained":[{"floor":7,"key":"PreservedInsect"},{"floor":9,"key":"Shuriken"},{"floor":12,"key":"MealTicket"},{"floor":19,"key":"Red Mask"},{"floor":23,"key":"Lantern"}],"event_choices":[{"damage_healed":0,"gold_gain":0,"player_choice":"Ignored","damage_taken":0,"max_hp_gain":0,"max_hp_loss":0,"event_name":"Liars Game","floor":2,"gold_loss":0},{"damage_healed":0,"gold_gain":0,"player_choice":"Donut","damage_taken":0,"max_hp_gain":5,"max_hp_loss":0,"event_name":"Big Fish","floor":4,"gold_loss":0},{"damage_healed":0,"gold_gain":0,"player_choice":"Grow","damage_taken":0,"max_hp_gain":0,"max_hp_loss":0,"event_name":"Living Wall","floor":5,"gold_loss":0,"cards_upgraded":["Dualcast"]},{"damage_healed":0,"gold_gain":0,"player_choice":"Upgraded","damage_taken":0,"max_hp_gain":0,"max_hp_loss":0,"event_name":"Upgrade Shrine","floor":14,"gold_loss":0,"cards_upgraded":["Barrage"]},{"damage_healed":0,"gold_gain":0,"player_choice":"Fought Bandits","damage_taken":0,"max_hp_gain":0,"max_hp_loss":0,"event_name":"Masked Bandits","floor":19,"gold_loss":0},{"damage_healed":0,"gold_gain":0,"player_choice":"Got Potions","damage_taken":0,"max_hp_gain":0,"max_hp_loss":0,"event_name":"Lab","floor":21,"gold_loss":0}],"is_beta":false,"boss_relics":[{"not_picked":["Sozu","Empty Cage"],"picked":"Nuclear Battery"}],"items_purged_floors":[20],"is_endless":false,"potions_floor_spawned":[1,11,12,18,22,27],"killed_by":"Cultist and Chosen","ascension_level":3}}