{"host":"aaqofma31c3gm2hj","time":1610109704,"event":{"mods":["BaseMod","Minty Spire (QoL Compilation)","Replay The Spire","Spicy Shops","StSLib"],"gold_per_floor":[109,122,122,136,61,95,95,130,130,130,159,159,159,169,169,245,245,265,180,105,157,176,206,206,221,221,258,182,182,207,221,221,344,344,376,404,1421,1421,1527,1527,1580,1580,1589,1621,1621,1702,1796,1856,1856,1906,1982,1982,1982,513,589,677],"floor_reached":57,"playtime":1546,"items_purged":["Eruption"],"score":3524,"play_id":"e2af7697-1818-40f6-b37f-9ca2d4f8d028","local_time":"20210108204144","is_ascension_mode":true,"campfire_choices":[{"data":"ForeignInfluence","floor":12.0,"key":"SMITH"},{"data":"Amnesia","floor":15.0,"key":"PURGE"},{"data":"Ragnarok","floor":24.0,"key":"SMITH"},{"floor":29.0,"key":"DIG"},{"floor":32.0,"key":"DIG"},{"data":"Normality","floor":40.0,"key":"PURGE"},{"data":"Normality","floor":42.0,"key":"PURGE"},{"data":"Pain","floor":45,"key":"PURGE"},{"floor":49,"key":"RECALL"},{"data":"Pain","floor":53,"key":"PURGE"}],"circlet_count":0,"master_deck":["AscendersBane","Vigilance+1","DevaForm+1","Vault+1","MentalFortress","Tantrum+1","Ragnarok+1","ForeignInfluence+1","Scrawl+1","TalkToTheHand+1","Ragnarok+1","Fasting2+1","LessonLearned+1","Wish+1","Wallop+1","Adaptation"],"relics":["Pandora\u0027s Box","Replay:Multitool","Divine Protection","Replay:Ringing Soul","Calipers","Ring of Hypnosis","Ring of Panic","Snecko Eye","Pen Nib","Matryoshka","Molten Egg 2","CeramicFish","Replay:Accelerometer","Shovel","Bird Faced Urn","Singing Bowl","Replay:Bandana","Cursed Key","TungstenRod","Oddly Smooth Stone","Replay:Bottled Steam","Replay:Mystery Machine","Nunchaku","Pocketwatch","Art of War","Medical Kit","Whetstone","Mummified Hand","Garlic","Melange","Unceasing Top"],"acts_visited":["Exordium","TheCity","TheBeyond","TheEnding"],"potions_floor_usage":[],"damage_taken":[{"damage":0.0,"enemies":"2 Louse","floor":1.0,"turns":2.0},{"damage":0.0,"enemies":"Cultist","floor":2.0,"turns":2.0},{"damage":0.0,"enemies":"Jaw Worm","floor":4.0,"turns":2.0},{"damage":6.0,"enemies":"Replay:BlueRogue","floor":6.0,"turns":4.0},{"damage":0.0,"enemies":"Lagavulin","floor":8.0,"turns":4.0},{"damage":16.0,"enemies":"3 Sentries","floor":11.0,"turns":6.0},{"damage":0.0,"enemies":"Exordium Thugs","floor":14.0,"turns":2.0},{"damage":0.0,"enemies":"The Guardian","floor":16.0,"turns":7.0},{"damage":0.0,"enemies":"Chosen","floor":18.0,"turns":2.0},{"damage":8.0,"enemies":"2 Thieves","floor":22.0,"turns":2.0},{"damage":0.0,"enemies":"Gremlin Leader","floor":23.0,"turns":3.0},{"damage":0.0,"enemies":"3 Cultists","floor":25.0,"turns":2.0},{"damage":0.0,"enemies":"Book of Stabbing","floor":27.0,"turns":3.0},{"damage":0.0,"enemies":"Replay:Snechameleon","floor":30.0,"turns":2.0},{"damage":0.0,"enemies":"Snake Plant","floor":31.0,"turns":1.0},{"damage":0.0,"enemies":"Collector","floor":33.0,"turns":2.0},{"damage":0.0,"enemies":"Orb Walker","floor":35.0,"turns":1.0},{"damage":0.0,"enemies":"3 Darklings","floor":36.0,"turns":1.0},{"damage":13.0,"enemies":"2 Orb Walkers","floor":39.0,"turns":4.0},{"damage":0.0,"enemies":"R_Hoarder","floor":41.0,"turns":2.0},{"damage":0,"enemies":"Giant Head","floor":46,"turns":3},{"damage":0,"enemies":"Transient","floor":47,"turns":4},{"damage":0,"enemies":"Nemesis","floor":48,"turns":2},{"damage":30,"enemies":"Time Eater","floor":50,"turns":4},{"damage":1,"enemies":"Awakened One","floor":51,"turns":3},{"damage":0,"enemies":"Shield and Spear","floor":55,"turns":3},{"damage":1,"enemies":"The Heart","floor":56,"turns":5}],"seed_played":"-4622033390981580206","potions_obtained":[{"floor":2.0,"key":"SkillPotion"},{"floor":6.0,"key":"FearPotion"},{"floor":25.0,"key":"Flashbang"},{"floor":27.0,"key":"Ambrosia"},{"floor":39.0,"key":"Venom Potion"},{"floor":41.0,"key":"Explosive Potion"},{"floor":46,"key":"Toxic Potion"}],"is_trial":false,"path_per_floor":["M","M","?","M","$","E","R","E","T","R","E","R","?","M","R","B",null,"M","?","?","?","M","E","R","M","T","E","$","R","E","M","R","B",null,"M","M","?","?","?","R","E","R","T","T","R","E","M","E","R","B","B",null,"R","$","E","B",null],"character_chosen":"WATCHER","items_purchased":["Fasting2","Art of War","Wallop+1","Medical Kit","Whetstone","Adaptation","Mummified Hand","Garlic","Melange","Weak Potion","Block Potion"],"campfire_rested":0,"item_purchase_floors":[28,54,54,54,54,54,54,54,54,54,54],"current_hp_per_floor":[61,61,68,68,68,62,62,62,62,65,49,49,52,52,52,55,72,75,75,75,49,41,41,41,41,41,44,47,47,55,57,57,64,86,88,92,95,95,84,84,88,88,91,94,94,102,109,112,112,84,89,106,106,109,117,117],"gold":677,"neow_bonus":"BOSS_RELIC","is_daily":false,"chose_seed":false,"campfire_upgraded":2,"win_rate":0.0,"timestamp":1610109704,"path_taken":["M","M","?","M","?","E","R","E","T","R","E","R","?","?","R","BOSS","M","?","?","?","M","E","R","M","T","E","$","R","E","M","R","BOSS","M","M","?","?","?","R","E","R","T","?","R","E","M","E","R","BOSS","BOSS","R","$","E","BOSS"],"items_purchased_type":["Card","Relic","Card","Relic","Relic","Card","Relic","Relic","Relic","Potion","Potion"],"build_version":"2020-12-22","purchased_purges":1,"victory":true,"max_hp_per_floor":[68,68,68,68,68,68,68,68,68,71,71,71,74,74,74,77,77,80,80,80,80,80,80,80,80,80,83,86,86,88,90,90,93,93,95,97,100,95,97,97,99,99,102,105,105,107,109,112,112,112,112,112,112,115,117,117],"card_choices":[{"not_picked":["FlurryOfBlows","WaveOfTheHand","ThirdEye"],"picked":"SKIP","floor":1.0},{"not_picked":["Prostrate","CutThroughFate","FlurryOfBlows"],"picked":"SKIP","floor":2.0},{"not_picked":["Prostrate","CutThroughFate","FlurryOfBlows"],"picked":"SKIP","floor":2.0},{"not_picked":["Consecrate","CutThroughFate","Study"],"picked":"SKIP","floor":4.0},{"not_picked":["Sanctity","SashWhip","JustLucky"],"picked":"SKIP","floor":6.0},{"not_picked":["Crescendo","WaveOfTheHand","Replay:Vibes"],"picked":"SKIP","floor":8.0},{"not_picked":["Replay:Cycle","FlurryOfBlows","Worship"],"picked":"SKIP","floor":11.0},{"not_picked":["FlurryOfBlows","Replay:AtTheReady","EmptyBody"],"picked":"SKIP","floor":14.0},{"not_picked":["Judgement","MasterReality"],"picked":"Scrawl","floor":16.0},{"not_picked":["Collect+1","ClearTheMind"],"picked":"TalkToTheHand","floor":18.0},{"not_picked":["Halt","CutThroughFate","Study"],"picked":"SKIP","floor":22.0},{"not_picked":["Conclude+1","Replay:Anticipation","CrushJoints+1"],"picked":"SKIP","floor":23.0},{"not_picked":["Conclude+1","Replay:Anticipation","CrushJoints+1"],"picked":"SKIP","floor":23.0},{"not_picked":["Consecrate+1","CrushJoints+1","Replay:Hum+1"],"picked":"SKIP","floor":25.0},{"not_picked":["Worship","FollowUp+1"],"picked":"Ragnarok+1","floor":27.0},{"not_picked":["InnerPeace","BattleHymn","FlyingSleeves+1"],"picked":"Singing Bowl","floor":30.0},{"not_picked":["MentalFortress","SandsOfTime+1","FollowUp+1"],"picked":"Singing Bowl","floor":31.0},{"not_picked":["DeusExMachina","SpiritShield"],"picked":"LessonLearned+1","floor":33.0},{"not_picked":["CrushJoints+1","FollowUp+1","EmptyFist+1"],"picked":"Singing Bowl","floor":35.0},{"not_picked":["SashWhip+1","BattleHymn","Conclude+1"],"picked":"Singing Bowl","floor":36.0},{"not_picked":["Meditate","EmptyBody+1","FlurryOfBlows+1"],"picked":"Singing Bowl","floor":39.0},{"not_picked":["Replay:BluntJabs+1","EmptyBody","CutThroughFate+1"],"picked":"Singing Bowl","floor":41.0},{"not_picked":["Protect+1","Consecrate+1","Meditate"],"picked":"Singing Bowl","floor":46},{"not_picked":["SashWhip+1","Protect+1","Meditate"],"picked":"Singing Bowl","floor":47},{"not_picked":["Replay:Cycle+1","Replay:ManipulateFuture"],"picked":"Wish","floor":48},{"not_picked":["BowlingBash+1","Sanctity","ThirdEye"],"picked":"Singing Bowl","floor":55}],"player_experience":568448,"relics_obtained":[{"floor":6.0,"key":"Replay:Multitool"},{"floor":8.0,"key":"Divine Protection"},{"floor":9.0,"key":"Replay:Ringing Soul"},{"floor":11.0,"key":"Calipers"},{"floor":13.0,"key":"Ring of Hypnosis"},{"floor":13.0,"key":"Ring of Panic"},{"floor":21.0,"key":"Matryoshka"},{"floor":23.0,"key":"Molten Egg 2"},{"floor":26.0,"key":"CeramicFish"},{"floor":26.0,"key":"Replay:Accelerometer"},{"floor":27.0,"key":"Shovel"},{"floor":29.0,"key":"Bird Faced Urn"},{"floor":30.0,"key":"Singing Bowl"},{"floor":32.0,"key":"Replay:Bandana"},{"floor":39.0,"key":"TungstenRod"},{"floor":41.0,"key":"Oddly Smooth Stone"},{"floor":43.0,"key":"Replay:Bottled Steam"},{"floor":44.0,"key":"Replay:Mystery Machine"},{"floor":46,"key":"Nunchaku"},{"floor":48,"key":"Pocketwatch"},{"floor":55,"key":"Unceasing Top"}],"event_choices":[{"cards_removed":["DeceiveReality"],"damage_healed":7.0,"max_hp_gain":0.0,"max_hp_loss":0.0,"gold_gain":0.0,"event_name":"Bonfire Elementals","player_choice":"Offered Uncommon","floor":3.0,"gold_loss":0.0,"damage_taken":0.0},{"damage_healed":0.0,"max_hp_gain":0.0,"max_hp_loss":0.0,"gold_gain":0.0,"event_name":"Addict","player_choice":"Obtained Relic","floor":19.0,"gold_loss":85.0,"damage_taken":0.0,"relics_obtained":["Pen Nib"]},{"cards_removed":["EmptyFist"],"damage_healed":0.0,"max_hp_gain":0.0,"max_hp_loss":0.0,"gold_gain":0.0,"event_name":"Beggar","player_choice":"Gave Gold","floor":20.0,"gold_loss":75.0,"damage_taken":0.0},{"damage_healed":0.0,"max_hp_gain":0.0,"max_hp_loss":0.0,"gold_gain":999.0,"event_name":"MindBloom","player_choice":"Gold","floor":37.0,"gold_loss":0.0,"damage_taken":0.0,"cards_obtained":["Normality","Normality"]},{"damage_healed":0.0,"max_hp_gain":0.0,"max_hp_loss":5.0,"gold_gain":0.0,"event_name":"Winding Halls","player_choice":"Max HP","floor":38.0,"gold_loss":0.0,"damage_taken":0.0},{"damage_healed":0.0,"max_hp_gain":0.0,"max_hp_loss":0.0,"gold_gain":0.0,"event_name":"Mysterious Sphere","player_choice":"Fight","floor":39.0,"gold_loss":0.0,"damage_taken":0.0}],"is_beta":false,"boss_relics":[{"not_picked":["Busted Crown","Empty Cage"],"picked":"Snecko Eye"},{"not_picked":["Replay:Ancient Bell","ChewingGum"],"picked":"Cursed Key"}],"items_purged_floors":[5],"is_endless":false,"potions_floor_spawned":[2,6,8,16,25,27,33,39,41,46],"ascension_level":20}}