{"host":"1a3cjta80tad0aqj","time":1610120919,"event":{"mods":["2.2 Compatiblity","AchievementEnabler","BaseMod","Colored Map","DeckTracker","KOR Keyword Fix","Keyboard Shortcuts","Minty Spire (QoL Compilation)","Permanent Neow","Quick Restart","Random Character Button","StSLib","SuperFastMode","everything is the same but u backflip on backflip"],"gold_per_floor":[144,189,234,59,59,59,104,149,174,333,378,378,468,513,513,813,813,867,921,975,1025,1070,1169,1169,1223,1248,1248,1302,1347,413,722,722,1031,1031,1085,1139,514,664,718,718,718,718,718,790,835,835,898,952,952,952],"floor_reached":51,"playtime":3306,"items_purged":["Armaments","Pommel Strike","Iron Wave"],"score":832,"play_id":"d1e42554-ab1e-4142-9119-1ea4d7472201","local_time":"20210109004839","daily_mods":["Draft","Uncertain Future","Midas"],"is_ascension_mode":false,"campfire_choices":[{"floor":12.0,"key":"REST"},{"floor":15.0,"key":"REST"},{"floor":24.0,"key":"REST"},{"floor":27.0,"key":"REST"},{"floor":32.0,"key":"REST"},{"floor":40.0,"key":"REST"},{"floor":46.0,"key":"REST"},{"floor":49.0,"key":"REST"}],"circlet_count":0,"master_deck":["Anger","Wild Strike","Anger","Flex","Battle Trance","Sword Boomerang","Whirlwind","Flex","Shrug It Off","Seeing Red","Cleave","Flex","Hemokinesis+1","Power Through","Rage","Metallicize","Immolate","CurseOfTheBell","Inflame+1","Twin Strike+1","Ghostly Armor","Brutality","Carnage+1","Pommel Strike+1","PanicButton","Heavy Blade+1","Immolate+1","Heavy Blade+1","Flex","Impervious","Heavy Blade+1","Demon Form","Uppercut+1","Parasite","Heavy Blade+1","Bludgeon+1","Thunderclap+1","Anger+1","Carnage+1"],"relics":["Burning Blood","Boot","Meat on the Bone","Gremlin Horn","Calling Bell","CeramicFish","Molten Egg 2","Torii","White Beast Statue","Bag of Preparation","Vajra","Prayer Wheel","DollysMirror","StoneCalendar","Self Forming Clay","Philosopher\u0027s Stone","Oddly Smooth Stone","Regal Pillow","Frozen Eye","Turnip","Blue Candle"],"acts_visited":["Exordium","TheCity","TheBeyond"],"potions_floor_usage":[50,50,50],"damage_taken":[{"damage":0.0,"enemies":"2 Louse","floor":1.0,"turns":1.0},{"damage":0.0,"enemies":"Small Slimes","floor":2.0,"turns":2.0},{"damage":5.0,"enemies":"Jaw Worm","floor":3.0,"turns":2.0},{"damage":2.0,"enemies":"Gremlin Gang","floor":7.0,"turns":2.0},{"damage":2.0,"enemies":"2 Fungi Beasts","floor":8.0,"turns":2.0},{"damage":15.0,"enemies":"Lagavulin Event","floor":10.0,"turns":3.0},{"damage":0.0,"enemies":"3 Louse","floor":11.0,"turns":1.0},{"damage":2.0,"enemies":"Gremlin Nob","floor":13.0,"turns":2.0},{"damage":2.0,"enemies":"Blue Slaver","floor":14.0,"turns":2.0},{"damage":38.0,"enemies":"Hexaghost","floor":16.0,"turns":8.0},{"damage":0.0,"enemies":"Chosen","floor":18.0,"turns":4.0},{"damage":14.0,"enemies":"Shell Parasite","floor":19.0,"turns":4.0},{"damage":3.0,"enemies":"Sentry and Sphere","floor":20.0,"turns":3.0},{"damage":3.0,"enemies":"Shelled Parasite and Fungi","floor":22.0,"turns":3.0},{"damage":22.0,"enemies":"Book of Stabbing","floor":23.0,"turns":5.0},{"damage":11.0,"enemies":"Centurion and Healer","floor":25.0,"turns":3.0},{"damage":14.0,"enemies":"Snecko","floor":28.0,"turns":4.0},{"damage":1.0,"enemies":"Snake Plant","floor":29.0,"turns":2.0},{"damage":4.0,"enemies":"Colosseum Slavers","floor":31.0,"turns":4.0},{"damage":9.0,"enemies":"Colosseum Nobs","floor":31.0,"turns":3.0},{"damage":29.0,"enemies":"Collector","floor":33.0,"turns":4.0},{"damage":2.0,"enemies":"3 Darklings","floor":35.0,"turns":3.0},{"damage":9.0,"enemies":"3 Shapes","floor":36.0,"turns":2.0},{"damage":11.0,"enemies":"Mind Bloom Boss Battle","floor":38.0,"turns":5.0},{"damage":15.0,"enemies":"Transient","floor":39.0,"turns":5.0},{"damage":3.0,"enemies":"Giant Head","floor":41.0,"turns":2.0},{"damage":11.0,"enemies":"Writhing Mass","floor":44.0,"turns":4.0},{"damage":21.0,"enemies":"4 Shapes","floor":45.0,"turns":4.0},{"damage":10.0,"enemies":"Jaw Worm Horde","floor":47.0,"turns":3.0},{"damage":31.0,"enemies":"Maw","floor":48.0,"turns":6.0},{"damage":67,"enemies":"Awakened One","floor":50,"turns":8}],"seed_played":"-6062085814737979882","potions_obtained":[{"floor":1.0,"key":"Weak Potion"},{"floor":8.0,"key":"GamblersBrew"},{"floor":10.0,"key":"SteroidPotion"},{"floor":16.0,"key":"AttackPotion"},{"floor":18.0,"key":"SneckoOil"},{"floor":22.0,"key":"SmokeBomb"},{"floor":25.0,"key":"DistilledChaos"},{"floor":28.0,"key":"DuplicationPotion"},{"floor":33.0,"key":"DistilledChaos"},{"floor":35.0,"key":"GamblersBrew"},{"floor":36.0,"key":"EssenceOfSteel"},{"floor":42.0,"key":"Fruit Juice"},{"floor":42.0,"key":"LiquidMemories"}],"is_trial":false,"path_per_floor":["M","M","M","$","?","?","M","M","T","?","M","R","E","M","R","B",null,"M","M","M","?","M","E","R","M","T","R","M","M","$","?","R","B",null,"M","M","$","?","M","R","E","?","T","M","M","R","M","M","R","B",null],"character_chosen":"IRONCLAD","items_purchased":["SteroidPotion","Swift Potion","Vajra","Prayer Wheel","PanicButton","Heavy Blade+1","Immolate+1","DollysMirror","Oddly Smooth Stone","Regal Pillow","Frozen Eye","SteroidPotion"],"campfire_rested":8,"item_purchase_floors":[4,4,30,30,30,30,30,30,37,37,37,37],"current_hp_per_floor":[80,80,80,80,80,80,80,80,80,71,77,80,80,80,80,48,80,80,72,75,75,78,62,80,75,75,80,72,77,77,76,80,57,80,80,77,77,72,63,80,80,85,85,80,65,85,81,56,85,36],"gold":952,"neow_bonus":"","is_daily":true,"chose_seed":false,"campfire_upgraded":0,"win_rate":0.0,"timestamp":1610120919,"path_taken":["M","M","M","$","?","?","M","M","T","?","M","R","E","M","R","BOSS","M","M","M","?","M","E","R","M","T","R","?","M","$","?","R","BOSS","M","M","$","?","M","R","E","?","T","M","M","R","?","M","R","BOSS"],"items_purchased_type":["Potion","Potion","Relic","Relic","Card","Card","Card","Relic","Relic","Relic","Relic","Potion"],"build_version":"2020-12-22","purchased_purges":3,"victory":true,"max_hp_per_floor":[80,80,80,80,80,80,80,80,80,80,80,80,80,80,80,80,80,80,80,80,80,80,80,80,80,80,80,80,80,80,80,80,80,80,80,80,80,80,80,80,80,85,85,85,85,85,85,85,85,85],"card_choices":[{"not_picked":["Intimidate","Metallicize"],"picked":"Iron Wave","floor":0.0},{"not_picked":["Rampage","Sword Boomerang"],"picked":"Anger","floor":0.0},{"not_picked":["Havoc","Clothesline"],"picked":"Wild Strike","floor":0.0},{"not_picked":["Twin Strike","Clash"],"picked":"Anger","floor":0.0},{"not_picked":["Flame Barrier","Warcry"],"picked":"Pommel Strike","floor":0.0},{"not_picked":["Warcry","Disarm"],"picked":"Flex","floor":0.0},{"not_picked":["Fire Breathing","Cleave"],"picked":"Armaments","floor":0.0},{"not_picked":["Cleave","Rupture"],"picked":"Battle Trance","floor":0.0},{"not_picked":["Sever Soul","Dual Wield"],"picked":"Sword Boomerang","floor":0.0},{"not_picked":["Wild Strike","Combust"],"picked":"Whirlwind","floor":0.0},{"not_picked":["Metallicize","Reckless Charge"],"picked":"Flex","floor":0.0},{"not_picked":["Entrench","Battle Trance"],"picked":"Shrug It Off","floor":0.0},{"not_picked":["True Grit","Reckless Charge"],"picked":"Seeing Red","floor":0.0},{"not_picked":["Clash","Warcry"],"picked":"Cleave","floor":0.0},{"not_picked":["Thunderclap","Disarm"],"picked":"Flex","floor":0.0},{"not_picked":["Armaments","Perfected Strike","True Grit"],"picked":"SKIP","floor":1.0},{"not_picked":["Flex","Ghostly Armor"],"picked":"Hemokinesis","floor":2.0},{"not_picked":["Flame Barrier","Clothesline","Rupture"],"picked":"SKIP","floor":3.0},{"not_picked":["Pommel Strike","Wild Strike","Burning Pact"],"picked":"SKIP","floor":7.0},{"not_picked":["Cleave","Bloodletting","Battle Trance"],"picked":"SKIP","floor":8.0},{"not_picked":["Corruption","Pommel Strike"],"picked":"Power Through","floor":10.0},{"not_picked":["Perfected Strike","Fire Breathing","Intimidate"],"picked":"SKIP","floor":11.0},{"not_picked":["Infernal Blade","Metallicize"],"picked":"Rage","floor":13.0},{"not_picked":["Clothesline","Combust"],"picked":"Metallicize","floor":14.0},{"not_picked":["Fiend Fire","Corruption"],"picked":"Immolate","floor":16.0},{"not_picked":["Thunderclap+1","Warcry"],"picked":"Inflame+1","floor":18.0},{"not_picked":["Armaments","Clothesline+1"],"picked":"Twin Strike+1","floor":19.0},{"not_picked":["Shrug It Off","Rampage+1"],"picked":"Ghostly Armor","floor":20.0},{"not_picked":["Dual Wield","Twin Strike+1","Body Slam+1"],"picked":"SKIP","floor":22.0},{"not_picked":["Evolve","Entrench+1"],"picked":"Brutality","floor":23.0},{"not_picked":["Flex","Twin Strike+1"],"picked":"Carnage+1","floor":25.0},{"not_picked":["Iron Wave+1","Warcry+1"],"picked":"Pommel Strike+1","floor":28.0},{"not_picked":["Iron Wave+1","Perfected Strike+1","Warcry"],"picked":"SKIP","floor":29.0},{"not_picked":["Iron Wave+1","Wild Strike+1"],"picked":"Flex","floor":31.0},{"not_picked":["Reaper+1","Immolate+1"],"picked":"Impervious","floor":33.0},{"not_picked":["Sword Boomerang+1","Intimidate"],"picked":"Heavy Blade+1","floor":35.0},{"not_picked":["Sword Boomerang+1","Armaments","Body Slam+1"],"picked":"SKIP","floor":35.0},{"not_picked":["Entrench+1","Shockwave+1"],"picked":"Demon Form","floor":36.0},{"not_picked":["Rupture","Carnage+1","Iron Wave+1"],"picked":"SKIP","floor":36.0},{"not_picked":["Sword Boomerang+1","Flame Barrier"],"picked":"Uppercut+1","floor":39.0},{"not_picked":["True Grit","Clothesline+1","Headbutt+1"],"picked":"SKIP","floor":39.0},{"not_picked":["Pummel+1","Iron Wave+1"],"picked":"Heavy Blade+1","floor":44.0},{"not_picked":["Power Through","Sentinel+1"],"picked":"Bludgeon+1","floor":44.0},{"not_picked":["Wild Strike+1","Perfected Strike+1","Headbutt+1"],"picked":"SKIP","floor":45.0},{"not_picked":["Shrug It Off","Armaments","Battle Trance"],"picked":"SKIP","floor":45.0},{"not_picked":["Hemokinesis+1","Headbutt+1"],"picked":"Thunderclap+1","floor":47.0},{"not_picked":["Rupture","Sword Boomerang+1"],"picked":"Anger+1","floor":47.0},{"not_picked":["Ghostly Armor","Reckless Charge+1"],"picked":"Carnage+1","floor":48.0},{"not_picked":["Feed+1","Blood for Blood+1","Sword Boomerang+1"],"picked":"SKIP","floor":48.0}],"player_experience":218056,"relics_obtained":[{"floor":9.0,"key":"Boot"},{"floor":13.0,"key":"Gremlin Horn"},{"floor":17.0,"key":"CeramicFish"},{"floor":17.0,"key":"Molten Egg 2"},{"floor":17.0,"key":"Torii"},{"floor":23.0,"key":"White Beast Statue"},{"floor":26.0,"key":"Bag of Preparation"},{"floor":31.0,"key":"StoneCalendar"},{"floor":31.0,"key":"Self Forming Clay"},{"floor":38.0,"key":"Turnip"},{"floor":43.0,"key":"Blue Candle"}],"event_choices":[{"damage_healed":0.0,"max_hp_gain":0.0,"max_hp_loss":0.0,"gold_gain":0.0,"event_name":"Liars Game","player_choice":"Ignored","floor":5.0,"gold_loss":0.0,"damage_taken":0.0},{"damage_healed":0.0,"max_hp_gain":0.0,"max_hp_loss":0.0,"gold_gain":0.0,"event_name":"Living Wall","player_choice":"Grow","floor":6.0,"gold_loss":0.0,"damage_taken":0.0,"cards_upgraded":["Hemokinesis"]},{"damage_healed":0.0,"max_hp_gain":0.0,"max_hp_loss":0.0,"gold_gain":0.0,"event_name":"Dead Adventurer","player_choice":"Searched \u00272\u0027 times","floor":10.0,"gold_loss":0.0,"damage_taken":0.0,"relics_obtained":["Meat on the Bone"]},{"damage_healed":0.0,"max_hp_gain":0.0,"max_hp_loss":0.0,"gold_gain":100.0,"event_name":"The Joust","player_choice":"Bet on Murderer","floor":21.0,"gold_loss":50.0,"damage_taken":0.0},{"damage_healed":0.0,"max_hp_gain":0.0,"max_hp_loss":0.0,"gold_gain":0.0,"event_name":"Colosseum","player_choice":"Fight","floor":31.0,"gold_loss":0.0,"damage_taken":0.0},{"damage_healed":0.0,"max_hp_gain":0.0,"max_hp_loss":0.0,"gold_gain":0.0,"event_name":"Colosseum","player_choice":"Fought Nobs","floor":31.0,"gold_loss":0.0,"damage_taken":0.0},{"damage_healed":0.0,"max_hp_gain":0.0,"max_hp_loss":0.0,"gold_gain":0.0,"event_name":"MindBloom","player_choice":"Fight","floor":38.0,"gold_loss":0.0,"damage_taken":0.0},{"damage_healed":0.0,"max_hp_gain":0.0,"max_hp_loss":0.0,"gold_gain":0.0,"event_name":"Lab","player_choice":"Got Potions","floor":42.0,"gold_loss":0.0,"damage_taken":0.0}],"is_beta":false,"boss_relics":[{"not_picked":["Runic Cube","Runic Pyramid"],"picked":"Calling Bell"},{"not_picked":["Sozu","Tiny House"],"picked":"Philosopher\u0027s Stone"}],"items_purged_floors":[4,30,37],"is_endless":false,"potions_floor_spawned":[1,8,10,13,16,18,22,25,28,29,31,31,33,35,36,38,39,41,44,45,47,48],"ascension_level":0}}