{"host":"61r95uy0hn86b9iu","time":1610079706,"event":{"mods":["AchievementEnabler","BaseMod","Better Vampires","BetterRewards","Colored Powertips","Hubris","Minty Spire (QoL Compilation)","Shop Mod","StSLib"],"gold_per_floor":[114,114,114,114,48,48,48,48,73,103,115,115,129,129,129,203,203,223,50,50,50,50,80,80,91,145,189,201,228,240,265,277,388,400,425,437,489,501,554,595,622,654,666,678,690,748,588,606,606,606,606,606,203,256,256,256],"floor_reached":55,"playtime":2662,"items_purged":["Second Wind","Anger","Shame","Writhe"],"score":2087,"play_id":"73382817-5c8c-4c9b-86ff-7730b1214843","local_time":"20210107222146","is_ascension_mode":true,"campfire_choices":[{"floor":6.0,"key":"REST"},{"data":"Apotheosis","floor":8.0,"key":"SMITH"},{"data":"Offering","floor":12.0,"key":"SMITH"},{"data":"Body Slam","floor":15.0,"key":"SMITH"},{"floor":24.0,"key":"RECALL"},{"floor":28.0,"key":"REST"},{"floor":32.0,"key":"REST"},{"floor":45.0,"key":"REST"},{"floor":49.0,"key":"REST"},{"floor":52.0,"key":"REST"}],"circlet_count":0,"master_deck":["AscendersBane","Bash","Apotheosis+1","Seeing Red","hubris:StunningStrike","Metallicize","Hemokinesis","Offering+1","Body Slam+1","Heavy Blade","Iron Wave","Inflame","Flex","Flame Barrier","Feed","HandOfGreed+1","Shrug It Off","Metallicize","Heavy Blade","Shockwave","Barricade","Carnage+1","Limit Break","Shrug It Off"],"relics":["Burning Blood","Membership Card","hubris:PeanutButter","FossilizedHelix","Singing Bowl","hubris:Towel","MerchantsRug","hubris:ToyBattleship","MealTicket","Lantern","Meat on the Bone","Fusion Hammer","Calipers","Shuriken","Toy Ornithopter","Thread and Needle","hubris:HollowSoul","Regal Pillow","HornCleat","hubris:GlazedTorus","PreservedInsect","HandDrill","InkBottle","TheAbacus","Bag of Marbles","Bottled Tornado"],"acts_visited":["Exordium","TheCity","TheBeyond","TheEnding"],"potions_floor_usage":[],"damage_taken":[{"damage":0.0,"enemies":"2 Louse","floor":1.0,"turns":3.0},{"damage":8.0,"enemies":"3 Sentries","floor":10.0,"turns":4.0},{"damage":0.0,"enemies":"Jaw Worm","floor":11.0,"turns":2.0},{"damage":0.0,"enemies":"Small Slimes","floor":13.0,"turns":3.0},{"damage":19.0,"enemies":"The Guardian","floor":16.0,"turns":5.0},{"damage":0.0,"enemies":"Shell Parasite","floor":18.0,"turns":2.0},{"damage":0.0,"enemies":"Book of Stabbing","floor":23.0,"turns":2.0},{"damage":0.0,"enemies":"Chosen","floor":25.0,"turns":3.0},{"damage":32.0,"enemies":"Slavers","floor":27.0,"turns":4.0},{"damage":6.0,"enemies":"Snake Plant","floor":29.0,"turns":3.0},{"damage":9.0,"enemies":"Sentry and Sphere","floor":31.0,"turns":4.0},{"damage":0.0,"enemies":"Collector","floor":33.0,"turns":7.0},{"damage":43.0,"enemies":"3 Darklings","floor":35.0,"turns":7.0},{"damage":57.0,"enemies":"3 Shapes","floor":37.0,"turns":5.0},{"damage":22.0,"enemies":"Sphere and 2 Shapes","floor":39.0,"turns":4.0},{"damage":0.0,"enemies":"Nemesis","floor":40.0,"turns":10.0},{"damage":2.0,"enemies":"Transient","floor":41.0,"turns":6.0},{"damage":22.0,"enemies":"Spire Growth","floor":42.0,"turns":6.0},{"damage":18.0,"enemies":"2 Orb Walkers","floor":46.0,"turns":5.0},{"damage":0.0,"enemies":"Sphere and 2 Shapes","floor":48.0,"turns":5.0},{"damage":39.0,"enemies":"Time Eater","floor":50.0,"turns":10.0},{"damage":54.0,"enemies":"Shield and Spear","floor":54.0,"turns":5.0},{"damage":24,"enemies":"The Heart","floor":55,"turns":2}],"seed_played":"-9022681161519810912","potions_obtained":[{"floor":10.0,"key":"SteroidPotion"},{"floor":11.0,"key":"FairyPotion"},{"floor":25.0,"key":"PowerPotion"},{"floor":27.0,"key":"ColorlessPotion"},{"floor":31.0,"key":"PowerPotion"},{"floor":33.0,"key":"LiquidBronze"},{"floor":39.0,"key":"Weak Potion"},{"floor":40.0,"key":"LiquidBronze"}],"is_trial":false,"path_per_floor":["M","?","?","?","$","R","$","R","T","E","M","R","M","?","R","B",null,"M","$","?","?","?","E","R","M","T","E","R","M","?","M","R","B",null,"M","?","M","?","M","E","M","M","T","?","R","?","$","M","R","B",null,"R","$","E","B"],"character_chosen":"IRONCLAD","items_purchased":["Membership Card","hubris:PeanutButter","FossilizedHelix","Singing Bowl","Body Slam","MerchantsRug","Iron Wave","hubris:ToyBattleship","HandOfGreed","Shrug It Off","PreservedInsect","HandDrill","Whetstone","InkBottle","TheAbacus","Bag of Marbles","ColorlessPotion"],"campfire_rested":6,"item_purchase_floors":[0,0,0,0,0,5,5,5,19,19,47,47,47,53,53,53,53],"current_hp_per_floor":[34,34,34,34,34,56,56,56,56,54,62,62,68,68,68,55,72,83,83,83,83,83,87,87,93,93,67,93,95,95,97,100,100,100,65,65,32,32,38,61,67,69,69,69,115,103,115,117,117,84,109,117,117,75,0,0],"gold":256,"neow_bonus":"","is_daily":false,"chose_seed":false,"campfire_upgraded":3,"win_rate":0.0,"timestamp":1610079706,"path_taken":["M","?","?","?","$","R","?","R","T","E","M","R","M","?","R","BOSS","M","$","?","?","?","E","R","M","T","E","R","M","?","M","R","BOSS","M","?","M","?","M","E","M","M","T","?","R","?","$","M","R","BOSS","R","$","E","BOSS"],"items_purchased_type":["Relic","Relic","Relic","Relic","Card","Relic","Card","Relic","Card","Card","Relic","Relic","Relic","Relic","Relic","Relic","Potion"],"build_version":"2020-12-22","purchased_purges":4,"victory":false,"max_hp_per_floor":[75,75,75,75,75,75,75,75,75,75,77,77,77,77,77,77,77,83,83,83,83,83,87,87,93,93,93,93,95,95,100,100,100,100,102,102,108,108,113,113,115,121,121,115,115,115,115,117,117,117,117,117,117,123,123,123],"card_choices":[{"not_picked":["Sword Boomerang","Clothesline"],"picked":"Heavy Blade","floor":1.0},{"not_picked":["Twin Strike","Evolve"],"picked":"Inflame","floor":10.0},{"not_picked":["Wild Strike","Seeing Red","Heavy Blade"],"picked":"Singing Bowl","floor":11.0},{"not_picked":["hubris:ReadiedAction","Headbutt"],"picked":"Flex","floor":13.0},{"not_picked":["Berserk","Exhume"],"picked":"Feed","floor":16.0},{"not_picked":["Twin Strike","Seeing Red","Warcry"],"picked":"Singing Bowl","floor":18.0},{"not_picked":["Intimidate","Body Slam"],"picked":"Heavy Blade","floor":23.0},{"not_picked":["Armaments+1","hubris:ReadiedAction","Body Slam"],"picked":"Singing Bowl","floor":25.0},{"not_picked":["Wild Strike","Sword Boomerang"],"picked":"Shockwave","floor":27.0},{"not_picked":["hubris:ReadiedAction","Combust","Cleave+1"],"picked":"Singing Bowl","floor":29.0},{"not_picked":["hubris:SharpeningStone","Havoc","Power Through"],"picked":"Singing Bowl","floor":31.0},{"not_picked":["Offering","Brutality"],"picked":"Barricade","floor":33.0},{"not_picked":["Cleave","Metallicize","Infernal Blade"],"picked":"Singing Bowl","floor":35.0},{"not_picked":["Infernal Blade","Flex","Iron Wave+1"],"picked":"Singing Bowl","floor":37.0},{"not_picked":["Burning Pact","Iron Wave","Havoc"],"picked":"Singing Bowl","floor":39.0},{"not_picked":["Heavy Blade","hubris:SharpeningStone"],"picked":"Limit Break","floor":40.0},{"not_picked":["hubris:ReadiedAction","Pommel Strike+1","Carnage+1"],"picked":"Singing Bowl","floor":41.0},{"not_picked":["Inflame","Sentinel","Warcry+1"],"picked":"Singing Bowl","floor":42.0},{"not_picked":["Iron Wave","Warcry"],"picked":"Shrug It Off","floor":46.0},{"not_picked":["Ghostly Armor+1","Searing Blow","Warcry"],"picked":"Singing Bowl","floor":48.0},{"not_picked":["Feed","Bloodletting","Feel No Pain+1"],"picked":"Singing Bowl","floor":54.0}],"player_experience":3256119,"relics_obtained":[{"floor":9.0,"key":"MealTicket"},{"floor":9.0,"key":"Lantern"},{"floor":10.0,"key":"Meat on the Bone"},{"floor":23.0,"key":"Shuriken"},{"floor":26.0,"key":"MawBank"},{"floor":27.0,"key":"Toy Ornithopter"},{"floor":40.0,"key":"Regal Pillow"},{"floor":43.0,"key":"HornCleat"},{"floor":46.0,"key":"hubris:GlazedTorus"},{"floor":54.0,"key":"Bottled Tornado"}],"event_choices":[{"damage_healed":0.0,"max_hp_gain":0.0,"max_hp_loss":0.0,"gold_gain":0.0,"event_name":"Big Fish","player_choice":"Box","floor":2.0,"gold_loss":0.0,"damage_taken":0.0,"relics_obtained":["Juzu Bracelet"],"cards_obtained":["Regret"]},{"cards_removed":["Regret"],"damage_healed":0.0,"max_hp_gain":0.0,"max_hp_loss":0.0,"gold_gain":0.0,"event_name":"Living Wall","player_choice":"Forget","floor":3.0,"gold_loss":0.0,"damage_taken":0.0},{"damage_healed":0.0,"max_hp_gain":0.0,"max_hp_loss":0.0,"gold_gain":0.0,"event_name":"Addict","player_choice":"Stole Relic","floor":20.0,"gold_loss":0.0,"damage_taken":0.0,"relics_obtained":["Calipers"],"cards_obtained":["Shame"]},{"damage_healed":0.0,"max_hp_gain":0.0,"max_hp_loss":0.0,"gold_gain":0.0,"event_name":"The Library","player_choice":"Read","floor":21.0,"gold_loss":0.0,"damage_taken":0.0,"cards_obtained":["Metallicize"]},{"damage_healed":0.0,"max_hp_gain":0.0,"max_hp_loss":0.0,"gold_gain":0.0,"event_name":"The Mausoleum","player_choice":"Opened","floor":30.0,"gold_loss":0.0,"damage_taken":0.0,"relics_obtained":["Thread and Needle"],"cards_obtained":["Writhe"]},{"cards_removed":["Sentinel"],"damage_healed":0.0,"max_hp_gain":0.0,"max_hp_loss":0.0,"gold_gain":0.0,"event_name":"Falling","player_choice":"Removed Skill","floor":36.0,"gold_loss":0.0,"damage_taken":0.0},{"damage_healed":0.0,"max_hp_gain":0.0,"max_hp_loss":0.0,"gold_gain":0.0,"cards_transformed":["Pummel"],"event_name":"Transmorgrifier","player_choice":"Transformed","floor":38.0,"gold_loss":0.0,"damage_taken":0.0,"cards_obtained":["Carnage"]},{"damage_healed":0.0,"max_hp_gain":0.0,"max_hp_loss":6.0,"gold_gain":0.0,"event_name":"Winding Halls","player_choice":"Max HP","floor":44.0,"gold_loss":0.0,"damage_taken":0.0},{"damage_healed":0.0,"max_hp_gain":0.0,"max_hp_loss":0.0,"gold_gain":0.0,"event_name":"Mysterious Sphere","player_choice":"Fight","floor":46.0,"gold_loss":0.0,"damage_taken":0.0}],"is_beta":false,"boss_relics":[{"not_picked":["Runic Pyramid","Busted Crown"],"picked":"Fusion Hammer"},{"not_picked":["hubris:CrackedHourglass","Snecko Eye"],"picked":"hubris:HollowSoul"}],"items_purged_floors":[0,19,47,53],"is_endless":false,"potions_floor_spawned":[10,11,25,27,31,33,35,39,40],"killed_by":"The Heart","ascension_level":19}}