{"host":"3jjxuhjpio8e4zkv","time":1610081267,"event":{"mods":["BaseMod","Colored Map","Highlight Path","Minty Spire (QoL Compilation)","Permanent Neow","Relic Stats","StSLib"],"gold_per_floor":[109,120,133,58,70,101,101,133,180,180,180,35,47,70,70,149,149,169,182,182,19,19,53,72,72,72,72,84,84,84],"floor_reached":29,"playtime":1533,"items_purged":[],"score":526,"play_id":"3e39836e-f246-4980-863c-81e99451e11e","local_time":"20210107234747","is_ascension_mode":true,"campfire_choices":[{"data":"All Out Attack","floor":7,"key":"SMITH"},{"floor":15,"key":"REST"},{"data":"Footwork","floor":25,"key":"SMITH"},{"data":"Deadly Poison","floor":27,"key":"SMITH"}],"circlet_count":0,"master_deck":["AscendersBane","Strike_G","Strike_G","Strike_G","Strike_G","Defend_G","Defend_G","Defend_G","Defend_G","Survivor","Neutralize","Blur","Slice","All Out Attack+1","Deadly Poison","Deadly Poison+1","Footwork+1","Backstab","Noxious Fumes","Calculated Gamble","Quick Slash+1","Backflip"],"relics":["Ring of the Snake","White Beast Statue","Bag of Marbles","Odd Mushroom","SacredBark","Lee\u0027s Waffle","Nloth\u0027s Gift","Prayer Wheel","Ninja Scroll"],"acts_visited":["Exordium","TheCity"],"potions_floor_usage":[5,8,11,16,18,19,23,28,29],"damage_taken":[{"damage":0,"enemies":"Small Slimes","floor":1,"turns":4},{"damage":4,"enemies":"Jaw Worm","floor":2,"turns":5},{"damage":0,"enemies":"Cultist","floor":3,"turns":4},{"damage":9,"enemies":"Exordium Wildlife","floor":5,"turns":7},{"damage":41,"enemies":"Lagavulin","floor":6,"turns":10},{"damage":2,"enemies":"3 Sentries","floor":8,"turns":8},{"damage":0,"enemies":"Gremlin Nob","floor":11,"turns":2},{"damage":0,"enemies":"Looter","floor":13,"turns":3},{"damage":0,"enemies":"The Mushroom Lair","floor":14,"turns":1},{"damage":6,"enemies":"The Guardian","floor":16,"turns":10},{"damage":15,"enemies":"3 Byrds","floor":18,"turns":4},{"damage":0,"enemies":"Chosen","floor":19,"turns":3},{"damage":28,"enemies":"Slavers","floor":23,"turns":5},{"damage":16,"enemies":"Centurion and Healer","floor":24,"turns":9},{"damage":14,"enemies":"Snake Plant","floor":28,"turns":6},{"damage":25,"enemies":"Gremlin Leader","floor":29,"turns":4}],"seed_played":"-278936504640701611","potions_obtained":[{"floor":2,"key":"Block Potion"},{"floor":3,"key":"GhostInAJar"},{"floor":5,"key":"SmokeBomb"},{"floor":8,"key":"Explosive Potion"},{"floor":13,"key":"PowerPotion"},{"floor":14,"key":"BlessingOfTheForge"},{"floor":16,"key":"Poison Potion"},{"floor":18,"key":"Fire Potion"},{"floor":19,"key":"Energy Potion"},{"floor":23,"key":"Block Potion"},{"floor":24,"key":"PowerPotion"},{"floor":28,"key":"Ancient Potion"}],"is_trial":false,"path_per_floor":["M","M","M","?","M","E","R","E","T","?","E","$","M","?","R","B",null,"M","M","?","$","?","E","M","R","T","R","M","E"],"character_chosen":"THE_SILENT","items_purchased":["Backstab","SpeedPotion","Lee\u0027s Waffle"],"campfire_rested":1,"item_purchase_floors":[12,12,21],"current_hp_per_floor":[59,55,55,55,46,5,5,3,3,3,3,3,3,3,22,16,54,39,39,39,73,73,45,29,29,29,29,15,0,0],"gold":84,"neow_bonus":"TRANSFORM_CARD","is_daily":false,"chose_seed":false,"campfire_upgraded":3,"win_rate":0.0,"timestamp":1610081267,"path_taken":["M","M","M","?","M","E","R","E","T","?","E","$","?","?","R","BOSS","M","M","?","$","?","E","M","R","T","R","?","E"],"items_purchased_type":["Card","Potion","Relic"],"build_version":"2020-12-22","purchased_purges":0,"victory":false,"max_hp_per_floor":[66,66,66,66,66,66,66,66,66,66,66,66,66,66,66,66,66,66,66,66,73,73,73,73,73,73,73,73,73,73],"relic_stats":{"Lee\u0027s Waffle":34,"counters":[16,85],"Prayer Wheel":2,"Nloth\u0027s Gift":0,"obtain_stats":[{"Lee\u0027s Waffle":21,"Ninja Scroll":26,"SacredBark":17,"Prayer Wheel":23,"Bag of Marbles":9,"Nloth\u0027s Gift":22,"Odd Mushroom":14,"White Beast Statue":6,"InkBottle":8,"Ring of the Snake":0},{"Lee\u0027s Waffle":12,"Ninja Scroll":14,"SacredBark":10,"Prayer Wheel":13,"Bag of Marbles":6,"Nloth\u0027s Gift":12,"Odd Mushroom":9,"White Beast Statue":5,"InkBottle":6,"Ring of the Snake":0},{"Lee\u0027s Waffle":61,"Ninja Scroll":75,"SacredBark":54,"Prayer Wheel":66,"Bag of Marbles":38,"Nloth\u0027s Gift":61,"Odd Mushroom":44,"White Beast Statue":30,"InkBottle":38,"Ring of the Snake":0}],"Ring of the Snake":[32]},"card_choices":[{"not_picked":["Catalyst","Sucker Punch"],"picked":"Slice","floor":1},{"not_picked":["Catalyst","Concentrate"],"picked":"All Out Attack","floor":2},{"not_picked":["Expertise","Deflect","Heel Hook"],"picked":"SKIP","floor":3},{"not_picked":["Dodge and Roll","PiercingWail"],"picked":"Deadly Poison","floor":5},{"not_picked":["Predator","Eviscerate"],"picked":"Deadly Poison","floor":6},{"not_picked":["Prepared","Well Laid Plans"],"picked":"Footwork","floor":8},{"not_picked":["Corpse Explosion","Acrobatics"],"picked":"Noxious Fumes","floor":13},{"not_picked":["Flying Knee","Deadly Poison"],"picked":"Calculated Gamble","floor":14},{"not_picked":["Masterful Stab","Prepared","Cloak And Dagger"],"picked":"SKIP","floor":18},{"not_picked":["Dagger Throw","Quick Slash","Dodge and Roll"],"picked":"SKIP","floor":19},{"not_picked":["Noxious Fumes","Doppelganger","Choke"],"picked":"SKIP","floor":23},{"not_picked":["Setup","Deflect"],"picked":"Quick Slash+1","floor":24},{"not_picked":["Flying Knee","Slice","Caltrops"],"picked":"SKIP","floor":24},{"not_picked":["Eviscerate","Acrobatics"],"picked":"Backflip","floor":28},{"not_picked":["Underhanded Strike","Slice","Storm of Steel"],"picked":"SKIP","floor":28}],"player_experience":1178984,"relics_obtained":[{"floor":6,"key":"White Beast Statue"},{"floor":8,"key":"InkBottle"},{"floor":9,"key":"Bag of Marbles"},{"floor":14,"key":"Odd Mushroom"},{"floor":23,"key":"Prayer Wheel"},{"floor":26,"key":"Ninja Scroll"}],"event_choices":[{"cards_removed":["Strike_G"],"damage_healed":0,"gold_gain":0,"player_choice":"Card Removal","damage_taken":0,"max_hp_gain":0,"max_hp_loss":0,"event_name":"The Cleric","floor":4,"gold_loss":75},{"damage_healed":0,"gold_gain":0,"player_choice":"Leave","damage_taken":0,"max_hp_gain":0,"max_hp_loss":0,"event_name":"FaceTrader","floor":10,"gold_loss":0},{"damage_healed":0,"gold_gain":0,"player_choice":"Fought Mushrooms","damage_taken":0,"max_hp_gain":0,"max_hp_loss":0,"event_name":"Mushrooms","floor":14,"gold_loss":0},{"damage_healed":0,"gold_gain":0,"player_choice":"Ignored","damage_taken":0,"max_hp_gain":0,"max_hp_loss":0,"event_name":"Ghosts","floor":20,"gold_loss":0},{"damage_healed":0,"gold_gain":0,"player_choice":"Traded Relic","damage_taken":0,"relics_obtained":["Nloth\u0027s Gift"],"max_hp_gain":0,"max_hp_loss":0,"event_name":"N\u0027loth","floor":22,"relics_lost":["InkBottle"],"gold_loss":0}],"is_beta":false,"boss_relics":[{"not_picked":["Velvet Choker","Ectoplasm"],"picked":"SacredBark"}],"items_purged_floors":[],"is_endless":false,"potions_floor_spawned":[2,3,5,8,11,13,14,16,18,19,23,24,28],"killed_by":"Gremlin Leader","ascension_level":20}}