{"host":"y89x8uui45kcjy42","time":1610077506,"event":{"mods":["2.2 Compatiblity","BaseMod","CapriCore","Colored Map","Colored Powertips","Custom Start","Friendly Minions","Keyboard Shortcuts","Minty Spire (QoL Compilation)","Relic Stats","Slay the Relics Exporter","StSLib","SuperFastMode","Uncapped"],"gold_per_floor":[110,110,110,69,81,81,46,76,124,124,159,159,191,216,216,290,290,303,185,185,185,198,198,198,198,222,222,222,249,2,21,21,98,98,116,37,50,137,0,0,0,0,0,112,139,139,168,187,187,187,187,187,187,216,244,244],"floor_reached":57,"playtime":1816,"items_purged":["Defend_G","Strike_G","Defend_G","Strike_G","Defend_G","Survivor","Underhanded Strike+1"],"score":2992,"play_id":"deb05cb6-f187-4dfd-b9e8-b2291dbbdf25","local_time":"20210108124506","is_ascension_mode":true,"campfire_choices":[{"data":"Well Laid Plans","floor":6.0,"key":"SMITH"},{"data":"Concentrate","floor":10.0,"key":"SMITH"},{"data":"Eviscerate","floor":12.0,"key":"SMITH"},{"data":"Dagger Throw","floor":15.0,"key":"SMITH"},{"data":"Blade Dance","floor":23.0,"key":"SMITH"},{"data":"Acrobatics","floor":24.0,"key":"SMITH"},{"data":"Acrobatics","floor":25.0,"key":"SMITH"},{"data":"Leg Sweep","floor":27.0,"key":"SMITH"},{"data":"Backflip","floor":28.0,"key":"SMITH"},{"data":"Calculated Gamble","floor":32.0,"key":"SMITH"},{"data":"Prepared","floor":40,"key":"SMITH"},{"data":"Reflex","floor":41,"key":"SMITH"},{"data":"Adrenaline","floor":42,"key":"SMITH"},{"floor":46,"key":"RECALL"}],"circlet_count":0,"master_deck":["Neutralize+1","Concentrate+1","Leg Sweep+1","Well Laid Plans+1","Acrobatics+1","Backflip+1","Acrobatics+1","Eviscerate+1","Dagger Throw+1","Envenom+1","Infinite Blades+1","Accuracy+1","Blade Dance+1","Footwork+1","Calculated Gamble+1","Caltrops+1","Adrenaline+1","Footwork+1","Reflex+1","Prepared+1","A Thousand Cuts+1","Blur","Choke","Caltrops+1","After Image+1","After Image+1","After Image+1","After Image+1","After Image+1"],"relics":["Ring of the Snake","Ice Cream","Centennial Puzzle","Membership Card","Whetstone","MealTicket","Frozen Egg 2","PreservedInsect","Sozu","Snake Skull","Lantern","Kunai","StoneCalendar","Coffee Dripper","Snake Skull","Happy Flower","Red Mask","WingedGreaves","CaptainsWheel","Pen Nib","Coffee Dripper","Coffee Dripper","Coffee Dripper","Coffee Dripper","Omamori","Anchor","Vajra","OrangePellets"],"acts_visited":["Exordium","TheCity","TheBeyond","TheEnding"],"potions_floor_usage":[],"damage_taken":[{"damage":0.0,"enemies":"Jaw Worm","floor":1.0,"turns":5.0},{"damage":0.0,"enemies":"Small Slimes","floor":5.0,"turns":4.0},{"damage":38.0,"enemies":"3 Sentries","floor":8.0,"turns":11.0},{"damage":32.0,"enemies":"Gremlin Nob","floor":11.0,"turns":4.0},{"damage":20.0,"enemies":"3 Sentries","floor":13.0,"turns":6.0},{"damage":6.0,"enemies":"Gremlin Nob","floor":14.0,"turns":3.0},{"damage":9.0,"enemies":"Hexaghost","floor":16.0,"turns":9.0},{"damage":0.0,"enemies":"3 Byrds","floor":18.0,"turns":3.0},{"damage":0.0,"enemies":"Chosen","floor":22.0,"turns":3.0},{"damage":22.0,"enemies":"Gremlin Leader","floor":29.0,"turns":2.0},{"damage":13.0,"enemies":"Snake Plant","floor":31.0,"turns":2.0},{"damage":11.0,"enemies":"Collector","floor":33.0,"turns":5.0},{"damage":0,"enemies":"Orb Walker","floor":35,"turns":1},{"damage":71,"enemies":"3 Shapes","floor":37,"turns":3},{"damage":3,"enemies":"Reptomancer","floor":45,"turns":2},{"damage":0,"enemies":"Giant Head","floor":47,"turns":2},{"damage":14,"enemies":"Sphere and 2 Shapes","floor":48,"turns":1},{"damage":27,"enemies":"Awakened One","floor":50,"turns":3},{"damage":56,"enemies":"Time Eater","floor":51,"turns":7},{"damage":2,"enemies":"Shield and Spear","floor":55,"turns":2},{"damage":0,"enemies":"The Heart","floor":56,"turns":5}],"seed_played":"-4401906294587751240","potions_obtained":[{"floor":8.0,"key":"Explosive Potion"},{"floor":11.0,"key":"SmokeBomb"},{"floor":14.0,"key":"Block Potion"}],"is_trial":false,"path_per_floor":["M","?","?","$","M","R","?","E","T","R","E","R","E","E","R","B",null,"M","$","?","?","M","R","R","R","T","R","R","E","$","M","R","B",null,"M","$","M","$","?","R","R","R","T","$","E","R","E","M","R","B","B",null,"R","$","E","B",null],"character_chosen":"THE_SILENT","items_purchased":["Well Laid Plans","Acrobatics","Backflip","Accuracy+1","Blade Dance","StoneCalendar","Caltrops+1","Snake Skull","Happy Flower","Footwork+1","Prepared","A Thousand Cuts+1","Anchor","Vajra","OrangePellets","Blur","Choke","Caltrops+1"],"campfire_rested":0,"item_purchase_floors":[4,4,4,19,19,30,30,36,36,36,38,44,54,54,54,54,54,54],"current_hp_per_floor":[59,59,24,24,24,24,40,61,61,61,29,29,9,60,60,51,62,62,66,66,66,66,66,66,66,66,66,66,44,59,46,46,35,58,58,66,57,66,66,66,66,66,66,66,63,63,63,49,49,22,24,56,56,66,64,130],"gold":244,"neow_bonus":"THREE_CARDS","is_daily":false,"chose_seed":false,"campfire_upgraded":13,"win_rate":0.0,"timestamp":1610077506,"path_taken":["M","?","?","$","M","R","?","E","T","R","E","R","E","E","R","BOSS","M","$","?","?","M","R","R","R","T","R","R","E","$","M","R","BOSS","M","$","M","$","?","R","R","R","T","$","E","R","E","M","R","BOSS","BOSS","R","$","E","BOSS"],"items_purchased_type":["Card","Card","Card","Card","Card","Relic","Card","Relic","Relic","Card","Card","Card","Relic","Relic","Relic","Card","Card","Card"],"build_version":"2020-12-22","purchased_purges":7,"victory":true,"max_hp_per_floor":[66,66,66,66,66,66,66,66,66,66,66,66,66,66,66,66,66,66,66,66,66,66,66,66,66,66,66,66,66,66,66,66,66,66,66,66,66,66,66,66,66,66,66,66,66,66,66,66,66,66,66,66,66,66,66,132],"relic_stats":{"Happy Flower":[8],"counters":[21,83],"StoneCalendar":[0],"PreservedInsect":318,"Snake Skull":[239],"Pen Nib":[12],"Whetstone":["Underhanded Strike","Neutralize"],"Sozu":4,"OrangePellets":[3],"Centennial Puzzle":[42],"MealTicket":46,"Kunai":[49],"obtain_stats":[{"Ice Cream":1,"Lantern":26,"Happy Flower":36,"Vajra":54,"StoneCalendar":30,"PreservedInsect":14,"Snake Skull":17,"Pen Nib":45,"Omamori":47,"Whetstone":8,"Frozen Egg 2":13,"Sozu":17,"OrangePellets":54,"Centennial Puzzle":3,"CaptainsWheel":43,"Anchor":54,"MealTicket":11,"WingedGreaves":12,"Coffee Dripper":34,"Red Mask":39,"Membership Card":3,"Kunai":29,"Ring of the Snake":0},{"Ice Cream":1,"Lantern":9,"Happy Flower":13,"Vajra":19,"StoneCalendar":10,"PreservedInsect":6,"Snake Skull":7,"Pen Nib":15,"Omamori":16,"Whetstone":3,"Frozen Egg 2":5,"Sozu":7,"OrangePellets":19,"Centennial Puzzle":1,"CaptainsWheel":14,"Anchor":19,"MealTicket":4,"WingedGreaves":4,"Coffee Dripper":12,"Red Mask":14,"Membership Card":1,"Kunai":10,"Ring of the Snake":0},{"Ice Cream":2,"Lantern":48,"Happy Flower":58,"Vajra":76,"StoneCalendar":50,"PreservedInsect":33,"Snake Skull":42,"Pen Nib":63,"Omamori":65,"Whetstone":20,"Frozen Egg 2":30,"Sozu":42,"OrangePellets":76,"Centennial Puzzle":5,"CaptainsWheel":61,"Anchor":76,"MealTicket":24,"WingedGreaves":24,"Coffee Dripper":57,"Red Mask":61,"Membership Card":5,"Kunai":50,"Ring of the Snake":0}],"Ring of the Snake":[42]},"card_choices":[{"not_picked":["Riddle With Holes","Dash"],"picked":"Concentrate","floor":0.0},{"not_picked":["PiercingWail","Caltrops"],"picked":"Underhanded Strike","floor":1.0},{"not_picked":["Well Laid Plans","Flechettes"],"picked":"Acrobatics","floor":5.0},{"not_picked":["Prepared","Heel Hook"],"picked":"Eviscerate","floor":8.0},{"not_picked":["Deflect","Acrobatics","Terror"],"picked":"SKIP","floor":11.0},{"not_picked":["Heel Hook","Distraction"],"picked":"Dagger Throw","floor":13.0},{"not_picked":["Deadly Poison","Finisher","Bane"],"picked":"SKIP","floor":14.0},{"not_picked":["Glass Knife","Night Terror"],"picked":"Envenom+1","floor":16.0},{"not_picked":["Bane","Quick Slash"],"picked":"Infinite Blades+1","floor":18.0},{"not_picked":["Backstab","Acrobatics+1"],"picked":"Footwork+1","floor":22.0},{"not_picked":["Skewer","Concentrate"],"picked":"Calculated Gamble","floor":29.0},{"not_picked":["Calculated Gamble","Acrobatics","Bouncing Flask"],"picked":"SKIP","floor":31.0},{"not_picked":["Malaise","Storm of Steel"],"picked":"Adrenaline","floor":33.0},{"not_picked":["Sucker Punch+1","Skewer+1","Finisher"],"picked":"SKIP","floor":35},{"not_picked":["Flying Knee","Outmaneuver+1"],"picked":"Reflex","floor":37},{"not_picked":["Footwork+1","Expertise+1","Skewer"],"picked":"SKIP","floor":45},{"not_picked":["Sucker Punch","Tactician","Expertise"],"picked":"SKIP","floor":47},{"not_picked":["Dagger Throw","Cloak And Dagger","Sucker Punch"],"picked":"SKIP","floor":48},{"not_picked":["Calculated Gamble+1","Quick Slash+1","Distraction+1"],"picked":"SKIP","floor":55}],"player_experience":577901,"relics_obtained":[{"floor":8.0,"key":"Whetstone"},{"floor":11.0,"key":"MealTicket"},{"floor":13.0,"key":"Frozen Egg 2"},{"floor":14.0,"key":"PreservedInsect"},{"floor":26.0,"key":"Lantern"},{"floor":29.0,"key":"Kunai"},{"floor":43,"key":"CaptainsWheel"},{"floor":45,"key":"Pen Nib"},{"floor":47,"key":"Omamori"}],"event_choices":[{"damage_healed":0.0,"max_hp_gain":0.0,"max_hp_loss":0.0,"gold_gain":0.0,"cards_transformed":["Strike_G"],"event_name":"Living Wall","player_choice":"Change","floor":2.0,"gold_loss":0.0,"damage_taken":0.0,"cards_obtained":["Leg Sweep"]},{"damage_healed":0.0,"max_hp_gain":0.0,"max_hp_loss":0.0,"gold_gain":0.0,"event_name":"Scrap Ooze","player_choice":"Success","floor":3.0,"gold_loss":0.0,"damage_taken":35.0,"relics_obtained":["Centennial Puzzle"]},{"damage_healed":16.0,"max_hp_gain":0.0,"max_hp_loss":0.0,"gold_gain":0.0,"event_name":"The Cleric","player_choice":"Healed","floor":7.0,"gold_loss":35.0,"damage_taken":0.0},{"damage_healed":0.0,"max_hp_gain":0.0,"max_hp_loss":0.0,"gold_gain":0.0,"event_name":"Ghosts","player_choice":"Ignored","floor":20.0,"gold_loss":0.0,"damage_taken":0.0},{"damage_healed":0.0,"max_hp_gain":0.0,"max_hp_loss":0.0,"gold_gain":0.0,"event_name":"Vampires","player_choice":"Ignored","floor":21.0,"gold_loss":0.0,"damage_taken":0.0},{"damage_healed":0,"gold_gain":0,"player_choice":"Paid","damage_taken":0,"relics_obtained":["Red Mask"],"max_hp_gain":0,"max_hp_loss":0,"event_name":"Tomb of Lord Red Mask","floor":39,"gold_loss":137}],"is_beta":false,"boss_relics":[{"not_picked":["Pandora\u0027s Box","Astrolabe"],"picked":"Sozu"},{"not_picked":["Snecko Eye","Tiny House"],"picked":"Coffee Dripper"}],"items_purged_floors":[4,19,30,36,38,44,54],"is_endless":false,"potions_floor_spawned":[8,11,14,31,33,37,47],"ascension_level":20}}