{"host":"6pfj0wha12yu6wq3","time":1610135583,"event":{"mods":["AchievementEnabler","BaseMod","Colored Map","Colored Powertips","Curses Come First","DeckTracker","Filter the Spire","Hermit","Minty Spire (QoL Compilation)","RNG Fix","Relic Sorter","Relic Stats","StSLib","The Cursed","The Disciple","The Marked","UnlockEverythingMod","Waifu the Spire","ojb\u0027s Better Paths Mod","ojb\u0027s Info Mod"],"gold_per_floor":[367,13,13,88,105,139,139,139,194,210,210,228,258,273,273,352,352,362,373,373,197,210,210,237,256,338,351,401,401,401,401],"floor_reached":30,"playtime":1644,"items_purged":["Strike_G","Strike_G+1"],"score":570,"play_id":"c98ed2a4-20ee-4403-b75b-e16ea862cb99","local_time":"20210108145303","is_ascension_mode":true,"campfire_choices":[{"floor":8.0,"key":"REST"},{"data":"Tools of the Trade","floor":11.0,"key":"SMITH"},{"data":"Terror","floor":15.0,"key":"SMITH"},{"data":"Doppelganger","floor":23.0,"key":"SMITH"}],"circlet_count":0,"master_deck":["AscendersBane","Strike_G+1","Strike_G+1","Strike_G+1","Defend_G+1","Defend_G+1","Defend_G+1","Defend_G+1","Defend_G+1","Survivor","Neutralize","Poisoned Stab","Deadly Poison","Predator+1","Tools of the Trade+1","Reflex","Underhanded Strike","Acrobatics","Terror+1","Doppelganger+1","Dodge and Roll+1","Blade Dance","Reflex","Blur","Burst","Footwork+1","Backflip","Decay"],"relics":["Ring of the Snake","Frozen Eye","Kunai","Mango","HoveringKite","StrikeDummy","Bottled Tornado"],"acts_visited":["Exordium","TheCity"],"potions_floor_usage":[24,30],"damage_taken":[{"damage":4.0,"enemies":"Small Slimes","floor":1.0,"turns":5.0},{"damage":0.0,"enemies":"2 Louse","floor":5.0,"turns":3.0},{"damage":24.0,"enemies":"Gremlin Nob","floor":6.0,"turns":4.0},{"damage":1.0,"enemies":"Jaw Worm","floor":10.0,"turns":3.0},{"damage":0.0,"enemies":"Looter","floor":12.0,"turns":3.0},{"damage":0.0,"enemies":"Lagavulin","floor":13.0,"turns":6.0},{"damage":10.0,"enemies":"Lots of Slimes","floor":14.0,"turns":4.0},{"damage":9.0,"enemies":"The Guardian","floor":16.0,"turns":10.0},{"damage":14.0,"enemies":"3 Byrds","floor":18.0,"turns":3.0},{"damage":11.0,"enemies":"Chosen","floor":19.0,"turns":4.0},{"damage":9.0,"enemies":"3 Cultists","floor":22.0,"turns":6.0},{"damage":10,"enemies":"Book of Stabbing","floor":24,"turns":7},{"damage":7,"enemies":"Cultist and Chosen","floor":25,"turns":9},{"damage":0,"enemies":"Centurion and Healer","floor":27,"turns":5},{"damage":15,"enemies":"Snake Plant","floor":30,"turns":1}],"seed_played":"-1134562675386993994","potions_obtained":[{"floor":5.0,"key":"Weak Potion"},{"floor":6.0,"key":"DistilledChaos"},{"floor":13.0,"key":"LiquidBronze"},{"floor":16.0,"key":"AttackPotion"},{"floor":18.0,"key":"EntropicBrew"},{"floor":25,"key":"Fire Potion"},{"floor":27,"key":"DistilledChaos"}],"is_trial":false,"path_per_floor":["M","$","?","?","M","E","?","R","T","M","R","M","E","M","R","B",null,"M","M","?","$","M","R","E","M","T","M","?","?","M"],"character_chosen":"THE_SILENT","items_purchased":["Frozen Eye","Deadly Poison","LiquidMemories","Reflex"],"campfire_rested":1,"item_purchase_floors":[2,2,2,21],"current_hp_per_floor":[55,55,55,44,44,20,2,20,20,19,19,19,33,23,23,14,59,45,34,34,34,25,25,15,8,8,8,8,8,0,0],"gold":401,"neow_bonus":"TWO_FIFTY_GOLD","is_daily":false,"chose_seed":false,"campfire_upgraded":3,"win_rate":0.0,"timestamp":1610135583,"path_taken":["M","$","?","?","?","E","?","R","T","M","R","M","E","?","R","BOSS","M","?","?","$","M","R","E","M","T","M","?","?","M"],"items_purchased_type":["Relic","Card","Potion","Card"],"build_version":"2020-12-22","purchased_purges":2,"victory":false,"max_hp_per_floor":[60,60,60,60,60,60,60,60,60,60,60,60,74,74,74,74,74,74,74,74,74,74,74,74,74,74,74,74,74,74,74],"relic_stats":{"counters":[15,73],"HoveringKite":[25],"Kunai":[25],"obtain_stats":[{"Frozen Eye":2,"HoveringKite":17,"Mango":13,"Kunai":6,"Bottled Tornado":26,"StrikeDummy":24,"Ring of the Snake":0},{"Frozen Eye":1,"HoveringKite":8,"Mango":6,"Kunai":3,"Bottled Tornado":13,"StrikeDummy":12,"Ring of the Snake":0},{"Frozen Eye":5,"HoveringKite":38,"Mango":24,"Kunai":12,"Bottled Tornado":67,"StrikeDummy":58,"Ring of the Snake":0}],"Ring of the Snake":[30]},"card_choices":[{"not_picked":["Quick Slash","Underhanded Strike"],"picked":"Poisoned Stab","floor":1.0},{"not_picked":["Slice","All Out Attack"],"picked":"Predator","floor":5.0},{"not_picked":["Dagger Throw","Eviscerate"],"picked":"Tools of the Trade","floor":6.0},{"not_picked":["Deflect","Masterful Stab"],"picked":"Reflex","floor":10.0},{"not_picked":["Calculated Gamble","Distraction"],"picked":"Underhanded Strike","floor":12.0},{"not_picked":["Skewer","Eviscerate"],"picked":"Acrobatics","floor":13.0},{"not_picked":["Poisoned Stab","Bane"],"picked":"Terror","floor":14.0},{"not_picked":["Glass Knife","Envenom"],"picked":"Doppelganger","floor":16.0},{"not_picked":["Distraction","Prepared"],"picked":"Dodge and Roll+1","floor":18.0},{"not_picked":["Catalyst","Sucker Punch"],"picked":"Blade Dance","floor":19.0},{"not_picked":["Dagger Spray","PiercingWail"],"picked":"Blur","floor":22.0},{"not_picked":["Infinite Blades","Slice"],"picked":"Burst","floor":24},{"not_picked":["PiercingWail","Riddle With Holes"],"picked":"Footwork+1","floor":25},{"not_picked":["Footwork","Slice+1"],"picked":"Backflip","floor":27}],"player_experience":126254,"relics_obtained":[{"floor":6.0,"key":"Kunai"},{"floor":13.0,"key":"Mango"},{"floor":24,"key":"StrikeDummy"},{"floor":26,"key":"Bottled Tornado"}],"event_choices":[{"damage_healed":0.0,"max_hp_gain":0.0,"max_hp_loss":0.0,"gold_gain":0.0,"event_name":"Liars Game","player_choice":"Ignored","floor":3.0,"gold_loss":0.0,"damage_taken":0.0},{"damage_healed":0.0,"max_hp_gain":0.0,"max_hp_loss":0.0,"gold_gain":75.0,"event_name":"World of Goop","player_choice":"Gather Gold","floor":4.0,"gold_loss":0.0,"damage_taken":11.0},{"damage_healed":0.0,"max_hp_gain":0.0,"max_hp_loss":0.0,"gold_gain":0.0,"event_name":"Shining Light","player_choice":"Entered Light","floor":7.0,"gold_loss":0.0,"damage_taken":18.0,"cards_upgraded":["Defend_G","Predator"]},{"damage_healed":0.0,"max_hp_gain":0.0,"max_hp_loss":0.0,"gold_gain":0.0,"event_name":"Back to Basics","player_choice":"Simplicity","floor":20.0,"gold_loss":0.0,"damage_taken":0.0,"cards_upgraded":["Strike_G","Strike_G","Strike_G","Strike_G","Defend_G","Defend_G","Defend_G","Defend_G"]},{"damage_healed":0,"gold_gain":50,"player_choice":"Stole From Cult","damage_taken":0,"max_hp_gain":0,"max_hp_loss":0,"event_name":"Nest","floor":28,"gold_loss":0},{"damage_healed":0,"gold_gain":0,"player_choice":"Smashed Altar","damage_taken":0,"max_hp_gain":0,"max_hp_loss":0,"event_name":"Forgotten Altar","floor":29,"gold_loss":0,"cards_obtained":["Decay"]}],"is_beta":false,"boss_relics":[{"not_picked":["Cursed Key","Ring of the Serpent"],"picked":"HoveringKite"}],"items_purged_floors":[2,21],"is_endless":false,"potions_floor_spawned":[5,6,13,16,18,25,27],"killed_by":"Snake Plant","ascension_level":20}}