{"host":"mso9oeehumx549ew","time":1610070064,"event":{"mods":["AchievementEnabler","Act Like it!","BaseMod","BetterRewards","Colored Map","Colored Powertips","Curses Come First","Downfall","Hallownest","Hubris","Marisa????????","Minty Spire (QoL Compilation)","Quick Restart","Replay The Spire","Shop Mod","StSLib"],"gold_per_floor":[99,99,99,99,99,131,131,164,176,192,292,358,358,408,422,520,520,445,455,472,522,541,228,228,213,463,463,639,650,719,769,780,780,780,780],"floor_reached":33,"playtime":1189,"items_purged":[],"score":280,"play_id":"2f20dd9d-4333-47b6-84aa-29d1f68a1e63","local_time":"20210108014104","is_ascension_mode":false,"campfire_choices":[{"data":"Slimebound:CorrosiveSpit","floor":1,"key":"SMITH"},{"floor":13,"key":"REST"},{"data":"Slimebound:ViciousTackle","floor":18,"key":"SMITH"},{"data":"Slimebound:SplitMire","floor":27,"key":"SMITH"}],"circlet_count":0,"master_deck":["Slimebound:Tackle","Slimebound:Defend_Slimebound","Slimebound:Defend_Slimebound","Slimebound:Defend_Slimebound","Slimebound:Split","Slimebound:CorrosiveSpit+1","Slimebound:HauntingLick","Slimebound:ProtectTheBoss","Slimebound:RejuvenatingLick","Slimebound:ViciousTackle+1","Slimebound:SplitBruiser","Slimebound:ViciousTackle","Slimebound:SplitMire+1","Slimebound:LeechingTouch","Slimebound:SelfFormingGoo","Slimebound:SlimeSpikes","Slimebound:DisruptingSlam","Slimebound:Tackle+1","Slimebound:Tackle+1","Slimebound:Tackle+1","Slimebound:SlimeTap","Slimebound:LevelUp","Slimebound:GoopSpray"],"relics":["Slimebound:AbsorbEndCombat","downfall:HeartsMalice","Iron Hammer","hubris:MysteriousPyramids","Pantograph","downfall:CloakOfManyFaces","CultistMask","FaceOfCleric","NlothsMask","GremlinMask","SsserpentHead","Black Star","downfall:HeartBlessingGreen","Lizard Tail","downfall:RedIOU"],"acts_visited":["Exordium","TheCity"],"potions_floor_usage":[16,30,32,33,33,33],"damage_taken":[{"damage":0,"enemies":"2 Louse","floor":2,"turns":1},{"damage":0,"enemies":"Cultist","floor":4,"turns":1},{"damage":0,"enemies":"Small Slimes","floor":5,"turns":1},{"damage":35,"enemies":"Lagavulin","floor":6,"turns":6},{"damage":18,"enemies":"Gremlin Nob","floor":8,"turns":2},{"damage":15,"enemies":"Red Slaver","floor":9,"turns":2},{"damage":10,"enemies":"2 Fungi Beasts","floor":10,"turns":2},{"damage":32,"enemies":"downfall:FaceTrader","floor":11,"turns":5},{"damage":44,"enemies":"Exordium Thugs","floor":12,"turns":4},{"damage":14,"enemies":"Blue Slaver","floor":15,"turns":2},{"damage":87,"enemies":"downfall:Defect","floor":16,"turns":6},{"damage":46,"enemies":"Shell Parasite","floor":19,"turns":3},{"damage":19,"enemies":"Chosen","floor":20,"turns":3},{"damage":11,"enemies":"Snake Plant","floor":22,"turns":3},{"damage":25,"enemies":"downfall:FleeingMerchant","floor":23,"turns":4},{"damage":32,"enemies":"downfall:FleeingMerchant","floor":25,"turns":4},{"damage":40,"enemies":"downfall:FleeingMerchant","floor":28,"turns":4},{"damage":48,"enemies":"3 Cultists","floor":29,"turns":5},{"damage":40,"enemies":"Shelled Parasite and Fungi","floor":30,"turns":4},{"damage":37,"enemies":"Snake Plant","floor":32,"turns":5},{"damage":111,"enemies":"downfall:Ironclad","floor":33,"turns":9}],"seed_played":"8997555277910593089","potions_obtained":[{"floor":6,"key":"Reflective Coating"},{"floor":9,"key":"ColorlessPotion"},{"floor":11,"key":"SkillPotion"},{"floor":22,"key":"Energy Potion"},{"floor":30,"key":"Dexterity Potion"},{"floor":32,"key":"Languid Potion"}],"is_trial":false,"path_per_floor":["R","M","?","M","M","E","T","E","M","M","?","M","R","?","M","B",null,"R","M","M","?","M","$","T","$","?","R","$","M","M","?","M","B"],"character_chosen":"SLIMEBOUND","items_purchased":["Lizard Tail","Replay:Mystery Machine"],"campfire_rested":1,"item_purchase_floors":[23,28],"current_hp_per_floor":[60,60,60,60,60,44,44,48,41,43,41,20,38,43,46,17,63,63,42,54,54,60,62,62,53,53,53,44,31,14,14,37,0,0,0],"gold":780,"neow_bonus":"THREE_ENEMY_KILL","is_daily":false,"chose_seed":false,"campfire_upgraded":3,"win_rate":0.0,"timestamp":1610070064,"path_taken":["R","M","?","M","?","E","T","E","M","M","?","?","R","?","M","BOSS","R","M","M","?","M","$","T","$","?","R","$","M","?","?","M","BOSS"],"items_purchased_type":["Relic","Relic"],"build_version":"2020-12-22","purchased_purges":0,"victory":false,"max_hp_per_floor":[60,60,60,60,60,60,60,60,60,60,60,61,61,61,62,63,63,63,64,65,65,66,67,67,68,68,68,69,70,71,71,72,72,72,72],"card_choices":[{"not_picked":["Slimebound:RollThrough","Slimebound:GrowthPunch"],"picked":"Slimebound:HauntingLick","floor":2},{"not_picked":["Slimebound:Equalize","Slimebound:ViciousTackle"],"picked":"Slimebound:RejuvenatingLick","floor":4},{"not_picked":["Slimebound:ProtectTheBoss","Slimebound:GrowthPunch"],"picked":"Slimebound:ViciousTackle","floor":5},{"not_picked":["Slimebound:SplitLeeching","Slimebound:PressTheAttack"],"picked":"Slimebound:SplitBruiser","floor":6},{"not_picked":["Slimebound:GoopSpray","Slimebound:SamplingLick"],"picked":"Slimebound:ViciousTackle","floor":8},{"not_picked":["Slimebound:ViciousTackle","Slimebound:GrowthPunch"],"picked":"Slimebound:SplitMire","floor":9},{"not_picked":["Slimebound:SlimeSpikes","Slimebound:CheckThePlaybook"],"picked":"Slimebound:LeechingTouch","floor":10},{"not_picked":["Slimebound:PressTheAttack","Slimebound:RollThrough"],"picked":"Slimebound:SplitBruiser","floor":11},{"not_picked":["Slimebound:SplitAcid","Slimebound:SlimeTap","Slimebound:SplitMire"],"picked":"SKIP","floor":12},{"not_picked":["Slimebound:SplitSpecialist","Slimebound:SplitLeeching","Slimebound:GrowthPunch"],"picked":"SKIP","floor":15},{"not_picked":["Slimebound:OozeBath","Slimebound:MassFeed"],"picked":"Slimebound:SelfFormingGoo","floor":16},{"not_picked":["Slimebound:FinishingTackle","Slimebound:LeechEnergy"],"picked":"Slimebound:SlimeSpikes","floor":19},{"not_picked":["Slimebound:GrowthPunch","Slimebound:SplitLeeching"],"picked":"Slimebound:DisruptingSlam","floor":20},{"not_picked":["Slimebound:LeechEnergy+1","Slimebound:SplitAcid+1","Slimebound:Darklings"],"picked":"SKIP","floor":22},{"not_picked":["Slimebound:GrowthPunch","Slimebound:DisruptingSlam"],"picked":"Slimebound:SlimeTap","floor":23},{"not_picked":["Slimebound:SlimeSpikes","Slimebound:SplitLeeching"],"picked":"Slimebound:LevelUp","floor":25},{"not_picked":["Slimebound:SplitLeeching","Slimebound:SamplingLick","Slimebound:ComboTackle"],"picked":"SKIP","floor":28},{"not_picked":["Slimebound:Replication","Slimebound:LeechingTouch"],"picked":"Slimebound:GoopSpray","floor":29},{"not_picked":["Slimebound:Schlurp","Slimebound:SplitAcid","Slimebound:Nibble"],"picked":"SKIP","floor":30},{"not_picked":["Slimebound:RejuvenatingLick","Slimebound:GoopSpray","Slimebound:LeechEnergy"],"picked":"SKIP","floor":32}],"player_experience":164606,"relics_obtained":[{"floor":6,"key":"Iron Hammer"},{"floor":7,"key":"hubris:MysteriousPyramids"},{"floor":8,"key":"Pantograph"},{"floor":11,"key":"downfall:CloakOfManyFaces"}],"event_choices":[{"damage_healed":0,"gold_gain":0,"cards_transformed":["Slimebound:Defend_Slimebound"],"player_choice":"Transformed","damage_taken":0,"max_hp_gain":0,"max_hp_loss":0,"event_name":"Transmorgrifier","floor":3,"gold_loss":0,"cards_obtained":["Slimebound:ProtectTheBoss"]},{"cards_removed":["Slimebound:SplitBruiser"],"damage_healed":5,"gold_gain":0,"player_choice":"Offered Common","damage_taken":0,"max_hp_gain":0,"max_hp_loss":0,"event_name":"Bonfire Elementals","floor":14,"gold_loss":0},{"cards_removed":["Slimebound:SplitBruiser"],"damage_healed":5,"gold_gain":0,"player_choice":"Offered Special","damage_taken":0,"max_hp_gain":0,"max_hp_loss":0,"event_name":"Bonfire Elementals","floor":14,"gold_loss":0},{"damage_healed":0,"gold_gain":200,"player_choice":"Gold","damage_taken":0,"max_hp_gain":0,"max_hp_loss":0,"event_name":"Wheel of Change","floor":26,"gold_loss":0}],"is_beta":false,"boss_relics":[{"not_picked":["ChewingGum","hubris:Backtick"],"picked":"Black Star"}],"items_purged_floors":[],"is_endless":false,"potions_floor_spawned":[6,9,11,12,15,22,29,30,32],"killed_by":"downfall:Ironclad","ascension_level":0}}