{"host":"p4v0hquynnreu717","time":1610132176,"event":{"mods":["BaseMod","Better Vampires","DeckTracker","Googly Eyes","Minty Spire (QoL Compilation)","Quick Restart","StSLib","SuperFastMode"],"gold_per_floor":[10108,10108,9214,9228,8418,8438,8438,8458,8458,8468,8501,7740,7740,7067,7067,7144,7144,7162,7162,7177,6383,6400,6428,6428,6439,6439,6452,6464,6489,6508,5667,5667,5744,5744,5755,4737,4737,4753,4772,4772,4806,4823,4878,4878,4081,3163,3180,3180,3180,3180,3180,3180,2287,2321,2321],"floor_reached":56,"playtime":2036,"items_purged":["Strike_G","Strike_G","Strike_G","Defend_G","Defend_G","Skewer","Bouncing Flask","Survivor","Corpse Explosion","Neutralize+1"],"score":2608,"play_id":"1bacc3f4-f752-4977-9925-73932235bb8c","local_time":"20210109025616","is_ascension_mode":true,"campfire_choices":[{"data":"Tactician","floor":15.0,"key":"SMITH"},{"data":"Reflex","floor":24.0,"key":"SMITH"},{"data":"Prepared","floor":32.0,"key":"SMITH"},{"data":"Apotheosis","floor":40,"key":"SMITH"},{"data":"Calculated Gamble","floor":44,"key":"SMITH"},{"floor":49,"key":"RECALL"},{"data":"After Image","floor":52,"key":"SMITH"}],"circlet_count":0,"master_deck":["AscendersBane","Defend_G+1","Defend_G+1","Defend_G+1","Prepared+1","Calculated Gamble+1","Well Laid Plans","Tactician+1","Die Die Die","Backflip","Calculated Gamble","Madness+1","After Image+1","Doppelganger","Blur+1","Footwork","Calculated Gamble","Reflex+1","Grand Finale+1","Footwork","Malaise","Purity","Apotheosis+1","Acrobatics+1","Purity+1"],"relics":["HoveringKite","Frozen Eye","Calipers","Letter Opener","TheAbacus","Nunchaku","Ornamental Fan","Mercury Hourglass","Blue Candle","Chemical X","Toy Ornithopter","Centennial Puzzle","War Paint","Happy Flower","Calling Bell","Lantern","Meat on the Bone","The Specimen","HandDrill","Pen Nib","Darkstone Periapt","Potion Belt","Strawberry","Paper Crane","Singing Bowl","Ancient Tea Set","Cauldron","SacredBark","Whetstone","Torii","Toolbox","Unceasing Top","Lee\u0027s Waffle","Juzu Bracelet","Bottled Lightning","Medical Kit","HornCleat","Toxic Egg 2","PrismaticShard","Orichalcum","Blood Vial","Art of War"],"acts_visited":["Exordium","TheCity","TheBeyond","TheEnding"],"potions_floor_usage":[50,55,55,55,55,55,55,55],"damage_taken":[{"damage":0.0,"enemies":"2 Louse","floor":1.0,"turns":3.0},{"damage":0.0,"enemies":"Jaw Worm","floor":4.0,"turns":4.0},{"damage":0.0,"enemies":"Cultist","floor":6.0,"turns":4.0},{"damage":0.0,"enemies":"Exordium Thugs","floor":8.0,"turns":4.0},{"damage":0.0,"enemies":"Blue Slaver","floor":10.0,"turns":2.0},{"damage":4.0,"enemies":"Lagavulin","floor":11.0,"turns":5.0},{"damage":1.0,"enemies":"Slime Boss","floor":16.0,"turns":6.0},{"damage":4.0,"enemies":"Shell Parasite","floor":18.0,"turns":3.0},{"damage":4.0,"enemies":"Chosen","floor":20.0,"turns":3.0},{"damage":8.0,"enemies":"Shelled Parasite and Fungi","floor":22.0,"turns":3.0},{"damage":14.0,"enemies":"Slavers","floor":23.0,"turns":2.0},{"damage":8.0,"enemies":"Snake Plant","floor":25.0,"turns":2.0},{"damage":0.0,"enemies":"Sentry and Sphere","floor":27.0,"turns":2.0},{"damage":8.0,"enemies":"Shelled Parasite and Fungi","floor":28.0,"turns":2.0},{"damage":0.0,"enemies":"Gremlin Leader","floor":29.0,"turns":4.0},{"damage":4.0,"enemies":"Centurion and Healer","floor":30.0,"turns":4.0},{"damage":0.0,"enemies":"Collector","floor":33.0,"turns":5.0},{"damage":18.0,"enemies":"3 Darklings","floor":35.0,"turns":3.0},{"damage":0.0,"enemies":"3 Shapes","floor":38.0,"turns":4.0},{"damage":1,"enemies":"Transient","floor":39,"turns":5},{"damage":0,"enemies":"Reptomancer","floor":41,"turns":4},{"damage":2,"enemies":"Spire Growth","floor":42,"turns":4},{"damage":1,"enemies":"Sphere and 2 Shapes","floor":47,"turns":3},{"damage":0,"enemies":"Time Eater","floor":50,"turns":5},{"damage":1,"enemies":"Shield and Spear","floor":54,"turns":3},{"damage":2,"enemies":"The Heart","floor":55,"turns":6}],"seed_played":"-2405471351652228618","potions_obtained":[{"floor":8.0,"key":"Ancient Potion"},{"floor":10.0,"key":"DistilledChaos"},{"floor":16.0,"key":"Fire Potion"},{"floor":25.0,"key":"Weak Potion"},{"floor":30.0,"key":"EntropicBrew"},{"floor":31.0,"key":"DistilledChaos"},{"floor":31.0,"key":"Energy Potion"},{"floor":54,"key":"SkillPotion"}],"is_trial":false,"path_per_floor":["M","?","$","M","$","M","?","M","T","M","E","$","?","$","R","B",null,"M","?","M","$","M","E","R","M","T","M","M","E","M","$","R","B",null,"M","$","?","M","M","R","E","M","T","R","$","$","M","?","R","B",null,"R","$","E","B",null],"character_chosen":"THE_SILENT","items_purchased":["Frozen Eye","Calipers","Letter Opener","Prepared","Bouncing Flask","TheAbacus","Nunchaku","Ornamental Fan","Calculated Gamble","Well Laid Plans","Backflip","Calculated Gamble","Discovery","Chemical X","Toy Ornithopter","Centennial Puzzle","Madness","War Paint","Happy Flower","After Image","Footwork","HandDrill","Pen Nib","Darkstone Periapt","Purity","Singing Bowl","Ancient Tea Set","Cauldron","Apotheosis","Whetstone","Torii","Toolbox","Lee\u0027s Waffle","Juzu Bracelet","Bottled Lightning","Medical Kit","HornCleat","Toxic Egg 2","PrismaticShard","Orichalcum","Blood Vial","Acrobatics+1","Purity+1"],"campfire_rested":0,"item_purchase_floors":[3,3,3,3,3,5,5,5,5,5,12,12,12,12,12,12,14,14,14,14,21,21,21,21,31,31,31,31,36,36,36,36,45,45,45,46,46,46,53,53,53,53,53],"current_hp_per_floor":[59,39,39,39,39,39,39,39,39,39,35,35,35,35,35,34,58,54,36,44,44,36,34,34,38,45,45,49,49,45,45,45,47,72,56,56,82,84,85,85,87,87,87,87,97,97,98,94,94,99,104,104,104,106,107],"gold":2321,"neow_bonus":"BOSS_RELIC","is_daily":false,"chose_seed":false,"campfire_upgraded":6,"win_rate":0.0,"timestamp":1610132176,"path_taken":["M","?","$","M","$","M","?","?","T","M","E","?","?","$","R","BOSS","M","?","M","$","M","E","R","M","T","M","M","E","M","$","R","BOSS","M","$","?","M","?","R","E","M","T","R","?","$","M","?","R","BOSS","R","$","E","BOSS"],"items_purchased_type":["Relic","Relic","Relic","Card","Card","Relic","Relic","Relic","Card","Card","Card","Card","Card","Relic","Relic","Relic","Card","Relic","Relic","Card","Card","Relic","Relic","Relic","Card","Relic","Relic","Relic","Card","Relic","Relic","Relic","Relic","Relic","Relic","Relic","Relic","Relic","Relic","Relic","Relic","Card","Card"],"build_version":"2020-12-22","purchased_purges":10,"victory":true,"max_hp_per_floor":[66,66,66,66,66,66,66,66,66,66,66,66,66,66,66,66,66,66,71,71,71,71,71,71,71,78,78,78,78,78,78,78,80,80,82,82,82,84,86,86,88,90,90,90,97,97,99,105,105,105,105,105,105,107,107],"card_choices":[{"not_picked":["Flying Knee","Dagger Spray","Underhanded Strike"],"picked":"SKIP","floor":1.0},{"not_picked":["Dodge and Roll","Poisoned Stab"],"picked":"Corpse Explosion","floor":4.0},{"not_picked":["PiercingWail","Leg Sweep","Cloak And Dagger"],"picked":"SKIP","floor":6.0},{"not_picked":["Crippling Poison","Deadly Poison"],"picked":"Tactician","floor":8.0},{"not_picked":["Deadly Poison","All Out Attack"],"picked":"Die Die Die","floor":10.0},{"not_picked":["Quick Slash","Cloak And Dagger","Accuracy"],"picked":"SKIP","floor":11.0},{"not_picked":["Die Die Die","After Image"],"picked":"Doppelganger","floor":16.0},{"not_picked":["Flying Knee","Backflip","Blade Dance"],"picked":"SKIP","floor":18.0},{"not_picked":["Flying Knee","Bane"],"picked":"Blur+1","floor":20.0},{"not_picked":["Bane","Dodge and Roll"],"picked":"Calculated Gamble","floor":22.0},{"not_picked":["Skewer","Setup"],"picked":"Reflex","floor":23.0},{"not_picked":["Quick Slash","Slice","Poisoned Stab"],"picked":"SKIP","floor":25.0},{"not_picked":["Dodge and Roll","Acrobatics"],"picked":"Grand Finale","floor":27.0},{"not_picked":["Dagger Spray","Underhanded Strike","Flying Knee"],"picked":"SKIP","floor":28.0},{"not_picked":["PiercingWail+1","Quick Slash"],"picked":"Footwork","floor":29.0},{"not_picked":["Quick Slash","Tactician"],"picked":"Malaise","floor":30.0},{"not_picked":["Envenom","Burst","Venomology"],"picked":"Singing Bowl","floor":33.0},{"not_picked":["Blade Dance+1","Concentrate","Predator"],"picked":"Singing Bowl","floor":35.0},{"not_picked":["Eviscerate+1","Underhanded Strike","Poisoned Stab+1"],"picked":"Singing Bowl","floor":38.0},{"not_picked":["Catalyst+1","PiercingWail+1","Dagger Spray+1"],"picked":"Singing Bowl","floor":39},{"not_picked":["Masterful Stab","Poisoned Stab","Crippling Poison+1"],"picked":"Singing Bowl","floor":41},{"not_picked":["Poisoned Stab","Riddle With Holes+1","Flying Knee"],"picked":"Singing Bowl","floor":42},{"not_picked":["Outmaneuver+1","Expertise+1","Flying Knee+1"],"picked":"Singing Bowl","floor":47},{"not_picked":["Thinking Ahead+1","Transmutation+1","Swift Strike"],"picked":"Singing Bowl","floor":48},{"not_picked":["Good Instincts+1","Blind+1","Trip+1"],"picked":"Singing Bowl","floor":48},{"not_picked":["PanicButton+1","Enlightenment+1","Madness+1"],"picked":"Singing Bowl","floor":48},{"not_picked":["Spot Weakness+1","Infernal Blade+1","Dodge and Roll+1"],"picked":"Singing Bowl","floor":54}],"player_experience":779669,"relics_obtained":[{"floor":9.0,"key":"Mercury Hourglass"},{"floor":11.0,"key":"Blue Candle"},{"floor":17.0,"key":"Lantern"},{"floor":17.0,"key":"Meat on the Bone"},{"floor":17.0,"key":"The Specimen"},{"floor":23.0,"key":"Potion Belt"},{"floor":26.0,"key":"Strawberry"},{"floor":29.0,"key":"Paper Crane"},{"floor":41,"key":"Unceasing Top"},{"floor":54,"key":"Art of War"}],"event_choices":[{"damage_healed":0.0,"max_hp_gain":0.0,"max_hp_loss":0.0,"gold_gain":0.0,"event_name":"Shining Light","player_choice":"Entered Light","floor":2.0,"gold_loss":0.0,"damage_taken":20.0,"cards_upgraded":["Defend_G","Defend_G"]},{"damage_healed":0.0,"max_hp_gain":0.0,"max_hp_loss":0.0,"gold_gain":0.0,"cards_transformed":["Strike_G"],"event_name":"Transmorgrifier","player_choice":"Transformed","floor":7.0,"gold_loss":0.0,"damage_taken":0.0,"cards_obtained":["Skewer"]},{"cards_removed":["Strike_G"],"damage_healed":0.0,"max_hp_gain":0.0,"max_hp_loss":0.0,"gold_gain":0.0,"event_name":"Living Wall","player_choice":"Forget","floor":13.0,"gold_loss":0.0,"damage_taken":0.0},{"damage_healed":0.0,"max_hp_gain":5.0,"max_hp_loss":0.0,"gold_gain":0.0,"event_name":"Forgotten Altar","player_choice":"Shed Blood","floor":19.0,"gold_loss":0.0,"damage_taken":23.0},{"cards_removed":["Discovery"],"damage_healed":26.0,"max_hp_gain":0.0,"max_hp_loss":0.0,"gold_gain":0.0,"event_name":"Bonfire Elementals","player_choice":"Offered Uncommon","floor":37.0,"gold_loss":0.0,"damage_taken":0.0},{"damage_healed":0,"gold_gain":0,"player_choice":"Memory 3","damage_taken":10,"max_hp_gain":0,"max_hp_loss":0,"event_name":"SensoryStone","floor":48,"gold_loss":0}],"is_beta":false,"boss_relics":[{"not_picked":["Astrolabe","Black Star"],"picked":"Calling Bell"},{"not_picked":["Velvet Choker","Sozu"],"picked":"SacredBark"}],"items_purged_floors":[3,5,12,14,21,31,36,45,46,53],"is_endless":false,"potions_floor_spawned":[8,10,16,18,20,25,30,33,39,41,54],"ascension_level":15}}