{"host":"yassvrowvc2yfwp2","time":1610074763,"event":{"mods":["2.2 Compatiblity","Act Like it!","BaseMod","Better Note","Downfall","HololiveMod","Jorbs\u0027s Wanderer Trilogy","Minty Spire (QoL Compilation)","Prisma Mod","Rare Cards Sparkle","Reimu£®≤©¿ˆ¡È√Œ£©","Replay The Spire","Spicy Shops","StSLib","The Bug Knight","The Cursed","The Servant 0.9.4"],"gold_per_floor":[99,115,126,138,98,98,98,98,118,135,150,162,337,354,364,460,560,560,576,588,588,688,722,722,722,722,736,753,769,787,469,486,582,582,582,597,615,631,631,631,631,647,647,666,666,666,666,693,705,705],"floor_reached":51,"playtime":2677,"items_purged":[],"score":723,"play_id":"d8836839-7df5-4505-bae3-02664e5e67d8","local_time":"20210108105923","is_ascension_mode":false,"campfire_choices":[{"floor":1,"key":"DIG"},{"data":"BlastKick2:ReiMu","floor":8,"key":"SMITH"},{"data":"DependentForm:ReiMu","floor":18,"key":"SMITH"},{"floor":26,"key":"REST"},{"data":"Free:ReiMu","floor":35,"key":"SMITH"},{"floor":40,"key":"REST"},{"data":"NineCharacters:ReiMu","floor":47,"key":"SMITH"}],"circlet_count":0,"master_deck":["Strike_Lin:ReiMu","Strike_Lin:ReiMu","Strike_Lin:ReiMu","Strike_Lin:ReiMu","Defend_Lin:ReiMu","Defend_Lin:ReiMu+1","Defend_Lin:ReiMu","Defend_Lin:ReiMu","NB:ReiMu+1","Stagnation:ReiMu","YinYangSange:ReiMu","YinYangSign:ReiMu","BlastKick2:ReiMu+1","SpreadBorder2:ReiMu","DoubleButterfly:ReiMu","InherentArray:ReiMu","NineCharacters:ReiMu+1","Mountainwind:ReiMu","FantasyMoon:ReiMu","DependentForm:ReiMu+1","SpreadBorder2:ReiMu","Revelation:ReiMu","MountainWay:ReiMu+1","WonderfulDomain:ReiMu+1","TakeOff:ReiMu+1","KyokaiOfKami:ReiMu","Free:ReiMu+1","FantasyMoon:ReiMu+1","PayForSelf:ReiMu","NineCharacters:ReiMu","Doubt","FineLineFantasy:ReiMu"],"relics":["FlyPower:ReiMu","Replay:Mystery Machine","Bag of Marbles","PaintedHorse:ReiMu","Blue Candle","Replay:Wanted Poster","Lizard Tail","Nloth\u0027s Gift","Gremlin Food","Blood Vial","Hololive_Finger","Salt:ReiMu","Spirit Poop","Dead Branch","StrikeDummy"],"acts_visited":["Exordium","TheCity","TheBeyond"],"potions_floor_usage":[23,29,50,50,50],"damage_taken":[{"damage":7,"enemies":"Cultist","floor":2,"turns":4},{"damage":0,"enemies":"2 Louse","floor":3,"turns":3},{"damage":4,"enemies":"Small Slimes","floor":4,"turns":5},{"damage":3,"enemies":"Blue Slaver","floor":9,"turns":3},{"damage":5,"enemies":"Exordium Wildlife","floor":10,"turns":8},{"damage":2,"enemies":"Large Slime","floor":11,"turns":7},{"damage":8,"enemies":"Exordium Thugs","floor":12,"turns":5},{"damage":1,"enemies":"Blue Slaver","floor":14,"turns":5},{"damage":2,"enemies":"Red Slaver","floor":15,"turns":3},{"damage":19,"enemies":"Slime Boss","floor":16,"turns":14},{"damage":14,"enemies":"Spheric Guardian","floor":19,"turns":6},{"damage":6,"enemies":"3 Byrds","floor":20,"turns":8},{"damage":31,"enemies":"Slavers","floor":23,"turns":7},{"damage":1,"enemies":"Centurion and Healer","floor":27,"turns":8},{"damage":1,"enemies":"Chosen and Byrds","floor":28,"turns":7},{"damage":25,"enemies":"3 Cultists","floor":29,"turns":6},{"damage":0,"enemies":"Centurion and Healer","floor":30,"turns":9},{"damage":0,"enemies":"downfall:FleeingMerchant","floor":31,"turns":4},{"damage":0,"enemies":"Snake Plant","floor":32,"turns":6},{"damage":12,"enemies":"downfall:Defect","floor":33,"turns":10},{"damage":1,"enemies":"3 Shapes","floor":36,"turns":6},{"damage":3,"enemies":"Orb Walker","floor":37,"turns":4},{"damage":15,"enemies":"Jaw Worm Horde","floor":38,"turns":5},{"damage":23,"enemies":"Transient","floor":42,"turns":5},{"damage":11,"enemies":"Sphere and 2 Shapes","floor":44,"turns":7},{"damage":2,"enemies":"HollowMod:StalkingDevout","floor":48,"turns":8},{"damage":4,"enemies":"Maw","floor":49,"turns":9},{"damage":22,"enemies":"downfall:Ironclad","floor":50,"turns":9}],"seed_played":"5824380158182713036","potions_obtained":[{"floor":4,"key":"Languid Potion"},{"floor":12,"key":"FearPotion"},{"floor":14,"key":"DuplicationPotion"},{"floor":15,"key":"PinkPotion:ReiMu"},{"floor":23,"key":"AttackPotion"},{"floor":33,"key":"SteroidPotion"},{"floor":39,"key":"downfall:CursedFountainPotion"},{"floor":49,"key":"PowerPotion"}],"is_trial":false,"path_per_floor":["R","M","M","M","?","?","T","R","M","M","M","M","?","M","M","B",null,"R","M","M","?","?","E","T","?","R","M","M","M","M","$","M","B",null,"R","M","M","M","?","R","T","M","?","M","?","?","R","E","M","B",null],"character_chosen":"REIMU","items_purchased":["Gremlin Food","Blood Vial"],"campfire_rested":2,"item_purchase_floors":[31,31],"current_hp_per_floor":[65,58,58,54,54,54,54,54,51,46,44,36,36,35,33,14,65,65,51,45,45,45,14,14,14,33,32,31,6,6,6,8,31,65,65,64,62,49,49,65,65,42,42,33,65,65,65,63,61,41],"gold":705,"neow_bonus":"RANDOM_COMMON_RELIC","is_daily":false,"chose_seed":false,"campfire_upgraded":4,"win_rate":0.0,"timestamp":1610074763,"path_taken":["R","M","M","M","?","?","T","R","M","M","M","M","?","M","M","BOSS","R","M","M","?","?","E","T","?","R","M","M","M","M","?","M","BOSS","R","M","M","M","?","R","T","?","?","?","?","?","R","E","M","BOSS"],"items_purchased_type":["Relic","Relic"],"build_version":"2020-12-22","purchased_purges":0,"victory":true,"max_hp_per_floor":[65,65,65,65,65,65,65,65,65,65,65,65,65,65,65,65,65,65,65,65,65,65,65,65,65,65,65,65,65,65,65,65,65,65,65,65,65,65,65,65,65,65,65,65,65,65,65,65,65,65],"card_choices":[{"not_picked":["OrbThrow:ReiMu","SubcavityInstant:ReiMu"],"picked":"YinYangSange:ReiMu","floor":2},{"not_picked":["Enchanting:ReiMu","SubAcupoint:ReiMu"],"picked":"YinYangSign:ReiMu","floor":3},{"not_picked":["Conquer:ReiMu","Revelation:ReiMu"],"picked":"BlastKick2:ReiMu","floor":4},{"not_picked":["OrbThrow:ReiMu","PassingAway:ReiMu"],"picked":"SpreadBorder2:ReiMu","floor":9},{"not_picked":["Enchanting:ReiMu","RainPray2:ReiMu"],"picked":"DoubleButterfly:ReiMu","floor":10},{"not_picked":["YinYangSign:ReiMu","PayForSelf:ReiMu"],"picked":"InherentArray:ReiMu","floor":11},{"not_picked":["YinYangSign:ReiMu","WonderfulDomain:ReiMu"],"picked":"NineCharacters:ReiMu","floor":12},{"not_picked":["SubcavityInstant:ReiMu","CollectionFlower2:ReiMu"],"picked":"Mountainwind:ReiMu","floor":14},{"not_picked":["SubAcupoint:ReiMu","SpringWay:ReiMu"],"picked":"FantasyMoon:ReiMu","floor":15},{"not_picked":["Shading:ReiMu","HakureiPhantom:ReiMu"],"picked":"DependentForm:ReiMu","floor":16},{"not_picked":["AlertArray:ReiMu+1","LearningPray:ReiMu"],"picked":"SpreadBorder2:ReiMu","floor":19},{"not_picked":["SpringWay:ReiMu","Meditation:ReiMu"],"picked":"Revelation:ReiMu","floor":20},{"not_picked":["SpringWay:ReiMu","RainPray2:ReiMu+1","Gathering:ReiMu"],"picked":"SKIP","floor":23},{"not_picked":["SubAcupoint:ReiMu","EmergencyTakeOff:ReiMu","YinYangSign:ReiMu"],"picked":"SKIP","floor":27},{"not_picked":["Amulet:ReiMu","PrepareRite:ReiMu"],"picked":"MountainWay:ReiMu+1","floor":28},{"not_picked":["SpreadBorder2:ReiMu","SafetyPray:ReiMu+1"],"picked":"WonderfulDomain:ReiMu+1","floor":29},{"not_picked":["AlertArray:ReiMu+1","YinYangSange:ReiMu+1"],"picked":"TakeOff:ReiMu+1","floor":30},{"not_picked":["LovePray:ReiMu","SubAcupoint:ReiMu"],"picked":"KyokaiOfKami:ReiMu","floor":31},{"not_picked":["Intuition:ReiMu","WonderfulDomain:ReiMu","TightArray:ReiMu"],"picked":"SKIP","floor":32},{"not_picked":["SubcavityFantasy:ReiMu","Determination:ReiMu"],"picked":"Free:ReiMu","floor":33},{"not_picked":["SubAcupoint:ReiMu+1","OrbThrow:ReiMu+1"],"picked":"FantasyMoon:ReiMu+1","floor":36},{"not_picked":["WonderfulDomain:ReiMu+1","YinYangSign:ReiMu+1"],"picked":"PayForSelf:ReiMu","floor":37},{"not_picked":["Conquer:ReiMu+1","Intuition:ReiMu","RunawayExorcism:ReiMu"],"picked":"SKIP","floor":38},{"not_picked":["CareerPray:ReiMu+1","RainPray2:ReiMu","CollectionFlower2:ReiMu"],"picked":"SKIP","floor":42},{"not_picked":["UniversalSpiritual:ReiMu+1","SpiritualOutbreak2:ReiMu"],"picked":"NineCharacters:ReiMu","floor":44},{"not_picked":["ForcedLanding:ReiMu+1","FantasyBorder:ReiMu+1"],"picked":"FineLineFantasy:ReiMu","floor":48},{"not_picked":["Crusade:ReiMu","SpringWay:ReiMu","SpreadBorder2:ReiMu"],"picked":"SKIP","floor":49}],"player_experience":2028010,"relics_obtained":[{"floor":1,"key":"Bag of Marbles"},{"floor":7,"key":"Blue Candle"},{"floor":23,"key":"Lizard Tail"},{"floor":24,"key":"Ancient Tea Set"},{"floor":41,"key":"Salt:ReiMu"},{"floor":46,"key":"Dead Branch"},{"floor":48,"key":"StrikeDummy"}],"event_choices":[{"damage_healed":0,"gold_gain":0,"player_choice":"»˚«Æ","damage_taken":0,"relics_obtained":["PaintedHorse:ReiMu"],"max_hp_gain":0,"max_hp_loss":0,"event_name":"yidonshenshe","floor":5,"gold_loss":40},{"damage_healed":0,"gold_gain":175,"player_choice":"AGREE","damage_taken":0,"max_hp_gain":0,"max_hp_loss":0,"event_name":"Liars Game","floor":13,"gold_loss":0,"cards_obtained":["Doubt"]},{"cards_removed":["Doubt"],"damage_healed":0,"gold_gain":0,"player_choice":"Offered Curse","damage_taken":0,"relics_obtained":["Spirit Poop"],"max_hp_gain":0,"max_hp_loss":0,"event_name":"Bonfire Elementals","floor":43,"gold_loss":0}],"is_beta":false,"boss_relics":[{"not_picked":["Replay:Drink Me","Hololive_ChaosS"],"picked":"Replay:Wanted Poster"},{"not_picked":["ReplayTheSpireMod:DimensionalGlitch","Tiny House"],"picked":"Hololive_Finger"}],"items_purged_floors":[],"is_endless":false,"potions_floor_spawned":[4,12,14,15,16,23,28,33,42,49],"ascension_level":0}}