{"host":"t6w2q9o6m1ipuhb5","time":1610086332,"event":{"mods":["2.2 Compatiblity","Abigail Mod","AchievementEnabler","Arknights The Spire","BaseMod","Chen","Colored Map","Colored Powertips","Downfall","Friendly Minions","GifTheSpireLib","Hermit","Hubris","Infinite Spire","KinomotoSakuraMod(????)","Kiyohime????","Marisa????????","Mimic Mod","Minty Spire (QoL Compilation)","Permanent Neow","Prisma Mod","Quick Restart","Reimu??????","Remilia??????","Replay The Spire","StSLib","SuperFastMode","The Animator","The Bug Knight","The Construct","The Cursed","The Marked","The Mystic","The Senshi","Waifu the Spire"],"gold_per_floor":[119,119,135,135,135,135,155,155,192,33,45,62,87,4,4,106,206,122,82,82,282,282,282,294,243,243,243,262,290,290,290],"floor_reached":30,"playtime":1796,"items_purged":[],"score":246,"play_id":"c1a38cb4-b7f3-4dcb-a942-bb937b27aee1","local_time":"20210108011212","is_ascension_mode":false,"campfire_choices":[{"data":"KiyohimeMod:GreenBlackKey","floor":6,"key":"SMITH"},{"floor":15,"key":"REST"},{"floor":23,"key":"REST"}],"circlet_count":0,"master_deck":["KiyohimeMod:Strike","KiyohimeMod:Strike","KiyohimeMod:Strike","KiyohimeMod:Strike","KiyohimeMod:Defend","KiyohimeMod:Defend","KiyohimeMod:Defend","KiyohimeMod:Defend","KiyohimeMod:Track","KiyohimeMod:FlameKiss","KiyohimeMod:Shapeshift+1","KiyohimeMod:Preemptive","KiyohimeMod:GreenBlackKey+1","KiyohimeMod:CommandCard_Quick","KiyohimeMod:Berserker","Normality","KiyohimeMod:Berserker","KiyohimeMod:LimitedZeroOver","KiyohimeMod:RedBlackKey","KiyohimeMod:HydraDagger","KiyohimeMod:AVerseOfBurningLoveStory","KiyohimeMod:CelestialInvertedMoon","KiyohimeMod:FacelessMoon","KiyohimeMod:Projection","ZunPunch:ReiMu","ReplayTheSpireMod:Black Plague","KiyohimeMod:FormalCraft+1","KiyohimeMod:Preemptive","KiyohimeMod:AndSoTheShipConquers+1","KiyohimeMod:Berserker+1"],"relics":["KiyohimeMod:FireDragon","PreservedInsect","Replay:Wax Seal","ReplayTheSpireMod:CursedCoin","Blue Candle","Bird Faced Urn","Replay:Wanted Poster","Nilry\u0027s Codex","ScarletDevilRocket","hubris:PeanutButter","Oddly Smooth Stone"],"acts_visited":["Exordium","TheCity"],"potions_floor_usage":[13,18,28,29,29],"damage_taken":[{"damage":6,"enemies":"Small Slimes","floor":1,"turns":6},{"damage":0,"enemies":"2 Louse","floor":3,"turns":3},{"damage":0,"enemies":"Cultist","floor":7,"turns":2},{"damage":0,"enemies":"Exordium Thugs","floor":9,"turns":4},{"damage":18,"enemies":"Exordium Thugs","floor":11,"turns":4},{"damage":13,"enemies":"Red Slaver","floor":12,"turns":2},{"damage":22,"enemies":"Lagavulin","floor":13,"turns":4},{"damage":30,"enemies":"Slime Boss","floor":16,"turns":8},{"damage":35,"enemies":"Shell Parasite","floor":18,"turns":4},{"damage":0,"enemies":"Spheric Guardian","floor":24,"turns":1},{"damage":6,"enemies":"Centurion and Healer","floor":28,"turns":5},{"damage":29,"enemies":"Slavers","floor":29,"turns":4},{"damage":17,"enemies":"3 Cultists","floor":30,"turns":3}],"seed_played":"-8494166932968805843","potions_obtained":[{"floor":1,"key":"GamblersBrew"},{"floor":12,"key":"Regen Potion"},{"floor":16,"key":"ColorlessPotion"},{"floor":28,"key":"SpeedPotion"}],"is_trial":false,"path_per_floor":["M","?","M","?","?","R","M","?","MIM","$","M","M","E","$","R","B",null,"M","?","?","?","AVR","R","M","$","T","?","M","E","M"],"character_chosen":"Kiyohime","items_purchased":["ReplayTheSpireMod:CursedCoin","Blue Candle","KiyohimeMod:Berserker","KiyohimeMod:AVerseOfBurningLoveStory","KiyohimeMod:CelestialInvertedMoon","ColorlessPotion"],"campfire_rested":2,"item_purchase_floors":[10,10,10,14,14,25],"current_hp_per_floor":[54,54,54,54,54,54,54,54,54,54,36,23,13,13,31,9,60,31,31,15,15,15,33,35,35,35,35,35,10,0,0],"gold":290,"neow_bonus":"RANDOM_EVENT","is_daily":false,"chose_seed":false,"campfire_upgraded":1,"win_rate":0.0,"timestamp":1610086332,"path_taken":["M","?","M","?","?","R","M","?","MIM","$","?","M","E","?","R","BOSS","M","?","?","?","AVR","R","?","$","T","?","M","E","?"],"items_purchased_type":["Relic","Relic","Card","Card","Card","Potion"],"build_version":"2020-12-22","purchased_purges":0,"victory":false,"max_hp_per_floor":[60,60,60,60,60,60,60,60,60,60,60,60,60,60,60,60,60,60,60,60,60,60,60,60,60,60,60,60,60,60,60],"card_choices":[{"not_picked":["KiyohimeMod:BeastOfBillows","KiyohimeMod:EatSoul"],"picked":"KiyohimeMod:Preemptive","floor":1},{"not_picked":["KiyohimeMod:AndSoTheShipConquers","KiyohimeMod:FirstPremonition"],"picked":"KiyohimeMod:GreenBlackKey","floor":3},{"not_picked":["KiyohimeMod:GoldenCarpFigure","KiyohimeMod:RedBlackKey"],"picked":"KiyohimeMod:CommandCard_Quick","floor":7},{"not_picked":["KiyohimeMod:CommandCard_Buster","KiyohimeMod:AndSoTheShipConquers"],"picked":"KiyohimeMod:Berserker","floor":9},{"not_picked":["KiyohimeMod:WaterTurn","KiyohimeMod:AndSoTheShipConquers"],"picked":"KiyohimeMod:LimitedZeroOver","floor":11},{"not_picked":["KiyohimeMod:SteelTraining","KiyohimeMod:WaterTurn"],"picked":"KiyohimeMod:RedBlackKey","floor":12},{"not_picked":["KiyohimeMod:AndSoTheShipConquers","KiyohimeMod:AgainstMagic"],"picked":"KiyohimeMod:HydraDagger","floor":13},{"not_picked":["KiyohimeMod:Barrier","KiyohimeMod:GoldenCarpFigure"],"picked":"KiyohimeMod:FacelessMoon","floor":16},{"not_picked":["KiyohimeMod:AndSoTheShipConquers+1","KiyohimeMod:FirstPremonition+1"],"picked":"KiyohimeMod:Projection","floor":18},{"not_picked":["KiyohimeMod:BlueBlackKey","KiyohimeMod:FirstPremonition+1"],"picked":"KiyohimeMod:FormalCraft+1","floor":24},{"not_picked":["KiyohimeMod:Tenacious","KiyohimeMod:CommandCard_Quick"],"picked":"KiyohimeMod:AndSoTheShipConquers+1","floor":28},{"not_picked":["KiyohimeMod:AndSoTheShipConquers","KiyohimeMod:BeElegant"],"picked":"KiyohimeMod:Berserker+1","floor":29}],"player_experience":363153,"relics_obtained":[{"floor":2,"key":"PreservedInsect"},{"floor":9,"key":"Replay:Wax Seal"},{"floor":13,"key":"Bird Faced Urn"},{"floor":20,"key":"Nilry\u0027s Codex"},{"floor":26,"key":"hubris:PeanutButter"},{"floor":29,"key":"Oddly Smooth Stone"}],"event_choices":[{"damage_healed":0,"gold_gain":0,"player_choice":"Grow","damage_taken":0,"max_hp_gain":0,"max_hp_loss":0,"event_name":"Living Wall","floor":0,"gold_loss":0,"cards_upgraded":["KiyohimeMod:Shapeshift"]},{"damage_healed":0,"gold_gain":0,"player_choice":"Ignored","damage_taken":0,"max_hp_gain":0,"max_hp_loss":0,"event_name":"Golden Wing","floor":4,"gold_loss":0},{"damage_healed":0,"gold_gain":0,"player_choice":"Ignored","damage_taken":0,"max_hp_gain":0,"max_hp_loss":0,"event_name":"Liars Game","floor":8,"gold_loss":0},{"damage_healed":0,"gold_gain":0,"player_choice":"Hand rover O-miki","damage_taken":0,"max_hp_gain":0,"max_hp_loss":0,"event_name":"ZunEvent","floor":19,"relics_lost":["ZunR:ReiMu"],"gold_loss":0,"cards_obtained":["ZunPunch:ReiMu"]},{"damage_healed":0,"gold_gain":0,"player_choice":"Obtained Book","damage_taken":16,"max_hp_gain":0,"max_hp_loss":0,"event_name":"Cursed Tome","floor":20,"gold_loss":0},{"damage_healed":0,"gold_gain":250,"player_choice":"Bet on Owner","damage_taken":0,"max_hp_gain":0,"max_hp_loss":0,"event_name":"The Joust","floor":21,"gold_loss":50},{"damage_healed":0,"gold_gain":0,"player_choice":"1 cards matched","damage_taken":0,"max_hp_gain":0,"max_hp_loss":0,"event_name":"Match and Keep!","floor":27,"gold_loss":0,"cards_obtained":["KiyohimeMod:Preemptive"]}],"is_beta":false,"boss_relics":[{"not_picked":["Tiny House","hubris:RunicObelisk"],"picked":"Replay:Wanted Poster"}],"items_purged_floors":[],"is_endless":false,"potions_floor_spawned":[1,12,16,28],"killed_by":"3 Cultists","ascension_level":0}}