{"host":"jx3f6ezc0g3s9edc","time":1610071545,"event":{"mods":["AchievementEnabler","BaseMod","Bestiary","Colored Map","Highlight Path","Minty Spire (QoL Compilation)","StSLib"],"gold_per_floor":[113,113,113,87,50,83,83,127,181,181,181,181,204,204,204,325,325,339,339,61,61,84,84,118,118,118,118,132,153,178,222,222,341,341,357,381,381,397,52,85,133,198,221,242,242,286,286,99,99,99],"floor_reached":51,"playtime":5189,"items_purged":["Strike_P","Parasite"],"score":799,"play_id":"d351a7f1-ea4a-46ca-b7ee-6d10aa7690f8","local_time":"20210107210545","is_ascension_mode":true,"campfire_choices":[{"floor":7.0,"key":"REST"},{"data":"BowlingBash","floor":10.0,"key":"SMITH"},{"floor":12.0,"key":"REST"},{"data":"Vigilance","floor":15.0,"key":"SMITH"},{"data":"ReachHeaven","floor":23.0,"key":"SMITH"},{"floor":25.0,"key":"REST"},{"data":"Defend_P","floor":27.0,"key":"SMITH"},{"data":"Defend_P","floor":32.0,"key":"SMITH"},{"floor":49,"key":"REST"}],"circlet_count":0,"master_deck":["Strike_P+1","Defend_P+1","Defend_P+1","Defend_P","Defend_P","Eruption+1","Vigilance+1","Tantrum+1","BowlingBash+1","ReachHeaven+1","Weave+1","Wallop+1","Collect+1","ClearTheMind+1","EmptyFist+1","CutThroughFate+1","JustLucky+1","JustLucky+1","Wish+1","Alpha+1","WaveOfTheHand+1","WheelKick+1","Vault+1","Consecrate+1","ThirdEye+1","Halt+1","CrushJoints+1","Clumsy","Bandage Up+1","Halt+1","Wireheading","Dark Shackles+1"],"relics":["Black Star","Golden Idol","Whetstone","Toxic Egg 2","Akabeko","Molten Egg 2","Lantern","Runic Pyramid","Eternal Feather","Orichalcum","Singing Bowl","TeardropLocket","Potion Belt","Juzu Bracelet","Cursed Key","Medical Kit","The Courier","Unceasing Top","Sundial","Damaru","Blood Vial"],"acts_visited":["Exordium","TheCity","TheBeyond"],"potions_floor_usage":[50,50],"damage_taken":[{"damage":8.0,"enemies":"Small Slimes","floor":1.0,"turns":5.0},{"damage":46.0,"enemies":"Lagavulin","floor":6.0,"turns":10.0},{"damage":2.0,"enemies":"Gremlin Nob","floor":8.0,"turns":4.0},{"damage":0.0,"enemies":"2 Louse","floor":13.0,"turns":1.0},{"damage":25.0,"enemies":"Hexaghost","floor":16.0,"turns":7.0},{"damage":7.0,"enemies":"3 Byrds","floor":18.0,"turns":3.0},{"damage":0.0,"enemies":"Chosen","floor":22.0,"turns":3.0},{"damage":16.0,"enemies":"Slavers","floor":24.0,"turns":4.0},{"damage":0.0,"enemies":"Centurion and Healer","floor":28.0,"turns":4.0},{"damage":0.0,"enemies":"3 Cultists","floor":29.0,"turns":3.0},{"damage":4.0,"enemies":"Snake Plant","floor":30.0,"turns":2.0},{"damage":0.0,"enemies":"Gremlin Leader","floor":31.0,"turns":4.0},{"damage":36.0,"enemies":"Champ","floor":33.0,"turns":8.0},{"damage":7.0,"enemies":"3 Shapes","floor":35.0,"turns":5.0},{"damage":0.0,"enemies":"Orb Walker","floor":36.0,"turns":3.0},{"damage":3.0,"enemies":"4 Shapes","floor":38.0,"turns":4.0},{"damage":11.0,"enemies":"Giant Head","floor":40.0,"turns":7.0},{"damage":0.0,"enemies":"Maw","floor":41.0,"turns":5.0},{"damage":22.0,"enemies":"Nemesis","floor":42.0,"turns":5.0},{"damage":7.0,"enemies":"3 Darklings","floor":44.0,"turns":4.0},{"damage":32,"enemies":"Writhing Mass","floor":46,"turns":6},{"damage":69,"enemies":"Time Eater","floor":50,"turns":9}],"seed_played":"-8367603208953882434","potions_obtained":[{"floor":6.0,"key":"Block Potion"},{"floor":13.0,"key":"SteroidPotion"},{"floor":16.0,"key":"Fire Potion"},{"floor":24.0,"key":"Explosive Potion"},{"floor":30.0,"key":"FairyPotion"},{"floor":35.0,"key":"Ancient Potion"},{"floor":40.0,"key":"Swift Potion"},{"floor":41.0,"key":"SteroidPotion"},{"floor":46,"key":"PowerPotion"}],"is_trial":false,"path_per_floor":["M","?","?","$","?","E","R","E","T","R","?","R","M","?","R","B",null,"M","?","$","?","M","R","E","R","T","R","M","M","M","E","R","B",null,"M","M","?","M","$","E","M","E","T","M","?","M","?","$","R","B",null],"character_chosen":"WATCHER","items_purchased":["BowlingBash","ClearTheMind+1","Eternal Feather","Medical Kit","Vault+1","Consecrate+1","Wireheading","Dark Shackles+1"],"campfire_rested":4,"item_purchase_floors":[4,20,20,39,39,39,48,48],"current_hp_per_floor":[64,64,64,64,64,18,38,36,36,36,29,49,49,67,67,42,67,60,44,44,44,44,53,37,66,66,67,67,69,65,65,69,33,69,64,64,64,61,61,50,50,28,28,25,25,27,27,27,64,3],"gold":99,"neow_bonus":"BOSS_RELIC","is_daily":false,"chose_seed":false,"campfire_upgraded":5,"win_rate":0.0,"timestamp":1610071545,"path_taken":["M","?","?","$","?","E","R","E","T","R","?","R","M","?","R","BOSS","M","?","$","?","?","R","E","R","T","R","M","M","M","E","R","BOSS","M","M","?","M","$","E","M","E","T","M","?","M","?","?","R","BOSS"],"items_purchased_type":["Card","Card","Relic","Relic","Card","Card","Card","Card"],"build_version":"2020-12-22","purchased_purges":2,"victory":true,"max_hp_per_floor":[72,72,67,67,67,67,67,67,67,67,67,67,67,67,67,67,67,67,67,67,67,67,67,67,67,67,67,67,69,69,69,69,69,69,71,71,71,71,71,71,71,71,71,73,73,73,69,66,66,66],"card_choices":[{"not_picked":["CutThroughFate","BowlingBash"],"picked":"Tantrum","floor":1.0},{"not_picked":["SandsOfTime","MasterReality"],"picked":"ReachHeaven","floor":6.0},{"not_picked":["Nirvana","BowlingBash+1"],"picked":"Weave+1","floor":8.0},{"not_picked":["ClearTheMind+1","CarveReality+1"],"picked":"Wallop+1","floor":13.0},{"not_picked":["LessonLearned+1","Devotion"],"picked":"Establishment","floor":16.0},{"not_picked":["Prostrate+1","SashWhip+1"],"picked":"Collect+1","floor":18.0},{"not_picked":["SashWhip+1","SpiritShield+1"],"picked":"EmptyFist+1","floor":22.0},{"not_picked":["Meditate+1","Pray+1"],"picked":"CutThroughFate+1","floor":24.0},{"not_picked":["CutThroughFate+1","ReachHeaven+1"],"picked":"JustLucky+1","floor":28.0},{"not_picked":["Weave+1","Crescendo+1","CrushJoints+1"],"picked":"Singing Bowl","floor":29.0},{"not_picked":["Nirvana","FlyingSleeves+1"],"picked":"JustLucky+1","floor":30.0},{"not_picked":["BowlingBash+1","FlyingSleeves+1"],"picked":"Wish+1","floor":31.0},{"not_picked":["Vault+1","Scrawl+1"],"picked":"Alpha+1","floor":33.0},{"not_picked":["SashWhip+1","CutThroughFate+1","EmptyFist+1"],"picked":"Singing Bowl","floor":35.0},{"not_picked":["BattleHymn","CrushJoints+1"],"picked":"WaveOfTheHand+1","floor":36.0},{"not_picked":["SashWhip+1","Prostrate+1"],"picked":"WheelKick+1","floor":38.0},{"not_picked":["Vengeance+1","Pray+1"],"picked":"ThirdEye+1","floor":40.0},{"not_picked":["FearNoEvil+1","FlyingSleeves+1"],"picked":"Halt+1","floor":41.0},{"not_picked":["SashWhip+1","Worship+1"],"picked":"CrushJoints+1","floor":42.0},{"not_picked":["Perseverance+1","Tantrum+1","Consecrate+1"],"picked":"Singing Bowl","floor":44.0},{"not_picked":["Dark Shackles+1","PanicButton+1"],"picked":"Bandage Up+1","floor":45.0},{"not_picked":["SignatureMove+1","Scrawl+1"],"picked":"Halt+1","floor":46}],"player_experience":736143,"relics_obtained":[{"floor":6.0,"key":"Whetstone"},{"floor":6.0,"key":"Toxic Egg 2"},{"floor":8.0,"key":"Akabeko"},{"floor":8.0,"key":"Molten Egg 2"},{"floor":9.0,"key":"Lantern"},{"floor":24.0,"key":"Orichalcum"},{"floor":24.0,"key":"Singing Bowl"},{"floor":26.0,"key":"TeardropLocket"},{"floor":31.0,"key":"Potion Belt"},{"floor":31.0,"key":"Juzu Bracelet"},{"floor":40.0,"key":"The Courier"},{"floor":40.0,"key":"Unceasing Top"},{"floor":42.0,"key":"Sundial"},{"floor":42.0,"key":"Damaru"},{"floor":43.0,"key":"Blood Vial"}],"event_choices":[{"cards_removed":["Strike_P"],"damage_healed":0.0,"max_hp_gain":0.0,"max_hp_loss":0.0,"gold_gain":0.0,"event_name":"Living Wall","player_choice":"Forget","floor":2.0,"gold_loss":0.0,"damage_taken":0.0},{"damage_healed":0.0,"max_hp_gain":0.0,"max_hp_loss":5.0,"gold_gain":0.0,"event_name":"Golden Idol","player_choice":"Lose Max HP","floor":3.0,"gold_loss":0.0,"damage_taken":0.0,"relics_obtained":["Golden Idol"]},{"damage_healed":0.0,"max_hp_gain":0.0,"max_hp_loss":0.0,"gold_gain":0.0,"event_name":"World of Goop","player_choice":"Left Gold","floor":5.0,"gold_loss":37.0,"damage_taken":0.0},{"cards_removed":["Strike_P"],"damage_healed":0.0,"max_hp_gain":0.0,"max_hp_loss":0.0,"gold_gain":0.0,"event_name":"Golden Wing","player_choice":"Card Removal","floor":11.0,"gold_loss":0.0,"damage_taken":7.0},{"damage_healed":22.0,"max_hp_gain":0.0,"max_hp_loss":0.0,"gold_gain":0.0,"event_name":"Big Fish","player_choice":"Banana","floor":14.0,"gold_loss":0.0,"damage_taken":0.0},{"damage_healed":0.0,"max_hp_gain":0.0,"max_hp_loss":0.0,"gold_gain":0.0,"event_name":"Cursed Tome","player_choice":"Obtained Book","floor":19.0,"gold_loss":0.0,"damage_taken":16.0},{"damage_healed":0.0,"max_hp_gain":0.0,"max_hp_loss":0.0,"gold_gain":0.0,"event_name":"Upgrade Shrine","player_choice":"Upgraded","floor":21.0,"gold_loss":0.0,"damage_taken":0.0,"cards_upgraded":["Tantrum"]},{"cards_removed":["Establishment"],"damage_healed":0.0,"max_hp_gain":0.0,"max_hp_loss":0.0,"gold_gain":0.0,"event_name":"Falling","player_choice":"Removed Power","floor":37.0,"gold_loss":0.0,"damage_taken":0.0},{"damage_healed":0.0,"max_hp_gain":0.0,"max_hp_loss":0.0,"gold_gain":0.0,"event_name":"SensoryStone","player_choice":"Memory 1","floor":45.0,"gold_loss":0.0,"damage_taken":0.0},{"damage_healed":0,"gold_gain":0,"player_choice":"Max HP","damage_taken":0,"max_hp_gain":0,"max_hp_loss":4,"event_name":"Winding Halls","floor":47,"gold_loss":0}],"is_beta":false,"boss_relics":[{"not_picked":["Velvet Choker","SacredBark"],"picked":"Runic Pyramid"},{"not_picked":["Snecko Eye","Runic Dome"],"picked":"Cursed Key"}],"items_purged_floors":[39,48],"is_endless":false,"potions_floor_spawned":[6,13,16,24,28,30,35,40,41,46],"ascension_level":2}}