{"host":"iyvjjqtjrywxqc57","time":1610090073,"event":{"mods":["AchievementEnabler","BaseMod","Bestiary","Better Altar","Better Match","Better Note","Better Sensory Stone","Better Skull","Better Third Choice","BetterRewards","Colored Map","Colored Powertips","Dark Map","Defuse TimeMaze Blight","Displayed Cursed Tome","Downfall","Faster Ascension Climbing","Jorbs\u0027s Wanderer Trilogy","Minty Spire (QoL Compilation)","Permanent Neow","Quick Restart","Rare Cards Sparkle","Relic Stats","StSLib"],"gold_per_floor":[114,114,114,114,127,127,127,127],"floor_reached":7,"playtime":933,"items_purged":[],"score":78,"play_id":"f3c34bf2-bc62-4c34-a1d6-861a255da95b","local_time":"20210108011433","is_ascension_mode":true,"campfire_choices":[{"floor":6,"key":"REST"}],"circlet_count":0,"master_deck":["AscendersBane","Strike_G","Strike_G","Strike_G","Strike_G","Strike_G","Defend_G+1","Defend_G","Defend_G","Defend_G","Defend_G+1","Survivor","Neutralize","Catalyst","Crippling Poison","Poisoned Stab","Regret","Dash"],"relics":["Ring of the Snake","HornCleat","Incense Burner","Tiny Chest","Toy Ornithopter"],"acts_visited":["Exordium"],"potions_floor_usage":[],"damage_taken":[{"damage":2,"enemies":"Jaw Worm","floor":1,"turns":4},{"damage":5,"enemies":"Small Slimes","floor":5,"turns":4},{"damage":23,"enemies":"3 Sentries","floor":7,"turns":7}],"seed_played":"4432296833906737398","potions_obtained":[],"is_trial":false,"path_per_floor":["M","?","?","?","M","R","E"],"character_chosen":"THE_SILENT","items_purchased":["Catalyst","HornCleat","Crippling Poison"],"campfire_rested":1,"item_purchase_floors":[0,0,0],"current_hp_per_floor":[26,26,26,6,1,20,0,0],"gold":127,"neow_bonus":"","is_daily":false,"chose_seed":false,"campfire_upgraded":0,"win_rate":0.0,"timestamp":1610090073,"path_taken":["M","?","?","?","M","R","E"],"items_purchased_type":["Card","Relic","Card"],"build_version":"2020-12-22","purchased_purges":0,"victory":false,"max_hp_per_floor":[66,66,66,66,66,66,66,66],"relic_stats":{"counters":[39,201],"Tiny Chest":0,"obtain_stats":[{"Lantern":29,"Torii":0,"Mango":14,"Snake Skull":20,"Juzu Bracelet":13,"Incense Burner":0,"Whetstone":44,"Ancient Tea Set":26,"Boot":9,"Old Coin":7,"Sozu":34,"Lizard Tail":44,"HornCleat":43,"Mummified Hand":24,"Strawberry":41,"MealTicket":0,"Tiny Chest":0,"Red Mask":47,"Ring of the Snake":0,"Runic Pyramid":17,"Girya":40,"Happy Flower":37,"Golden Idol":4,"Oddly Smooth Stone":42,"Tingsha":6,"PreservedInsect":20,"Pen Nib":44,"Omamori":20,"War Paint":25,"Orichalcum":43,"WarpedTongs":22,"Mercury Hourglass":0,"SlaversCollar":17,"Ornamental Fan":27,"betterThird:SlimedRelic":2,"Coffee Dripper":0,"Membership Card":41,"FossilizedHelix":9,"Toy Ornithopter":3,"Pocketwatch":0},{"Lantern":11,"Torii":36,"Mango":6,"Snake Skull":25,"Juzu Bracelet":6,"Incense Burner":36,"Whetstone":15,"Ancient Tea Set":10,"Boot":21,"Old Coin":4,"Sozu":12,"Lizard Tail":15,"HornCleat":15,"Mummified Hand":9,"Strawberry":15,"MealTicket":36,"Tiny Chest":36,"Red Mask":15,"Ring of the Snake":0,"Runic Pyramid":24,"Girya":15,"Happy Flower":13,"Golden Idol":19,"Oddly Smooth Stone":15,"Tingsha":20,"PreservedInsect":8,"Pen Nib":35,"Omamori":25,"War Paint":27,"Orichalcum":34,"WarpedTongs":25,"Mercury Hourglass":36,"SlaversCollar":7,"Ornamental Fan":27,"betterThird:SlimedRelic":1,"Coffee Dripper":0,"Membership Card":15,"FossilizedHelix":4,"Toy Ornithopter":37,"Pocketwatch":36},{"Lantern":53,"Torii":186,"Mango":31,"Snake Skull":126,"Juzu Bracelet":31,"Incense Burner":186,"Whetstone":74,"Ancient Tea Set":49,"Boot":111,"Old Coin":24,"Sozu":60,"Lizard Tail":74,"HornCleat":74,"Mummified Hand":46,"Strawberry":74,"MealTicket":186,"Tiny Chest":186,"Red Mask":74,"Ring of the Snake":0,"Runic Pyramid":123,"Girya":74,"Happy Flower":64,"Golden Idol":99,"Oddly Smooth Stone":74,"Tingsha":104,"PreservedInsect":42,"Pen Nib":178,"Omamori":126,"War Paint":134,"Orichalcum":170,"WarpedTongs":126,"Mercury Hourglass":186,"SlaversCollar":37,"Ornamental Fan":134,"betterThird:SlimedRelic":4,"Coffee Dripper":0,"Membership Card":74,"FossilizedHelix":24,"Toy Ornithopter":190,"Pocketwatch":186}],"Toy Ornithopter":0,"Ring of the Snake":[50]},"card_choices":[{"not_picked":["Backflip","Finisher"],"picked":"Poisoned Stab","floor":1},{"not_picked":["Slice","Flying Knee"],"picked":"Dash","floor":5}],"player_experience":120818,"relics_obtained":[],"event_choices":[{"damage_healed":0,"gold_gain":0,"player_choice":"Ignored","damage_taken":0,"max_hp_gain":0,"max_hp_loss":0,"event_name":"Golden Wing","floor":2,"gold_loss":0},{"damage_healed":0,"gold_gain":0,"player_choice":"Box","damage_taken":0,"relics_obtained":["Toy Ornithopter"],"max_hp_gain":0,"max_hp_loss":0,"event_name":"Big Fish","floor":3,"gold_loss":0,"cards_obtained":["Regret"]},{"damage_healed":26,"gold_gain":0,"player_choice":"Upgrade","damage_taken":20,"max_hp_gain":0,"max_hp_loss":66,"event_name":"betterThird:BetterShining","floor":4,"gold_loss":0,"cards_upgraded":["Defend_G","Defend_G"]}],"is_beta":false,"boss_relics":[],"items_purged_floors":[],"is_endless":false,"potions_floor_spawned":[],"killed_by":"3 Sentries","ascension_level":20}}