{"host":"bxn2em57qlx5u4i0","time":1610072272,"event":{"mods":["BaseMod","Colored Map","Colored Powertips","Highlight Path","Minty Spire (QoL Compilation)","Random Character Button","Relic Sorter","Relic Stats","StSLib","SuperFastMode"],"gold_per_floor":[218,64,64,64,75,75,75,100,125,125,143,143,143,159,159,233,233,250,268,318,330,23,23,54,54,54,81,81,97,109,144,144,220,220,240,255,255,6,6,39,39,65,65,9,41,67,67,80,80,80,80,80,80,4,37,37],"floor_reached":57,"playtime":2188,"items_purged":["Strike_G","Cloak And Dagger+1"],"score":3088,"play_id":"24c416aa-7bc0-464a-af55-d813f01293ad","local_time":"20210107211752","is_ascension_mode":true,"campfire_choices":[{"data":"Crippling Poison","floor":6.0,"key":"SMITH"},{"data":"Deadly Poison","floor":10.0,"key":"SMITH"},{"data":"Footwork","floor":12.0,"key":"SMITH"},{"data":"Survivor","floor":15.0,"key":"SMITH"},{"data":"Malaise","floor":23.0,"key":"SMITH"},{"data":"Bouncing Flask","floor":25.0,"key":"SMITH"},{"data":"Footwork","floor":28.0,"key":"SMITH"},{"data":"Adrenaline","floor":32.0,"key":"SMITH"},{"floor":41,"key":"REST"},{"floor":47,"key":"RECALL"},{"floor":49,"key":"REST"},{"floor":53,"key":"REST"}],"circlet_count":0,"master_deck":["AscendersBane","Defend_G","Defend_G","Defend_G","Defend_G","Survivor+1","Crippling Poison+1","Footwork+1","Deadly Poison+1","PiercingWail","Adrenaline+1","Malaise+1","Adrenaline+1","Doppelganger+1","Bouncing Flask+1","Footwork+1","Tools of the Trade+1","Calculated Gamble+1","Burst","Dodge and Roll","Noxious Fumes+1","Well Laid Plans+1","Acrobatics","Catalyst+1","Footwork+1","Catalyst+1","PiercingWail+1"],"relics":["Ring of the Snake","Bag of Marbles","Anchor","Astrolabe","Art of War","Akabeko","Ancient Tea Set","Frozen Egg 2","Meat on the Bone","Fusion Hammer","OrangePellets","White Beast Statue","Bottled Lightning","Toxic Egg 2","Bag of Preparation","Vajra"],"acts_visited":["Exordium","TheCity","TheBeyond","TheEnding"],"potions_floor_usage":[40,56,56],"damage_taken":[{"damage":4.0,"enemies":"Jaw Worm","floor":1.0,"turns":7.0},{"damage":1.0,"enemies":"Small Slimes","floor":5.0,"turns":4.0},{"damage":2.0,"enemies":"3 Sentries","floor":8.0,"turns":10.0},{"damage":0.0,"enemies":"2 Louse","floor":11.0,"turns":2.0},{"damage":0.0,"enemies":"Blue Slaver","floor":14.0,"turns":3.0},{"damage":0.0,"enemies":"The Guardian","floor":16.0,"turns":11.0},{"damage":14.0,"enemies":"Chosen","floor":18.0,"turns":7.0},{"damage":0.0,"enemies":"3 Byrds","floor":19.0,"turns":4.0},{"damage":12.0,"enemies":"Cultist and Chosen","floor":21.0,"turns":5.0},{"damage":0.0,"enemies":"Book of Stabbing","floor":24.0,"turns":7.0},{"damage":1.0,"enemies":"Gremlin Leader","floor":27.0,"turns":6.0},{"damage":0.0,"enemies":"Snake Plant","floor":29.0,"turns":4.0},{"damage":2.0,"enemies":"Sentry and Sphere","floor":30.0,"turns":4.0},{"damage":5.0,"enemies":"Slavers","floor":31.0,"turns":6.0},{"damage":28.0,"enemies":"Champ","floor":33.0,"turns":13.0},{"damage":0.0,"enemies":"3 Shapes","floor":35.0,"turns":3.0},{"damage":0.0,"enemies":"Orb Walker","floor":36.0,"turns":4.0},{"damage":32,"enemies":"Reptomancer","floor":40,"turns":6},{"damage":0,"enemies":"Giant Head","floor":42,"turns":8},{"damage":3,"enemies":"Nemesis","floor":45,"turns":7},{"damage":0,"enemies":"4 Shapes","floor":48,"turns":4},{"damage":1,"enemies":"Donu and Deca","floor":50,"turns":10},{"damage":0,"enemies":"Time Eater","floor":51,"turns":6},{"damage":5,"enemies":"Shield and Spear","floor":55,"turns":6},{"damage":34,"enemies":"The Heart","floor":56,"turns":7}],"seed_played":"2118552977173267546","potions_obtained":[{"floor":11.0,"key":"DuplicationPotion"},{"floor":14.0,"key":"EssenceOfSteel"},{"floor":18.0,"key":"Block Potion"},{"floor":24.0,"key":"SpeedPotion"},{"floor":29.0,"key":"SteroidPotion"},{"floor":31.0,"key":"Energy Potion"},{"floor":35.0,"key":"ColorlessPotion"},{"floor":42,"key":"FearPotion"},{"floor":45,"key":"Swift Potion"},{"floor":48,"key":"Swift Potion"},{"floor":55,"key":"BlessingOfTheForge"}],"is_trial":false,"path_per_floor":["M","$","?","?","M","R","?","E","T","R","M","R","?","M","R","B",null,"M","M","?","M","$","R","E","R","T","E","R","M","M","E","R","B",null,"M","M","?","$","?","E","R","E","T","$","E","T","R","M","R","B","B",null,"R","$","E","B",null],"character_chosen":"THE_SILENT","items_purchased":["DuplicationPotion","Art of War","Footwork","OrangePellets","Noxious Fumes+1","Acrobatics","Catalyst+1"],"campfire_rested":3,"item_purchase_floors":[2,22,22,38,38,44,54],"current_hp_per_floor":[55,55,48,48,47,47,66,64,64,64,64,64,64,64,64,64,66,52,52,52,40,40,40,40,40,40,39,39,39,37,32,32,16,54,54,54,54,54,54,34,53,53,53,53,50,50,50,50,66,65,65,66,66,66,61,39],"gold":37,"neow_bonus":"HUNDRED_GOLD","is_daily":false,"chose_seed":false,"campfire_upgraded":8,"win_rate":0.0,"timestamp":1610072272,"path_taken":["M","$","?","?","M","R","?","E","T","R","M","R","?","?","R","BOSS","M","M","?","M","$","R","E","R","T","E","R","M","M","E","R","BOSS","M","M","?","$","?","E","R","E","T","$","E","?","R","M","R","BOSS","BOSS","R","$","E","BOSS"],"items_purchased_type":["Potion","Relic","Card","Relic","Card","Card","Card"],"build_version":"2020-12-22","purchased_purges":2,"victory":true,"max_hp_per_floor":[66,66,66,66,66,66,66,66,66,66,66,66,66,66,66,66,66,66,66,66,66,66,66,66,66,66,66,66,66,66,66,66,66,66,66,66,66,66,66,66,66,66,66,66,66,66,66,66,66,66,66,66,66,66,66,66],"relic_stats":{"OrangePellets":[0],"counters":[25,154],"Astrolabe":["Adrenaline","Cloak And Dagger","Doppelganger"],"Art of War":[78],"Bag of Preparation":[10],"obtain_stats":[{"Astrolabe":17,"Vajra":55,"Bag of Preparation":46,"Frozen Egg 2":27,"Ancient Tea Set":26,"Akabeko":24,"White Beast Statue":40,"OrangePellets":38,"Anchor":9,"Fusion Hammer":34,"Bag of Marbles":8,"Art of War":22,"Bottled Lightning":42,"Toxic Egg 2":45,"Ring of the Snake":0,"Meat on the Bone":31},{"Astrolabe":6,"Vajra":24,"Bag of Preparation":20,"Frozen Egg 2":11,"Ancient Tea Set":10,"Akabeko":10,"White Beast Statue":18,"OrangePellets":17,"Anchor":3,"Fusion Hammer":15,"Bag of Marbles":3,"Art of War":9,"Bottled Lightning":19,"Toxic Egg 2":20,"Ring of the Snake":0,"Meat on the Bone":14},{"Astrolabe":37,"Vajra":147,"Bag of Preparation":121,"Frozen Egg 2":66,"Ancient Tea Set":60,"Akabeko":60,"White Beast Statue":106,"OrangePellets":100,"Anchor":21,"Fusion Hammer":93,"Bag of Marbles":21,"Art of War":53,"Bottled Lightning":114,"Toxic Egg 2":121,"Ring of the Snake":0,"Meat on the Bone":80}],"Ring of the Snake":[50],"Meat on the Bone":36},"card_choices":[{"not_picked":["Slice","Distraction"],"picked":"Crippling Poison","floor":1.0},{"not_picked":["Bane","Masterful Stab"],"picked":"Footwork","floor":5.0},{"not_picked":["Prepared","Terror"],"picked":"Deadly Poison","floor":8.0},{"not_picked":["Distraction","Poisoned Stab"],"picked":"PiercingWail","floor":11.0},{"not_picked":["PiercingWail","Backstab"],"picked":"Adrenaline","floor":14.0},{"not_picked":["Wraith Form v2","Doppelganger"],"picked":"Malaise","floor":16.0},{"not_picked":["Finisher+1","Poisoned Stab+1"],"picked":"Bouncing Flask","floor":18.0},{"not_picked":["Flechettes","Tactician","Cloak And Dagger"],"picked":"SKIP","floor":19.0},{"not_picked":["Prepared","Bane","Cloak And Dagger"],"picked":"SKIP","floor":21.0},{"not_picked":["Skewer+1","Dagger Spray","Quick Slash+1"],"picked":"SKIP","floor":24.0},{"not_picked":["Flying Knee+1","Acrobatics","Quick Slash"],"picked":"SKIP","floor":27.0},{"not_picked":["Skewer","Riddle With Holes"],"picked":"Tools of the Trade+1","floor":29.0},{"not_picked":["Prepared+1","Concentrate+1"],"picked":"Calculated Gamble+1","floor":30.0},{"not_picked":["Backstab","Bouncing Flask","Eviscerate"],"picked":"SKIP","floor":31.0},{"not_picked":["Bullet Time","A Thousand Cuts+1"],"picked":"Burst","floor":33.0},{"not_picked":["Calculated Gamble","Deadly Poison"],"picked":"Dodge and Roll","floor":35.0},{"not_picked":["Sucker Punch","Calculated Gamble","Dagger Spray"],"picked":"SKIP","floor":36.0},{"not_picked":["Phantasmal Killer","Terror","Distraction"],"picked":"SKIP","floor":40},{"not_picked":["Bane","Sucker Punch"],"picked":"Well Laid Plans+1","floor":42},{"not_picked":["Quick Slash","Wraith Form v2+1"],"picked":"Catalyst+1","floor":45},{"not_picked":["Sucker Punch","Outmaneuver+1"],"picked":"Footwork+1","floor":48},{"not_picked":["Cloak And Dagger+1","Dash"],"picked":"PiercingWail+1","floor":55}],"player_experience":2868693,"relics_obtained":[{"floor":8.0,"key":"Bag of Marbles"},{"floor":9.0,"key":"Anchor"},{"floor":24.0,"key":"Akabeko"},{"floor":26.0,"key":"Ancient Tea Set"},{"floor":27.0,"key":"Frozen Egg 2"},{"floor":31.0,"key":"Meat on the Bone"},{"floor":40,"key":"White Beast Statue"},{"floor":42,"key":"Bottled Lightning"},{"floor":45,"key":"Toxic Egg 2"},{"floor":46,"key":"Bag of Preparation"},{"floor":55,"key":"Vajra"}],"event_choices":[{"cards_removed":["Strike_G"],"damage_healed":0.0,"max_hp_gain":0.0,"max_hp_loss":0.0,"gold_gain":0.0,"event_name":"Golden Wing","player_choice":"Card Removal","floor":3.0,"gold_loss":0.0,"damage_taken":7.0},{"damage_healed":0.0,"max_hp_gain":0.0,"max_hp_loss":0.0,"gold_gain":0.0,"event_name":"Liars Game","player_choice":"Ignored","floor":4.0,"gold_loss":0.0,"damage_taken":0.0},{"damage_healed":22.0,"max_hp_gain":0.0,"max_hp_loss":0.0,"gold_gain":0.0,"event_name":"Big Fish","player_choice":"Banana","floor":7.0,"gold_loss":0.0,"damage_taken":0.0},{"cards_removed":["Strike_G"],"damage_healed":0.0,"max_hp_gain":0.0,"max_hp_loss":0.0,"gold_gain":0.0,"event_name":"Living Wall","player_choice":"Forget","floor":13.0,"gold_loss":0.0,"damage_taken":0.0},{"damage_healed":0.0,"max_hp_gain":0.0,"max_hp_loss":0.0,"gold_gain":50.0,"event_name":"Nest","player_choice":"Stole From Cult","floor":20.0,"gold_loss":0.0,"damage_taken":0.0},{"damage_healed":0.0,"max_hp_gain":0.0,"max_hp_loss":0.0,"gold_gain":0.0,"event_name":"Tomb of Lord Red Mask","player_choice":"Ignored","floor":37.0,"gold_loss":0.0,"damage_taken":0.0},{"cards_removed":["Neutralize"],"damage_healed":0.0,"max_hp_gain":0.0,"max_hp_loss":0.0,"gold_gain":0.0,"event_name":"Falling","player_choice":"Removed Attack","floor":39.0,"gold_loss":0.0,"damage_taken":0.0}],"is_beta":false,"boss_relics":[{"not_picked":["WristBlade","Pandora\u0027s Box"],"picked":"Astrolabe"},{"not_picked":["Black Star","Velvet Choker"],"picked":"Fusion Hammer"}],"items_purged_floors":[2,22],"is_endless":false,"potions_floor_spawned":[11,14,16,18,24,29,31,35,42,45,48,55],"ascension_level":20}}