{"host":"pqs17sqrgflf4eqa","time":1610145914,"event":{"mods":["AchievementEnabler","BaseMod","Bestiary","Better Altar","Colored Map","Colored Powertips","Emptier Cage","Googly Eyes","Highlight Path","Minty Spire (QoL Compilation)","Quick Restart","StSLib","SuperFastMode","Transform Curses","slay the spire mod where everything is the same but ironclad has a cowboy hat"],"gold_per_floor":[109,109,119,49,124,124,44,44,70,99,99,99,115,140,140,243,243,253,233,247,76,90,90,104,104,104,104,123,222,222,252,252,348,348,365,382,392,132,232,232,232,232],"floor_reached":41,"playtime":1150,"items_purged":[],"score":560,"play_id":"4cecb7a2-d3ff-42ad-b49e-d928d8c78234","local_time":"20210108174514","is_ascension_mode":true,"campfire_choices":[{"data":"Zap","floor":6,"key":"SMITH"},{"data":"Loop","floor":11,"key":"SMITH"},{"floor":15,"key":"REST"},{"data":"Fission","floor":23,"key":"SMITH"},{"data":"Dualcast","floor":25,"key":"SMITH"},{"floor":27,"key":"REST"},{"floor":32,"key":"REST"},{"data":"Genetic Algorithm","floor":40,"key":"SMITH"}],"circlet_count":0,"master_deck":["Strike_B+1","Strike_B","Strike_B+1","Defend_B","Defend_B","Defend_B","Defend_B+1","Zap+1","Dualcast+1","Go for the Eyes","Barrage+1","Glacier","Loop+1","Streamline","Genetic Algorithm+1","Sunder","Fission+1","Doom and Gloom","Sweeping Beam","Hologram+1","Lockon","Redo+1","Coolheaded+1","BootSequence","Gash","Seek","Glacier+1","Streamline+1","Sweeping Beam"],"relics":["Cracked Core","Whetstone","Regal Pillow","CaptainsWheel","Nunchaku","Philosopher\u0027s Stone","InkBottle","Kunai","Snecko Eye","Meat on the Bone"],"acts_visited":["Exordium","TheCity","TheBeyond"],"potions_floor_usage":[14,16,16,20,31,31,35,41],"damage_taken":[{"damage":7,"enemies":"Jaw Worm","floor":1,"turns":3},{"damage":6,"enemies":"Cultist","floor":3,"turns":3},{"damage":8,"enemies":"3 Sentries","floor":10,"turns":9},{"damage":0,"enemies":"Small Slimes","floor":13,"turns":2},{"damage":27,"enemies":"Lagavulin","floor":14,"turns":6},{"damage":0,"enemies":"Slime Boss","floor":16,"turns":9},{"damage":19,"enemies":"Shell Parasite","floor":18,"turns":5},{"damage":22,"enemies":"3 Byrds","floor":20,"turns":5},{"damage":3,"enemies":"Snecko","floor":22,"turns":4},{"damage":23,"enemies":"Sentry and Sphere","floor":24,"turns":8},{"damage":1,"enemies":"3 Cultists","floor":28,"turns":4},{"damage":25,"enemies":"Slavers","floor":31,"turns":5},{"damage":80,"enemies":"Automaton","floor":33,"turns":10},{"damage":7,"enemies":"3 Shapes","floor":35,"turns":3},{"damage":1,"enemies":"Orb Walker","floor":36,"turns":4},{"damage":31,"enemies":"Writhing Mass","floor":37,"turns":6},{"damage":56,"enemies":"Giant Head","floor":41,"turns":8}],"seed_played":"3689060357295216081","potions_obtained":[{"floor":1,"key":"CultistPotion"},{"floor":10,"key":"SkillPotion"},{"floor":13,"key":"FocusPotion"},{"floor":19,"key":"AttackPotion"},{"floor":22,"key":"EssenceOfSteel"},{"floor":31,"key":"FairyPotion"},{"floor":33,"key":"DistilledChaos"},{"floor":35,"key":"SpeedPotion"},{"floor":37,"key":"Dexterity Potion"}],"is_trial":false,"path_per_floor":["M","?","M","$","?","R","$","?","T","E","R","?","M","E","R","B",null,"M","?","M","$","M","R","M","R","T","R","M","?","?","E","R","B",null,"M","M","M","$","?","R","E"],"character_chosen":"DEFECT","items_purchased":["Glacier","Loop","Hologram","Lockon","Energy Potion","Meat on the Bone"],"campfire_rested":3,"item_purchase_floors":[4,7,21,21,21,38],"current_hp_per_floor":[68,68,62,62,51,51,51,56,56,48,48,32,32,5,44,44,80,61,61,39,39,36,36,13,13,13,52,51,51,51,26,65,11,80,73,72,41,41,41,41,0,0],"gold":232,"neow_bonus":"RANDOM_COMMON_RELIC","is_daily":false,"chose_seed":false,"campfire_upgraded":5,"win_rate":0.0,"timestamp":1610145914,"path_taken":["M","?","?","$","?","R","$","?","T","E","R","?","M","E","R","BOSS","M","?","?","$","M","R","M","R","T","R","M","?","?","E","R","BOSS","M","M","M","$","?","R","E"],"items_purchased_type":["Card","Card","Card","Card","Potion","Relic"],"build_version":"2020-12-22","purchased_purges":0,"victory":false,"max_hp_per_floor":[75,75,75,75,75,75,75,80,80,80,80,80,80,80,80,80,80,80,80,80,80,80,80,80,80,80,80,80,80,80,80,80,80,80,80,80,80,80,80,80,80,80],"card_choices":[{"not_picked":["Static Discharge","Force Field"],"picked":"Go for the Eyes","floor":1},{"not_picked":["Scrape","Conserve Battery"],"picked":"Barrage","floor":3},{"not_picked":["Stack","Sweeping Beam"],"picked":"Streamline","floor":10},{"not_picked":["Leap","Ball Lightning"],"picked":"Genetic Algorithm","floor":13},{"not_picked":["Fusion","Compile Driver"],"picked":"Sunder","floor":14},{"not_picked":["Amplify","Machine Learning"],"picked":"Fission","floor":16},{"not_picked":["Leap","Streamline"],"picked":"Doom and Gloom","floor":18},{"not_picked":["Stack+1","Leap+1"],"picked":"Sweeping Beam","floor":20},{"not_picked":["Ball Lightning+1","Go for the Eyes+1"],"picked":"Redo+1","floor":22},{"not_picked":["Cold Snap+1","Redo+1"],"picked":"Coolheaded+1","floor":24},{"not_picked":["Static Discharge","Amplify"],"picked":"BootSequence","floor":28},{"not_picked":["Hyperbeam","Streamline"],"picked":"Gash","floor":31},{"not_picked":["Thunder Strike","Machine Learning"],"picked":"Seek","floor":33},{"not_picked":["Lockon+1","Ball Lightning"],"picked":"Glacier+1","floor":35},{"not_picked":["Genetic Algorithm","Skim"],"picked":"Streamline+1","floor":36},{"not_picked":["Double Energy+1","Doom and Gloom+1"],"picked":"Sweeping Beam","floor":37}],"player_experience":139420,"relics_obtained":[{"floor":9,"key":"Regal Pillow"},{"floor":10,"key":"CaptainsWheel"},{"floor":14,"key":"Nunchaku"},{"floor":26,"key":"InkBottle"},{"floor":31,"key":"Kunai"}],"event_choices":[{"cards_removed":["Strike_B"],"damage_healed":0,"gold_gain":0,"player_choice":"Purged","damage_taken":0,"max_hp_gain":0,"max_hp_loss":0,"event_name":"Purifier","floor":2,"gold_loss":0},{"damage_healed":0,"gold_gain":75,"player_choice":"Gather Gold","damage_taken":11,"max_hp_gain":0,"max_hp_loss":0,"event_name":"World of Goop","floor":5,"gold_loss":0},{"damage_healed":0,"gold_gain":0,"player_choice":"Donut","damage_taken":0,"max_hp_gain":5,"max_hp_loss":0,"event_name":"Big Fish","floor":8,"gold_loss":0},{"damage_healed":0,"gold_gain":0,"player_choice":"Entered Light","damage_taken":16,"max_hp_gain":0,"max_hp_loss":0,"event_name":"Shining Light","floor":12,"gold_loss":0,"cards_upgraded":["Barrage","Defend_B"]},{"damage_healed":0,"gold_gain":0,"player_choice":"Bought 1 Potion","damage_taken":0,"max_hp_gain":0,"max_hp_loss":0,"event_name":"The Woman in Blue","floor":19,"gold_loss":0},{"damage_healed":0,"gold_gain":99,"player_choice":"Stole From Cult","damage_taken":0,"max_hp_gain":0,"max_hp_loss":0,"event_name":"Nest","floor":29,"gold_loss":0},{"damage_healed":0,"gold_gain":0,"player_choice":"Upgraded","damage_taken":0,"max_hp_gain":0,"max_hp_loss":0,"event_name":"Upgrade Shrine","floor":30,"gold_loss":0,"cards_upgraded":["Hologram"]},{"damage_healed":0,"gold_gain":100,"player_choice":"Pray","damage_taken":0,"max_hp_gain":0,"max_hp_loss":0,"event_name":"Golden Shrine","floor":39,"gold_loss":0}],"is_beta":false,"boss_relics":[{"not_picked":["Black Star","Busted Crown"],"picked":"Philosopher\u0027s Stone"},{"not_picked":["Calling Bell","SacredBark"],"picked":"Snecko Eye"}],"items_purged_floors":[],"is_endless":false,"potions_floor_spawned":[1,10,13,22,31,33,35,37],"killed_by":"Giant Head","ascension_level":4}}