{"host":"avq773cl9g5msfol","time":1610089857,"event":{"mods":["100% Spire Juice","AchievementEnabler","Act Like it!","Ascension Unlocker","Aspiration","Astrologer","Bard","Bartender","BaseMod","Better Altar","Better Third Choice","BetterRewards","CapriCore","ChefMod","Colored Map","Colored Powertips","Conspire","Dio Mod","Downfall","Elementarium","Energized Spire","Gensokyo","GifTheSpireLib","GungeonMod","Hallownest","Hermit","Highlight Path","Hubris","Humility","Infinite Spire","Jorbs\u0027s Wanderer Trilogy","Koishi","Magitek Elite","Marisa????????","Marked Mod","Menagerie","Minty Spire (QoL Compilation)","Pale of the Ancients","Potionbrewer","Quarter Circle Forward PUNCH!","Rare Cards Sparkle","Reimu??????","Relic Stats","Remilia??????","Replay The Spire","SacredBarkPlus","Shade Mod","Somnambulant","Spicy Shops","StSLib","Synergy Search","The Administrix","The Blue Laboratory","The Bug Knight","The Construct","The Cursed","The Disciple","The Dragon Tamer","The Exalted","The Hayseed","The Hierophant","The Immortal","The Judge","The Marked","The Mystic","The Problem Sleuth","The Runesmith","The Senshi","The Vixen","The Wild Card","TheArtist","TheFirefly","Wandering Minibosses","vexMod"],"gold_per_floor":[114,131,131,131,131,165,122,122,122,153,153,185,185,185,185,257,257,274,292,309,309,344,372,372,400,400,400,432,432,463,256,256,328,328,347,347,347,347,347,347,121,132,132,163,179,179,179,189,189,189,189],"floor_reached":52,"playtime":3190,"items_purged":["theMarked:StartUp+1","theMarked:ChainLightning+1","Decay"],"score":3276,"play_id":"f06d86b2-b8b0-44ff-93ea-94bfe479f974","local_time":"20210108141057","is_ascension_mode":true,"campfire_choices":[{"data":"theMarked:Indomitable","floor":8,"key":"SMITH"},{"data":"theMarked:SoldierOfQuellstein","floor":11,"key":"SMITH"},{"data":"Hallownest:skillLeafShield","floor":15,"key":"SMITH"},{"floor":32,"key":"REST"},{"floor":40,"key":"REST"},{"floor":46,"key":"REST"},{"floor":49,"key":"REST"}],"circlet_count":0,"master_deck":["AscendersBane","theMarked:SoldierOfQuellstein+1","theMarked:RogueSparks+1","theMarked:ResourceFulStrike+1","theMarked:Overcharge+1","theMarked:BindingBlade+1","theMarked:ParalyzingBlade+1","theMarked:StartUp+1","theMarked:Panic+1","theMarked:ParalyzingBlade+1","theMarked:ChainLightning+1","theMarked:ComboAttacks+1","theMarked:WardOff+1","theMarked:WastefulDefense+1","theMarked:TakeCover+1","theMarked:MagicAdept+1","theMarked:RepellingDischarge+1","theMarked:WastefulAttack+1","theMarked:ContemptForTheProud+1","theMarked:HeightenedSenses+1","theMarked:Levitate+1","theMarked:TwofoldDefense","theMarked:Indomitable+1","theMarked:Abjuration+1","Hallownest:skillLeafShield+1","Hallownest:skillLeafShield","Hallownest:skillLeafShield","Hallownest:skillLeafShield","Hallownest:skillLeafShield","theMarked:Challenge+1","theMarked:SuspiciousRaven+1","theMarked:EmpowerWeapon","theMarked:Snap+1","Gensokyo:TurboGranny","theMarked:Defy+1","Replay:Fractal Strike","theMarked:LightningStrikesTwice+1","Midas Touch+1","theMarked:Challenge+1","expansioncontent:TimeRipple"],"relics":["theMarked:ArtifactOfAir","Golden Egg","Quantum Egg","TungstenRod","Membership Card","hubris:SlimyHat","ReplayTheSpireMod:Ninjato","Replay:Rubber Ducky","Juzu Bracelet","HollowMod:JonisBlessing","DemoMod:GreenGuonStone","theSenshi:SuperSailorFukuRelic","Hallownest:DreamNailRelic","Ring of Peace","ReplayTheSpireMod:Ring of Collecting","theMarked:DemonDagger","DemoMod:GlassGuonStoneRelic","Ring of Panic","Bromod:ArcaneMomentum","Ginger","Fusion Hammer","wanderingMiniBosses:OtherGremlinHorn","qcfpunch:Black_Training_Shirt","Akabeko","Power_Wrist","Bromod:ArcaneNullifier","ReplayTheSpireMod:Shallot","Ring of Fangs","Gensokyo:ConquerorOfFear","DemoMod:Bottle","Incense Burner","energizedSpire:MagnifyingGlass","Philosopher\u0027s Stone","qcfpunch:Red_Gi","Dead Branch","Ring of Fury","Replay:Bottled Flurry"],"acts_visited":["Hallownest:Greenpath","Gensokyo:Gensokyoer","TheBeyond"],"potions_floor_usage":[16,16,50,51,51],"damage_taken":[{"damage":0,"enemies":"Hallownest:2_MossCreeps","floor":1,"turns":3},{"damage":0,"enemies":"Hallownest:2_Tiktiks_and_1_Crawlid","floor":2,"turns":2},{"damage":0,"enemies":"Hallownest:eliteCrystalGuardian","floor":6,"turns":4},{"damage":0,"enemies":"Hallownest:eliteMossKnight","floor":10,"turns":4},{"damage":0,"enemies":"Hallownest:eliteVengeflyKing","floor":12,"turns":2},{"damage":0,"enemies":"Hallownest:BossHornet","floor":16,"turns":7},{"damage":0,"enemies":"Gensokyo:2_Gloops","floor":18,"turns":4},{"damage":0,"enemies":"Gensokyo:Chomper","floor":19,"turns":5},{"damage":0,"enemies":"Gensokyo:Monolith_and_Dog","floor":20,"turns":3},{"damage":0,"enemies":"conspire:MimicChest","floor":22,"turns":3},{"damage":0,"enemies":"Gensokyo:Reisen","floor":23,"turns":3},{"damage":0,"enemies":"Nightmare","floor":25,"turns":6},{"damage":0,"enemies":"Gensokyo:Reisen","floor":28,"turns":3},{"damage":0,"enemies":"Gensokyo:Koishi","floor":30,"turns":3},{"damage":0,"enemies":"Gensokyo:Eternal_Rivals","floor":33,"turns":8},{"damage":0,"enemies":"Orb Walker","floor":35,"turns":2},{"damage":0,"enemies":"3 Shapes","floor":42,"turns":1},{"damage":0,"enemies":"Reptomancer","floor":44,"turns":2},{"damage":0,"enemies":"Writhing Mass","floor":45,"turns":2},{"damage":0,"enemies":"Sphere and 2 Shapes","floor":48,"turns":1},{"damage":0,"enemies":"Time Eater","floor":50,"turns":8},{"damage":0,"enemies":"conspire:OrnateMirror","floor":51,"turns":2}],"seed_played":"-1476936452513402611","potions_obtained":[{"floor":12,"key":"blueLaboratory:EmptyBottle"},{"floor":22,"key":"blueLaboratory:BottledHope"},{"floor":23,"key":"FearPotion"},{"floor":28,"key":"blueLaboratory:BottleOfRum"},{"floor":30,"key":"blueLaboratory:AbyssPotion"},{"floor":33,"key":"Block Potion"},{"floor":35,"key":"blueLaboratory:RecallPotion"},{"floor":48,"key":"SteroidPotion"}],"is_trial":false,"path_per_floor":["M","M","?","$","?","E","$","R","T","E","R","E","?","?","R","B",null,"M","M","M","?","?","E","$","NM","T","?","E","?","E","COS","R","B",null,"M","?","?","AVR","?","R","$","M","T","E","M","R","?","M","R","B","B",null],"character_chosen":"THE_DEFAULT","items_purchased":["theMarked:ChainLightning","blueLaboratory:FruitPunch","TungstenRod","theMarked:ComboAttacks","Membership Card","hubris:SlimyHat","ReplayTheSpireMod:Ninjato","theMarked:WardOff","Replay:Rubber Ducky","theMarked:WastefulDefense","theMarked:TakeCover","theMarked:MagicAdept","theMarked:RepellingDischarge","Juzu Bracelet","HollowMod:JonisBlessing","theMarked:WastefulAttack","theMarked:ContemptForTheProud","theMarked:HeightenedSenses","DemoMod:GreenGuonStone","theMarked:Levitate","theSenshi:SuperSailorFukuRelic","PowerPotion","theMarked:Abjuration","theMarked:LightningStrikesTwice","Dead Branch","Midas Touch"],"campfire_rested":4,"item_purchase_floors":[0,0,0,0,0,0,0,0,0,0,0,0,0,0,0,0,0,0,0,0,0,0,7,41,41,41],"current_hp_per_floor":[59,59,59,59,59,59,59,59,59,59,59,59,59,59,59,59,67,67,67,67,63,63,63,63,63,63,63,63,68,68,68,68,68,68,68,53,53,53,53,68,68,68,68,68,68,68,68,68,68,68,68],"gold":189,"neow_bonus":"","is_daily":false,"chose_seed":false,"campfire_upgraded":3,"win_rate":0.0,"timestamp":1610089857,"path_taken":["M","M","?","$","?","E","$","R","T","E","R","E","?","?","R","BOSS","M","M","M","?","?","E","?","NM","T","?","E","?","E","COS","R","BOSS","M","?","?","AVR","?","R","?","M","T","E","M","R","?","M","R","BOSS","BOSS"],"items_purchased_type":["Card","Potion","Relic","Card","Relic","Relic","Relic","Card","Relic","Card","Card","Card","Card","Relic","Relic","Card","Card","Card","Relic","Card","Relic","Potion","Card","Card","Relic","Card"],"build_version":"2020-12-22","purchased_purges":3,"victory":true,"max_hp_per_floor":[66,66,66,66,66,66,66,66,66,66,66,66,66,66,66,70,70,70,70,70,63,63,63,63,63,63,63,63,68,68,68,68,68,68,68,68,68,68,68,68,68,68,68,68,68,68,68,68,68,68,68],"relic_stats":{"counters":[95,307],"Dead Branch":[63],"Juzu Bracelet":20,"Ginger":[77],"obtain_stats":[{"Golden Egg":0,"Bromod:ArcaneNullifier":46,"Hallownest:UnbreakableCardRelic":21,"Gensokyo:UndefinedDarkness":27,"Whetstone":44,"Ginger":12,"wanderingMiniBosses:OtherGremlinHorn":19,"hubris:MysteriousPyramids":28,"Blood Vial":12,"conspire:GlowingRock":5,"MealTicket":45,"Fusion Hammer":17,"Replay:Bottled Flurry":44,"theMarked:DemonDagger":6,"Pear":46,"HollowMod:JonisBlessing":55,"Akabeko":22,"potionbrewer:Torch":0,"Elementarium:ElementariumTrophy":33,"ReplayTheSpireMod:Ring of Collecting":5,"Snecko Eye":36,"Tintinnabulum":44,"Pandora\u0027s Box":0,"conspire:BottledYoYo":13,"energizedSpire:MagnifyingGlass":34,"Unceasing Top":27,"Elementarium:HuntersElixir":19,"vexMod:PlasmaPancake":0,"qcfpunch:Spiky_Bracers":0,"Lantern":28,"aspiration:Lifesprig":21,"wanderingMiniBosses:AbyssPearl":20,"hubris:EmptyBottle":0,"White_Cape":39,"Power_Wrist":6,"Pet Ghost":6,"Silver_Glasses":19,"Replay:Rubber Ducky":0,"Ring of Fangs":26,"Ring of Peace":5,"WingedGreaves":24,"Ring of Panic":9,"hubris:GlazedTorus":0,"Lee\u0027s Waffle":0,"qcfpunch:Black_Training_Shirt":10,"DemoMod:PartiallyEatenCheese":10,"Thread and Needle":14,"The Courier":8,"Protect_Vest":55,"hubris:Towel":12,"Replay:Arrowhead":41,"Bromod:ArcaneMomentum":10,"theMarked:ArtifactOfAir":0,"potionbrewer:BoosterPack":43,"MokouMod:PhoenixFeather":0,"Turnip":0,"Bottled Lightning":49,"theMarked:Winder":0,"Ice Cream":0,"Bromod:ArcaneUltimatum":0,"DemoMod:GreenGuonStone":26,"Calipers":0,"hubris:CrystalStatue":43,"potionbrewer:AlchemistFlask":0,"DemoMod:GlassGuonStoneRelic":1,"Centennial Puzzle":26,"HornCleat":30,"aspiration:MobileForge":17,"DemoMod:MonsterBlood":40,"qcfpunch:Red_Gi":38,"Philosopher\u0027s Stone":48,"qcfpunch:Handcuffs":0,"Dead Branch":10,"conspire:Boomerang":9,"Du-Vu Doll":0,"OrangePellets":0,"ReplayTheSpireMod:Shallot":26,"Bronze Scales":46,"ReplayTheSpireMod:TigerMarble":43,"infinitespire:EmpoweringShard":13,"Black Star":21,"theSenshi:SuperSailorFukuRelic":0,"Snecko Heart":34,"Juzu Bracelet":0,"Hallownest:DreamNailRelic":4,"hubris:SlimyHat":30,"Incense Burner":30,"ClockworkSouvenir":0,"DemoMod:SevenLeafClover":0,"Frozen Eye":30,"Replay:Bandana":8,"Bromod:ArcaneTempo":56,"Genji_Glove":0,"qcfpunch:Wrestler\u0027s_Cloak":0,"TheVixenMod:UmbreonRelic":39,"Hallownest:BeastSealRelic":37,"ReplayTheSpireMod:Ninjato":0,"Quantum Egg":0,"aspiration:SecretTechniqueScroll":17,"vexMod:FocusSash":19,"Gensokyo:ConquerorOfFear":28,"Orichalcum":8,"Peace Pipe":25,"Anchor":24,"Golden_Hairpin":34,"infinitespire:WardingShard":0,"vexMod:HeadHunter":0,"Ring of Fury":43,"Gem_Box":24,"Membership Card":0,"potionbrewer:Keyblade":0,"DemoMod:Bottle":28,"FossilizedHelix":0,"TungstenRod":0,"RuthlessExorcism:ReiMu":11},{"Golden Egg":0,"Bromod:ArcaneNullifier":23,"Hallownest:UnbreakableCardRelic":9,"Gensokyo:UndefinedDarkness":85,"Whetstone":22,"Ginger":78,"wanderingMiniBosses:OtherGremlinHorn":81,"hubris:MysteriousPyramids":65,"Blood Vial":5,"conspire:GlowingRock":1,"MealTicket":22,"Fusion Hammer":79,"Replay:Bottled Flurry":91,"theMarked:DemonDagger":76,"Pear":71,"HollowMod:JonisBlessing":27,"Akabeko":83,"potionbrewer:Torch":0,"Elementarium:ElementariumTrophy":66,"ReplayTheSpireMod:Ring of Collecting":75,"Snecko Eye":18,"Tintinnabulum":49,"Pandora\u0027s Box":0,"conspire:BottledYoYo":35,"energizedSpire:MagnifyingGlass":88,"Unceasing Top":12,"Elementarium:HuntersElixir":61,"vexMod:PlasmaPancake":29,"qcfpunch:Spiky_Bracers":29,"Lantern":12,"aspiration:Lifesprig":61,"wanderingMiniBosses:AbyssPearl":9,"hubris:EmptyBottle":0,"White_Cape":20,"Power_Wrist":55,"Pet Ghost":32,"Silver_Glasses":8,"Replay:Rubber Ducky":73,"Ring of Fangs":85,"Ring of Peace":75,"WingedGreaves":10,"Ring of Panic":76,"hubris:GlazedTorus":0,"Lee\u0027s Waffle":52,"qcfpunch:Black_Training_Shirt":57,"DemoMod:PartiallyEatenCheese":4,"Thread and Needle":59,"The Courier":34,"Protect_Vest":27,"hubris:Towel":58,"Replay:Arrowhead":47,"Bromod:ArcaneMomentum":77,"theMarked:ArtifactOfAir":52,"potionbrewer:BoosterPack":21,"MokouMod:PhoenixFeather":0,"Turnip":52,"Bottled Lightning":25,"theMarked:Winder":52,"Ice Cream":29,"Bromod:ArcaneUltimatum":29,"DemoMod:GreenGuonStone":63,"Calipers":52,"hubris:CrystalStatue":70,"potionbrewer:AlchemistFlask":52,"DemoMod:GlassGuonStoneRelic":1,"Centennial Puzzle":63,"HornCleat":14,"aspiration:MobileForge":60,"DemoMod:MonsterBlood":69,"qcfpunch:Red_Gi":89,"Philosopher\u0027s Stone":50,"qcfpunch:Handcuffs":0,"Dead Branch":34,"conspire:Boomerang":56,"Du-Vu Doll":0,"OrangePellets":0,"ReplayTheSpireMod:Shallot":41,"Bronze Scales":49,"ReplayTheSpireMod:TigerMarble":48,"infinitespire:EmpoweringShard":59,"Black Star":61,"theSenshi:SuperSailorFukuRelic":73,"Snecko Heart":44,"Juzu Bracelet":29,"Hallownest:DreamNailRelic":31,"hubris:SlimyHat":43,"Incense Burner":87,"ClockworkSouvenir":29,"DemoMod:SevenLeafClover":52,"Frozen Eye":86,"Replay:Bandana":3,"Bromod:ArcaneTempo":28,"Genji_Glove":0,"qcfpunch:Wrestler\u0027s_Cloak":52,"TheVixenMod:UmbreonRelic":45,"Hallownest:BeastSealRelic":45,"ReplayTheSpireMod:Ninjato":73,"Quantum Egg":29,"aspiration:SecretTechniqueScroll":37,"vexMod:FocusSash":39,"Gensokyo:ConquerorOfFear":86,"Orichalcum":56,"Peace Pipe":11,"Anchor":41,"Golden_Hairpin":66,"infinitespire:WardingShard":29,"vexMod:HeadHunter":0,"Ring of Fury":90,"Gem_Box":62,"Membership Card":73,"potionbrewer:Keyblade":0,"DemoMod:Bottle":86,"FossilizedHelix":0,"TungstenRod":73,"RuthlessExorcism:ReiMu":4},{"Golden Egg":0,"Bromod:ArcaneNullifier":61,"Hallownest:UnbreakableCardRelic":22,"Gensokyo:UndefinedDarkness":275,"Whetstone":58,"Ginger":245,"wanderingMiniBosses:OtherGremlinHorn":260,"hubris:MysteriousPyramids":209,"Blood Vial":14,"conspire:GlowingRock":2,"MealTicket":58,"Fusion Hammer":252,"Replay:Bottled Flurry":294,"theMarked:DemonDagger":239,"Pear":223,"HollowMod:JonisBlessing":79,"Akabeko":266,"potionbrewer:Torch":0,"Elementarium:ElementariumTrophy":213,"ReplayTheSpireMod:Ring of Collecting":235,"Snecko Eye":50,"Tintinnabulum":165,"Pandora\u0027s Box":0,"conspire:BottledYoYo":105,"energizedSpire:MagnifyingGlass":289,"Unceasing Top":34,"Elementarium:HuntersElixir":204,"vexMod:PlasmaPancake":91,"qcfpunch:Spiky_Bracers":91,"Lantern":34,"aspiration:Lifesprig":204,"wanderingMiniBosses:AbyssPearl":22,"hubris:EmptyBottle":0,"White_Cape":54,"Power_Wrist":183,"Pet Ghost":99,"Silver_Glasses":18,"Replay:Rubber Ducky":230,"Ring of Fangs":275,"Ring of Peace":235,"WingedGreaves":24,"Ring of Panic":239,"hubris:GlazedTorus":0,"Lee\u0027s Waffle":177,"qcfpunch:Black_Training_Shirt":190,"DemoMod:PartiallyEatenCheese":12,"Thread and Needle":197,"The Courier":102,"Protect_Vest":79,"hubris:Towel":192,"Replay:Arrowhead":161,"Bromod:ArcaneMomentum":243,"theMarked:ArtifactOfAir":177,"potionbrewer:BoosterPack":56,"MokouMod:PhoenixFeather":0,"Turnip":177,"Bottled Lightning":69,"theMarked:Winder":177,"Ice Cream":91,"Bromod:ArcaneUltimatum":91,"DemoMod:GreenGuonStone":206,"Calipers":177,"hubris:CrystalStatue":222,"potionbrewer:AlchemistFlask":177,"DemoMod:GlassGuonStoneRelic":2,"Centennial Puzzle":206,"HornCleat":39,"aspiration:MobileForge":202,"DemoMod:MonsterBlood":220,"qcfpunch:Red_Gi":291,"Philosopher\u0027s Stone":168,"qcfpunch:Handcuffs":0,"Dead Branch":102,"conspire:Boomerang":187,"Du-Vu Doll":0,"OrangePellets":0,"ReplayTheSpireMod:Shallot":135,"Bronze Scales":165,"ReplayTheSpireMod:TigerMarble":162,"infinitespire:EmpoweringShard":197,"Black Star":204,"theSenshi:SuperSailorFukuRelic":230,"Snecko Heart":150,"Juzu Bracelet":91,"Hallownest:DreamNailRelic":95,"hubris:SlimyHat":145,"Incense Burner":281,"ClockworkSouvenir":91,"DemoMod:SevenLeafClover":177,"Frozen Eye":278,"Replay:Bandana":8,"Bromod:ArcaneTempo":84,"Genji_Glove":0,"qcfpunch:Wrestler\u0027s_Cloak":177,"TheVixenMod:UmbreonRelic":153,"Hallownest:BeastSealRelic":153,"ReplayTheSpireMod:Ninjato":230,"Quantum Egg":91,"aspiration:SecretTechniqueScroll":113,"vexMod:FocusSash":124,"Gensokyo:ConquerorOfFear":278,"Orichalcum":187,"Peace Pipe":27,"Anchor":135,"Golden_Hairpin":213,"infinitespire:WardingShard":91,"vexMod:HeadHunter":0,"Ring of Fury":292,"Gem_Box":205,"Membership Card":230,"potionbrewer:Keyblade":0,"DemoMod:Bottle":278,"FossilizedHelix":0,"TungstenRod":230,"RuthlessExorcism:ReiMu":12}],"TungstenRod":1},"card_choices":[{"not_picked":["theMarked:CreepingChasm","theMarked:WastefulAttack"],"picked":"theMarked:TwofoldDefense","floor":1},{"not_picked":["theMarked:Seal","theMarked:Frustration","theMarked:WastefulAttack"],"picked":"SKIP","floor":2},{"not_picked":["theMarked:ElementalBlade","theMarked:Static"],"picked":"theMarked:Indomitable","floor":6},{"not_picked":["theMarked:BanishingStrike","theMarked:TakeCover","theMarked:Levitate"],"picked":"SKIP","floor":10},{"not_picked":["theMarked:Frustration","theMarked:GodGivenPower","theMarked:AttractMetal"],"picked":"SKIP","floor":12},{"not_picked":["theMarked:TakeOffHeels","theMarked:UnarmedFury"],"picked":"theMarked:Challenge","floor":16},{"not_picked":["theMarked:ElectricStrings","theMarked:TunnelVision","theMarked:ChainLightning"],"picked":"SKIP","floor":18},{"not_picked":["theMarked:ChainLightning","theMarked:ParalyzingBlade","theMarked:ComboAttacks"],"picked":"SKIP","floor":19},{"not_picked":["theMarked:ChainLightning","theMarked:RepellingDischarge+1","theMarked:ElectricStrings"],"picked":"SKIP","floor":20},{"not_picked":["theMarked:ShockingTouch","theMarked:WardOff"],"picked":"theMarked:SuspiciousRaven","floor":22},{"not_picked":["theMarked:Improvise","theMarked:WastefulDefense","theMarked:Static+1"],"picked":"SKIP","floor":23},{"not_picked":["theMarked:ComboAttacks","theMarked:TwofoldDefense+1"],"picked":"theMarked:EmpowerWeapon","floor":25},{"not_picked":["theMarked:HeightenedSenses","theMarked:UnarmedFury","theMarked:ElectricStrings+1"],"picked":"SKIP","floor":28},{"not_picked":["theMarked:MaelstromOfLightning","theMarked:ElementalBlade"],"picked":"theMarked:Snap","floor":30},{"not_picked":["theMarked:BindingBlade","theMarked:SuspiciousRaven"],"picked":"theMarked:Defy","floor":33},{"not_picked":["theMarked:AttractMetal","theMarked:ResourceFulStrike+1","theMarked:Parkour"],"picked":"SKIP","floor":35},{"not_picked":["hubris:Rewind","infinitespire:Fortify"],"picked":"Replay:Fractal Strike","floor":36},{"not_picked":["theMarked:WastefulDefense","theMarked:ReduceFriction","theMarked:ComboAttacks"],"picked":"SKIP","floor":42},{"not_picked":["theMarked:HeritageOfTheMarked","theMarked:ChainLightning"],"picked":"theMarked:Challenge","floor":44},{"not_picked":["theMarked:EnhanceMovement","theMarked:TwofoldDefense","theMarked:Parry+1"],"picked":"SKIP","floor":45},{"not_picked":["Deep Breath","expansioncontent:Hexaburn"],"picked":"expansioncontent:TimeRipple","floor":47},{"not_picked":["theMarked:ChainLightning","theMarked:Electrify+1","theMarked:KeepCalmAndFightOn"],"picked":"SKIP","floor":48}],"player_experience":1292263,"relics_obtained":[{"floor":5,"key":"Ring of Peace"},{"floor":5,"key":"ReplayTheSpireMod:Ring of Collecting"},{"floor":6,"key":"theMarked:DemonDagger"},{"floor":9,"key":"Ring of Panic"},{"floor":10,"key":"Bromod:ArcaneMomentum"},{"floor":12,"key":"Ginger"},{"floor":19,"key":"wanderingMiniBosses:OtherGremlinHorn"},{"floor":22,"key":"Akabeko"},{"floor":23,"key":"Power_Wrist"},{"floor":25,"key":"Bromod:ArcaneNullifier"},{"floor":26,"key":"ReplayTheSpireMod:Shallot"},{"floor":26,"key":"Ring of Fangs"},{"floor":28,"key":"Gensokyo:ConquerorOfFear"},{"floor":28,"key":"DemoMod:Bottle"},{"floor":30,"key":"Incense Burner"},{"floor":43,"key":"Ring of Fury"},{"floor":44,"key":"Replay:Bottled Flurry"}],"event_choices":[{"damage_healed":0,"gold_gain":0,"player_choice":"Cursed","damage_taken":0,"max_hp_gain":0,"max_hp_loss":0,"event_name":"Wheel of Change","floor":37,"gold_loss":0,"cards_obtained":["Decay"]},{"damage_healed":0,"gold_gain":0,"player_choice":"Ignored","damage_taken":0,"max_hp_gain":0,"max_hp_loss":0,"event_name":"Transmorgrifier","floor":39,"gold_loss":0},{"damage_healed":0,"gold_gain":0,"player_choice":"Memory 1","damage_taken":0,"max_hp_gain":0,"max_hp_loss":0,"event_name":"SensoryStone","floor":47,"gold_loss":0}],"is_beta":false,"boss_relics":[{"not_picked":["vexMod:MegatonBomb","vexMod:NewClearReactor"],"picked":"Fusion Hammer"},{"not_picked":["ReplayTheSpireMod:DimensionalGlitch","Replay:Bronze Core"],"picked":"energizedSpire:MagnifyingGlass"}],"items_purged_floors":[0,0,38],"is_endless":false,"potions_floor_spawned":[10,12,22,23,25,28,30,33,35,42,48],"ascension_level":20}}