{"host":"l84l8xigz5v5foa2","time":1610099109,"event":{"mods":["2.2 Compatiblity","AchievementEnabler","BaseMod","Better Note","Better Vampires","Card Filter","Colored Map","DeckTracker","Downfall","Gremlin Skip","Highlight Path","Keyboard Shortcuts","Minty Spire (QoL Compilation)","Permanent Neow","Quick Restart","Relic Filter","Relic Stats","StSLib","SuperFastMode","Transform Curses","Unknown Chances"],"gold_per_floor":[0,17,35,52,70,85,112,139,49,49,34,34,34,60,71,144,144,144,156,176,193,293,312,385,310,330,359,359,393,110,128,148,219,219,219,238,252,270,270,270,270,120,152,152,397,447,447,461,471,471,471,506,121,121,121],"floor_reached":56,"playtime":4413,"items_purged":["champ:Strike","champ:Defend","champ:Defend","champ:CrookedStrike+1"],"score":2272,"play_id":"e3b8f506-6a04-4bb1-bae1-64f0f5b14820","local_time":"20210108184509","is_ascension_mode":true,"campfire_choices":[{"data":"champ:Devastate","floor":1.0,"key":"SMITH"},{"data":"champ:Taunt","floor":12.0,"key":"SMITH"},{"data":"champ:Balance","floor":18.0,"key":"SMITH"},{"data":"champ:SkillfulDodge","floor":25.0,"key":"SMITH"},{"data":"champ:Backstep","floor":28.0,"key":"SMITH"},{"data":"champ:HoldFirm","floor":35.0,"key":"SMITH"},{"floor":40.0,"key":"RECALL"},{"data":"champ:StrikeOfGenius","floor":42.0,"key":"SMITH"},{"data":"champ:EnGarde","floor":54,"key":"SMITH"}],"circlet_count":0,"master_deck":["AscendersBane","champ:Defend","champ:Execute","champ:Taunt+1","champ:Devastate+1","champ:StanceDance","champ:BringItOn","champ:CrookedStrike","champ:GladiatorStyle","champ:SkillfulDodge+1","champ:Balance+1","champ:BerserkerStyle+1","champ:DefensiveStyle+1","champ:DefensiveStyle","champ:Circumvent+1","champ:Backstep+1","champ:HoldFirm+1","champ:DefensiveStyle","champ:EnchantCrown","champ:EnGarde+1"],"relics":["champ:ChampionCrown","MealTicket","InkBottle","Astrolabe","Singing Bowl","Incense Burner","HornCleat","downfall:HeartBlessingGreen","Red Mask","champ:FightingForDummies","Happy Flower","Cursed Key","downfall:HeartBlessingRed","downfall:HeartBlessingBlue","The Courier","Turnip","Blood Vial","Gambling Chip"],"acts_visited":["Exordium","TheCity","TheBeyond","TheEnding"],"potions_floor_usage":[],"damage_taken":[{"damage":1.0,"enemies":"Cultist","floor":2.0,"turns":4.0},{"damage":7.0,"enemies":"Small Slimes","floor":3.0,"turns":3.0},{"damage":14.0,"enemies":"Jaw Worm","floor":4.0,"turns":3.0},{"damage":18.0,"enemies":"Blue Slaver","floor":5.0,"turns":6.0},{"damage":34.0,"enemies":"Exordium Thugs","floor":6.0,"turns":7.0},{"damage":10.0,"enemies":"Lagavulin","floor":8.0,"turns":4.0},{"damage":0.0,"enemies":"downfall:FleeingMerchant","floor":9.0,"turns":4.0},{"damage":5.0,"enemies":"downfall:FleeingMerchant","floor":11.0,"turns":4.0},{"damage":25.0,"enemies":"3 Sentries","floor":14.0,"turns":11.0},{"damage":3.0,"enemies":"2 Fungi Beasts","floor":15.0,"turns":4.0},{"damage":38.0,"enemies":"downfall:Defect","floor":16.0,"turns":12.0},{"damage":0.0,"enemies":"Spheric Guardian","floor":19.0,"turns":3.0},{"damage":1.0,"enemies":"Chosen","floor":20.0,"turns":4.0},{"damage":2.0,"enemies":"Snake Plant","floor":21.0,"turns":3.0},{"damage":25.0,"enemies":"downfall:CharBossIronclad","floor":22.0,"turns":8.0},{"damage":5.0,"enemies":"Snecko","floor":23.0,"turns":5.0},{"damage":1.0,"enemies":"Shelled Parasite and Fungi","floor":26.0,"turns":4.0},{"damage":12.0,"enemies":"Masked Bandits","floor":27.0,"turns":7.0},{"damage":35.0,"enemies":"Gremlin Leader","floor":29.0,"turns":5.0},{"damage":5.0,"enemies":"downfall:FleeingMerchant","floor":30.0,"turns":4.0},{"damage":5.0,"enemies":"Sentry and Sphere","floor":31.0,"turns":4.0},{"damage":0.0,"enemies":"Snecko","floor":32.0,"turns":5.0},{"damage":28.0,"enemies":"downfall:Ironclad","floor":33.0,"turns":13.0},{"damage":1.0,"enemies":"Orb Walker","floor":36.0,"turns":4.0},{"damage":17.0,"enemies":"3 Darklings","floor":37.0,"turns":8.0},{"damage":20.0,"enemies":"Sphere and 2 Shapes","floor":38.0,"turns":7.0},{"damage":13.0,"enemies":"Giant Head","floor":43.0,"turns":13.0},{"damage":15.0,"enemies":"downfall:FleeingMerchant","floor":45.0,"turns":4.0},{"damage":4.0,"enemies":"2 Orb Walkers","floor":46.0,"turns":4.0},{"damage":1.0,"enemies":"Jaw Worm Horde","floor":48.0,"turns":6.0},{"damage":29.0,"enemies":"Transient","floor":49.0,"turns":6.0},{"damage":9.0,"enemies":"downfall:Watcher","floor":50.0,"turns":23.0},{"damage":31,"enemies":"downfall:CharBossMerchant","floor":52,"turns":17},{"damage":10,"enemies":"downfall:NeowBoss","floor":55,"turns":32}],"seed_played":"1167558750959772902","potions_obtained":[{"floor":5.0,"key":"DuplicationPotion"},{"floor":6.0,"key":"Explosive Potion"},{"floor":14.0,"key":"SpeedPotion"},{"floor":16.0,"key":"Explosive Potion"},{"floor":26.0,"key":"SkillPotion"},{"floor":29.0,"key":"LiquidBronze"},{"floor":31.0,"key":"AttackPotion"},{"floor":33.0,"key":"Swift Potion"},{"floor":43.0,"key":"champ:OpenerPotion"},{"floor":49.0,"key":"SteroidPotion"}],"is_trial":false,"path_per_floor":["R","M","M","M","M","M","T","E","$","?","$","R","?","E","M","B",null,"R","M","M","M","?","M","T","R","M","?","R","E","$","M","M","B",null,"R","M","M","M","?","R","T","R","E","T","$","?","?","M","M","B",null,"E","$","R","B",null],"character_chosen":"THE_CHAMP","items_purchased":["Happy Flower","Gambling Chip"],"campfire_rested":0,"item_purchase_floors":[30,53],"current_hp_per_floor":[73,72,70,61,58,32,32,27,42,42,57,57,57,42,39,2,61,61,61,60,58,53,53,53,53,54,52,52,31,48,50,52,36,77,77,78,79,79,79,79,79,89,91,91,108,109,109,113,91,87,107,86,101,101,103],"gold":121,"neow_bonus":"THREE_RARE_CARDS","is_daily":false,"chose_seed":false,"campfire_upgraded":8,"win_rate":0.0,"timestamp":1610099109,"path_taken":["R","M","M","M","M","M","T","E","$","?","$","R","?","E","M","BOSS","R","M","M","M","?","M","T","R","M","?","R","E","$","M","M","BOSS","R","M","M","M","?","R","T","R","E","?","$","?","?","?","M","BOSS","E","$","R","BOSS"],"items_purchased_type":["Relic","Relic"],"build_version":"2020-12-22","purchased_purges":4,"victory":true,"max_hp_per_floor":[81,81,81,81,81,81,81,81,81,81,81,81,81,81,81,81,81,81,81,81,81,81,81,81,81,83,83,83,85,87,89,91,91,91,91,93,95,95,95,95,95,105,107,107,109,111,111,113,113,113,113,113,113,113,113],"relic_stats":{"Blood Vial":2,"Singing Bowl":22,"Happy Flower":[48],"counters":[34,251],"Astrolabe":["champ:CrookedStrike","champ:BerserkerStyle","champ:DefensiveStyle"],"Gambling Chip":[2],"MealTicket":75,"Turnip":[2],"Cursed Key":0,"obtain_stats":[{"Singing Bowl":22,"Happy Flower":30,"downfall:HeartBlessingRed":42,"Astrolabe":17,"champ:ChampionCrown":0,"downfall:HeartBlessingGreen":25,"The Courier":43,"Incense Burner":22,"Cursed Key":34,"Blood Vial":52,"HornCleat":24,"downfall:HeartBlessingBlue":42,"Gambling Chip":53,"MealTicket":8,"Turnip":46,"Red Mask":27,"champ:FightingForDummies":29,"InkBottle":14},{"Singing Bowl":15,"Happy Flower":20,"downfall:HeartBlessingRed":26,"Astrolabe":11,"champ:ChampionCrown":0,"downfall:HeartBlessingGreen":16,"The Courier":27,"Incense Burner":15,"Cursed Key":23,"Blood Vial":33,"HornCleat":16,"downfall:HeartBlessingBlue":26,"Gambling Chip":33,"MealTicket":6,"Turnip":29,"Red Mask":18,"champ:FightingForDummies":19,"InkBottle":9},{"Singing Bowl":80,"Happy Flower":105,"downfall:HeartBlessingRed":146,"Astrolabe":62,"champ:ChampionCrown":0,"downfall:HeartBlessingGreen":85,"The Courier":159,"Incense Burner":80,"Cursed Key":127,"Blood Vial":219,"HornCleat":85,"downfall:HeartBlessingBlue":146,"Gambling Chip":219,"MealTicket":27,"Turnip":167,"Red Mask":96,"champ:FightingForDummies":101,"InkBottle":46}],"InkBottle":[74]},"card_choices":[{"not_picked":["champ:LastStand","champ:CheapShot"],"picked":"champ:Devastate","floor":0.0},{"not_picked":["champ:FlashCut","champ:Encircle"],"picked":"champ:StanceDance","floor":2.0},{"not_picked":["champ:FlashCut","champ:GladiatorsShout","champ:ShieldSigil"],"picked":"SKIP","floor":3.0},{"not_picked":["champ:ShieldWall","champ:BerserkersShout","champ:Balance"],"picked":"SKIP","floor":4.0},{"not_picked":["champ:AdrenalArmor","champ:CalledShot","champ:ShieldSigil"],"picked":"SKIP","floor":5.0},{"not_picked":["champ:AdrenalArmor","champ:CalledShot","champ:ShieldSigil"],"picked":"SKIP","floor":5.0},{"not_picked":["champ:ViciousMockery","champ:ShieldThrow"],"picked":"champ:BringItOn","floor":6.0},{"not_picked":["champ:PreciseThrust","champ:Improvising","champ:ViciousMockery"],"picked":"SKIP","floor":8.0},{"not_picked":["champ:AdrenalArmor","champ:Circumvent"],"picked":"champ:CrookedStrike","floor":9.0},{"not_picked":["champ:FightOn","champ:BerserkersShout"],"picked":"champ:GladiatorStyle","floor":11.0},{"not_picked":["champ:AdrenalArmor","champ:MurderStrike"],"picked":"champ:SkillfulDodge","floor":14.0},{"not_picked":["champ:Control","champ:CrookedStrike"],"picked":"champ:Balance","floor":15.0},{"not_picked":["champ:DancingMaster","champ:VampiricStrike"],"picked":"champ:StrikeOfGenius","floor":16.0},{"not_picked":["champ:EnGarde","champ:Aggression","champ:GladiatorsShout"],"picked":"SKIP","floor":19.0},{"not_picked":["champ:StanceDance","champ:BladeFlurry","champ:FanOfKnives"],"picked":"SKIP","floor":20.0},{"not_picked":["champ:FocusedGladiator+1","champ:Backstep","champ:Circumvent"],"picked":"SKIP","floor":21.0},{"not_picked":["champ:CalledShot","champ:Circumvent"],"picked":"champ:DefensiveStyle","floor":22.0},{"not_picked":["champ:Backstep","champ:FlashCut"],"picked":"champ:Circumvent+1","floor":23.0},{"not_picked":["champ:DefensiveShout+1","champ:Aggression","champ:BringItOn+1"],"picked":"Singing Bowl","floor":26.0},{"not_picked":["champ:FanOfKnives","champ:GutPunch"],"picked":"champ:Backstep","floor":27.0},{"not_picked":["champ:RapidStrikes+1","champ:SwordThrow","champ:Haymaker"],"picked":"Singing Bowl","floor":29.0},{"not_picked":["champ:ShieldWall","champ:ViciousMockery","champ:FocusedGladiator"],"picked":"Singing Bowl","floor":30.0},{"not_picked":["champ:AdrenalArmor+1","champ:StanceDance","champ:SkillfulDodge"],"picked":"Singing Bowl","floor":31.0},{"not_picked":["champ:DeathBlow+1","champ:FalseCounter","champ:Aggression"],"picked":"Singing Bowl","floor":32.0},{"not_picked":["champ:LastStand","champ:Improvising"],"picked":"champ:HoldFirm","floor":33.0},{"not_picked":["champ:DefensiveShout","champ:Circumvent+1","champ:Backstep"],"picked":"Singing Bowl","floor":36.0},{"not_picked":["champ:StanceDance","champ:SkillfulDodge","champ:DefensiveShout+1"],"picked":"Singing Bowl","floor":37.0},{"not_picked":["champ:CrownThrow","champ:Balance+1"],"picked":"champ:DefensiveStyle","floor":38.0},{"not_picked":["champ:Shatter","champ:StanceDance","champ:FaceSlap"],"picked":"Singing Bowl","floor":43.0},{"not_picked":["champ:GladiatorsShout","champ:Duel","champ:SwordSigil"],"picked":"Singing Bowl","floor":45.0},{"not_picked":["champ:CrookedStrike","champ:ShieldSigil+1","champ:TornadoPunch"],"picked":"Singing Bowl","floor":46.0},{"not_picked":["champ:Aggression+1","champ:TornadoPunch","champ:BerserkersShout"],"picked":"Singing Bowl","floor":48.0},{"not_picked":["champ:AdrenalArmor","champ:GladiatorsShout+1"],"picked":"champ:EnchantCrown","floor":49.0},{"not_picked":["champ:RageSigil","champ:TornadoPunch"],"picked":"champ:EnGarde","floor":52}],"player_experience":2981468,"relics_obtained":[{"floor":8.0,"key":"MealTicket"},{"floor":14.0,"key":"InkBottle"},{"floor":22.0,"key":"Singing Bowl"},{"floor":22.0,"key":"Incense Burner"},{"floor":24.0,"key":"HornCleat"},{"floor":27.0,"key":"Red Mask"},{"floor":29.0,"key":"champ:FightingForDummies"},{"floor":43.0,"key":"The Courier"},{"floor":46.0,"key":"Turnip"},{"floor":52,"key":"Blood Vial"}],"event_choices":[{"damage_healed":0.0,"max_hp_gain":0.0,"max_hp_loss":0.0,"gold_gain":0.0,"event_name":"Masked Bandits","player_choice":"Fought Bandits","floor":27.0,"gold_loss":0.0,"damage_taken":0.0},{"damage_healed":0.0,"max_hp_gain":0.0,"max_hp_loss":0.0,"gold_gain":0.0,"event_name":"Mysterious Sphere","player_choice":"Fight","floor":46.0,"gold_loss":0.0,"damage_taken":0.0},{"cards_removed":["champ:StrikeOfGenius"],"damage_healed":0.0,"max_hp_gain":0.0,"max_hp_loss":0.0,"gold_gain":0.0,"event_name":"Falling","player_choice":"Removed Power","floor":47.0,"gold_loss":0.0,"damage_taken":0.0}],"is_beta":false,"boss_relics":[{"not_picked":["Runic Pyramid","Pandora\u0027s Box"],"picked":"Astrolabe"},{"not_picked":["Busted Crown","Calling Bell"],"picked":"Cursed Key"}],"items_purged_floors":[9,30,45,53],"is_endless":false,"potions_floor_spawned":[5,6,14,15,16,19,26,29,31,33,36,43,48,49,52],"ascension_level":20}}