{"host":"hwrdjx5eod2cxh09","time":1610122669,"event":{"mods":["AchievementEnabler","BaseMod","Bestiary","Minty Spire (QoL Compilation)","Relic Stats"],"gold_per_floor":[118,135,146,162,176,206,218,229,310,310,310,325,337,350,350,454,454,473,44,62,62,76,105,105,133,133,133,146,175,192,211,211,313,313,324,342,342,357,373,400,400,410,410,410,410,410,410,463,463,463,463,463,162,191,191,191],"floor_reached":55,"playtime":2863,"items_purged":["Strike_B","Hyperbeam"],"score":841,"play_id":"f973a1e2-00ec-4373-b9cd-8b2767ee6303","local_time":"20210109011749","is_ascension_mode":true,"campfire_choices":[{"floor":11,"key":"REST"},{"floor":15,"key":"REST"},{"data":"Coolheaded","floor":24,"key":"SMITH"},{"floor":32,"key":"REST"},{"floor":41,"key":"RECALL"},{"floor":44,"key":"REST"},{"floor":47,"key":"REST"},{"floor":49,"key":"REST"},{"data":"Buffer","floor":52,"key":"SMITH"}],"circlet_count":0,"master_deck":["Defend_B","Defend_B","Defend_B","Defend_B","Dualcast","Coolheaded+1","Gash","BootSequence","Ball Lightning","Beam Cell+1","Cold Snap","Reboot","Cold Snap","Gash","FTL+1","White Noise+1","Lockon+1","Auto Shields+1","Gash","Gash","Chill","FTL","Hologram","Capacitor+1","Consume","Gash","Go for the Eyes","Buffer+1","Redo+1","Chill","Steam+1","Madness","Madness"],"relics":["Cracked Core","Potion Belt","White Beast Statue","Astrolabe","CaptainsWheel","Boot","Prayer Wheel","Kunai","Orichalcum","Nuclear Battery","Bird Faced Urn","PreservedInsect","Centennial Puzzle","DataDisk"],"acts_visited":["Exordium","TheCity","TheBeyond","TheEnding"],"potions_floor_usage":[6,10,14,23,23,23,33,40,40,50,55,55,55,55,55],"damage_taken":[{"damage":6,"enemies":"Jaw Worm","floor":1,"turns":4},{"damage":0,"enemies":"Cultist","floor":2,"turns":3},{"damage":2,"enemies":"Small Slimes","floor":3,"turns":3},{"damage":19,"enemies":"Exordium Thugs","floor":4,"turns":6},{"damage":0,"enemies":"Large Slime","floor":5,"turns":5},{"damage":30,"enemies":"Gremlin Nob","floor":6,"turns":4},{"damage":0,"enemies":"Blue Slaver","floor":7,"turns":2},{"damage":3,"enemies":"Looter","floor":8,"turns":3},{"damage":9,"enemies":"Lagavulin","floor":10,"turns":3},{"damage":4,"enemies":"2 Fungi Beasts","floor":12,"turns":3},{"damage":7,"enemies":"3 Louse","floor":13,"turns":3},{"damage":6,"enemies":"Gremlin Gang","floor":14,"turns":4},{"damage":31,"enemies":"The Guardian","floor":16,"turns":11},{"damage":10,"enemies":"3 Byrds","floor":18,"turns":4},{"damage":0,"enemies":"Chosen","floor":20,"turns":3},{"damage":19,"enemies":"Centurion and Healer","floor":22,"turns":6},{"damage":0,"enemies":"Gremlin Leader","floor":23,"turns":5},{"damage":14,"enemies":"Book of Stabbing","floor":25,"turns":6},{"damage":0,"enemies":"Shelled Parasite and Fungi","floor":28,"turns":5},{"damage":0,"enemies":"Gremlin Leader","floor":29,"turns":6},{"damage":4,"enemies":"Snake Plant","floor":30,"turns":4},{"damage":10,"enemies":"3 Cultists","floor":31,"turns":5},{"damage":21,"enemies":"Collector","floor":33,"turns":10},{"damage":0,"enemies":"3 Shapes","floor":35,"turns":3},{"damage":3,"enemies":"3 Darklings","floor":36,"turns":6},{"damage":8,"enemies":"Spire Growth","floor":38,"turns":4},{"damage":0,"enemies":"Transient","floor":39,"turns":5},{"damage":32,"enemies":"Reptomancer","floor":40,"turns":7},{"damage":29,"enemies":"3 Darklings","floor":42,"turns":4},{"damage":74,"enemies":"Awakened One","floor":50,"turns":19},{"damage":34,"enemies":"Shield and Spear","floor":54,"turns":12},{"damage":63,"enemies":"The Heart","floor":55,"turns":9}],"seed_played":"1845785311109958052","potions_obtained":[{"floor":1,"key":"CultistPotion"},{"floor":3,"key":"SmokeBomb"},{"floor":5,"key":"PowerPotion"},{"floor":6,"key":"EssenceOfDarkness"},{"floor":12,"key":"FearPotion"},{"floor":13,"key":"ColorlessPotion"},{"floor":14,"key":"DistilledChaos"},{"floor":16,"key":"Strength Potion"},{"floor":18,"key":"Regen Potion"},{"floor":20,"key":"Fire Potion"},{"floor":23,"key":"Weak Potion"},{"floor":25,"key":"Dexterity Potion"},{"floor":28,"key":"LiquidMemories"},{"floor":29,"key":"CultistPotion"},{"floor":33,"key":"GamblersBrew"},{"floor":40,"key":"Dexterity Potion"},{"floor":42,"key":"Regen Potion"},{"floor":54,"key":"PotionOfCapacity"}],"is_trial":false,"path_per_floor":["M","M","M","M","M","E","M","M","T","E","R","M","M","M","R","B",null,"M","$","M","?","M","E","R","E","T","?","M","E","M","M","R","B",null,"M","M","?","M","M","E","R","M","T","R","?","?","R","T","R","B",null,"R","$","E","B"],"character_chosen":"DEFECT","items_purchased":["Gash","CaptainsWheel","Centennial Puzzle","Block Potion"],"campfire_rested":6,"item_purchase_floors":[19,19,53,53],"current_hp_per_floor":[76,76,74,55,55,25,25,22,22,13,37,33,26,20,44,13,82,72,72,72,72,53,67,67,53,53,53,53,53,49,39,63,42,82,82,79,79,71,71,39,39,14,14,38,38,28,52,52,76,23,82,82,82,52,0,0],"gold":191,"neow_bonus":"TEN_PERCENT_HP_BONUS","is_daily":false,"chose_seed":false,"campfire_upgraded":2,"win_rate":0.0,"timestamp":1610122669,"path_taken":["M","M","M","M","M","E","M","M","T","E","R","M","M","M","R","BOSS","M","$","M","?","?","E","R","E","T","?","M","E","M","M","R","BOSS","M","M","?","M","M","E","R","M","T","R","?","?","R","?","R","BOSS","R","$","E","BOSS"],"items_purchased_type":["Card","Relic","Relic","Potion"],"build_version":"2020-12-22","purchased_purges":2,"victory":false,"max_hp_per_floor":[82,82,82,82,82,82,82,82,82,82,82,82,82,82,82,82,82,82,82,82,82,82,82,82,82,82,82,82,82,82,82,82,82,82,82,82,82,82,82,82,82,82,82,82,82,82,82,82,82,82,82,82,82,82,82,82],"relic_stats":{"Centennial Puzzle":[6],"counters":[32,177],"Astrolabe":["FTL","White Noise","Lockon"],"Bird Faced Urn":[20],"Prayer Wheel":8,"PreservedInsect":68,"Kunai":[60],"Orichalcum":[54],"Boot":[77],"obtain_stats":[{"Potion Belt":6,"Astrolabe":17,"PreservedInsect":48,"Orichalcum":29,"Boot":23,"White Beast Statue":9,"Nuclear Battery":34,"CaptainsWheel":19,"Centennial Puzzle":53,"DataDisk":54,"Bird Faced Urn":40,"Prayer Wheel":25,"Kunai":26,"Cracked Core":0},{"Potion Belt":6,"Astrolabe":13,"PreservedInsect":29,"Orichalcum":20,"Boot":17,"White Beast Statue":8,"Nuclear Battery":23,"CaptainsWheel":14,"Centennial Puzzle":30,"DataDisk":31,"Bird Faced Urn":28,"Prayer Wheel":18,"Kunai":18,"Cracked Core":0},{"Potion Belt":25,"Astrolabe":54,"PreservedInsect":137,"Orichalcum":89,"Boot":72,"White Beast Statue":30,"Nuclear Battery":108,"CaptainsWheel":58,"Centennial Puzzle":156,"DataDisk":168,"Bird Faced Urn":133,"Prayer Wheel":78,"Kunai":78,"Cracked Core":0}]},"card_choices":[{"not_picked":["Steam Power","Scrape"],"picked":"Coolheaded","floor":1},{"not_picked":["Reprogram","Chaos","Heatsinks"],"picked":"SKIP","floor":2},{"not_picked":["Rip and Tear","Storm"],"picked":"Gash","floor":3},{"not_picked":["Scrape","White Noise"],"picked":"BootSequence","floor":4},{"not_picked":["FTL","Go for the Eyes"],"picked":"Ball Lightning","floor":5},{"not_picked":["Compile Driver","Turbo"],"picked":"Beam Cell","floor":6},{"not_picked":["Steam Power","Hologram","Fusion"],"picked":"SKIP","floor":7},{"not_picked":["Steam Power","Go for the Eyes"],"picked":"Cold Snap","floor":8},{"not_picked":["Double Energy","Scrape"],"picked":"Reboot","floor":12},{"not_picked":["Turbo","Scrape"],"picked":"Cold Snap","floor":13},{"not_picked":["Streamline","Lockon"],"picked":"Gash","floor":14},{"not_picked":["Rainbow","Echo Form"],"picked":"Hyperbeam","floor":16},{"not_picked":["Rebound","Reinforced Body"],"picked":"Auto Shields+1","floor":18},{"not_picked":["Redo","Lockon","Stack"],"picked":"SKIP","floor":20},{"not_picked":["Stack","Storm"],"picked":"Gash","floor":22},{"not_picked":["Storm","Cold Snap"],"picked":"Chill","floor":23},{"not_picked":["Darkness","Double Energy"],"picked":"FTL","floor":25},{"not_picked":["Auto Shields+1","Streamline"],"picked":"Hologram","floor":28},{"not_picked":["Aggregate","Glacier"],"picked":"Capacitor+1","floor":28},{"not_picked":["Chill","Compile Driver","Sweeping Beam"],"picked":"SKIP","floor":29},{"not_picked":["Loop","Cold Snap"],"picked":"Consume","floor":30},{"not_picked":["Reinforced Body","Self Repair"],"picked":"Gash","floor":30},{"not_picked":["Reinforced Body","Thunder Strike"],"picked":"Go for the Eyes","floor":31},{"not_picked":["Conserve Battery","Stack","Gash"],"picked":"SKIP","floor":31},{"not_picked":["Fission","Echo Form"],"picked":"Buffer","floor":33},{"not_picked":["Rebound","Heatsinks","Cold Snap"],"picked":"SKIP","floor":35},{"not_picked":["Barrage","Ball Lightning","Conserve Battery"],"picked":"SKIP","floor":35},{"not_picked":["Skim","Steam Power+1"],"picked":"Redo+1","floor":36},{"not_picked":["Barrage","Leap","Compile Driver"],"picked":"SKIP","floor":36},{"not_picked":["Rebound","Ball Lightning+1","Undo+1"],"picked":"SKIP","floor":38},{"not_picked":["Stack","Hello World","Compile Driver+1"],"picked":"SKIP","floor":38},{"not_picked":["Steam","Gash+1"],"picked":"Chill","floor":39},{"not_picked":["Ball Lightning","Sunder","Hologram"],"picked":"SKIP","floor":39},{"not_picked":["Redo","Beam Cell","Rebound"],"picked":"SKIP","floor":40},{"not_picked":["Barrage","Leap+1"],"picked":"Steam+1","floor":42},{"not_picked":["Beam Cell","Electrodynamics","Leap+1"],"picked":"SKIP","floor":42},{"not_picked":["Hello World+1","Barrage+1","Self Repair"],"picked":"SKIP","floor":54}],"player_experience":196050,"relics_obtained":[{"floor":6,"key":"Potion Belt"},{"floor":9,"key":"White Beast Statue"},{"floor":23,"key":"Boot"},{"floor":25,"key":"Prayer Wheel"},{"floor":26,"key":"Kunai"},{"floor":29,"key":"Orichalcum"},{"floor":40,"key":"Bird Faced Urn"},{"floor":48,"key":"PreservedInsect"},{"floor":54,"key":"DataDisk"}],"event_choices":[{"damage_healed":0,"gold_gain":0,"player_choice":"Upgraded","damage_taken":0,"max_hp_gain":0,"max_hp_loss":0,"event_name":"Upgrade Shrine","floor":21,"gold_loss":0,"cards_upgraded":["Beam Cell"]},{"cards_removed":["Zap"],"damage_healed":0,"gold_gain":0,"player_choice":"Purged","damage_taken":0,"max_hp_gain":0,"max_hp_loss":0,"event_name":"Purifier","floor":27,"gold_loss":0},{"damage_healed":0,"gold_gain":0,"player_choice":"Memory 1","damage_taken":0,"max_hp_gain":0,"max_hp_loss":0,"event_name":"SensoryStone","floor":37,"gold_loss":0},{"damage_healed":0,"gold_gain":0,"player_choice":"Ignored","damage_taken":0,"max_hp_gain":0,"max_hp_loss":0,"event_name":"Tomb of Lord Red Mask","floor":45,"gold_loss":0},{"damage_healed":0,"gold_gain":0,"player_choice":"Embrace Madness","damage_taken":10,"max_hp_gain":0,"max_hp_loss":0,"event_name":"Winding Halls","floor":46,"gold_loss":0,"cards_obtained":["Madness","Madness"]}],"is_beta":false,"boss_relics":[{"not_picked":["Empty Cage","Busted Crown"],"picked":"Astrolabe"},{"not_picked":["Pandora\u0027s Box","SacredBark"],"picked":"Nuclear Battery"}],"items_purged_floors":[19,53],"is_endless":false,"potions_floor_spawned":[1,3,5,6,10,12,13,14,16,18,20,22,23,25,28,29,30,31,33,35,36,38,39,40,42,54],"killed_by":"The Heart","ascension_level":1}}