{"host":"474oh00kq6ni8dn3","time":1610110699,"event":{"mods":["AchievementEnabler","Aspiration","BaseMod","Bestiary","Colored Map","Colored Powertips","Conspire","Custom Start","Defuse TimeMaze Blight","Downfall","Duelist Mod","GifTheSpireLib","Googly Eyes","GungeonMod","Halation","Hubris","Infinite Spire","Jedi Mod","Minty Spire (QoL Compilation)","Permanent Neow","Quick Restart","Random Character Button","Replay The Spire","Shop Mod","StSLib","Stuff the Spire","The Construct","The Factory","The Jungle","Trackpad","Unceasing Turn Reminder","vexMod"],"gold_per_floor":[12,32,47,58,58,84,84,114,114,114,139,151,165,198,198,303,303,322,322,322,337,349,374,388,419,474,489,491,491,511,447,447,547,1213,1235,1235,1247,1249,1249,1287,1287,691,770,770,18,31,56,67,67,67,67,67,67,98,100],"floor_reached":56,"playtime":2650,"items_purged":["theDuelist:ToonWorld","theDuelist:ToonWorld","theDuelist:Sparks","Pride","Riddle With Holes"],"score":1695,"play_id":"0a346a0e-6170-419b-899d-2639fb8843c5","local_time":"20210108125819","is_ascension_mode":true,"campfire_choices":[{"data":"theDuelist:ToonMagic","floor":7.0,"key":"SMITH"},{"data":"theDuelist:ToonDarkMagician","floor":15.0,"key":"SMITH"},{"floor":29.0,"key":"REST"},{"floor":32.0,"key":"DIG"},{"floor":44.0,"key":"RECALL"},{"data":"theDuelist:Metronome","floor":49.0,"key":"SMITH"},{"data":"hubris:Fate","floor":52.0,"key":"SMITH"}],"circlet_count":0,"master_deck":["theDuelist:CastleWalls","theDuelist:MangaRyuRan","theDuelist:ToonAncientGear+1","theDuelist:ToonMermaid","theDuelist:ToonSummonedSkull","theDuelist:ToonMask+1","theDuelist:ToonMagic+1","theDuelist:WingedKuribohLv10","theDuelist:ToonMask+1","theDuelist:ToonKingdom+1","theDuelist:ToonDarkMagician+1","theDuelist:YamiForm+1","hubris:Fate","theDuelist:ToonAncientGear","theDuelist:ToonAncientGear","theDuelist:WingedKuribohLv10","theDuelist:Metronome+1","theDuelist:ToonMagic","Riddle With Holes","Venomology","theDuelist:ToonDefense+1","hubris:Fate+1","theDuelist:ToonMask","theDuelist:ToonAncientGear","theDuelist:WingedKuribohLv10","theDuelist:ToonAncientGear"],"relics":["theDuelist:MillenniumPuzzle","DemoMod:GundromedaStrain","Orichalcum","MerchantsRug","Omamori","jedi:hotpepper","CaptainsWheel","infinitespire:Midas Blood","Replay:Rubber Ducky","theDuelist:MillenniumPrayerbook","halation:Jellyphish","trackpad:Compendium","vexMod:RockOfEvil","StuffTheSpire:Rhapsscallions","hubris:AncientText","infinitespire:CheckeredPen","Mummified Hand","FossilizedHelix","aspiration:HatOfInfinitePower","vexMod:InvisibilityCloak"],"acts_visited":["Exordium","TheCity","TheCity","TheEnding"],"potions_floor_usage":[55,55,55,55,55,55],"damage_taken":[{"damage":2.0,"enemies":"Cultist","floor":1.0,"turns":2.0},{"damage":1.0,"enemies":"2 Louse","floor":2.0,"turns":1.0},{"damage":1.0,"enemies":"Small Slimes","floor":3.0,"turns":1.0},{"damage":1.0,"enemies":"3 Louse","floor":4.0,"turns":2.0},{"damage":1.0,"enemies":"Gremlin Nob","floor":6.0,"turns":2.0},{"damage":10.0,"enemies":"Lagavulin","floor":8.0,"turns":5.0},{"damage":2.0,"enemies":"Gremlin Nob","floor":11.0,"turns":2.0},{"damage":3.0,"enemies":"Looter","floor":12.0,"turns":3.0},{"damage":0.0,"enemies":"Lagavulin","floor":14.0,"turns":3.0},{"damage":0.0,"enemies":"Slime Boss","floor":16.0,"turns":5.0},{"damage":0.0,"enemies":"Spheric Guardian","floor":18.0,"turns":2.0},{"damage":1.0,"enemies":"conspire:FuzzyDice","floor":21.0,"turns":3.0},{"damage":5.0,"enemies":"Cultist and Chosen","floor":22.0,"turns":5.0},{"damage":3.0,"enemies":"theDuelist:KaibaA2","floor":23.0,"turns":4.0},{"damage":10.0,"enemies":"Snake Plant","floor":24.0,"turns":2.0},{"damage":17.0,"enemies":"Gremlin Leader","floor":25.0,"turns":5.0},{"damage":0.0,"enemies":"Snecko","floor":27.0,"turns":2.0},{"damage":0.0,"enemies":"Cultist and Chosen","floor":30.0,"turns":2.0},{"damage":0.0,"enemies":"Collector","floor":33.0,"turns":3.0},{"damage":7.0,"enemies":"theFactory:2_Experiment_Personnel","floor":35.0,"turns":2.0},{"damage":0.0,"enemies":"theFactory:4_Mini-Bots","floor":37.0,"turns":2.0},{"damage":6.0,"enemies":"theFactory:Manservantes","floor":40.0,"turns":4.0},{"damage":0.0,"enemies":"theFactory:ShrapnelTosser","floor":46.0,"turns":2.0},{"damage":0.0,"enemies":"theFactory:DrinkBrewer","floor":47.0,"turns":3.0},{"damage":0.0,"enemies":"theFactory:Big_Bot_Bundle","floor":48.0,"turns":1.0},{"damage":0.0,"enemies":"theFactory:SPIDER","floor":50.0,"turns":6.0},{"damage":0,"enemies":"Shield and Spear","floor":54,"turns":6},{"damage":22,"enemies":"The Heart","floor":55,"turns":5}],"seed_played":"3827506135199047655","potions_obtained":[{"floor":2.0,"key":"SpeedPotion"},{"floor":4.0,"key":"theDuelist:TokenPotion"},{"floor":6.0,"key":"theDuelist:SealedPackB"},{"floor":14.0,"key":"Venom Potion"},{"floor":18.0,"key":"PowerPotion"},{"floor":24.0,"key":"theDuelist:WhiteBottle"},{"floor":25.0,"key":"theDuelist:SealedPack"},{"floor":30.0,"key":"DemoMod:LeadSkinPotion"},{"floor":33.0,"key":"theDuelist:FlamingBottle"},{"floor":41.0,"key":"theDuelist:VoidBottle"},{"floor":41.0,"key":"Slimebound:ThreeZeroPotion"},{"floor":54,"key":"theDuelist:FireBottle"}],"is_trial":false,"path_per_floor":["M","M","M","M","?","E","R","E","T","$","E","M","$","E","R","B",null,"M","?","AVR","M","M","E","M","E","T","M","?","R","M","$","R_BF","B",null,"M","?","M","?","?","E","?","$","T","R","$","M","E","M","R","B",null,"R","$","E","B",null],"character_chosen":"THE_DUELIST","items_purchased":["MerchantsRug","theDuelist:ToonDarkMagician","Replay:Baseball","Omamori","halation:Jellyphish","theDuelist:WingedKuribohLv10","hubris:AncientText","infinitespire:CheckeredPen","theDuelist:ToonMask","Mummified Hand","FossilizedHelix","theDuelist:ToonAncientGear"],"campfire_rested":1,"item_purchase_floors":[13,13,13,13,31,31,42,42,42,45,45,45],"current_hp_per_floor":[78,77,76,75,75,74,74,64,64,64,62,59,59,59,59,59,60,60,60,60,59,54,51,41,24,24,24,18,36,36,36,36,49,60,53,53,53,38,58,53,53,53,53,53,53,53,53,53,53,53,61,61,61,61,39],"gold":100,"neow_bonus":"ONE_RARE_RELIC","is_daily":false,"chose_seed":false,"campfire_upgraded":4,"win_rate":0.0,"timestamp":1610110699,"path_taken":["M","M","M","M","?","E","R","E","T","$","E","M","$","E","R","BOSS","M","?","AVR","M","M","E","M","E","T","M","?","R","M","$","R_BF","BOSS","M","?","M","?","?","E","?","$","T","R","$","M","E","M","R","BOSS","R","$","E","BOSS"],"items_purchased_type":["Relic","Card","Relic","Relic","Relic","Card","Relic","Relic","Card","Relic","Relic","Card"],"build_version":"2020-12-22","purchased_purges":5,"victory":true,"max_hp_per_floor":[80,80,80,80,80,80,80,80,80,80,80,80,80,80,80,80,60,60,60,60,60,60,60,60,60,60,60,60,60,60,60,60,60,60,60,60,60,60,60,61,61,61,61,61,61,61,61,61,61,61,61,61,61,61,61],"card_choices":[{"not_picked":["theDuelist:AncientGearFist","theDuelist:ToonSummonedSkull"],"picked":"theDuelist:ToonMask","floor":1.0},{"not_picked":["theDuelist:SpellShatteringArrow","theDuelist:CheerfulCoffin","theDuelist:MangaRyuRan","theDuelist:ToonMermaid"],"picked":"theDuelist:ToonMagic","floor":2.0},{"not_picked":["theDuelist:SpellShatteringArrow","theDuelist:MangaRyuRan","theDuelist:RedEyesToon","theDuelist:ToonBarrelDragon","theDuelist:ToonSummonedSkull"],"picked":"SKIP","floor":3.0},{"not_picked":[],"picked":"theDuelist:ToonWorld","floor":4.0},{"not_picked":["theDuelist:WormKing","theDuelist:FlameTiger","theDuelist:OrbMetronome","theDuelist:SlotMachine"],"picked":"theDuelist:WingedKuribohLv10","floor":6.0},{"not_picked":["theDuelist:EvilswarmHeliotrope","theDuelist:Fissure","theDuelist:GilfordLegend","theDuelist:HammerShot","theDuelist:Mathematician"],"picked":"SKIP","floor":8.0},{"not_picked":["theDuelist:SpellShatteringArrow","theDuelist:MangaRyuRan","theDuelist:RedEyesToon","theDuelist:ToonBarrelDragon"],"picked":"theDuelist:ToonMask","floor":11.0},{"not_picked":["theDuelist:TrapHole","theDuelist:ToonBriefcase","theDuelist:ToonWorld","theDuelist:SwordsConcealing"],"picked":"theDuelist:ToonKingdom","floor":12.0},{"not_picked":["theDuelist:EarthquakeGiant","theDuelist:GolemSentry","theDuelist:MillenniumGolem","theDuelist:PotForbidden","theDuelist:Blockman"],"picked":"SKIP","floor":14.0},{"not_picked":["theDuelist:HeartUnderdog","theDuelist:MagicCylinder","theDuelist:MillenniumShield","theDuelist:TheCreator"],"picked":"theDuelist:YamiForm","floor":16.0},{"not_picked":["theDuelist:ComicHand+1","theDuelist:GracefulCharity","theDuelist:ToonKingdom","theDuelist:ToonWorld+1","theDuelist:SpellShatteringArrow"],"picked":"SKIP","floor":18.0},{"not_picked":["theDuelist:TrapHole","theDuelist:ToonBriefcase","theDuelist:ToonCannonSoldier","theDuelist:ToonWorld"],"picked":"SKIP","floor":21.0},{"not_picked":["theDuelist:MangaRyuRan","theDuelist:RedEyesToon","theDuelist:ToonMermaid","theDuelist:ToonBarrelDragon","theDuelist:ComicHand"],"picked":"SKIP","floor":22.0},{"not_picked":["theDuelist:ToonBarrelDragon+1","theDuelist:CheerfulCoffin","theDuelist:ToonMermaid","theDuelist:ToonBriefcase+1"],"picked":"theDuelist:ToonAncientGear","floor":23.0},{"not_picked":["theDuelist:SpellShatteringArrow","theDuelist:MangaRyuRan","theDuelist:RedEyesToon","theDuelist:ToonBarrelDragon+1","theDuelist:ToonMaskedSorcerer"],"picked":"SKIP","floor":24.0},{"not_picked":["theDuelist:RedEyesToon","theDuelist:FlyingSaucer","theDuelist:MangaRyuRan","theDuelist:SpellShatteringArrow","theDuelist:ToonBarrelDragon+1"],"picked":"SKIP","floor":25.0},{"not_picked":["theDuelist:FuryFire+1","theDuelist:LightningDarts","theDuelist:OneForOne+1","theDuelist:DestructPotion"],"picked":"theDuelist:DianKeto+1","floor":27.0},{"not_picked":["theDuelist:RedEyesToon+1","theDuelist:CheerfulCoffin","theDuelist:ToonMermaid","theDuelist:SpellShatteringArrow"],"picked":"theDuelist:ToonAncientGear","floor":30.0},{"not_picked":["theDuelist:HeartUnderdog","theDuelist:PotForbidden","theDuelist:Raigeki","theDuelist:SmashingGround"],"picked":"theDuelist:Metronome","floor":33.0},{"not_picked":["theDuelist:ToonMermaid","theDuelist:ToonMaskedSorcerer+1","theDuelist:GiantTrunade","theDuelist:GracefulCharity"],"picked":"theDuelist:ToonMagic","floor":35.0},{"not_picked":["theDuelist:AncientGearFist+2","theDuelist:ClearKuriboh+2","theDuelist:FuryFire+1","theDuelist:RedMedicine+2"],"picked":"theDuelist:ToonDefense+1","floor":37.0},{"not_picked":["hubris:Rewind","infinitespire:SealOfDarkness+"],"picked":"hubris:Fate","floor":38.0},{"not_picked":["theDuelist:BattleOx+1","theDuelist:BlackPendant+1","theDuelist:GilfordLegend+1","theDuelist:PreventRat+1","theDuelist:PotDichotomy+1"],"picked":"SKIP","floor":40.0},{"not_picked":["theDuelist:Blockman+1","theDuelist:RainbowJar","theDuelist:SmashingGround+1","theDuelist:YamiForm"],"picked":"theDuelist:WingedKuribohLv10","floor":46.0},{"not_picked":["theDuelist:MangaRyuRan","theDuelist:ToonMermaid+1","theDuelist:FlyingSaucer+1","theDuelist:ShadowToon"],"picked":"theDuelist:ToonAncientGear","floor":47.0},{"not_picked":["theDuelist:BattleOx+1","theDuelist:GilfordLegend+1","theDuelist:PotDichotomy+1","theDuelist:PreventRat","theDuelist:BlackPendant"],"picked":"SKIP","floor":48.0},{"not_picked":["theDuelist:Hinotama+5","theDuelist:MudGolem+1","theDuelist:Sangan+1","theDuelist:WormKing+1","theDuelist:GaiaMidNightSun+1"],"picked":"SKIP","floor":54}],"player_experience":95583,"relics_obtained":[{"floor":6.0,"key":"Potion Belt"},{"floor":8.0,"key":"infinitespire:CursedDice"},{"floor":9.0,"key":"aspiration:AnachronicSnailShell"},{"floor":11.0,"key":"Orichalcum"},{"floor":14.0,"key":"hubris:Teleporter"},{"floor":23.0,"key":"CaptainsWheel"},{"floor":25.0,"key":"infinitespire:Midas Blood"},{"floor":26.0,"key":"Replay:Rubber Ducky"},{"floor":32.0,"key":"trackpad:Compendium"},{"floor":40.0,"key":"StuffTheSpire:Rhapsscallions"},{"floor":47.0,"key":"aspiration:HatOfInfinitePower"},{"floor":54,"key":"vexMod:InvisibilityCloak"}],"event_choices":[{"total_magic_score":53.0,"gold_gain":0.0,"duelist":true,"damage_taken":0.0,"relics_obtained":[],"points":1.0,"max_hp_gain":0.0,"max_hp_loss":0.0,"spent_points":{"magic":0.0,"greed":0.0,"war":0.0,"power":1.0,"hunger":0.0},"event_name":"Nameless Tomb","floor":5.0,"gold_loss":0.0,"cards_obtained":[]},{"damage_healed":0.0,"max_hp_gain":0.0,"max_hp_loss":0.0,"gold_gain":0.0,"event_name":"Aknamkanon\u0027s Tomb","player_choice":"Dig - random Duelist relic","duelist":true,"floor":28.0,"gold_loss":0.0,"damage_taken":0.0},{"damage_healed":0.0,"max_hp_gain":0.0,"max_hp_loss":0.0,"gold_gain":0.0,"event_name":"Lab","player_choice":"Got Potions","floor":41.0,"gold_loss":0.0,"damage_taken":0.0}],"is_beta":false,"boss_relics":[{"not_picked":["Snecko Scales","hubris:ScarierMask"],"picked":"jedi:hotpepper"},{"not_picked":["infinitespire:Burning Sword","halation:SmartPhone"],"picked":"vexMod:RockOfEvil"}],"items_purged_floors":[13,20,31,42,45],"is_endless":false,"potions_floor_spawned":[2,4,6,14,18,24,25,30,33,37,47,50,54],"ascension_level":4}}