{"host":"juzjn19svz7o4sdd","time":1610074259,"event":{"mods":["AchievementEnabler","BaseMod","Better Third Choice","BetterRewards","Colored Powertips","Minty Spire (QoL Compilation)","StSLib","Transform Curses"],"gold_per_floor":[112,112,128,141,161,196,196,212,212,212,232,264,281,138,138,243,243,259,259,275,294,304,339,355,355,355],"floor_reached":25,"playtime":1789,"items_purged":["Strike_G"],"score":435,"play_id":"103f77fb-f66f-4b8b-af5e-71974389b49a","local_time":"20210108105059","is_ascension_mode":true,"campfire_choices":[{"data":"Endless Agony","floor":10.0,"key":"SMITH"},{"data":"Accuracy","floor":15,"key":"SMITH"}],"circlet_count":0,"master_deck":["Strike_G","Strike_G","Strike_G","Strike_G","Defend_G","Defend_G+1","Defend_G+1","Defend_G","Defend_G+1","Survivor","Neutralize+1","Endless Agony+1","Blade Dance","Adrenaline","Endless Agony","Blade Dance","All Out Attack","Adrenaline","Accuracy+1","A Thousand Cuts","Infinite Blades+1","Accuracy+1","Finisher+1"],"relics":["Ring of the Snake","TungstenRod","War Paint","Incense Burner","Molten Egg 2","Matryoshka","Black Star","Mercury Hourglass","Nunchaku"],"acts_visited":["Exordium","TheCity"],"potions_floor_usage":[12,12,18,24],"damage_taken":[{"damage":0.0,"enemies":"2 Louse","floor":1.0,"turns":2.0},{"damage":0.0,"enemies":"Cultist","floor":3.0,"turns":3.0},{"damage":0.0,"enemies":"Small Slimes","floor":4.0,"turns":3.0},{"damage":1.0,"enemies":"Blue Slaver","floor":5.0,"turns":3.0},{"damage":11.0,"enemies":"Lagavulin","floor":6.0,"turns":5.0},{"damage":1.0,"enemies":"Gremlin Gang","floor":8.0,"turns":2.0},{"damage":0.0,"enemies":"Exordium Thugs","floor":11.0,"turns":3.0},{"damage":0,"enemies":"Gremlin Nob","floor":12,"turns":2},{"damage":0,"enemies":"Looter","floor":13,"turns":1},{"damage":0,"enemies":"Slime Boss","floor":16,"turns":4},{"damage":0,"enemies":"Spheric Guardian","floor":18,"turns":3},{"damage":3,"enemies":"Shell Parasite","floor":20,"turns":3},{"damage":10,"enemies":"Snecko","floor":21,"turns":4},{"damage":8,"enemies":"Cultist and Chosen","floor":22,"turns":4},{"damage":27,"enemies":"Book of Stabbing","floor":23,"turns":4},{"damage":0,"enemies":"Centurion and Healer","floor":24,"turns":2},{"damage":23,"enemies":"Gremlin Leader","floor":25,"turns":3}],"seed_played":"-2079886692695694158","potions_obtained":[{"floor":4.0,"key":"FearPotion"},{"floor":6.0,"key":"Strength Potion"},{"floor":13,"key":"Dexterity Potion"},{"floor":16,"key":"DistilledChaos"},{"floor":20,"key":"CultistPotion"},{"floor":23,"key":"Energy Potion"},{"floor":24,"key":"BlessingOfTheForge"}],"is_trial":false,"path_per_floor":["M","?","M","M","M","E","?","M","T","R","M","E","M","$","R","B",null,"M","?","M","M","M","E","M","E"],"character_chosen":"THE_SILENT","items_purchased":["Accuracy"],"campfire_rested":0,"item_purchase_floors":[14],"current_hp_per_floor":[55,55,55,55,54,43,30,29,29,29,29,29,29,29,29,29,70,70,70,67,57,49,22,22,0,0],"gold":355,"neow_bonus":"","is_daily":false,"chose_seed":false,"campfire_upgraded":2,"win_rate":0.0,"timestamp":1610074259,"path_taken":["M","?","?","M","M","E","?","M","T","R","M","E","M","$","R","BOSS","M","?","M","M","M","E","M","E"],"items_purchased_type":["Card"],"build_version":"2020-12-22","purchased_purges":1,"victory":false,"max_hp_per_floor":[70,70,70,70,70,70,70,70,70,70,70,70,70,70,70,70,70,70,70,70,70,70,70,70,70,70],"card_choices":[{"not_picked":["Riddle With Holes","Dagger Spray"],"picked":"Blade Dance","floor":1.0},{"not_picked":["Dagger Spray","Footwork"],"picked":"Blade Dance","floor":3.0},{"not_picked":["Slice","Blade Dance"],"picked":"All Out Attack","floor":4.0},{"not_picked":["Prepared","Dagger Spray","Slice"],"picked":"SKIP","floor":5.0},{"not_picked":["Predator","Heel Hook","Blur"],"picked":"SKIP","floor":6.0},{"not_picked":["Noxious Fumes","PiercingWail","Flying Knee"],"picked":"SKIP","floor":8.0},{"not_picked":["Deflect","Terror","Cloak And Dagger"],"picked":"SKIP","floor":11.0},{"not_picked":["Unload+1","Outmaneuver"],"picked":"Adrenaline","floor":12},{"not_picked":["Deadly Poison","Dagger Throw+1","Dagger Spray+1"],"picked":"SKIP","floor":13},{"not_picked":["Phantasmal Killer","Glass Knife+1"],"picked":"A Thousand Cuts","floor":16},{"not_picked":["Slice+1","Expertise"],"picked":"Infinite Blades+1","floor":18},{"not_picked":["Slice+1","Noxious Fumes","Flying Knee+1"],"picked":"SKIP","floor":20},{"not_picked":["Accuracy","Blur","Dodge and Roll"],"picked":"SKIP","floor":21},{"not_picked":["Dash+1","Outmaneuver","Footwork"],"picked":"SKIP","floor":22},{"not_picked":["Deadly Poison","Quick Slash+1","All Out Attack+1"],"picked":"SKIP","floor":23},{"not_picked":["Wraith Form v2","Outmaneuver"],"picked":"Finisher+1","floor":24}],"player_experience":64693,"relics_obtained":[{"floor":6.0,"key":"Incense Burner"},{"floor":9.0,"key":"Molten Egg 2"},{"floor":12,"key":"Matryoshka"},{"floor":23,"key":"Mercury Hourglass"},{"floor":23,"key":"Nunchaku"}],"event_choices":[{"damage_healed":0.0,"max_hp_gain":0.0,"max_hp_loss":0.0,"gold_gain":0.0,"event_name":"Match and Keep!","player_choice":"2 cards matched","floor":2.0,"gold_loss":0.0,"damage_taken":0.0,"cards_obtained":["Adrenaline","Endless Agony"]},{"damage_healed":43.0,"max_hp_gain":0.0,"max_hp_loss":70.0,"gold_gain":0.0,"event_name":"betterThird:BetterShining","player_choice":"Upgrade","floor":7.0,"gold_loss":0.0,"damage_taken":14.0,"cards_upgraded":["Neutralize","Defend_G"]},{"damage_healed":0,"gold_gain":0,"player_choice":"Copied","damage_taken":0,"max_hp_gain":0,"max_hp_loss":0,"event_name":"Duplicator","floor":19,"gold_loss":0,"cards_obtained":["Accuracy"]}],"is_beta":false,"boss_relics":[{"not_picked":["Fusion Hammer","Velvet Choker"],"picked":"Black Star"}],"items_purged_floors":[14],"is_endless":false,"potions_floor_spawned":[4,6,13,16,20,23,24],"killed_by":"Gremlin Leader","ascension_level":1}}