{"host":"sav7uxregyirlf69","time":1610117863,"event":{"mods":["AchievementEnabler","BaseMod","Colored Map","DeckTracker","Keyboard Shortcuts","Minty Spire (QoL Compilation)","READ ME - Guardian Mod","StSLib","SuperFastMode"],"gold_per_floor":[113,133,133,58,74,74,90,50,77,77,95,106,6,19,19,96,96,107,22,38,51,51,51],"floor_reached":22,"playtime":396,"items_purged":["Strike_G","Strike_G"],"score":360,"play_id":"88f67650-3a69-4bab-a027-d02169cffbd1","local_time":"20210108235743","is_ascension_mode":true,"campfire_choices":[{"data":"Footwork","floor":6.0,"key":"SMITH"},{"data":"Noxious Fumes","floor":15.0,"key":"SMITH"}],"circlet_count":0,"master_deck":["AscendersBane","Strike_G","Defend_G","Defend_G","Defend_G","Defend_G","Survivor","Neutralize","Dagger Spray+1","Quick Slash","Footwork+1","Noxious Fumes+1","Blur","Escape Plan","Eviscerate+1","Riddle With Holes+1","Terror+1","Acrobatics"],"relics":["Ring of the Snake","NeowsBlessing","Boot","Dream Catcher","Astrolabe","Oddly Smooth Stone"],"acts_visited":["Exordium","TheCity"],"potions_floor_usage":[22],"damage_taken":[{"damage":0.0,"enemies":"Jaw Worm","floor":1.0,"turns":1.0},{"damage":0.0,"enemies":"Cultist","floor":2.0,"turns":1.0},{"damage":0.0,"enemies":"Small Slimes","floor":5.0,"turns":1.0},{"damage":9.0,"enemies":"3 Louse","floor":7.0,"turns":3.0},{"damage":0.0,"enemies":"Looter","floor":8.0,"turns":4.0},{"damage":10.0,"enemies":"Large Slime","floor":11.0,"turns":5.0},{"damage":1.0,"enemies":"3 Louse","floor":12.0,"turns":2.0},{"damage":5.0,"enemies":"Red Slaver","floor":14.0,"turns":5.0},{"damage":1.0,"enemies":"The Guardian","floor":16.0,"turns":10.0},{"damage":5.0,"enemies":"3 Byrds","floor":18.0,"turns":4.0},{"damage":12.0,"enemies":"Shell Parasite","floor":20.0,"turns":4.0},{"damage":1.0,"enemies":"Snecko","floor":21.0,"turns":4.0},{"damage":25,"enemies":"Cultist and Chosen","floor":22,"turns":4}],"seed_played":"2573480540593800637","potions_obtained":[{"floor":2.0,"key":"Poison Potion"},{"floor":14.0,"key":"Poison Potion"},{"floor":16.0,"key":"SkillPotion"},{"floor":18.0,"key":"AttackPotion"}],"is_trial":false,"path_per_floor":["M","M","?","$","M","R","M","M","T","T","M","M","$","M","R","B",null,"M","?","M","M","M"],"character_chosen":"THE_SILENT","items_purchased":[],"campfire_rested":0,"item_purchase_floors":[],"current_hp_per_floor":[59,59,59,59,59,59,50,50,50,50,40,39,39,34,34,33,58,53,53,41,40,15,15],"gold":51,"neow_bonus":"THREE_ENEMY_KILL","is_daily":false,"chose_seed":false,"campfire_upgraded":2,"win_rate":0.0,"timestamp":1610117863,"path_taken":["M","M","?","?","M","R","M","M","T","?","M","?","?","M","R","BOSS","M","?","M","M","M"],"items_purchased_type":[],"build_version":"2020-12-22","purchased_purges":2,"victory":false,"max_hp_per_floor":[66,66,66,66,66,66,66,66,66,66,66,66,66,66,66,66,66,66,66,66,66,66,66],"card_choices":[{"not_picked":["PiercingWail","Underhanded Strike"],"picked":"Dagger Spray","floor":1.0},{"not_picked":["Concentrate","Bane"],"picked":"Quick Slash","floor":2.0},{"not_picked":["Crippling Poison","Riddle With Holes"],"picked":"Footwork","floor":5.0},{"not_picked":["Blade Dance","Dodge and Roll"],"picked":"Noxious Fumes","floor":7.0},{"not_picked":["Outmaneuver","Heel Hook","Footwork"],"picked":"SKIP","floor":8.0},{"not_picked":["Dagger Spray","Quick Slash"],"picked":"Blur","floor":11.0},{"not_picked":["Concentrate","Crippling Poison"],"picked":"Escape Plan","floor":12.0},{"not_picked":["Dagger Throw","Riddle With Holes","Quick Slash"],"picked":"SKIP","floor":14.0},{"not_picked":["Quick Slash+1","Footwork","Riddle With Holes"],"picked":"SKIP","floor":18.0},{"not_picked":["Dagger Spray","Flying Knee+1"],"picked":"Acrobatics","floor":20.0},{"not_picked":["Catalyst","Blade Dance","Accuracy+1"],"picked":"SKIP","floor":21.0}],"player_experience":1205586,"relics_obtained":[{"floor":9.0,"key":"Boot"},{"floor":10.0,"key":"Dream Catcher"}],"event_choices":[{"damage_healed":0.0,"max_hp_gain":0.0,"max_hp_loss":0.0,"gold_gain":0.0,"event_name":"Upgrade Shrine","player_choice":"Upgraded","floor":3.0,"gold_loss":0.0,"damage_taken":0.0,"cards_upgraded":["Dagger Spray"]},{"damage_healed":0.0,"max_hp_gain":0.0,"max_hp_loss":0.0,"gold_gain":0.0,"event_name":"Addict","player_choice":"Obtained Relic","floor":19.0,"gold_loss":85.0,"damage_taken":0.0,"relics_obtained":["Oddly Smooth Stone"]}],"is_beta":false,"boss_relics":[{"not_picked":["Runic Pyramid","Ring of the Serpent"],"picked":"Astrolabe"}],"items_purged_floors":[4,13],"is_endless":false,"potions_floor_spawned":[2,14,16,18],"killed_by":"Cultist and Chosen","ascension_level":20}}