{"host":"y36bp6mnm73x3iob","time":1610145197,"event":{"mods":["2.2 Compatiblity","Aspiration","BaseMod","Downfall","GifTheSpireLib","Hermit","Hubris","Marisa????????","Minty Spire (QoL Compilation)","Replay The Spire","Retaliation","StSLib","Stuff the Spire","The Disciple","The Servant 0.9.4"],"gold_per_floor":[175,194,194,209,221,25,50,1,211,225,238,249,249,284,303,403,403,403,422,434,203,203,203,203,214,228,178,4,21,21,6,26,26,26,26],"floor_reached":33,"playtime":2466,"items_purged":[],"score":326,"play_id":"4379b3c7-6d17-42b5-96ae-c915fc607e85","local_time":"20210109003317","is_ascension_mode":false,"campfire_choices":[{"data":"Guardian:SpikerProtocol","floor":13,"key":"SMITH"},{"data":"Guardian:ArmoredProtocol","floor":18,"key":"SMITH"},{"data":"Guardian:BaubleBeam","floor":30,"key":"SMITH"}],"circlet_count":0,"master_deck":["Guardian:Strike_Guardian","Guardian:Strike_Guardian","Guardian:Strike_Guardian","Guardian:Strike_Guardian","Guardian:Defend_Guardian","Guardian:Defend_Guardian","Guardian:Defend_Guardian+1","Guardian:Defend_Guardian","Guardian:CurlUp","Guardian:TwinSlam","Guardian:EvasiveProtocol","Guardian:BronzeArmor+1","Guardian:GuardianWhirl","Guardian:Harden","Guardian:TimeBomb","Guardian:TemporalShield+1","ReplayTheSpireMod:Splinters","Guardian:CrystalBeam","Guardian:SpikerProtocol+1","Guardian:Reroute","Guardian:RevengeProtocol","Guardian:Repulse","Guardian:ArmoredProtocol+1","Guardian:StasisStrike","CurseOfTheBell","Guardian:SpikerProtocol+1","Guardian:PrismaticBeam+1","Guardian:SpikerProtocol+1","Guardian:EvasiveProtocol+1","Guardian:FloatingOrbs+1","Guardian:Gem_Fragmented","Guardian:Harden+1","Guardian:BaubleBeam+1","Guardian:SpikerProtocol+1","Guardian:TemporalStrike","Guardian:Gem_Red"],"relics":["Guardian:ModeShifter","Regal Pillow","Smiling Mask","Calling Bell","Juzu Bracelet","Frozen Egg 2","Ginger","Membership Card","War Paint","Replay:Baseball"],"acts_visited":["Exordium","TheCity"],"potions_floor_usage":[6,15,16,16,21,21,26,33],"damage_taken":[{"damage":2,"enemies":"2 Louse","floor":2,"turns":3},{"damage":6,"enemies":"Cultist","floor":4,"turns":4},{"damage":4,"enemies":"Jaw Worm","floor":5,"turns":5},{"damage":0,"enemies":"downfall:FleeingMerchant","floor":6,"turns":4},{"damage":5,"enemies":"downfall:FleeingMerchant","floor":8,"turns":4},{"damage":4,"enemies":"Red Slaver","floor":10,"turns":5},{"damage":15,"enemies":"Gremlin Gang","floor":11,"turns":6},{"damage":6,"enemies":"3 Louse","floor":12,"turns":3},{"damage":0,"enemies":"Replay:BlueRogue","floor":14,"turns":7},{"damage":2,"enemies":"2 Fungi Beasts","floor":15,"turns":4},{"damage":28,"enemies":"downfall:Ironclad","floor":16,"turns":10},{"damage":17,"enemies":"Spheric Guardian","floor":19,"turns":7},{"damage":14,"enemies":"Shell Parasite","floor":20,"turns":5},{"damage":8,"enemies":"downfall:FleeingMerchant","floor":21,"turns":5},{"damage":11,"enemies":"Snake Plant","floor":25,"turns":4},{"damage":0,"enemies":"3 Cultists","floor":26,"turns":5},{"damage":5,"enemies":"downfall:FleeingMerchant","floor":28,"turns":4},{"damage":14,"enemies":"Centurion and Healer","floor":29,"turns":9},{"damage":13,"enemies":"downfall:FleeingMerchant","floor":31,"turns":4},{"damage":5,"enemies":"Snake Plant","floor":32,"turns":5},{"damage":37,"enemies":"downfall:Defect","floor":33,"turns":6}],"seed_played":"-1774841806201849742","potions_obtained":[{"floor":2,"key":"sneckomod:MuddlingPotion"},{"floor":4,"key":"Block Potion"},{"floor":5,"key":"PowerPotion"},{"floor":12,"key":"SteroidPotion"},{"floor":14,"key":"LifebloodPotion"},{"floor":19,"key":"FearPotion"},{"floor":20,"key":"Flashbang"},{"floor":25,"key":"Reflective Coating"},{"floor":32,"key":"SteroidPotion"}],"is_trial":false,"path_per_floor":["R","M","?","M","M","$","T","$","?","M","M","M","R","E","M","B",null,"R","M","M","$","?","?","T","M","M","?","$","M","R","$","M","B"],"character_chosen":"GUARDIAN","items_purchased":["Guardian:Gem_Synthetic","Guardian:Harden","Guardian:TemporalShield+1","Membership Card","Guardian:EvasiveProtocol+1","Guardian:Gem_White","Guardian:BaubleBeam","Guardian:SpikerProtocol+1","Replay:Baseball"],"campfire_rested":0,"item_purchase_floors":[6,6,8,21,21,21,28,28,28],"current_hp_per_floor":[88,86,86,80,76,76,76,71,71,67,52,46,46,46,44,16,88,88,71,57,49,49,49,49,38,38,70,65,51,51,38,33,0,0,0],"gold":26,"neow_bonus":"TEN_PERCENT_HP_BONUS","is_daily":false,"chose_seed":false,"campfire_upgraded":3,"win_rate":0.0,"timestamp":1610145197,"path_taken":["R","M","?","?","M","$","T","?","?","M","M","?","R","E","M","BOSS","R","M","M","$","?","?","T","M","M","?","$","M","R","$","M","BOSS"],"items_purchased_type":["Card","Card","Card","Relic","Card","Card","Card","Card","Relic"],"build_version":"2020-12-22","purchased_purges":0,"victory":false,"max_hp_per_floor":[88,88,88,88,88,88,88,88,88,88,88,88,88,88,88,88,88,88,88,88,88,88,88,88,88,88,88,88,88,88,88,88,88,88,88],"card_choices":[{"not_picked":["Guardian:FloatingOrbs","Guardian:Recover"],"picked":"Guardian:Gem_White","floor":2},{"not_picked":["Guardian:Preprogram","Guardian:Gem_Green"],"picked":"Guardian:EvasiveProtocol","floor":4},{"not_picked":["Guardian:TimeCapacitor","Guardian:Gem_White"],"picked":"Guardian:BronzeArmor","floor":5},{"not_picked":["Guardian:PiercingHide","Guardian:TemporalShield"],"picked":"Guardian:GuardianWhirl","floor":6},{"not_picked":["Guardian:VentSteam","Guardian:TemporalShield"],"picked":"Guardian:TimeBomb","floor":8},{"not_picked":["Guardian:Gem_Green","Guardian:TimeCapacitor"],"picked":"Guardian:CrystalBeam","floor":9},{"not_picked":["Guardian:Gem_Purple","Guardian:PiercingHide"],"picked":"Guardian:SpikerProtocol","floor":10},{"not_picked":["Guardian:PiercingHide","Guardian:GuardianWhirl"],"picked":"Guardian:Reroute","floor":11},{"not_picked":["Guardian:Recover","Guardian:ChargeUp"],"picked":"Guardian:RevengeProtocol","floor":12},{"not_picked":["Guardian:Emergency","Guardian:RollAttack"],"picked":"Guardian:Repulse","floor":14},{"not_picked":["Guardian:Emergency","Guardian:Gem_Lightblue"],"picked":"Guardian:ArmoredProtocol","floor":15},{"not_picked":["Guardian:Gem_Orange","Guardian:ConstructionForm"],"picked":"Guardian:StasisStrike","floor":16},{"not_picked":["Guardian:Gem_Green","Guardian:Gem_Lightblue"],"picked":"Guardian:SpikerProtocol+1","floor":19},{"not_picked":["Guardian:WalkerClaw","Guardian:Gem_Lightblue"],"picked":"Guardian:PrismaticBeam+1","floor":20},{"not_picked":["Guardian:TimeCapacitor+1","Guardian:Suspension+1"],"picked":"Guardian:SpikerProtocol+1","floor":21},{"not_picked":["Guardian:PiercingHide+1","Guardian:CrystalBeam"],"picked":"Guardian:Gem_Green","floor":25},{"not_picked":["Guardian:Planning","Guardian:WalkerClaw"],"picked":"Guardian:Harden+1","floor":26},{"not_picked":["Guardian:TemporalShield","Guardian:ShieldSpikes"],"picked":"Guardian:Gem_Cyan","floor":28},{"not_picked":["Guardian:DecasProtection","Guardian:CrystalBeam"],"picked":"Guardian:Gem_White","floor":29},{"not_picked":["Guardian:RollAttack","Guardian:Incinerate"],"picked":"Guardian:TemporalStrike","floor":31},{"not_picked":["Guardian:Preprogram","Guardian:Planning"],"picked":"Guardian:Gem_Red","floor":32}],"player_experience":427637,"relics_obtained":[{"floor":7,"key":"Regal Pillow"},{"floor":14,"key":"Smiling Mask"},{"floor":17,"key":"Juzu Bracelet"},{"floor":17,"key":"Frozen Egg 2"},{"floor":17,"key":"Ginger"},{"floor":24,"key":"War Paint"}],"event_choices":[{"damage_healed":0,"gold_gain":0,"player_choice":"Read","damage_taken":0,"max_hp_gain":0,"max_hp_loss":0,"event_name":"The Library","floor":22,"gold_loss":0,"cards_obtained":["Guardian:FloatingOrbs"]}],"is_beta":false,"boss_relics":[{"not_picked":["hubris:BlackHole","hubris:HollowSoul"],"picked":"Calling Bell"}],"items_purged_floors":[],"is_endless":false,"potions_floor_spawned":[2,4,5,12,14,19,20,25,32],"killed_by":"downfall:Defect","ascension_level":0}}