{"host":"91blwi3hgehj6ch9","time":1610065297,"event":{"mods":["2.2 Compatiblity","AchievementEnabler","BaseMod","Colored Map","DeckTracker","Keyboard Shortcuts","Minty Spire (QoL Compilation)","Permanent Neow","Quick Restart","StSLib","SuperFastMode"],"gold_per_floor":[114,128,128,2,2,2,32,32,32,32,32,47,47,68,68,198,198,219,239,62,87,87,87,87,127,150,25,124,167,192,228,228,349,349,368,218,232,565,577,577,612,612,612,643,643,694,694,706,706,706],"floor_reached":51,"playtime":2898,"items_purged":["Strike_G","Strike_G","Strike_G","Defend_G"],"score":1430,"play_id":"c5d12502-01c8-4dd7-949c-d80d74c1063e","local_time":"20210108092137","is_ascension_mode":true,"campfire_choices":[{"data":"Bouncing Flask","floor":6.0,"key":"SMITH"},{"data":"Deadly Poison","floor":8.0,"key":"SMITH"},{"data":"Footwork","floor":13.0,"key":"SMITH"},{"data":"Prepared","floor":15.0,"key":"SMITH"},{"data":"Catalyst","floor":23.0,"key":"SMITH"},{"data":"Tactician","floor":32.0,"key":"SMITH"},{"data":"Night Terror","floor":40.0,"key":"SMITH"},{"data":"Acrobatics","floor":45,"key":"SMITH"},{"data":"Acrobatics","floor":49,"key":"SMITH"}],"circlet_count":0,"master_deck":["AscendersBane","Defend_G","Defend_G","Defend_G","Survivor","Neutralize","Deadly Poison+1","Bouncing Flask+1","Acrobatics+1","Footwork+1","Prepared+1","Well Laid Plans+1","Flechettes","Catalyst+1","Ghostly","Ghostly","Ghostly","Ghostly","Ghostly","Escape Plan","Tactician+1","Night Terror+1","Acrobatics+1","Decay","Deadly Poison+1"],"relics":["Coffee Dripper","Darkstone Periapt","HornCleat","Empty Cage","Nunchaku","MealTicket","CaptainsWheel","Lizard Tail","Cursed Key","Akabeko","Juzu Bracelet","Torii"],"acts_visited":["Exordium","TheCity","TheBeyond"],"potions_floor_usage":[],"damage_taken":[{"damage":1.0,"enemies":"Small Slimes","floor":1.0,"turns":4.0},{"damage":4.0,"enemies":"Jaw Worm","floor":2.0,"turns":4.0},{"damage":0.0,"enemies":"2 Louse","floor":12.0,"turns":2.0},{"damage":0.0,"enemies":"Large Slime","floor":14.0,"turns":8.0},{"damage":0.0,"enemies":"Hexaghost","floor":16.0,"turns":7.0},{"damage":8.0,"enemies":"3 Byrds","floor":18.0,"turns":5.0},{"damage":7.0,"enemies":"Chosen","floor":19.0,"turns":6.0},{"damage":12.0,"enemies":"Snecko","floor":21.0,"turns":5.0},{"damage":0.0,"enemies":"Book of Stabbing","floor":25.0,"turns":6.0},{"damage":22.0,"enemies":"Slavers","floor":29.0,"turns":9.0},{"damage":1.0,"enemies":"Centurion and Healer","floor":30.0,"turns":7.0},{"damage":5.0,"enemies":"Gremlin Leader","floor":31.0,"turns":6.0},{"damage":0.0,"enemies":"Champ","floor":33.0,"turns":8.0},{"damage":1.0,"enemies":"3 Darklings","floor":35.0,"turns":10.0},{"damage":2.0,"enemies":"Orb Walker","floor":37.0,"turns":5.0},{"damage":0.0,"enemies":"Transient","floor":39.0,"turns":5.0},{"damage":0.0,"enemies":"Nemesis","floor":41.0,"turns":9.0},{"damage":3,"enemies":"Reptomancer","floor":44,"turns":6},{"damage":19,"enemies":"2 Orb Walkers","floor":46,"turns":7},{"damage":0,"enemies":"Jaw Worm Horde","floor":48,"turns":6},{"damage":12,"enemies":"Time Eater","floor":50,"turns":9}],"seed_played":"2008054616654726817","potions_obtained":[{"floor":12.0,"key":"Energy Potion"},{"floor":16.0,"key":"DistilledChaos"},{"floor":21.0,"key":"Poison Potion"},{"floor":39.0,"key":"GhostInAJar"}],"is_trial":false,"path_per_floor":["M","M","?","$","?","R","?","R","T","?","$","M","R","M","R","B",null,"M","M","$","M","?","R","$","E","T","$","?","E","M","E","R","B",null,"M","$","M","?","M","R","E","?","T","E","R","?","?","M","R","B",null],"character_chosen":"THE_SILENT","items_purchased":["Acrobatics","Flechettes"],"campfire_rested":0,"item_purchase_floors":[4,20],"current_hp_per_floor":[62,58,58,58,63,63,63,63,63,63,63,63,63,63,63,63,68,60,53,53,41,35,35,35,35,35,35,35,13,12,7,7,7,28,27,35,33,33,33,33,33,33,39,36,36,17,17,17,17,5],"gold":706,"neow_bonus":"BOSS_RELIC","is_daily":false,"chose_seed":false,"campfire_upgraded":9,"win_rate":0.0,"timestamp":1610065297,"path_taken":["M","M","?","$","?","R","?","R","T","?","$","M","R","M","R","BOSS","M","M","$","?","?","R","$","E","T","?","?","E","M","E","R","BOSS","M","$","M","?","M","R","E","?","T","E","R","?","?","M","R","BOSS"],"items_purchased_type":["Card","Card"],"build_version":"2020-12-22","purchased_purges":4,"victory":true,"max_hp_per_floor":[70,70,65,65,70,70,70,70,70,70,70,70,70,70,70,70,70,70,70,70,70,35,35,35,35,35,35,35,35,35,35,35,35,35,35,35,35,35,35,35,35,33,39,39,39,39,39,39,39,39],"card_choices":[{"not_picked":["Underhanded Strike","Distraction"],"picked":"Deadly Poison","floor":1.0},{"not_picked":["Distraction","Dagger Spray"],"picked":"Bouncing Flask","floor":2.0},{"not_picked":["Prepared","Poisoned Stab"],"picked":"Footwork","floor":12.0},{"not_picked":["Bane","Finisher"],"picked":"Prepared","floor":14.0},{"not_picked":["Outmaneuver","Sucker Punch"],"picked":"Well Laid Plans+1","floor":18.0},{"not_picked":["Deadly Poison","Bane","Sucker Punch"],"picked":"SKIP","floor":19.0},{"not_picked":["Dagger Throw","Outmaneuver"],"picked":"Catalyst","floor":21.0},{"not_picked":["Distraction","Poisoned Stab"],"picked":"Escape Plan","floor":25.0},{"not_picked":["Choke","Expertise","Cloak And Dagger"],"picked":"SKIP","floor":29.0},{"not_picked":["Noxious Fumes","Adrenaline"],"picked":"Tactician","floor":30.0},{"not_picked":["Flechettes+1","Storm of Steel","Skewer"],"picked":"SKIP","floor":31.0},{"not_picked":["A Thousand Cuts","Storm of Steel"],"picked":"Night Terror","floor":33.0},{"not_picked":["Prepared","Accuracy","Flying Knee"],"picked":"SKIP","floor":35.0},{"not_picked":["Accuracy","Predator"],"picked":"Acrobatics","floor":37.0},{"not_picked":["Masterful Stab+1","Flechettes+1","Bane"],"picked":"SKIP","floor":39.0},{"not_picked":["Poisoned Stab","Bane+1","Dagger Spray"],"picked":"SKIP","floor":41.0},{"not_picked":["Corpse Explosion","Dodge and Roll+1","Finisher+1"],"picked":"SKIP","floor":44},{"not_picked":["Blade Dance","Distraction+1"],"picked":"Deadly Poison+1","floor":46},{"not_picked":["Quick Slash+1","Caltrops+1","Poisoned Stab"],"picked":"SKIP","floor":48}],"player_experience":117140,"relics_obtained":[{"floor":9.0,"key":"HornCleat"},{"floor":25.0,"key":"Nunchaku"},{"floor":26.0,"key":"MealTicket"},{"floor":29.0,"key":"CaptainsWheel"},{"floor":31.0,"key":"Lizard Tail"},{"floor":41.0,"key":"Akabeko"},{"floor":44,"key":"Juzu Bracelet"},{"floor":46,"key":"Torii"}],"event_choices":[{"damage_healed":0.0,"max_hp_gain":0.0,"max_hp_loss":5.0,"gold_gain":0.0,"event_name":"Golden Idol","player_choice":"Lose Max HP","floor":3.0,"gold_loss":0.0,"damage_taken":0.0,"relics_obtained":["Golden Idol"]},{"damage_healed":0.0,"max_hp_gain":5.0,"max_hp_loss":0.0,"gold_gain":0.0,"event_name":"Big Fish","player_choice":"Donut","floor":5.0,"gold_loss":0.0,"damage_taken":0.0},{"damage_healed":0.0,"max_hp_gain":0.0,"max_hp_loss":0.0,"gold_gain":30.0,"event_name":"Dead Adventurer","player_choice":"Searched \u00272\u0027 times","floor":7.0,"gold_loss":0.0,"damage_taken":0.0,"relics_obtained":["Darkstone Periapt"]},{"cards_removed":["Strike_G"],"damage_healed":0.0,"max_hp_gain":0.0,"max_hp_loss":0.0,"gold_gain":0.0,"event_name":"Bonfire Elementals","player_choice":"Offered Basic","floor":10.0,"gold_loss":0.0,"damage_taken":0.0},{"damage_healed":0.0,"max_hp_gain":0.0,"max_hp_loss":35.0,"gold_gain":0.0,"event_name":"Ghosts","player_choice":"Became a Ghost","floor":22.0,"gold_loss":0.0,"damage_taken":0.0,"cards_obtained":["Ghostly","Ghostly","Ghostly","Ghostly","Ghostly"]},{"damage_healed":0.0,"max_hp_gain":0.0,"max_hp_loss":0.0,"gold_gain":99.0,"event_name":"Nest","player_choice":"Stole From Cult","floor":28.0,"gold_loss":0.0,"damage_taken":0.0},{"damage_healed":0.0,"max_hp_gain":0.0,"max_hp_loss":0.0,"gold_gain":333.0,"event_name":"The Moai Head","player_choice":"Gave Idol","floor":38.0,"relics_lost":["Golden Idol"],"gold_loss":0.0,"damage_taken":0.0},{"damage_healed":0.0,"max_hp_gain":0.0,"max_hp_loss":2.0,"gold_gain":0.0,"event_name":"Winding Halls","player_choice":"Max HP","floor":42.0,"gold_loss":0.0,"damage_taken":0.0},{"damage_healed":0,"gold_gain":0,"player_choice":"Fight","damage_taken":0,"max_hp_gain":0,"max_hp_loss":0,"event_name":"Mysterious Sphere","floor":46,"gold_loss":0},{"damage_healed":0,"gold_gain":0,"player_choice":"0 cards matched","damage_taken":0,"max_hp_gain":0,"max_hp_loss":0,"event_name":"Match and Keep!","floor":47,"gold_loss":0,"cards_obtained":[]}],"is_beta":false,"boss_relics":[{"not_picked":["Calling Bell","HoveringKite"],"picked":"Empty Cage"},{"not_picked":["WristBlade","SacredBark"],"picked":"Cursed Key"}],"items_purged_floors":[4,20,27,36],"is_endless":false,"potions_floor_spawned":[12,16,21,29,30,39,44,46],"ascension_level":11}}