{"host":"6hzrz31j95f2y1pa","time":1610072367,"event":{"mods":["BaseMod","Colored Map","Downfall","Minty Spire (QoL Compilation)","StSLib"],"gold_per_floor":[99,112,126,126,140,40,40,140,140,165,177,102,118,128,144,144,144,144],"floor_reached":16,"playtime":594,"items_purged":[],"score":182,"play_id":"6c9ba36b-3007-46b0-85eb-cc2234aadf71","local_time":"20210107211927","is_ascension_mode":true,"campfire_choices":[{"data":"hexamod:Float","floor":1,"key":"SMITH"},{"floor":12,"key":"REST"}],"circlet_count":0,"master_deck":["AscendersBane","hexamod:Strike","hexamod:Strike","hexamod:Strike+1","hexamod:Defend","hexamod:Defend+1","hexamod:Defend","hexamod:Sear","hexamod:Float+1","hexamod:SpectralSpark+1","hexamod:FastForward","Regret","hexamod:GhostShield","hexamod:FastForward","hexamod:SuperheatedStrike","hexamod:GhostShield","hexamod:GhostShield","hexamod:FastForward","hexamod:Toasty"],"relics":["hexamod:SpiritBrand","Frozen Egg 2","White Beast Statue","Mercury Hourglass","downfall:HeartBlessingGreen"],"acts_visited":["Exordium"],"potions_floor_usage":[16],"damage_taken":[{"damage":2,"enemies":"2 Louse","floor":2,"turns":3},{"damage":0,"enemies":"Small Slimes","floor":3,"turns":3},{"damage":8,"enemies":"Jaw Worm","floor":5,"turns":4},{"damage":4,"enemies":"downfall:FleeingMerchant","floor":6,"turns":4},{"damage":61,"enemies":"Gremlin Nob","floor":10,"turns":6},{"damage":1,"enemies":"Exordium Wildlife","floor":11,"turns":3},{"damage":6,"enemies":"Gremlin Gang","floor":13,"turns":4},{"damage":0,"enemies":"3 Louse","floor":14,"turns":4},{"damage":4,"enemies":"Exordium Wildlife","floor":15,"turns":4},{"damage":25,"enemies":"downfall:Defect","floor":16,"turns":4}],"seed_played":"-6418113384563585275","potions_obtained":[{"floor":2,"key":"FairyPotion"},{"floor":10,"key":"hexamod:DoubleChargePotion"},{"floor":11,"key":"SpeedPotion"}],"is_trial":false,"path_per_floor":["R","M","M","?","M","$","T","?","T","E","M","R","M","M","M","B"],"character_chosen":"THE_SPIRIT","items_purchased":["hexamod:FastForward","hexamod:SuperheatedStrike"],"campfire_rested":1,"item_purchase_floors":[6,6],"current_hp_per_floor":[57,55,55,55,47,43,43,43,43,17,16,33,27,27,23,0,0,0],"gold":144,"neow_bonus":"REMOVE_TWO","is_daily":false,"chose_seed":false,"campfire_upgraded":1,"win_rate":0.0,"timestamp":1610072367,"path_taken":["R","M","M","?","M","$","T","?","?","E","?","R","M","?","M","BOSS"],"items_purchased_type":["Card","Card"],"build_version":"2020-12-22","purchased_purges":0,"victory":false,"max_hp_per_floor":[57,57,57,57,57,57,57,57,57,57,57,57,57,57,57,57,57,57],"card_choices":[{"not_picked":["hexamod:HeatShield","hexamod:BurningTouch"],"picked":"hexamod:SpectralSpark","floor":2},{"not_picked":["hexamod:GhostLash","hexamod:Again"],"picked":"hexamod:FastForward","floor":3},{"not_picked":["hexamod:ThermalTransfer","hexamod:SpectersWail","hexamod:FourthSeal"],"picked":"SKIP","floor":5},{"not_picked":["hexamod:ThermalTransfer","hexamod:NightmareStrike"],"picked":"hexamod:GhostShield","floor":6},{"not_picked":["hexamod:HeatShield","hexamod:TurnItUp"],"picked":"hexamod:GhostShield","floor":10},{"not_picked":["hexamod:SpectralSpark","hexamod:SwordOfDarkness"],"picked":"hexamod:GhostShield","floor":11},{"not_picked":["hexamod:ThermalTransfer","hexamod:InspiringFlames","hexamod:FlamesFromBeyond"],"picked":"SKIP","floor":13},{"not_picked":["hexamod:InspiringFlames","hexamod:FirstSeal"],"picked":"hexamod:FastForward","floor":14},{"not_picked":["hexamod:NightmareGuise","hexamod:FirstSeal"],"picked":"hexamod:Toasty","floor":15}],"player_experience":1301604,"relics_obtained":[{"floor":7,"key":"Frozen Egg 2"},{"floor":9,"key":"White Beast Statue"},{"floor":10,"key":"Mercury Hourglass"}],"event_choices":[],"is_beta":false,"boss_relics":[],"items_purged_floors":[],"is_endless":false,"potions_floor_spawned":[2,10,11,13,14,15],"killed_by":"downfall:Defect","ascension_level":15}}