{"host":"a3oe3gstxz77c7qu","time":1610125361,"event":{"mods":["2.2 Compatiblity","Act Like it!","BaseMod","Bestiary","Better Altar","Better Match","Better Note","Better Skull","Better Third Choice","Block Reminder","Curses Come First","Custom Start","Downfall","Friendly Minions","GifTheSpireLib","Hermit","Infinite Spire","Jorbs\u0027s Wanderer Trilogy","Lobotomy","LobotomyExtend","Marisa????????","Minty Spire (QoL Compilation)","Permanent Neow","Quick Restart","Relic Stats","Replay The Spire","StSLib","The Bug Knight","The Disciple","Uncapped","Wandering Minibosses"],"gold_per_floor":[113,113,132,198,41,41,41,41,118,32,32,32,43,69,69,170,470,490,490,510,538,569,569,68,68,91,113,139,139,161,233,233,341,341,375,406,464,486,0,0,55,55,81,118,118,158,173,83,83,93],"floor_reached":51,"playtime":4846,"items_purged":[],"score":1409,"play_id":"7954e425-2894-4187-a627-2ab6572395a3","local_time":"20210108170241","is_ascension_mode":true,"campfire_choices":[{"data":"Adoration","floor":32,"key":"SMITH"}],"circlet_count":0,"master_deck":["SpecialBullet","SpecialBullet","SpecialBullet","SpecialBullet","SpecialBullet","SpecialBullet","SpecialBullet","InformationCode","SecurityCode","TheSmile","BlueScar+1","CrimsonScar","infinitespire:Starlight","Adoration+1","RecordCode","Soda","Master of Strategy","ScreamingWedge","GreedKing","Logging","Adoration","ParadiseLost","TrainingCode","Ecstasy+1","Regret_ego","TheSmile","Pot Of Greed","Pot Of Greed","Pot Of Greed+1","Variant"],"relics":["CogitoBucket","RabbitCall","LetterFromLob","Blood Vial","HollowMod:JonisBlessing","ReplayTheSpireMod:TigerMarble","infinitespire:EmpoweringShard","BranchBurnRelic","Replay:Ancient Bell","Replay:Bandana","Pantograph","Old Coin","MagicBullet_r","Heaven_r","Gaze_r","Theresia","Divine Protection","Oddly Smooth Stone","SkinProphecy","Juzu Bracelet","Runic Dome","Incense Burner","AdjustmentMirror","Red Mask","Singing Bowl","Grinning Jar","Lantern","Replay:Mystery Machine"],"acts_visited":["Exordium","TheCity","TheBeyond"],"potions_floor_usage":[38,38,50,51,51],"damage_taken":[{"damage":0.0,"enemies":"Small Slimes","floor":1.0,"turns":3.0},{"damage":0.0,"enemies":"Jaw Worm","floor":3.0,"turns":3.0},{"damage":0,"enemies":"2 Louse","floor":13,"turns":1},{"damage":0,"enemies":"3 Sentries","floor":14,"turns":9},{"damage":0,"enemies":"Slime Boss","floor":16,"turns":15},{"damage":8,"enemies":"3 Byrds","floor":18,"turns":4},{"damage":0,"enemies":"3 Byrds","floor":18,"turns":3},{"damage":0,"enemies":"3 Byrds","floor":20,"turns":9},{"damage":0,"enemies":"Shell Parasite","floor":21,"turns":5},{"damage":0,"enemies":"Snake Plant","floor":22,"turns":4},{"damage":8,"enemies":"Centurion and Healer","floor":27,"turns":12},{"damage":0,"enemies":"Snecko","floor":28,"turns":6},{"damage":0,"enemies":"Snake Plant","floor":30,"turns":17},{"damage":0,"enemies":"Replay:Snechameleon","floor":31,"turns":4},{"damage":0,"enemies":"Collector","floor":33,"turns":17},{"damage":0,"enemies":"3 Darklings","floor":35,"turns":6},{"damage":8,"enemies":"3 Shapes","floor":36,"turns":5},{"damage":0,"enemies":"Mind Bloom Boss Battle","floor":37,"turns":7},{"damage":33,"enemies":"Spire Growth","floor":38,"turns":14},{"damage":0,"enemies":"Reptomancer","floor":41,"turns":7},{"damage":0,"enemies":"Nemesis","floor":44,"turns":7},{"damage":0,"enemies":"Giant Head","floor":46,"turns":7},{"damage":8,"enemies":"4 Shapes","floor":47,"turns":4},{"damage":108,"enemies":"FixerMidnight","floor":50,"turns":32},{"damage":0,"enemies":"Malkuth","floor":51,"turns":5},{"damage":0,"enemies":"Hod","floor":51,"turns":13},{"damage":0,"enemies":"Geburah","floor":51,"turns":38},{"damage":0,"enemies":"Binah","floor":51,"turns":35}],"seed_played":"-7626274521725246992","potions_obtained":[{"floor":1.0,"key":"sneckomod:MuddlingPotion"},{"floor":4.0,"key":"Cursed Concoction"},{"floor":14,"key":"ColorlessPotion"},{"floor":20,"key":"Explosive Potion"},{"floor":33,"key":"Energy Potion"},{"floor":35,"key":"SpeedPotion"},{"floor":38,"key":"Swift Potion"},{"floor":41,"key":"LiquidMemories"}],"is_trial":false,"path_per_floor":["M","?","M","?","$","R","?","R","T","$","R","?","M","E","R","B",null,"M","?","M","M","M","R","$","R","T","M","M","R","M","E","R","B",null,"M","M","?","M","?","R","E","?","T","E","R","E","M","?","R","B",null],"character_chosen":"Angela","items_purchased":["HollowMod:JonisBlessing","expansioncontent:Flail","Divine Protection","Soda","Master of Strategy","ScreamingWedge"],"campfire_rested":0,"item_purchase_floors":[5,10,24,24,24,24],"current_hp_per_floor":[70,70,70,70,70,70,70,70,70,70,70,52,52,52,52,52,66,58,58,58,58,58,68,70,70,70,62,70,70,70,66,72,68,74,70,64,70,39,49,59,69,79,89,90,96,96,94,104,216,104],"gold":133,"neow_bonus":"ONE_RANDOM_RARE_CARD","is_daily":false,"chose_seed":false,"campfire_upgraded":1,"win_rate":0.0,"timestamp":1610125361,"path_taken":["M","?","M","?","?","R","?","R","T","$","R","?","M","E","R","BOSS","M","?","M","M","M","R","$","R","T","M","M","R","?","E","R","BOSS","M","M","?","M","?","R","E","?","T","E","R","E","M","?","R","BOSS"],"items_purchased_type":["Relic","Card","Relic","Card","Card","Card"],"build_version":"2020-12-22","purchased_purges":0,"victory":true,"max_hp_per_floor":[70,70,70,70,70,70,70,70,70,70,70,70,70,70,70,70,70,70,70,70,70,70,70,70,70,70,70,70,70,70,72,72,74,74,76,78,80,84,84,84,90,90,90,96,96,102,108,108,216,218],"relic_stats":{"Blood Vial":0,"Singing Bowl":16,"counters":[32,322],"Pantograph":0,"Juzu Bracelet":0,"obtain_stats":[{"RabbitCall":0,"Divine Protection":24,"Lantern":44,"Singing Bowl":41,"Juzu Bracelet":31,"Incense Burner":37,"SkinProphecy":30,"AdjustmentMirror":38,"Replay:Mystery Machine":46,"Old Coin":17,"Blood Vial":4,"BranchBurnRelic":15,"CogitoBucket":0,"Replay:Bandana":17,"Pantograph":17,"Red Mask":39,"MagicBullet_r":18,"Dead Branch":14,"HollowMod:JonisBlessing":5,"Oddly Smooth Stone":26,"Replay:Ancient Bell":17,"Gaze_r":18,"Heaven_r":18,"Runic Dome":34,"LetterFromLob":1,"ReplayTheSpireMod:TigerMarble":7,"infinitespire:EmpoweringShard":9,"Grinning Jar":43,"Theresia":20},{"RabbitCall":0,"Divine Protection":11,"Lantern":24,"Singing Bowl":23,"Juzu Bracelet":16,"Incense Burner":20,"SkinProphecy":15,"AdjustmentMirror":22,"Replay:Mystery Machine":25,"Old Coin":5,"Blood Vial":2,"BranchBurnRelic":4,"CogitoBucket":0,"Replay:Bandana":5,"Pantograph":5,"Red Mask":22,"MagicBullet_r":5,"Dead Branch":4,"HollowMod:JonisBlessing":2,"Oddly Smooth Stone":11,"Replay:Ancient Bell":5,"Gaze_r":7,"Heaven_r":6,"Runic Dome":17,"LetterFromLob":1,"ReplayTheSpireMod:TigerMarble":2,"infinitespire:EmpoweringShard":2,"Grinning Jar":23,"Theresia":9},{"RabbitCall":0,"Divine Protection":57,"Lantern":161,"Singing Bowl":154,"Juzu Bracelet":97,"Incense Burner":132,"SkinProphecy":93,"AdjustmentMirror":147,"Replay:Mystery Machine":168,"Old Coin":31,"Blood Vial":6,"BranchBurnRelic":16,"CogitoBucket":0,"Replay:Bandana":31,"Pantograph":31,"Red Mask":147,"MagicBullet_r":31,"Dead Branch":16,"HollowMod:JonisBlessing":6,"Oddly Smooth Stone":57,"Replay:Ancient Bell":31,"Gaze_r":38,"Heaven_r":35,"Runic Dome":114,"LetterFromLob":3,"ReplayTheSpireMod:TigerMarble":6,"infinitespire:EmpoweringShard":6,"Grinning Jar":154,"Theresia":48}]},"card_choices":[{"not_picked":["Loneliness","SomewhereSpear"],"picked":"SKIP","floor":1.0},{"not_picked":["RapturousDream","BlackSwan_ego"],"picked":"SKIP","floor":3.0},{"not_picked":["Penitence"],"picked":"CrimsonScar","floor":4.0},{"not_picked":["infinitespire:SevenWalls","infinitespire:Gouge"],"picked":"infinitespire:Starlight","floor":12},{"not_picked":["Harmony","Lamp"],"picked":"SKIP","floor":13},{"not_picked":["Laetitia_ego","RedEyes"],"picked":"SKIP","floor":14},{"not_picked":["Laetitia_ego","RedEyes"],"picked":"SKIP","floor":14},{"not_picked":["Justitia"],"picked":"Adoration","floor":16},{"not_picked":["Spreading Infection"],"picked":"Writhe","floor":17},{"not_picked":["Voices"],"picked":"Clumsy","floor":17},{"not_picked":["sneckomod:Bewildered"],"picked":"ReplayTheSpireMod:Splinters","floor":17},{"not_picked":["Penitence+1","BloodyDesire"],"picked":"SKIP","floor":20},{"not_picked":["Pleasure","RedEyes"],"picked":"SKIP","floor":21},{"not_picked":["CUTE","SomewhereSpear"],"picked":"SKIP","floor":22},{"not_picked":["BlackSwan","Freischutz"],"picked":"GreedKing","floor":27},{"not_picked":["InTheNameOfLoveAndHate","Wingbeat"],"picked":"SKIP","floor":27},{"not_picked":["Loneliness"],"picked":"Logging","floor":28},{"not_picked":["CrumblingArmor","LittlePrince"],"picked":"Woodsman","floor":28},{"not_picked":["Tough","Horn+1"],"picked":"SKIP","floor":30},{"not_picked":["Horn"],"picked":"Adoration","floor":31},{"not_picked":["Logging","SomewhereSpear+1"],"picked":"SKIP","floor":31},{"not_picked":["CENSORED_ego"],"picked":"ParadiseLost","floor":33},{"not_picked":["ScreamingWedge","Penitence+1"],"picked":"SKIP","floor":35},{"not_picked":["ShedSkin+1","CUTE+1"],"picked":"SKIP","floor":35},{"not_picked":["Loneliness+1"],"picked":"Ecstasy+1","floor":36},{"not_picked":["RapturousDream+1","CUTE"],"picked":"SKIP","floor":36},{"not_picked":["RapturousDream+1","CUTE"],"picked":"SKIP","floor":36},{"not_picked":["CherryBlossom+1"],"picked":"Regret_ego","floor":37},{"not_picked":["RedEyes"],"picked":"TheSmile","floor":38},{"not_picked":["Discord","Noise+1"],"picked":"SKIP","floor":38},{"not_picked":["SomewhereSpear+1","Laetitia_ego"],"picked":"Singing Bowl","floor":41},{"not_picked":["Loneliness","Regret_ego"],"picked":"Singing Bowl","floor":41},{"not_picked":["Beak+1","BlueScar"],"picked":"Singing Bowl","floor":44},{"not_picked":["CENSORED_ego","Tough+1"],"picked":"Singing Bowl","floor":44},{"not_picked":["Tough+1","TodaysExpression+1"],"picked":"Singing Bowl","floor":46},{"not_picked":["Soda","Loneliness"],"picked":"Singing Bowl","floor":46},{"not_picked":["BlackArmy","Alriune"],"picked":"Variant","floor":46},{"not_picked":["Amita+1","Harmony+1"],"picked":"Singing Bowl","floor":47},{"not_picked":["Tough","Penitence"],"picked":"Singing Bowl","floor":47}],"player_experience":933193,"relics_obtained":[{"floor":1.0,"key":"LetterFromLob"},{"floor":4.0,"key":"Blood Vial"},{"floor":7,"key":"ReplayTheSpireMod:TigerMarble"},{"floor":9,"key":"infinitespire:EmpoweringShard"},{"floor":14,"key":"Dead Branch"},{"floor":26,"key":"Oddly Smooth Stone"},{"floor":31,"key":"Juzu Bracelet"},{"floor":37,"key":"Incense Burner"},{"floor":41,"key":"Singing Bowl"},{"floor":43,"key":"Grinning Jar"},{"floor":44,"key":"Lantern"},{"floor":46,"key":"Replay:Mystery Machine"}],"event_choices":[{"damage_healed":0,"gold_gain":0,"player_choice":"Ignored","damage_taken":0,"max_hp_gain":0,"max_hp_loss":0,"event_name":"Transmorgrifier","floor":19,"gold_loss":0},{"damage_healed":0,"gold_gain":0,"player_choice":"Fight","damage_taken":0,"max_hp_gain":0,"max_hp_loss":0,"event_name":"MindBloom","floor":37,"gold_loss":0},{"damage_healed":0,"gold_gain":0,"player_choice":"Paid","damage_taken":0,"relics_obtained":["Red Mask"],"max_hp_gain":0,"max_hp_loss":0,"event_name":"Tomb of Lord Red Mask","floor":39,"gold_loss":486},{"cards_removed":["expansioncontent:Flail"],"damage_healed":0,"gold_gain":0,"player_choice":"Removed Attack","damage_taken":0,"max_hp_gain":0,"max_hp_loss":0,"event_name":"Falling","floor":42,"gold_loss":0},{"cards_removed":["Woodsman"],"damage_healed":0,"gold_gain":0,"player_choice":"Upgrade and Remove","damage_taken":0,"max_hp_gain":0,"max_hp_loss":0,"event_name":"Designer","floor":48,"gold_loss":90,"cards_upgraded":["Pot Of Greed"]}],"is_beta":false,"boss_relics":[{"not_picked":["Astrolabe","Fusion Hammer"],"picked":"Replay:Ancient Bell"},{"not_picked":["Centennial Puzzle","Ancient Tea Set"],"picked":"Replay:Bandana"},{"not_picked":["Onion Ring","Darkstone Periapt"],"picked":"Pantograph"},{"not_picked":["Replay:Arrowhead","Unceasing Top"],"picked":"Old Coin"},{"not_picked":["Empty Cage","Velvet Choker"],"picked":"Runic Dome"}],"items_purged_floors":[],"is_endless":false,"potions_floor_spawned":[1,14,16,18,20,21,33,35,38,41],"ascension_level":7}}