{"host":"eydwxg59205c3vtl","time":1610124212,"event":{"mods":["2.2 Compatiblity","BaseMod","Colored Map","Colored Powertips","Hubris","Minty Spire (QoL Compilation)","StSLib","The Jungle","The Necromancer"],"gold_per_floor":[114,132,132,132,157,157,232,232,283,327,7,21,21,42,42,137,137,160,183,197,247,247,247,268,14,37,37,50,93,118,118,118],"floor_reached":31,"playtime":1682,"items_purged":["Injury"],"score":500,"play_id":"9111646c-8a41-4eb6-a4fc-8f557ce5d7d4","local_time":"20210108114332","is_ascension_mode":true,"campfire_choices":[{"data":"Dramatic Entrance","floor":6.0,"key":"SMITH"},{"data":"Shade_Step","floor":8.0,"key":"SMITH"},{"floor":15,"key":"REST"},{"data":"Summon_Lich","floor":23,"key":"SMITH"}],"circlet_count":0,"master_deck":["AscendersBane","Defend_W","Defend_W","Defend_W","Defend_W","Negative_Energy_Arrows","Bone_Wall","Dramatic Entrance+1","Shade_Step+1","Negative_Energy_Javelin","Summon_Lich+1","Negative_Energy_Javelin","Blood_Curse","Grasp_Heart","Siphon_Strength+1","Bone_Bullets","Consume_Illness","Summon_Undead_Army","Bite","Bite","Bite","Bite","Bite","Life_Drain"],"relics":["Vampire_Amulet","Mummified Hand","Golden Idol","Ancient Tea Set","PreservedInsect","Vajra","hubris:Stopwatch","MealTicket","Strawberry","Potion Belt","hubris:ToyBattleship"],"acts_visited":["Exordium","TheCity"],"potions_floor_usage":[10,29,29,31],"damage_taken":[{"damage":0.0,"enemies":"Jaw Worm","floor":1.0,"turns":4.0},{"damage":0.0,"enemies":"2 Louse","floor":2.0,"turns":2.0},{"damage":3.0,"enemies":"Small Slimes","floor":5.0,"turns":3.0},{"damage":37,"enemies":"Lagavulin","floor":10,"turns":7},{"damage":2,"enemies":"Blue Slaver","floor":12,"turns":2},{"damage":3,"enemies":"3 Louse","floor":14,"turns":2},{"damage":25,"enemies":"Hexaghost","floor":16,"turns":10},{"damage":20,"enemies":"3 Byrds","floor":18,"turns":4},{"damage":6,"enemies":"Chosen","floor":19,"turns":3},{"damage":31,"enemies":"Sentry and Sphere","floor":20,"turns":5},{"damage":9,"enemies":"Snake Plant","floor":24,"turns":4},{"damage":20,"enemies":"Centurion and Healer","floor":28,"turns":5},{"damage":27,"enemies":"Book of Stabbing","floor":29,"turns":5},{"damage":1,"enemies":"Snecko","floor":30,"turns":3},{"damage":17,"enemies":"Snake Plant","floor":31,"turns":2}],"seed_played":"193332723376587471","potions_obtained":[{"floor":1.0,"key":"Dexterity Potion"},{"floor":10,"key":"Ancient Potion"},{"floor":20,"key":"GamblersBrew"},{"floor":28,"key":"SpeedPotion"},{"floor":30,"key":"SkillPotion"}],"is_trial":false,"path_per_floor":["M","M","?","?","M","R","?","R","T","E","$","M","$","M","R","B",null,"M","M","M","?","T","R","M","$","T","?","M","E","M","M"],"character_chosen":"NECROMANCER","items_purchased":["Summon_Lich","Vajra","Summon_Undead_Army","Strawberry"],"campfire_rested":1,"item_purchase_floors":[11,11,25,25],"current_hp_per_floor":[66,70,65,65,66,66,55,55,55,20,20,20,20,23,44,21,59,45,41,14,14,14,14,7,29,29,29,25,8,13,0,0],"gold":118,"neow_bonus":"RANDOM_COLORLESS","is_daily":false,"chose_seed":false,"campfire_upgraded":3,"win_rate":0.0,"timestamp":1610124212,"path_taken":["M","M","?","?","M","R","?","R","T","E","?","M","$","M","R","BOSS","M","M","M","?","?","R","M","$","T","?","M","E","?","M"],"items_purchased_type":["Card","Relic","Card","Relic"],"build_version":"2020-12-22","purchased_purges":1,"victory":false,"max_hp_per_floor":[71,71,71,71,71,71,71,71,71,71,71,71,71,71,71,71,71,71,71,71,71,71,71,71,78,78,54,54,54,54,54,54],"card_choices":[{"not_picked":["Trip","hubris:Ssssneak"],"picked":"Dramatic Entrance","floor":0.0},{"not_picked":["Negative_Energy_Mist","Death_March_Dance"],"picked":"Shade_Step","floor":1.0},{"not_picked":["Finger_Of_Death","Bone_Spikes"],"picked":"Negative_Energy_Javelin","floor":2.0},{"not_picked":["Uncharnel","Negative_Energy_Sphere","Finger_Of_Death"],"picked":"SKIP","floor":5.0},{"not_picked":["Strike_from_Beyond","Blood_Magic","Life_Tap"],"picked":"SKIP","floor":10},{"not_picked":["Shackles_Of_Pain","Bone_Spikes"],"picked":"Negative_Energy_Javelin","floor":12},{"not_picked":["Toxic_Smoke_Screen","Bone_Spikes"],"picked":"Blood_Curse","floor":14},{"not_picked":["Requiem","Blood_Magic"],"picked":"Grasp_Heart","floor":16},{"not_picked":["Bone_Prison","Blood_Shield+1"],"picked":"Siphon_Strength+1","floor":18},{"not_picked":["Flesh_Made_Foul","Toxic_Smoke_Screen"],"picked":"Bone_Bullets","floor":19},{"not_picked":["Negative_Energy_Javelin","Scare","Vampiric_Strike"],"picked":"SKIP","floor":20},{"not_picked":["Negative_Energy_Javelin","Vampiric_Strike"],"picked":"Consume_Illness","floor":24},{"not_picked":["Grasp_Heart","Death_Coil","Negative_Energy_Mist"],"picked":"SKIP","floor":28},{"not_picked":["Blood_Curse","Bones_to_Steel","Epidemic"],"picked":"SKIP","floor":29},{"not_picked":["Negative_Energy_Mist","Bone_Bullets+1"],"picked":"Life_Drain","floor":30}],"player_experience":604481,"relics_obtained":[{"floor":9.0,"key":"Ancient Tea Set"},{"floor":10,"key":"PreservedInsect"},{"floor":22,"key":"MealTicket"},{"floor":26,"key":"Potion Belt"},{"floor":29,"key":"hubris:ToyBattleship"}],"event_choices":[{"damage_healed":0.0,"max_hp_gain":0.0,"max_hp_loss":0.0,"gold_gain":0.0,"event_name":"Scrap Ooze","player_choice":"Success","floor":3.0,"gold_loss":0.0,"damage_taken":5.0,"relics_obtained":["Mummified Hand"]},{"damage_healed":0.0,"max_hp_gain":0.0,"max_hp_loss":0.0,"gold_gain":0.0,"event_name":"Golden Idol","player_choice":"Take Wound","floor":4.0,"gold_loss":0.0,"damage_taken":0.0,"relics_obtained":["Golden Idol"],"cards_obtained":["Injury"]},{"damage_healed":0.0,"max_hp_gain":0.0,"max_hp_loss":0.0,"gold_gain":75.0,"event_name":"World of Goop","player_choice":"Gather Gold","floor":7.0,"gold_loss":0.0,"damage_taken":11.0},{"damage_healed":0,"gold_gain":50,"player_choice":"Stole From Cult","damage_taken":0,"max_hp_gain":0,"max_hp_loss":0,"event_name":"Nest","floor":21,"gold_loss":0},{"damage_healed":0,"gold_gain":0,"player_choice":"Became a vampire","damage_taken":0,"max_hp_gain":0,"max_hp_loss":24,"event_name":"Vampires","floor":27,"gold_loss":0,"cards_obtained":["Bite","Bite","Bite","Bite","Bite"]}],"is_beta":false,"boss_relics":[{"not_picked":["hubris:BlackHole","hubris:CrackedHourglass"],"picked":"hubris:Stopwatch"}],"items_purged_floors":[11],"is_endless":false,"potions_floor_spawned":[1,10,20,28,30],"killed_by":"Snake Plant","ascension_level":17}}