{"host":"iphsb0ccnjx0pfn6","time":1610078584,"event":{"mods":["2.2 Compatiblity","AchievementEnabler","BaseMod","Colored Map","DeckTracker","Keyboard Shortcuts","Minty Spire (QoL Compilation)","Permanent Neow","Quick Restart","Relic Stats","StSLib","SuperFastMode","Uncapped","everything is the same but u backflip on backflip"],"gold_per_floor":[110,127,127,140,65,65,90,90,113,113,125,144,144,219,219,219,219],"floor_reached":16,"playtime":175,"items_purged":["Strike_R"],"score":200,"play_id":"9d5ad17e-f54d-4e0e-9e8d-d0d7be5d0f1f","local_time":"20210108130304","is_ascension_mode":true,"campfire_choices":[{"data":"True Grit","floor":6.0,"key":"SMITH"},{"data":"Bash","floor":8.0,"key":"SMITH"},{"data":"Sentinel","floor":10.0,"key":"SMITH"},{"data":"Pommel Strike","floor":15.0,"key":"SMITH"}],"circlet_count":0,"master_deck":["AscendersBane","Strike_R","Strike_R","Strike_R","Strike_R","Defend_R","Defend_R","Defend_R","Defend_R","Bash+1","Dropkick","True Grit+1","Sentinel+1","Pommel Strike+1","Pommel Strike"],"relics":["Burning Blood","NeowsBlessing","MealTicket","Red Skull"],"acts_visited":["Exordium"],"potions_floor_usage":[],"damage_taken":[{"damage":0.0,"enemies":"Cultist","floor":1.0,"turns":1.0},{"damage":0.0,"enemies":"2 Louse","floor":2.0,"turns":1.0},{"damage":0.0,"enemies":"Small Slimes","floor":4.0,"turns":1.0},{"damage":32.0,"enemies":"Gremlin Nob","floor":7.0,"turns":4.0},{"damage":3.0,"enemies":"Looter","floor":11.0,"turns":3.0},{"damage":11.0,"enemies":"Gremlin Gang","floor":12.0,"turns":6.0},{"damage":0,"enemies":"The Guardian","floor":16,"turns":1}],"seed_played":"7497464589684821864","potions_obtained":[{"floor":1.0,"key":"Block Potion"},{"floor":3.0,"key":"Fruit Juice"},{"floor":3.0,"key":"CultistPotion"},{"floor":4.0,"key":"EntropicBrew"},{"floor":7.0,"key":"BlessingOfTheForge"}],"is_trial":false,"path_per_floor":["M","M","?","M","$","R","E","R","T","R","M","M","?","?","R","B"],"character_chosen":"IRONCLAD","items_purchased":[],"campfire_rested":0,"item_purchase_floors":[],"current_hp_per_floor":[74,75,80,80,80,80,54,54,54,54,57,52,52,41,41,41,41],"gold":219,"neow_bonus":"THREE_ENEMY_KILL","is_daily":false,"chose_seed":false,"campfire_upgraded":4,"win_rate":0.0,"timestamp":1610078584,"path_taken":["M","?","?","?","$","R","E","R","T","R","M","M","?","?","R","BOSS"],"items_purchased_type":[],"build_version":"2020-12-22","purchased_purges":1,"victory":false,"max_hp_per_floor":[75,75,80,80,80,80,80,80,80,80,80,80,80,80,80,80,80],"relic_stats":{"counters":[7,17],"MealTicket":0,"obtain_stats":[{"NeowsBlessing":0,"MealTicket":7,"Burning Blood":0,"Red Skull":9},{"NeowsBlessing":0,"MealTicket":4,"Burning Blood":0,"Red Skull":4},{"NeowsBlessing":0,"MealTicket":7,"Burning Blood":0,"Red Skull":7}],"Burning Blood":25},"card_choices":[{"not_picked":["Evolve","Armaments"],"picked":"Dropkick","floor":1.0},{"not_picked":["Perfected Strike","Headbutt","Havoc"],"picked":"SKIP","floor":2.0},{"not_picked":["Spot Weakness","Havoc"],"picked":"True Grit","floor":4.0},{"not_picked":["Clothesline","Flex"],"picked":"Sentinel","floor":7.0},{"not_picked":["Sword Boomerang","Warcry"],"picked":"Pommel Strike","floor":11.0},{"not_picked":["Infernal Blade","Heavy Blade"],"picked":"Pommel Strike","floor":12.0}],"player_experience":1261350,"relics_obtained":[{"floor":7.0,"key":"MealTicket"},{"floor":9.0,"key":"Red Skull"}],"event_choices":[{"damage_healed":0.0,"max_hp_gain":0.0,"max_hp_loss":0.0,"gold_gain":0.0,"event_name":"Lab","player_choice":"Got Potions","floor":3.0,"gold_loss":0.0,"damage_taken":0.0},{"damage_healed":0.0,"max_hp_gain":0.0,"max_hp_loss":0.0,"gold_gain":0.0,"event_name":"Liars Game","player_choice":"Ignored","floor":13.0,"gold_loss":0.0,"damage_taken":0.0},{"damage_healed":0.0,"max_hp_gain":0.0,"max_hp_loss":0.0,"gold_gain":75.0,"event_name":"World of Goop","player_choice":"Gather Gold","floor":14.0,"gold_loss":0.0,"damage_taken":11.0}],"is_beta":false,"boss_relics":[],"items_purged_floors":[5],"is_endless":false,"potions_floor_spawned":[1,4,7],"killed_by":"The Guardian","ascension_level":20}}