{"host":"jrtaucq9moweewpn","time":1610084503,"event":{"mods":["BaseMod","Better Third Choice","Downfall","GifTheSpireLib","Minty Spire (QoL Compilation)","Replay The Spire","Shade Mod","StSLib","The Construct","The Cursed","The Marked"],"gold_per_floor":[116,116,131,8,8,39,39,50,76,107,122,122,122,122,122,222,222,242,242,262,279,289,289,289,289],"floor_reached":24,"playtime":1521,"items_purged":["Regret"],"score":206,"play_id":"e602a7a6-0bae-4005-b043-044e29bce93b","local_time":"20210107234143","is_ascension_mode":false,"campfire_choices":[{"floor":7,"key":"REST"},{"floor":12,"key":"REST"},{"floor":15,"key":"REST"},{"floor":23,"key":"REST"}],"circlet_count":0,"master_deck":["Strike_G","Strike_G","Strike_G","Defend_G","Defend_G","Defend_G","Survivor","Neutralize","Bouncing Flask","Poisoned Stab","Bane","ReplayTheSpireMod:Shiv Toss+1","PiercingWail+1","Dagger Throw+1","Bouncing Flask+1","Poisoned Stab+1"],"relics":["Ring of the Snake","Snake Skull","Oddly Smooth Stone","Omamori","Mango","ReplayTheSpireMod:Ring of Addiction","White Beast Statue","Chameleon Ring","Astrolabe"],"acts_visited":["Exordium","TheCity"],"potions_floor_usage":[6,6,6,10,16,16,20,22,22,24],"damage_taken":[{"damage":11,"enemies":"Jaw Worm","floor":1,"turns":4},{"damage":0,"enemies":"Small Slimes","floor":3,"turns":4},{"damage":13,"enemies":"3 Sentries","floor":6,"turns":7},{"damage":0,"enemies":"2 Louse","floor":8,"turns":2},{"damage":16,"enemies":"Gremlin Nob","floor":10,"turns":3},{"damage":22,"enemies":"Exordium Thugs","floor":11,"turns":4},{"damage":48,"enemies":"Hexaghost","floor":16,"turns":8},{"damage":25,"enemies":"2 Thieves","floor":18,"turns":4},{"damage":0,"enemies":"Chosen","floor":20,"turns":3},{"damage":5,"enemies":"Snake Plant","floor":21,"turns":4},{"damage":33,"enemies":"Cultist and Chosen","floor":22,"turns":7},{"damage":47,"enemies":"Slavers","floor":24,"turns":3}],"seed_played":"126884772209848690","potions_obtained":[{"floor":1,"key":"Block Potion"},{"floor":3,"key":"SteroidPotion"},{"floor":8,"key":"PowerPotion"},{"floor":13,"key":"Elixir"},{"floor":13,"key":"GamblersBrew"},{"floor":13,"key":"GamblersBrew"},{"floor":16,"key":"Dexterity Potion"},{"floor":18,"key":"AttackPotion"},{"floor":20,"key":"Doom Potion"},{"floor":22,"key":"SteroidPotion"}],"is_trial":false,"path_per_floor":["M","?","M","$","?","E","R","M","T","E","M","R","?","?","R","B",null,"M","?","M","M","M","R","E"],"character_chosen":"THE_SILENT","items_purchased":["Poison Potion"],"campfire_rested":4,"item_purchase_floors":[4],"current_hp_per_floor":[59,59,59,59,59,46,67,67,67,65,43,68,68,68,84,36,84,59,59,59,54,21,45,0,0],"gold":289,"neow_bonus":"RANDOM_EVENT","is_daily":false,"chose_seed":false,"campfire_upgraded":0,"win_rate":0.0,"timestamp":1610084503,"path_taken":["M","?","M","$","?","E","R","M","T","E","M","R","?","?","R","BOSS","M","?","M","M","M","R","E"],"items_purchased_type":["Potion"],"build_version":"2020-12-22","purchased_purges":1,"victory":false,"max_hp_per_floor":[70,70,70,70,70,70,70,70,70,84,84,84,84,84,84,84,84,84,84,82,82,82,82,82,82],"card_choices":[{"not_picked":["Blur","Cloak And Dagger"],"picked":"Bouncing Flask","floor":1},{"not_picked":["Concentrate","Finisher"],"picked":"Poisoned Stab","floor":3},{"not_picked":["Dagger Throw","All Out Attack","ReplayTheSpireMod:Exploit Weakness"],"picked":"SKIP","floor":6},{"not_picked":["PiercingWail","Slice"],"picked":"Bane","floor":8},{"not_picked":["Accuracy","Dagger Spray","Hidden Blade"],"picked":"SKIP","floor":10},{"not_picked":["Calculated Gamble","Quick Slash","Heel Hook"],"picked":"SKIP","floor":11},{"not_picked":["Dodge and Roll+1","Infinite Blades","Dagger Throw"],"picked":"SKIP","floor":18},{"not_picked":["Hidden Blade","Cloak And Dagger+1","ReplayTheSpireMod:Speed Training"],"picked":"SKIP","floor":20},{"not_picked":["Crippling Poison","Bane"],"picked":"Bouncing Flask+1","floor":21},{"not_picked":["ReplayTheSpireMod:Tripwire","Backflip"],"picked":"Poisoned Stab+1","floor":22}],"player_experience":515302,"relics_obtained":[{"floor":6,"key":"Oddly Smooth Stone"},{"floor":9,"key":"Omamori"},{"floor":10,"key":"Mango"},{"floor":13,"key":"ReplayTheSpireMod:Ring of Addiction"},{"floor":13,"key":"White Beast Statue"},{"floor":13,"key":"Chameleon Ring"}],"event_choices":[{"damage_healed":0,"gold_gain":0,"player_choice":"Box","damage_taken":0,"relics_obtained":["Snake Skull"],"max_hp_gain":0,"max_hp_loss":0,"event_name":"Big Fish","floor":0,"gold_loss":0,"cards_obtained":["Regret"]},{"damage_healed":0,"gold_gain":0,"player_choice":"Leave","damage_taken":0,"max_hp_gain":0,"max_hp_loss":0,"event_name":"The Cleric","floor":2,"gold_loss":0},{"damage_healed":0,"gold_gain":0,"player_choice":"Ignored","damage_taken":0,"max_hp_gain":0,"max_hp_loss":0,"event_name":"Golden Wing","floor":5,"gold_loss":0}],"is_beta":false,"boss_relics":[{"not_picked":["Coffee Dripper","Snecko Scales"],"picked":"Astrolabe"}],"items_purged_floors":[4],"is_endless":false,"potions_floor_spawned":[1,3,8,16,18,20,21,22],"killed_by":"Slavers","ascension_level":0}}