{"host":"mso9oeehumx549ew","time":1610068838,"event":{"mods":["AchievementEnabler","Act Like it!","BaseMod","BetterRewards","Colored Map","Colored Powertips","Curses Come First","Downfall","Hallownest","Hubris","Marisa????????","Minty Spire (QoL Compilation)","Quick Restart","Replay The Spire","Shop Mod","StSLib"],"gold_per_floor":[111,131,131,131,131,131,142,184,184,184,215,215,34,72,72,221,221,265,265,300,338,381,381,415,434,434,455,455,494,494,535,535,678,678,722,762,803,803,803,803,803,834,834,834,874,874,874,908,908,908,908],"floor_reached":50,"playtime":2206,"items_purged":[],"score":475,"play_id":"d24148f3-50eb-483e-91ff-4beb3a295e3a","local_time":"20210108012038","is_ascension_mode":false,"campfire_choices":[{"data":"UpSweep","floor":6,"key":"SMITH"},{"data":"MasterSpark","floor":10,"key":"SMITH"},{"floor":15,"key":"REST"},{"data":"SuperNova","floor":23,"key":"SMITH"},{"data":"PowerUp","floor":28,"key":"SMITH"},{"data":"ShootingEcho","floor":30,"key":"SMITH"},{"data":"WitchLeyline","floor":32,"key":"SMITH"},{"floor":40,"key":"REST"},{"data":"FairyDestructionRay","floor":44,"key":"SMITH"},{"data":"OortCloud","floor":46,"key":"SMITH"},{"floor":49,"key":"DIG"}],"circlet_count":0,"master_deck":["Strike_MRS","Strike_MRS","Strike_MRS","Strike_MRS","Defend_MRS","Defend_MRS+1","Defend_MRS","Defend_MRS","MasterSpark+1","UpSweep+1","WitchOfGreed","OortCloud+1","WitchLeyline+1","ShootingEcho+1","FairyDestructionRay+1","OrrerysSun","SuperNova+1","WitchLeyline+1","MasterSpark+1","EarthLightRay","PowerUp+1","IllusionStar","PowerUp+1"],"relics":["MiniHakkero","NeowsBlessing","Replay:Bottled Flurry","Ornamental Fan","Eternal Feather","Golden Idol","Replay:Rubber Ducky","Painkiller Herb","Gremlin Horn","hubris:Towel","Ring of Peace","Ring of Misfortune","hubris:Icosahedron","MealTicket","Letter Opener"],"acts_visited":["Exordium","TheCity","TheBeyond"],"potions_floor_usage":[42,50,50,50],"damage_taken":[{"damage":0,"enemies":"Cultist","floor":1,"turns":1},{"damage":0,"enemies":"Jaw Worm","floor":2,"turns":1},{"damage":0,"enemies":"Small Slimes","floor":7,"turns":1},{"damage":29,"enemies":"3 Sentries","floor":8,"turns":9},{"damage":16,"enemies":"Blue Slaver","floor":11,"turns":4},{"damage":6,"enemies":"Looter","floor":14,"turns":3},{"damage":53,"enemies":"The Guardian","floor":16,"turns":13},{"damage":0,"enemies":"Spheric Guardian","floor":18,"turns":5},{"damage":10,"enemies":"3 Byrds","floor":20,"turns":6},{"damage":2,"enemies":"Snecko","floor":21,"turns":8},{"damage":5,"enemies":"3 Cultists","floor":22,"turns":5},{"damage":5,"enemies":"Sentry and Sphere","floor":24,"turns":5},{"damage":0,"enemies":"Centurion and Healer","floor":25,"turns":4},{"damage":0,"enemies":"Snecko","floor":27,"turns":6},{"damage":6,"enemies":"Shelled Parasite and Fungi","floor":29,"turns":5},{"damage":15,"enemies":"Snake Plant","floor":31,"turns":4},{"damage":31,"enemies":"Champ","floor":33,"turns":10},{"damage":26,"enemies":"3 Darklings","floor":35,"turns":6},{"damage":12,"enemies":"Orb Walker","floor":36,"turns":4},{"damage":25,"enemies":"Sphere and 2 Shapes","floor":37,"turns":6},{"damage":5,"enemies":"3 Darklings","floor":42,"turns":7},{"damage":0,"enemies":"Jaw Worm Horde","floor":45,"turns":5},{"damage":30,"enemies":"Transient","floor":48,"turns":5},{"damage":67,"enemies":"Donu and Deca","floor":50,"turns":7}],"seed_played":"6377125736060451036","potions_obtained":[{"floor":2,"key":"hexamod:EctoCoolerPotion"},{"floor":8,"key":"DistilledChaos"},{"floor":8,"key":"Toxic Potion"},{"floor":14,"key":"Dexterity Potion"},{"floor":24,"key":"StarNLove"},{"floor":42,"key":"LiquidBronze"}],"is_trial":false,"path_per_floor":["M","M","T","?","?","R","M","E","T","R","M","?","$","M","R","B",null,"?","?","?","?","?","T","?","?","T","?","T","?","T","?","T","B",null,"?","?","?","?","?","T","?","?","T","T","?","T","?","?","T","B"],"character_chosen":"MARISA","items_purchased":["Replay:Rubber Ducky","FairyDestructionRay"],"campfire_rested":2,"item_purchase_floors":[13,13],"current_hp_per_floor":[75,75,75,75,75,75,75,46,46,52,36,36,36,30,59,6,69,69,69,59,57,56,68,64,68,68,68,69,63,69,58,69,42,69,47,35,14,14,14,46,46,45,45,57,61,69,69,39,51,0,0],"gold":908,"neow_bonus":"THREE_ENEMY_KILL","is_daily":false,"chose_seed":false,"campfire_upgraded":8,"win_rate":0.0,"timestamp":1610068838,"path_taken":["M","M","?","?","?","R","M","E","T","R","?","?","$","M","R","BOSS","?","?","?","?","?","T","?","?","T","?","T","?","T","?","T","BOSS","?","?","?","?","?","T","?","?","T","T","?","T","?","?","T","BOSS"],"items_purchased_type":["Relic","Card"],"build_version":"2020-12-22","purchased_purges":0,"victory":false,"max_hp_per_floor":[75,75,75,75,75,75,75,75,75,75,75,69,69,69,69,69,69,69,69,69,69,69,69,69,69,69,69,69,69,69,69,69,69,69,69,69,69,69,69,69,69,69,69,69,69,69,69,69,69,69,69],"card_choices":[{"not_picked":["DC","AsteroidBelt"],"picked":"WitchOfGreed","floor":1},{"not_picked":["Occultation","WitchOfGreed"],"picked":"NonDirectionalLaser","floor":2},{"not_picked":["ShootingEcho","NonDirectionalLaser"],"picked":"OortCloud","floor":7},{"not_picked":["UnstableBomb","Robbery"],"picked":"WitchLeyline","floor":8},{"not_picked":["StarBarrage","Robbery"],"picked":"ShootingEcho","floor":11},{"not_picked":["BinaryStars","ManaConvection"],"picked":"OrrerysSun","floor":14},{"not_picked":["CollectingQuirk","BinaryStars"],"picked":"SuperNova","floor":16},{"not_picked":["MilkyWay","GrandCross+1"],"picked":"WitchLeyline+1","floor":18},{"not_picked":["MysteriousBeam","OortCloud"],"picked":"EarthLightRay","floor":20},{"not_picked":["DarkMatter","Acceleration+1"],"picked":"PowerUp","floor":21},{"not_picked":["Orbital","TreasureHunter","OneTimeOff"],"picked":"SKIP","floor":22},{"not_picked":["GravityBeat","AsteroidBelt"],"picked":"IllusionStar","floor":24},{"not_picked":["GrandCross","OrrerysSun+1","OneTimeOff"],"picked":"SKIP","floor":25},{"not_picked":["JA","LuminesStrike","NonDirectionalLaser"],"picked":"SKIP","floor":27},{"not_picked":["WitchOfGreed","UnstableBomb","GalacticHalo"],"picked":"SKIP","floor":29},{"not_picked":["AlicesGift+1","DoubleSpark","TreasureHunter"],"picked":"SKIP","floor":31},{"not_picked":["PulseMagic+1","MagicChant","StarlightTyphoon"],"picked":"SKIP","floor":35},{"not_picked":["GrandCross","GasGiant","BlazeAway+1"],"picked":"SKIP","floor":36},{"not_picked":["IllusionStar+1","Robbery+1"],"picked":"PowerUp+1","floor":37},{"not_picked":["GravityBeat+1","OrrerysSun+1","DoubleSpark"],"picked":"SKIP","floor":42},{"not_picked":["OneTimeOff+1","BigCrunch","UnstableBomb+1"],"picked":"SKIP","floor":45},{"not_picked":["WitchOfGreed","Orbital+1","Acceleration"],"picked":"SKIP","floor":48}],"player_experience":162400,"relics_obtained":[{"floor":3,"key":"Replay:Bottled Flurry"},{"floor":8,"key":"Ornamental Fan"},{"floor":9,"key":"Eternal Feather"},{"floor":26,"key":"Gremlin Horn"},{"floor":39,"key":"Ring of Peace"},{"floor":39,"key":"Ring of Misfortune"},{"floor":43,"key":"MealTicket"},{"floor":49,"key":"Letter Opener"}],"event_choices":[{"cards_removed":["NonDirectionalLaser"],"damage_healed":5,"gold_gain":0,"player_choice":"Offered Common","damage_taken":0,"max_hp_gain":0,"max_hp_loss":0,"event_name":"Bonfire Elementals","floor":5,"gold_loss":0},{"cards_removed":["NonDirectionalLaser"],"damage_healed":5,"gold_gain":0,"player_choice":"Offered Special","damage_taken":0,"max_hp_gain":0,"max_hp_loss":0,"event_name":"Bonfire Elementals","floor":5,"gold_loss":0},{"damage_healed":0,"gold_gain":0,"player_choice":"Lose Max HP","damage_taken":0,"relics_obtained":["Golden Idol"],"max_hp_gain":0,"max_hp_loss":6,"event_name":"Golden Idol","floor":12,"gold_loss":0},{"damage_healed":0,"gold_gain":0,"player_choice":"Copied","damage_taken":0,"max_hp_gain":0,"max_hp_loss":0,"event_name":"Duplicator","floor":19,"gold_loss":0,"cards_obtained":["MasterSpark"]},{"cards_removed":["Voices"],"damage_healed":0,"gold_gain":0,"player_choice":"Removed Curses","damage_taken":0,"max_hp_gain":0,"max_hp_loss":0,"event_name":"Fountain of Cleansing","floor":47,"gold_loss":0}],"is_beta":false,"boss_relics":[{"not_picked":["RampagingMagicTools","Replay:Grab Bag"],"picked":"Painkiller Herb"},{"not_picked":["Runic Pyramid","hubris:CrackedHourglass","Cursed Key"]}],"items_purged_floors":[],"is_endless":false,"potions_floor_spawned":[2,8,20,24,27,33,45,48],"killed_by":"Donu and Deca","ascension_level":0}}