{"host":"C","time":1610106302,"event":{"mods":["2.2 Compatiblity","AchievementEnabler","BaseMod","BetterRewards","CatGirl Mod","Colored Map","Colored Powertips","Downfall","Energized Spire","Friendly Minions","GungeonMod","Hermit","Hero for Fun","Highlight Path","Jorbs\u0027s Wanderer Trilogy","Koishi","Minty Spire (QoL Compilation)","Quick Restart","Random Character Mod","Replay The Spire","Shade Mod","StSLib","SuperFastMode","The Animator","The Bug Knight","The Cursed","The Dragon Tamer","The Exalted","The Hierophant","The Kombatant","The Marked","The Mystic","The Necromancer","The Saiyan","The Servant 0.9.4","The Spell Scribe","The Valiant","TheSwordswoman"],"gold_per_floor":[116,191,225,149,169,169,16,16,16,16,43,66,66,85,85,188,188,206,235,252,252,271,271,283,283,283,303,303,30,30,43,43,141,141,159,159,8,25,42,42,54,54,81,81,97,127,127,127],"floor_reached":47,"playtime":1852,"items_purged":["Shame","Guardian:Aged"],"score":478,"play_id":"9ad84361-8e85-4613-8ba3-ea31f9f43a10","local_time":"20210108134502","is_ascension_mode":false,"campfire_choices":[{"data":"theMarked:SelfDefenseTraining","floor":6.0,"key":"SMITH"},{"data":"theMarked:SoldierOfQuellstein","floor":8.0,"key":"SMITH"},{"data":"theMarked:KeepCalmAndFightOn","floor":10.0,"key":"SMITH"},{"data":"theMarked:Levitate","floor":13.0,"key":"SMITH"},{"data":"theMarked:Aftermath","floor":15.0,"key":"SMITH"},{"data":"theMarked:EternalStudent","floor":23,"key":"SMITH"},{"data":"theMarked:TakeOffHeels","floor":25,"key":"SMITH"},{"floor":32,"key":"REST"},{"floor":40,"key":"REST"},{"data":"theMarked:SoldierForm","floor":42,"key":"SMITH"},{"data":"theMarked:TakeOffHeels","floor":44,"key":"SMITH"}],"circlet_count":0,"master_deck":["theMarked:Strike","theMarked:Strike","theMarked:Strike","theMarked:Strike","theMarked:Defend","theMarked:Defend","theMarked:Defend","theMarked:Defend","theMarked:SoldierOfQuellstein+1","theMarked:EmpowerWeapon","theMarked:EnhanceMovement","theMarked:KeepCalmAndFightOn+1","theMarked:SelfDefenseTraining+1","theMarked:Levitate+1","theMarked:SwordAndMagic+1","theMarked:Aftermath+1","theMarked:TakeOffHeels+1","theMarked:ChainLightning+1","theMarked:EternalStudent+1","theMarked:TakeOffHeels+1","theMarked:BanishingWave+1","theMarked:MagicAdept+1","theMarked:BanishingWave+1","theMarked:MuscleMemory+1","theMarked:SoldierForm+1"],"relics":["theMarked:ArtifactOfAir","NeowsBlessing","CaptainsWheel","DemoMod:ClearGuonStone","Vajra","Molten Egg 2","Odd Mushroom","energizedSpire:CursedPentagram","Red Mask","Potion Belt","Mummified Hand","Bromod:ArcaneGrace","DemoMod:PoisonVial","PreservedInsect","DemoMod:GlassGuonStoneRelic","Ancient Tea Set"],"acts_visited":["Exordium","TheCity","TheBeyond"],"potions_floor_usage":[46,46],"damage_taken":[{"damage":0.0,"enemies":"2 Louse","floor":1.0,"turns":1.0},{"damage":0.0,"enemies":"Jaw Worm","floor":5.0,"turns":1.0},{"damage":0.0,"enemies":"Lagavulin","floor":11.0,"turns":1.0},{"damage":0.0,"enemies":"The Mushroom Lair","floor":12.0,"turns":2.0},{"damage":1.0,"enemies":"Small Slimes","floor":14.0,"turns":3.0},{"damage":39.0,"enemies":"Fading Forest","floor":16.0,"turns":11.0},{"damage":8.0,"enemies":"3 Byrds","floor":18.0,"turns":4.0},{"damage":7,"enemies":"Masked Bandits","floor":19,"turns":4},{"damage":7,"enemies":"2 Thieves","floor":20,"turns":3},{"damage":3,"enemies":"Snake Plant","floor":22,"turns":4},{"damage":12,"enemies":"Shelled Parasite and Fungi","floor":24,"turns":3},{"damage":1,"enemies":"Snecko","floor":27,"turns":4},{"damage":6,"enemies":"Centurion and Healer","floor":31,"turns":5},{"damage":45,"enemies":"Automaton","floor":33,"turns":9},{"damage":7,"enemies":"3 Shapes","floor":35,"turns":4},{"damage":20,"enemies":"3 Darklings","floor":38,"turns":5},{"damage":17,"enemies":"Spire Growth","floor":39,"turns":4},{"damage":13,"enemies":"Sphere and 2 Shapes","floor":41,"turns":4},{"damage":3,"enemies":"Jaw Worm Horde","floor":45,"turns":3},{"damage":28,"enemies":"Nemesis","floor":46,"turns":5},{"damage":19,"enemies":"Transient","floor":47,"turns":5}],"seed_played":"1623104411949950573","potions_obtained":[{"floor":1.0,"key":"SkillPotion"},{"floor":18.0,"key":"DuplicationPotion"},{"floor":31,"key":"Fire Potion"},{"floor":41,"key":"Reflective Coating"},{"floor":46,"key":"AttackPotion"}],"is_trial":false,"path_per_floor":["M","?","?","$","M","R","$","R","T","R","E","?","R","M","R","B",null,"M","?","M","?","M","R","M","R","T","M","?","$","?","M","R","B",null,"M","?","$","M","M","R","M","R","T","R","M","E","M"],"character_chosen":"THE_DEFAULT","items_purchased":["theMarked:KeepCalmAndFightOn","DemoMod:ClearGuonStone","theMarked:MagicAdept+1","theMarked:BanishingWave+1","Strength Potion"],"campfire_rested":2,"item_purchase_floors":[4,7,29,29,37],"current_hp_per_floor":[70,59,59,59,59,59,59,59,59,59,59,59,59,58,58,41,70,62,55,48,48,45,45,33,33,33,32,32,32,32,26,47,2,70,63,63,63,46,31,52,43,43,43,43,41,14,0,0],"gold":127,"neow_bonus":"THREE_ENEMY_KILL","is_daily":false,"chose_seed":false,"campfire_upgraded":9,"win_rate":0.0,"timestamp":1610106302,"path_taken":["M","?","?","?","M","R","$","R","T","R","E","?","R","?","R","BOSS","M","?","M","?","?","R","M","R","T","M","?","$","?","M","R","BOSS","M","?","$","?","?","R","M","R","T","R","?","E","M"],"items_purchased_type":["Card","Relic","Card","Card","Potion"],"build_version":"2020-12-18","purchased_purges":2,"victory":false,"max_hp_per_floor":[70,70,70,70,70,70,70,70,70,70,70,70,70,70,70,70,70,70,70,70,70,70,70,70,70,70,70,70,70,70,70,70,70,70,70,70,70,70,70,70,70,70,70,70,70,70,70,70],"card_choices":[{"not_picked":["theMarked:Static","theMarked:Convert"],"picked":"theMarked:EmpowerWeapon","floor":1.0},{"not_picked":["theMarked:WastefulAttack","theMarked:TwofoldDefense"],"picked":"theMarked:EnhanceMovement","floor":3.0},{"not_picked":["theMarked:StartUp","theMarked:WardOff"],"picked":"theMarked:SelfDefenseTraining","floor":5.0},{"not_picked":["theMarked:BanishingStrike+1","theMarked:ResourceFulStrike+1"],"picked":"theMarked:Levitate","floor":11.0},{"not_picked":["theMarked:TunnelVision+1","theMarked:PowerFlow"],"picked":"theMarked:SwordAndMagic+1","floor":12.0},{"not_picked":["theMarked:Reabsorb","theMarked:TwofoldDefense"],"picked":"theMarked:Aftermath","floor":14.0},{"not_picked":["theMarked:SuspiciousRaven","theMarked:DispelDoubt+1"],"picked":"theMarked:TakeOffHeels","floor":16.0},{"not_picked":["theMarked:Frustration+1","theMarked:Aftermath"],"picked":"theMarked:ChainLightning+1","floor":18.0},{"not_picked":["theMarked:Reabsorb+1","theMarked:RepellingDischarge"],"picked":"theMarked:EternalStudent","floor":19},{"not_picked":["theMarked:SwordAndMagic+1","theMarked:EmpowerWeapon+1","theMarked:WastefulAttack+1"],"picked":"SKIP","floor":20},{"not_picked":["theMarked:TwofoldDefense+1","theMarked:HeightenedSenses","theMarked:WardOff"],"picked":"SKIP","floor":22},{"not_picked":["theMarked:Electrify","theMarked:HeightenedSenses"],"picked":"theMarked:BanishingWave+1","floor":24},{"not_picked":["theMarked:ResourceFulStrike+1","theMarked:WastefulAttack+1","theMarked:Frustration+1"],"picked":"SKIP","floor":27},{"not_picked":["theMarked:WardOff","theMarked:ElectricStrings+1"],"picked":"theMarked:MuscleMemory+1","floor":31},{"not_picked":["theMarked:Defy+1","theMarked:MuscleMemory+1"],"picked":"theMarked:SoldierForm","floor":33},{"not_picked":["theMarked:AttractMetal+1","theMarked:WastefulAttack+1","theMarked:TwofoldDefense+1"],"picked":"SKIP","floor":35},{"not_picked":["theMarked:PowerFlow","theMarked:WardOff+1","theMarked:Polarize"],"picked":"SKIP","floor":38},{"not_picked":["theMarked:EnhanceMovement+1","theMarked:WardOff+1","theMarked:Polarize+1"],"picked":"SKIP","floor":39},{"not_picked":["theMarked:Polarize+1","theMarked:WardOff","theMarked:WastefulDefense+1"],"picked":"SKIP","floor":41},{"not_picked":["theMarked:WardOff","theMarked:TunnelVision+1","theMarked:WastefulDefense"],"picked":"SKIP","floor":45},{"not_picked":["theMarked:TakeCover","theMarked:Panic+1","theMarked:GodGivenPower"],"picked":"SKIP","floor":46}],"player_experience":54974,"relics_obtained":[{"floor":3.0,"key":"CaptainsWheel"},{"floor":9.0,"key":"Vajra"},{"floor":11.0,"key":"Molten Egg 2"},{"floor":12.0,"key":"Odd Mushroom"},{"floor":19,"key":"Red Mask"},{"floor":26,"key":"Potion Belt"},{"floor":43,"key":"PreservedInsect"},{"floor":46,"key":"Ancient Tea Set"}],"event_choices":[{"damage_healed":0.0,"max_hp_gain":0.0,"max_hp_loss":0.0,"gold_gain":75.0,"event_name":"World of Goop","player_choice":"Gather Gold","floor":2.0,"gold_loss":0.0,"damage_taken":11.0},{"damage_healed":0.0,"max_hp_gain":0.0,"max_hp_loss":0.0,"gold_gain":0.0,"event_name":"Mushrooms","player_choice":"Fought Mushrooms","floor":12.0,"gold_loss":0.0,"damage_taken":0.0},{"damage_healed":0,"gold_gain":0,"player_choice":"Fought Bandits","damage_taken":0,"max_hp_gain":0,"max_hp_loss":0,"event_name":"Masked Bandits","floor":19,"gold_loss":0},{"damage_healed":0,"gold_gain":0,"cards_transformed":["theMarked:Strike"],"player_choice":"Transformed","damage_taken":0,"max_hp_gain":0,"max_hp_loss":0,"event_name":"Transmorgrifier","floor":21,"gold_loss":0,"cards_obtained":["theMarked:TakeOffHeels"]},{"damage_healed":0,"gold_gain":0,"player_choice":"Stole Relic","damage_taken":0,"relics_obtained":["Mummified Hand"],"max_hp_gain":0,"max_hp_loss":0,"event_name":"Addict","floor":28,"gold_loss":0,"cards_obtained":["Shame"]},{"damage_healed":0,"gold_gain":0,"player_choice":"Ignored","damage_taken":0,"max_hp_gain":0,"max_hp_loss":0,"event_name":"Vampires","floor":30,"gold_loss":0},{"damage_healed":0,"gold_gain":0,"player_choice":"Gave Potion","damage_taken":0,"relics_obtained":["DemoMod:PoisonVial"],"max_hp_gain":0,"max_hp_loss":0,"event_name":"WeMeetAgain","floor":36,"gold_loss":0}],"is_beta":true,"boss_relics":[{"not_picked":["SlaversCollar","energizedSpire:MagnifyingGlass"],"picked":"energizedSpire:CursedPentagram"},{"not_picked":["energizedSpire:DeadBattery","Cursed Key"],"picked":"Bromod:ArcaneGrace"}],"items_purged_floors":[29,37],"is_endless":false,"potions_floor_spawned":[1,18,31,41,46],"killed_by":"Transient","ascension_level":0}}