{"host":"g01l53quoe6lrer0","time":1610065082,"event":{"mods":["2.2 Compatiblity","AchievementEnabler","BaseMod","Colored Map","Highlight Path","Keyboard Shortcuts","Minty Spire (QoL Compilation)","Permanent Neow","StSLib","SuperFastMode","everything is the same but u backflip on backflip"],"gold_per_floor":[115,115,127,141,141,141,160,160,160,204,222,240,240,240,240,240,240],"floor_reached":16,"playtime":475,"items_purged":[],"score":168,"play_id":"5cfdc7f6-e989-4c38-ae9a-4aad86fae5aa","local_time":"20210108091802","is_ascension_mode":true,"campfire_choices":[{"data":"Sword Boomerang","floor":6.0,"key":"SMITH"},{"data":"Flex","floor":8.0,"key":"SMITH"},{"floor":13.0,"key":"REST"},{"data":"Bash","floor":15.0,"key":"SMITH"}],"circlet_count":0,"master_deck":["AscendersBane","Strike_R","Strike_R","Strike_R","Defend_R","Defend_R","Defend_R","Defend_R","Bash+1","Sword Boomerang+1","Shrug It Off","Flex+1","Thunderclap","Shrug It Off","Twin Strike","Battle Trance","Battle Trance"],"relics":["Burning Blood","Golden Idol","Tiny Chest","Question Card"],"acts_visited":["Exordium"],"potions_floor_usage":[16],"damage_taken":[{"damage":1.0,"enemies":"2 Louse","floor":1.0,"turns":2.0},{"damage":3.0,"enemies":"Cultist","floor":3.0,"turns":4.0},{"damage":0.0,"enemies":"Small Slimes","floor":4.0,"turns":3.0},{"damage":6.0,"enemies":"Blue Slaver","floor":7.0,"turns":4.0},{"damage":29.0,"enemies":"Gremlin Nob","floor":10.0,"turns":5.0},{"damage":33.0,"enemies":"Gremlin Gang","floor":11.0,"turns":6.0},{"damage":3.0,"enemies":"Large Slime","floor":12.0,"turns":5.0},{"damage":55,"enemies":"Hexaghost","floor":16,"turns":9}],"seed_played":"7262831578930057635","potions_obtained":[{"floor":4.0,"key":"BloodPotion"},{"floor":7.0,"key":"ColorlessPotion"},{"floor":11.0,"key":"Strength Potion"}],"is_trial":false,"path_per_floor":["M","?","M","M","?","R","M","R","T","E","M","M","R","?","R","B"],"character_chosen":"IRONCLAD","items_purchased":[],"campfire_rested":1,"item_purchase_floors":[],"current_hp_per_floor":[77,77,80,80,60,60,76,76,76,53,26,29,53,53,53,0,0],"gold":240,"neow_bonus":"THREE_CARDS","is_daily":false,"chose_seed":false,"campfire_upgraded":3,"win_rate":0.0,"timestamp":1610065082,"path_taken":["M","?","?","M","?","R","M","R","T","E","M","M","R","?","R","BOSS"],"items_purchased_type":[],"build_version":"2020-12-22","purchased_purges":0,"victory":false,"max_hp_per_floor":[80,80,80,80,80,80,80,80,80,80,80,80,80,80,80,80,80],"card_choices":[{"not_picked":["Carnage","Armaments"],"picked":"Sword Boomerang","floor":0.0},{"not_picked":["Shrug It Off","Hemokinesis","Metallicize"],"picked":"SKIP","floor":1.0},{"not_picked":["Hemokinesis","Metallicize"],"picked":"Shrug It Off","floor":1.0},{"not_picked":["Shockwave","Metallicize"],"picked":"Flex","floor":3.0},{"not_picked":["Havoc","Iron Wave"],"picked":"Thunderclap","floor":4.0},{"not_picked":["Anger","Iron Wave"],"picked":"Shrug It Off","floor":7.0},{"not_picked":["Shrug It Off","Evolve"],"picked":"Twin Strike","floor":10.0},{"not_picked":["Disarm","Blood for Blood","Heavy Blade"],"picked":"Battle Trance","floor":11.0},{"not_picked":["Second Wind","Rampage","Juggernaut"],"picked":"Battle Trance","floor":12.0}],"player_experience":81509,"relics_obtained":[{"floor":9.0,"key":"Tiny Chest"},{"floor":10.0,"key":"Question Card"}],"event_choices":[{"cards_removed":["Strike_R"],"damage_healed":0.0,"max_hp_gain":0.0,"max_hp_loss":0.0,"gold_gain":0.0,"event_name":"Bonfire Elementals","player_choice":"Offered Basic","floor":2.0,"gold_loss":0.0,"damage_taken":0.0},{"damage_healed":0.0,"max_hp_gain":0.0,"max_hp_loss":0.0,"gold_gain":0.0,"event_name":"Golden Idol","player_choice":"Take Damage","floor":5.0,"gold_loss":0.0,"damage_taken":20.0,"relics_obtained":["Golden Idol"]},{"cards_removed":["Strike_R"],"damage_healed":0.0,"max_hp_gain":0.0,"max_hp_loss":0.0,"gold_gain":0.0,"event_name":"Living Wall","player_choice":"Forget","floor":14.0,"gold_loss":0.0,"damage_taken":0.0}],"is_beta":false,"boss_relics":[],"items_purged_floors":[],"is_endless":false,"potions_floor_spawned":[4,7,11],"killed_by":"Hexaghost","ascension_level":13}}