{"host":"o0q01dgb4z8zpo6o","time":1610067431,"event":{"mods":["BaseMod","GifTheSpireLib","Minty Spire (QoL Compilation)","Relic Stats","StSLib"],"gold_per_floor":[111,111,111,126,1,1,1,16,16,27,39,68,68,79,79,153,153,164,164,182,34,54,84,84,84,84,34,48,48,48,48,48],"floor_reached":31,"playtime":3593,"items_purged":["Strike_B","Strike_B","Pain"],"score":497,"play_id":"af4b66de-10ab-4c09-b39f-f17916f23080","local_time":"20210107165711","is_ascension_mode":true,"campfire_choices":[{"data":"Sweeping Beam","floor":6.0,"key":"SMITH"},{"data":"Buffer","floor":15.0,"key":"SMITH"},{"floor":25,"key":"REST"},{"data":"Coolheaded","floor":29,"key":"SMITH"}],"circlet_count":0,"master_deck":["AscendersBane","Defend_B","Defend_B","Defend_B","Zap","Dualcast","Ball Lightning","Turbo","Sweeping Beam+1","Hologram","Skim","Conserve Battery","Cold Snap","Buffer+1","Ball Lightning","Self Repair","Core Surge","Doom and Gloom","Skim","Leap","Capacitor","Barrage","Coolheaded+1","Thunder Strike","Tempest+1","Static Discharge"],"relics":["Cracked Core","NeowsBlessing","Prayer Wheel","StoneCalendar","Smiling Mask","Busted Crown","Ginger","WarpedTongs","Anchor"],"acts_visited":["Exordium","TheCity"],"potions_floor_usage":[22,23,31],"damage_taken":[{"damage":0.0,"enemies":"2 Louse","floor":1.0,"turns":1.0},{"damage":0.0,"enemies":"Small Slimes","floor":4.0,"turns":1.0},{"damage":0.0,"enemies":"Cultist","floor":8.0,"turns":1.0},{"damage":16.0,"enemies":"3 Louse","floor":10.0,"turns":3.0},{"damage":11.0,"enemies":"2 Fungi Beasts","floor":11.0,"turns":4.0},{"damage":4.0,"enemies":"Lagavulin","floor":12.0,"turns":7.0},{"damage":12.0,"enemies":"Large Slime","floor":14.0,"turns":5.0},{"damage":12.0,"enemies":"Hexaghost","floor":16.0,"turns":9.0},{"damage":17,"enemies":"3 Byrds","floor":18,"turns":5},{"damage":0,"enemies":"Shell Parasite","floor":20,"turns":5},{"damage":27,"enemies":"Cultist and Chosen","floor":22,"turns":7},{"damage":22,"enemies":"Gremlin Leader","floor":23,"turns":7},{"damage":12,"enemies":"Snake Plant","floor":28,"turns":5},{"damage":36,"enemies":"3 Cultists","floor":31,"turns":4}],"seed_played":"-9020058281673663194","potions_obtained":[{"floor":4.0,"key":"AttackPotion"},{"floor":14.0,"key":"Fire Potion"},{"floor":16.0,"key":"Ancient Potion"},{"floor":22,"key":"DuplicationPotion"},{"floor":28,"key":"AttackPotion"}],"is_trial":false,"path_per_floor":["M","?","?","M","$","R","?","M","T","M","M","E","?","M","R","B",null,"M","?","M","$","M","E","?","R","T","$","M","R","?","M"],"character_chosen":"DEFECT","items_purchased":["Hologram","Capacitor","Barrage"],"campfire_rested":1,"item_purchase_floors":[5,21,21],"current_hp_per_floor":[64,64,64,64,64,64,69,69,69,53,42,38,27,15,15,10,60,50,50,57,57,37,22,22,44,44,44,32,32,32,0,0],"gold":48,"neow_bonus":"THREE_ENEMY_KILL","is_daily":false,"chose_seed":false,"campfire_upgraded":3,"win_rate":0.0,"timestamp":1610067431,"path_taken":["M","?","?","?","$","R","?","M","T","M","M","E","?","M","R","BOSS","M","?","M","$","M","E","?","R","T","$","?","R","?","M"],"items_purchased_type":["Card","Card","Card"],"build_version":"2020-12-22","purchased_purges":3,"victory":false,"max_hp_per_floor":[71,71,71,71,71,71,76,76,76,76,76,76,76,76,76,76,76,76,76,76,76,76,76,76,76,76,76,76,76,76,76,76],"relic_stats":{"Busted Crown":18,"counters":[14,64],"Prayer Wheel":7,"StoneCalendar":[82],"Ginger":[2],"Smiling Mask":125,"obtain_stats":[{"Anchor":26,"Busted Crown":17,"NeowsBlessing":0,"Prayer Wheel":9,"StoneCalendar":12,"Ginger":23,"Cracked Core":0,"Smiling Mask":13,"WarpedTongs":24},{"Anchor":12,"Busted Crown":8,"NeowsBlessing":0,"Prayer Wheel":3,"StoneCalendar":6,"Ginger":12,"Cracked Core":0,"Smiling Mask":6,"WarpedTongs":12},{"Anchor":55,"Busted Crown":31,"NeowsBlessing":0,"Prayer Wheel":3,"StoneCalendar":17,"Ginger":55,"Cracked Core":0,"Smiling Mask":17,"WarpedTongs":55}],"WarpedTongs":[9]},"card_choices":[{"not_picked":["Auto Shields","Go for the Eyes"],"picked":"Ball Lightning","floor":1.0},{"not_picked":["Streamline","Scrape"],"picked":"Sweeping Beam","floor":4.0},{"not_picked":["Compile Driver","Fusion"],"picked":"Skim","floor":8.0},{"not_picked":["Hologram","Gash"],"picked":"Conserve Battery","floor":10.0},{"not_picked":["Hologram","Go for the Eyes"],"picked":"Cold Snap","floor":10.0},{"not_picked":["Leap","Beam Cell"],"picked":"Buffer","floor":11.0},{"not_picked":["Redo","Rebound","Leap"],"picked":"SKIP","floor":11.0},{"not_picked":["Hyperbeam","FTL"],"picked":"Ball Lightning","floor":12.0},{"not_picked":["Barrage","Streamline"],"picked":"Self Repair","floor":14.0},{"not_picked":["Hello World","Turbo","Streamline"],"picked":"SKIP","floor":14.0},{"not_picked":["Multi-Cast","Buffer"],"picked":"Core Surge","floor":16.0},{"not_picked":["Recycle"],"picked":"SKIP","floor":18},{"not_picked":["Rebound"],"picked":"SKIP","floor":18},{"not_picked":[],"picked":"Leap","floor":20},{"not_picked":["Steam Power"],"picked":"SKIP","floor":20},{"not_picked":[],"picked":"Coolheaded","floor":22},{"not_picked":["Cold Snap"],"picked":"SKIP","floor":22},{"not_picked":[],"picked":"Thunder Strike","floor":23},{"not_picked":[],"picked":"Tempest+1","floor":28},{"not_picked":["Rebound"],"picked":"SKIP","floor":28}],"player_experience":1059415,"relics_obtained":[{"floor":9.0,"key":"Prayer Wheel"},{"floor":12.0,"key":"StoneCalendar"},{"floor":23,"key":"Ginger"},{"floor":26,"key":"Anchor"}],"event_choices":[{"damage_healed":0.0,"max_hp_gain":0.0,"max_hp_loss":0.0,"gold_gain":0.0,"cards_transformed":["Strike_B"],"event_name":"Living Wall","player_choice":"Change","floor":2.0,"gold_loss":0.0,"damage_taken":0.0,"cards_obtained":["Scrape"]},{"damage_healed":0.0,"max_hp_gain":0.0,"max_hp_loss":0.0,"gold_gain":0.0,"cards_transformed":["Scrape"],"event_name":"Transmorgrifier","player_choice":"Transformed","floor":3.0,"gold_loss":0.0,"damage_taken":0.0,"cards_obtained":["Turbo"]},{"damage_healed":0.0,"max_hp_gain":5.0,"max_hp_loss":0.0,"gold_gain":0.0,"event_name":"Big Fish","player_choice":"Donut","floor":7.0,"gold_loss":0.0,"damage_taken":0.0},{"damage_healed":0.0,"max_hp_gain":0.0,"max_hp_loss":0.0,"gold_gain":0.0,"event_name":"Scrap Ooze","player_choice":"Success","floor":13.0,"gold_loss":0.0,"damage_taken":11.0,"relics_obtained":["Smiling Mask"]},{"damage_healed":0,"gold_gain":0,"cards_transformed":["Defend_B","Strike_B"],"player_choice":"Became Test Subject","damage_taken":0,"max_hp_gain":0,"max_hp_loss":0,"event_name":"Drug Dealer","floor":19,"gold_loss":0,"cards_obtained":["Doom and Gloom","Skim"]},{"damage_healed":0,"gold_gain":0,"player_choice":"Rummage","damage_taken":0,"relics_obtained":["WarpedTongs"],"max_hp_gain":0,"max_hp_loss":0,"event_name":"Accursed Blacksmith","floor":24,"gold_loss":0,"cards_obtained":["Pain"]},{"damage_healed":0,"gold_gain":0,"player_choice":"Read","damage_taken":0,"max_hp_gain":0,"max_hp_loss":0,"event_name":"The Library","floor":30,"gold_loss":0,"cards_obtained":["Static Discharge"]}],"is_beta":false,"boss_relics":[{"not_picked":["Tiny House","Runic Dome"],"picked":"Busted Crown"}],"items_purged_floors":[5,21,27],"is_endless":false,"potions_floor_spawned":[4,14,16,22,28],"killed_by":"3 Cultists","ascension_level":19}}