{"host":"4cz9gr89nglr7k8k","time":1610140094,"event":{"mods":["BaseMod","Minty Spire (QoL Compilation)","Relic Stats","Slay-I"],"gold_per_floor":[116,116,126,100,100,130,130,146,173,173,189,189,189,26,26,97,97,97,97],"floor_reached":18,"playtime":365,"items_purged":[],"score":366,"play_id":"03efeb4c-ed15-4a6f-8594-a3c7b3ffa77b","local_time":"20210108220814","is_ascension_mode":true,"campfire_choices":[{"floor":7,"key":"REST"},{"floor":10,"key":"REST"},{"data":"Uppercut","floor":15,"key":"SMITH"}],"circlet_count":0,"master_deck":["AscendersBane","Strike_R","Strike_R","Strike_R","Strike_R","Defend_R+1","Defend_R","Defend_R+1","Defend_R","Bash","Sever Soul","Uppercut+1","Wild Strike","Thunderclap","Cleave","Flex","Reaper"],"relics":["Burning Blood","NeowsBlessing","Boot","Ginger","Smiling Mask","Pen Nib","PreservedInsect","Black Star"],"acts_visited":["Exordium","TheCity"],"potions_floor_usage":[16,18],"damage_taken":[{"damage":0,"enemies":"Jaw Worm","floor":1,"turns":1},{"damage":0,"enemies":"Small Slimes","floor":3,"turns":1},{"damage":0,"enemies":"3 Sentries","floor":6,"turns":1},{"damage":6,"enemies":"Cultist","floor":8,"turns":3},{"damage":14,"enemies":"Blue Slaver","floor":11,"turns":3},{"damage":52,"enemies":"The Guardian","floor":16,"turns":10},{"damage":73,"enemies":"3 Byrds","floor":18,"turns":5}],"seed_played":"-4343099520178197442","potions_obtained":[{"floor":1,"key":"Energy Potion"},{"floor":6,"key":"Weak Potion"},{"floor":8,"key":"PowerPotion"}],"is_trial":false,"path_per_floor":["M","?","M","$","?","E","R","M","T","R","M","?","?","$","R","B",null,"M"],"character_chosen":"IRONCLAD","items_purchased":["Wild Strike","PreservedInsect"],"campfire_rested":2,"item_purchase_floors":[4,14],"current_hp_per_floor":[74,51,57,57,22,28,50,50,50,72,64,64,64,64,64,18,61,0,0],"gold":97,"neow_bonus":"THREE_ENEMY_KILL","is_daily":false,"chose_seed":false,"campfire_upgraded":1,"win_rate":0.0,"timestamp":1610140094,"path_taken":["M","?","M","$","?","E","R","M","T","R","M","?","?","$","R","BOSS","M"],"items_purchased_type":["Card","Relic"],"build_version":"2020-12-22","purchased_purges":0,"victory":false,"max_hp_per_floor":[75,75,75,75,75,75,75,75,75,75,75,75,75,75,75,75,75,75,75],"relic_stats":{"counters":[7,24],"Pen Nib":[2],"PreservedInsect":0,"Black Star":0,"Ginger":[2],"Boot":[25],"Smiling Mask":0,"obtain_stats":[{"NeowsBlessing":0,"Pen Nib":12,"PreservedInsect":14,"Black Star":17,"Ginger":6,"Boot":5,"Smiling Mask":9,"Burning Blood":0},{"NeowsBlessing":0,"Pen Nib":5,"PreservedInsect":5,"Black Star":6,"Ginger":3,"Boot":2,"Smiling Mask":4,"Burning Blood":0},{"NeowsBlessing":0,"Pen Nib":9,"PreservedInsect":9,"Black Star":19,"Ginger":3,"Boot":2,"Smiling Mask":6,"Burning Blood":0}],"Burning Blood":36},"card_choices":[{"not_picked":["Shrug It Off","Burning Pact"],"picked":"Sever Soul","floor":1},{"not_picked":["Feel No Pain","Perfected Strike"],"picked":"Uppercut","floor":3},{"not_picked":["Sever Soul","True Grit"],"picked":"Thunderclap","floor":6},{"not_picked":["Armaments","Warcry"],"picked":"Cleave","floor":8},{"not_picked":["Wild Strike","Reckless Charge"],"picked":"Flex","floor":11},{"not_picked":["Bludgeon","Berserk"],"picked":"Reaper","floor":16}],"player_experience":1482701,"relics_obtained":[{"floor":6,"key":"Ginger"},{"floor":9,"key":"Smiling Mask"}],"event_choices":[{"damage_healed":0,"gold_gain":0,"player_choice":"Entered Light","damage_taken":23,"max_hp_gain":0,"max_hp_loss":0,"event_name":"Shining Light","floor":2,"gold_loss":0,"cards_upgraded":["Defend_R","Defend_R"]},{"damage_healed":0,"gold_gain":0,"player_choice":"Success","damage_taken":35,"relics_obtained":["Boot"],"max_hp_gain":0,"max_hp_loss":0,"event_name":"Scrap Ooze","floor":5,"gold_loss":0},{"damage_healed":0,"gold_gain":0,"player_choice":"Searched \u00271\u0027 times","damage_taken":0,"relics_obtained":["Pen Nib"],"max_hp_gain":0,"max_hp_loss":0,"event_name":"Dead Adventurer","floor":12,"gold_loss":0},{"cards_removed":["Strike_R"],"damage_healed":0,"gold_gain":0,"player_choice":"Purged","damage_taken":0,"max_hp_gain":0,"max_hp_loss":0,"event_name":"Purifier","floor":13,"gold_loss":0}],"is_beta":false,"boss_relics":[{"not_picked":["Snecko Eye","Empty Cage"],"picked":"Black Star"}],"items_purged_floors":[],"is_endless":false,"potions_floor_spawned":[1,6,8],"killed_by":"3 Byrds","ascension_level":20}}