{"host":"f5ezd1v29dtbwkzo","time":1610105036,"event":{"mods":["2.2 Compatiblity","BaseMod","Hermit","Hubris","Infinite Spire","Minty Spire (QoL Compilation)","Rare Cards Sparkle","Replay The Spire","StSLib"],"gold_per_floor":[116,126,1,20,31,65,76,76,121,121,139,152,178,193,193,293,293,311,329,51,67,79,79,354,354,354,364,380,75,94,104,104,204,204,215,215,233,233,38,38,51,51,51,67,67,95,114,130,130,130,130,130,47,81,81,81],"floor_reached":55,"playtime":2330,"items_purged":["Strike_R","Regret","Defend_R","Strike_R"],"score":544,"play_id":"4ca0daf0-9410-4be1-8164-0972114051b4","local_time":"20210108142356","is_ascension_mode":false,"campfire_choices":[{"data":"The Bomb","floor":8.0,"key":"SMITH"},{"data":"hubris:Fate","floor":15.0,"key":"SMITH"},{"data":"Thunderclap","floor":23.0,"key":"SMITH"},{"data":"Shrug It Off","floor":25.0,"key":"SMITH"},{"floor":32.0,"key":"RECALL"},{"data":"Double Tap","floor":40.0,"key":"SMITH"},{"floor":42.0,"key":"REST"},{"floor":49.0,"key":"REST"},{"data":"Seeing Red","floor":52.0,"key":"SMITH"}],"circlet_count":0,"master_deck":["Strike_R+1","Strike_R","Strike_R","Defend_R","Defend_R","Defend_R","Bash","Thunderclap","Pummel","The Bomb+1","Bandage Up","Metallicize","Shrug It Off+1","Inflame","hubris:Fate+1","Thunderclap+1","Bludgeon+1","Bandage Up","Shrug It Off+1","Battle Trance","Double Tap+1","Seeing Red+1","Thunderclap+1","Trip","Armaments+1"],"relics":["Burning Blood","Anchor","ReplayTheSpireMod:ShopPack","infinitespire:Broken Mirror","hubris:TenFootPole","Smiling Mask","Painkiller Herb","hubris:ChampionShield","Ornamental Fan","Turnip","Whetstone","Strange Spoon","Snack Pack","Replay:Baseball","Letter Opener"],"acts_visited":["Exordium","TheCity","TheBeyond","TheEnding"],"potions_floor_usage":[],"damage_taken":[{"damage":5.0,"enemies":"Cultist","floor":1.0,"turns":4.0},{"damage":3.0,"enemies":"Jaw Worm","floor":2.0,"turns":3.0},{"damage":5.0,"enemies":"2 Louse","floor":4.0,"turns":3.0},{"damage":14.0,"enemies":"Exordium Thugs","floor":5.0,"turns":6.0},{"damage":14.0,"enemies":"Replay:BlueRogue","floor":6.0,"turns":6.0},{"damage":6.0,"enemies":"Red Slaver","floor":7.0,"turns":3.0},{"damage":5.0,"enemies":"2 Fungi Beasts","floor":11.0,"turns":3.0},{"damage":16.0,"enemies":"Gremlin Gang","floor":12.0,"turns":4.0},{"damage":11.0,"enemies":"Gremlin Nob","floor":13.0,"turns":3.0},{"damage":14.0,"enemies":"Exordium Thugs","floor":14.0,"turns":3.0},{"damage":9.0,"enemies":"Fading Forest","floor":16.0,"turns":11.0},{"damage":0.0,"enemies":"Shell Parasite","floor":18.0,"turns":1.0},{"damage":0.0,"enemies":"2 Thieves","floor":19.0,"turns":2.0},{"damage":0.0,"enemies":"Centurion and Healer","floor":21.0,"turns":3.0},{"damage":0.0,"enemies":"3 Cultists","floor":22.0,"turns":2.0},{"damage":0.0,"enemies":"Snake Plant","floor":27.0,"turns":3.0},{"damage":28.0,"enemies":"Sentry and Sphere","floor":28.0,"turns":4.0},{"damage":12.0,"enemies":"Chosen and Byrds","floor":30.0,"turns":6.0},{"damage":11.0,"enemies":"3 Cultists","floor":31.0,"turns":5.0},{"damage":1.0,"enemies":"Champ","floor":33.0,"turns":2.0},{"damage":3.0,"enemies":"3 Shapes","floor":35.0,"turns":3.0},{"damage":39.0,"enemies":"3 Darklings","floor":37.0,"turns":9.0},{"damage":15.0,"enemies":"Writhing Mass","floor":41.0,"turns":3.0},{"damage":21.0,"enemies":"Maw","floor":44.0,"turns":5.0},{"damage":38.0,"enemies":"Giant Head","floor":46.0,"turns":7.0},{"damage":18.0,"enemies":"4 Shapes","floor":47.0,"turns":4.0},{"damage":16.0,"enemies":"Jaw Worm Horde","floor":48.0,"turns":3.0},{"damage":88.0,"enemies":"Donu and Deca","floor":50.0,"turns":11.0},{"damage":1.0,"enemies":"Shield and Spear","floor":54.0,"turns":2.0},{"damage":84,"enemies":"The Heart","floor":55,"turns":3}],"seed_played":"-7077821772240758569","potions_obtained":[{"floor":1.0,"key":"Weak Potion"},{"floor":4.0,"key":"SkillPotion"},{"floor":12.0,"key":"Strength Potion"},{"floor":21.0,"key":"Cursed Concoction"},{"floor":31.0,"key":"Dexterity Potion"},{"floor":33.0,"key":"Toxic Potion"},{"floor":46.0,"key":"PowerPotion"}],"is_trial":false,"path_per_floor":["M","M","$","M","M","E","M","R","T","?","M","M","E","M","R","B",null,"?","?","T","?","?","T","?","T","T","?","?","T","?","?","T","B",null,"?","AVR","?","T","T","T","?","T","T","?","?","E","?","?","T","B",null,"T","T","E","B"],"character_chosen":"IRONCLAD","items_purchased":["ReplayTheSpireMod:ShopPack","Bandage Up","hubris:ChampionShield","Ornamental Fan","Strange Spoon","Trip"],"campfire_rested":2,"item_purchase_floors":[3,20,20,29,39,53],"current_hp_per_floor":[80,80,80,80,76,72,76,76,76,76,80,74,73,65,65,66,80,80,80,80,80,80,80,80,80,80,80,58,58,56,74,74,80,80,80,80,70,70,70,70,61,80,80,69,69,47,58,58,80,16,80,80,80,80,0,0],"gold":81,"neow_bonus":"RANDOM_COMMON_RELIC","is_daily":false,"chose_seed":false,"campfire_upgraded":6,"win_rate":0.0,"timestamp":1610105036,"path_taken":["M","M","?","M","M","E","M","R","T","?","M","?","E","M","R","BOSS","?","?","T","?","?","T","?","T","T","?","?","T","?","?","T","BOSS","?","AVR","?","?","T","T","?","T","T","?","?","E","?","?","T","BOSS","T","T","E","BOSS"],"items_purchased_type":["Relic","Card","Relic","Relic","Relic","Card"],"build_version":"2020-12-22","purchased_purges":4,"victory":false,"max_hp_per_floor":[80,80,80,80,80,80,80,80,80,80,80,80,80,80,80,80,80,80,80,80,80,80,80,80,80,80,80,80,80,80,80,80,80,80,80,80,80,80,80,80,80,80,80,80,80,80,80,80,80,80,80,80,80,80,80,80],"card_choices":[{"not_picked":["Flex","Anger"],"picked":"Thunderclap","floor":1.0},{"not_picked":["Iron Wave","Havoc"],"picked":"Pummel","floor":2.0},{"not_picked":["Sadistic Nature","Magnetism"],"picked":"The Bomb","floor":3.0},{"not_picked":["Replay:Dark Deal","Trip"],"picked":"Bandage Up","floor":3.0},{"not_picked":["Panache","The Bomb"],"picked":"Forethought","floor":3.0},{"not_picked":["Reckless Charge","ReplayReversal"],"picked":"Metallicize","floor":4.0},{"not_picked":["Sword Boomerang","Feel No Pain"],"picked":"Shrug It Off","floor":5.0},{"not_picked":["hubris:SharpeningStone","Pommel Strike"],"picked":"Inflame","floor":6.0},{"not_picked":["Combust","Perfected Strike","Shrug It Off"],"picked":"SKIP","floor":7.0},{"not_picked":["Headbutt","Abandon","Body Slam"],"picked":"SKIP","floor":11.0},{"not_picked":["Pommel Strike","Combust"],"picked":"Thunderclap","floor":12.0},{"not_picked":["Havoc","ReplayReversal","Heavy Blade"],"picked":"SKIP","floor":13.0},{"not_picked":["Hemogenesis","Second Wind","Clash"],"picked":"SKIP","floor":14.0},{"not_picked":["Demon Form","Limit Break"],"picked":"Bludgeon","floor":16.0},{"not_picked":["Anger","Clash","Twin Strike"],"picked":"SKIP","floor":18.0},{"not_picked":["ReplayTheSpireMod:Muscle Training","Havoc","Body Slam+1"],"picked":"SKIP","floor":19.0},{"not_picked":["Replay:Undeath\u0027s Touch","Infernal Blade"],"picked":"Shrug It Off+1","floor":21.0},{"not_picked":["Wild Strike","Reckless Charge","Limit Break"],"picked":"SKIP","floor":22.0},{"not_picked":["infinitespire:OneForAll","Havoc"],"picked":"Battle Trance","floor":27.0},{"not_picked":["Twin Strike","Life Link","hubris:CleavingFinish"],"picked":"SKIP","floor":28.0},{"not_picked":["Cleave","Dropkick","ReplayReversal"],"picked":"SKIP","floor":30.0},{"not_picked":["Evolve","Heavy Blade+1","Pommel Strike"],"picked":"SKIP","floor":31.0},{"not_picked":["hubris:StunningStrike","Barricade"],"picked":"Double Tap","floor":33.0},{"not_picked":["Infernal Blade","Replay:Undeath\u0027s Touch+1","Reckless Charge"],"picked":"SKIP","floor":35.0},{"not_picked":["Pommel Strike","Flex+1","hubris:ReadiedAction+1"],"picked":"SKIP","floor":37.0},{"not_picked":["Ghostly Armor","Headbutt+1"],"picked":"Seeing Red","floor":41.0},{"not_picked":["Armaments","Clash","Heavy Blade"],"picked":"SKIP","floor":44.0},{"not_picked":["Sword Boomerang","ReplayTheSpireMod:Strike From Hell","Twin Strike+1"],"picked":"SKIP","floor":46.0},{"not_picked":["Corruption","ReplayTheSpireMod:Strike From Hell"],"picked":"Thunderclap+1","floor":47.0},{"not_picked":["Ghostly Armor","Carnage","Clash"],"picked":"SKIP","floor":48.0},{"not_picked":["Second Wind","Infernal Blade+1"],"picked":"Armaments+1","floor":54.0}],"player_experience":363379,"relics_obtained":[{"floor":6.0,"key":"infinitespire:Broken Mirror"},{"floor":9.0,"key":"hubris:TenFootPole"},{"floor":13.0,"key":"Smiling Mask"},{"floor":38.0,"key":"Whetstone"},{"floor":43.0,"key":"Snack Pack"},{"floor":46.0,"key":"Replay:Baseball"},{"floor":54.0,"key":"Letter Opener"}],"event_choices":[{"cards_removed":["Forethought"],"damage_healed":0.0,"max_hp_gain":0.0,"max_hp_loss":0.0,"gold_gain":0.0,"event_name":"NoteForYourself","player_choice":"Took Card","floor":10.0,"gold_loss":0.0,"damage_taken":0.0,"cards_obtained":["hubris:Fate"]},{"damage_healed":0.0,"max_hp_gain":0.0,"max_hp_loss":0.0,"gold_gain":275.0,"event_name":"Golden Shrine","player_choice":"Desecrate","floor":24.0,"gold_loss":0.0,"damage_taken":0.0,"cards_obtained":["Regret"]},{"damage_healed":0.0,"max_hp_gain":0.0,"max_hp_loss":0.0,"gold_gain":0.0,"event_name":"SecretPortal","player_choice":"Ignored","floor":45.0,"gold_loss":0.0,"damage_taken":0.0}],"is_beta":false,"boss_relics":[{"not_picked":["Black Blood","hubris:HollowSoul"],"picked":"Painkiller Herb"},{"not_picked":["infinitespire:Cupcake","Ooze Armor","Runic Pyramid"]}],"items_purged_floors":[20,29,36,39],"is_endless":false,"potions_floor_spawned":[1,4,12,13,21,31,33,37,44,46,48],"killed_by":"The Heart","ascension_level":0}}