{"host":"vumwfieg2b2mnrfl","time":1610139780,"event":{"mods":["AchievementEnabler","BaseMod","Minty Spire (QoL Compilation)","Rare Cards Sparkle","Relic Stats"],"gold_per_floor":[110,110,110,35,35,64,64,90,163,192,192,207,223,233,233,308,308,328,278,290,306,157,185,37,37,62,62,97,97,110,140,140,217,217,235,510,520,112,130,163,163,163],"floor_reached":41,"playtime":1565,"items_purged":["Regret"],"score":1007,"play_id":"1c1c4b34-66bd-4556-a78e-1bd7d129b1f2","local_time":"20210108150300","is_ascension_mode":true,"campfire_choices":[{"data":"Neutralize","floor":7,"key":"SMITH"},{"data":"Dagger Spray","floor":11,"key":"SMITH"},{"data":"Predator","floor":15,"key":"SMITH"},{"data":"Well Laid Plans","floor":25,"key":"SMITH"},{"data":"Dash","floor":29,"key":"SMITH"},{"floor":32,"key":"REST"}],"circlet_count":0,"master_deck":["AscendersBane","Strike_G","Strike_G","Strike_G","Defend_G","Defend_G","Defend_G","Survivor","Neutralize+1","Blur","Dagger Spray+1","Predator+1","Prepared","Reflex","Glass Knife+1","Well Laid Plans+1","Dash+1","Backflip","Poisoned Stab","Corpse Explosion","CurseOfTheBell","Noxious Fumes","Heel Hook+1","Footwork"],"relics":["Ring of the Snake","NeowsBlessing","InkBottle","Anchor","HornCleat","Singing Bowl","Philosopher\u0027s Stone","Lee\u0027s Waffle","Boot","ClockworkSouvenir","Snake Skull","Bronze Scales","Nunchaku","Calling Bell","Juzu Bracelet","Kunai","Gambling Chip","Pear","Lantern"],"acts_visited":["Exordium","TheCity","TheBeyond"],"potions_floor_usage":[10,16,16,27,28,31,33,40,41],"damage_taken":[{"damage":0,"enemies":"2 Louse","floor":1,"turns":1},{"damage":0,"enemies":"Gremlin Nob","floor":6,"turns":1},{"damage":0,"enemies":"3 Sentries","floor":8,"turns":1},{"damage":11,"enemies":"Lagavulin","floor":10,"turns":8},{"damage":0,"enemies":"Small Slimes","floor":12,"turns":2},{"damage":0,"enemies":"Cultist","floor":13,"turns":3},{"damage":0,"enemies":"Exordium Wildlife","floor":14,"turns":2},{"damage":13,"enemies":"Slime Boss","floor":16,"turns":7},{"damage":2,"enemies":"2 Thieves","floor":18,"turns":4},{"damage":6,"enemies":"Shell Parasite","floor":20,"turns":4},{"damage":10,"enemies":"Snake Plant","floor":21,"turns":4},{"damage":34,"enemies":"Gremlin Leader","floor":23,"turns":8},{"damage":9,"enemies":"Slavers","floor":28,"turns":6},{"damage":0,"enemies":"Shelled Parasite and Fungi","floor":30,"turns":4},{"damage":10,"enemies":"Gremlin Leader","floor":31,"turns":4},{"damage":58,"enemies":"Collector","floor":33,"turns":13},{"damage":0,"enemies":"3 Shapes","floor":35,"turns":2},{"damage":40,"enemies":"3 Darklings","floor":37,"turns":3},{"damage":2,"enemies":"Spire Growth","floor":39,"turns":6},{"damage":26,"enemies":"Reptomancer","floor":40,"turns":7},{"damage":19,"enemies":"Writhing Mass","floor":41,"turns":3}],"seed_played":"-1672098701267094592","potions_obtained":[{"floor":1,"key":"AttackPotion"},{"floor":8,"key":"GamblersBrew"},{"floor":12,"key":"PowerPotion"},{"floor":14,"key":"PowerPotion"},{"floor":20,"key":"Poison Potion"},{"floor":21,"key":"Strength Potion"},{"floor":27,"key":"Fruit Juice"},{"floor":27,"key":"Energy Potion"},{"floor":31,"key":"Poison Potion"},{"floor":35,"key":"SpeedPotion"},{"floor":37,"key":"Weak Potion"}],"is_trial":false,"path_per_floor":["M","?","?","?","?","E","R","E","T","E","R","M","M","M","R","B",null,"M","?","M","M","$","E","$","R","T","?","E","R","M","E","R","B",null,"M","?","M","$","M","E","M"],"character_chosen":"THE_SILENT","items_purchased":["Lee\u0027s Waffle","ClockworkSouvenir","Noxious Fumes","Pear"],"campfire_rested":1,"item_purchase_floors":[22,24,38,38],"current_hp_per_floor":[59,59,52,52,52,52,52,52,52,43,43,45,47,47,47,34,63,63,63,57,49,83,49,49,49,49,54,45,45,47,37,64,6,69,71,71,33,43,41,15,0,0],"gold":163,"neow_bonus":"THREE_ENEMY_KILL","is_daily":false,"chose_seed":false,"campfire_upgraded":5,"win_rate":0.0,"timestamp":1610139780,"path_taken":["M","?","?","?","?","E","R","E","T","E","R","M","M","?","R","BOSS","M","?","?","M","$","E","$","R","T","?","E","R","?","E","R","BOSS","M","?","M","$","M","E","M"],"items_purchased_type":["Relic","Relic","Card","Relic"],"build_version":"2020-12-22","purchased_purges":1,"victory":false,"max_hp_per_floor":[66,66,66,66,66,66,66,66,66,68,68,70,72,72,72,72,72,74,74,74,76,83,83,83,83,83,88,88,88,90,90,90,90,90,92,92,94,104,104,104,104,104],"relic_stats":{"Lee\u0027s Waffle":34,"Singing Bowl":16,"counters":[21,93],"Snake Skull":[28],"Juzu Bracelet":0,"Boot":[30],"Nunchaku":[7],"Bronze Scales":[123],"Gambling Chip":[24],"Kunai":[6],"obtain_stats":[{"Lee\u0027s Waffle":22,"Lantern":40,"Pear":38,"NeowsBlessing":0,"Singing Bowl":10,"Snake Skull":26,"Juzu Bracelet":34,"Boot":23,"ClockworkSouvenir":24,"Calling Bell":34,"Anchor":8,"Nunchaku":31,"HornCleat":9,"Bronze Scales":28,"Gambling Chip":34,"Philosopher\u0027s Stone":17,"Kunai":34,"InkBottle":6,"Ring of the Snake":0},{"Lee\u0027s Waffle":11,"Lantern":20,"Pear":18,"NeowsBlessing":0,"Singing Bowl":4,"Snake Skull":12,"Juzu Bracelet":16,"Boot":12,"ClockworkSouvenir":12,"Calling Bell":16,"Anchor":3,"Nunchaku":15,"HornCleat":3,"Bronze Scales":13,"Gambling Chip":16,"Philosopher\u0027s Stone":8,"Kunai":16,"InkBottle":2,"Ring of the Snake":0},{"Lee\u0027s Waffle":37,"Lantern":90,"Pear":77,"NeowsBlessing":0,"Singing Bowl":11,"Snake Skull":45,"Juzu Bracelet":72,"Boot":45,"ClockworkSouvenir":45,"Calling Bell":72,"Anchor":3,"Nunchaku":59,"HornCleat":3,"Bronze Scales":51,"Gambling Chip":72,"Philosopher\u0027s Stone":25,"Kunai":72,"InkBottle":2,"Ring of the Snake":0}],"InkBottle":[30],"Ring of the Snake":[42]},"card_choices":[{"not_picked":["Flying Knee","Prepared"],"picked":"Blur","floor":1},{"not_picked":["Accuracy","Bane"],"picked":"Predator","floor":6},{"not_picked":["Flying Knee","Distraction"],"picked":"Prepared","floor":8},{"not_picked":["Flechettes","Tools of the Trade","Bane"],"picked":"Singing Bowl","floor":10},{"not_picked":["Outmaneuver","Prepared","Underhanded Strike"],"picked":"Singing Bowl","floor":12},{"not_picked":["Bane","All Out Attack","Acrobatics"],"picked":"Singing Bowl","floor":13},{"not_picked":["Choke","Bane"],"picked":"Reflex","floor":14},{"not_picked":["Wraith Form v2","Tools of the Trade"],"picked":"Glass Knife","floor":16},{"not_picked":["Cloak And Dagger","Deflect","Masterful Stab"],"picked":"Singing Bowl","floor":18},{"not_picked":["Heel Hook","Deadly Poison"],"picked":"Well Laid Plans","floor":20},{"not_picked":["Deflect","Blade Dance","Dagger Spray"],"picked":"Singing Bowl","floor":21},{"not_picked":["Deflect","After Image"],"picked":"Dash","floor":23},{"not_picked":["Heel Hook","Cloak And Dagger"],"picked":"Backflip","floor":28},{"not_picked":["Dodge and Roll","Outmaneuver+1","Deadly Poison"],"picked":"Singing Bowl","floor":30},{"not_picked":["Dagger Throw","Concentrate"],"picked":"Poisoned Stab","floor":31},{"not_picked":["Burst","Venomology"],"picked":"Corpse Explosion","floor":33},{"not_picked":["Bane","Riddle With Holes+1","Acrobatics"],"picked":"Singing Bowl","floor":35},{"not_picked":["Dodge and Roll","Dagger Throw","Acrobatics"],"picked":"Singing Bowl","floor":37},{"not_picked":["Underhanded Strike+1","Accuracy"],"picked":"Heel Hook+1","floor":39},{"not_picked":["Skewer+1","Endless Agony"],"picked":"Footwork","floor":40}],"player_experience":387771,"relics_obtained":[{"floor":6,"key":"InkBottle"},{"floor":8,"key":"Anchor"},{"floor":9,"key":"HornCleat"},{"floor":10,"key":"Singing Bowl"},{"floor":23,"key":"Boot"},{"floor":26,"key":"Snake Skull"},{"floor":28,"key":"Bronze Scales"},{"floor":31,"key":"Nunchaku"},{"floor":34,"key":"Juzu Bracelet"},{"floor":34,"key":"Kunai"},{"floor":34,"key":"Gambling Chip"},{"floor":40,"key":"Lantern"}],"event_choices":[{"damage_healed":0,"gold_gain":0,"cards_transformed":["Strike_G"],"player_choice":"Change","damage_taken":0,"max_hp_gain":0,"max_hp_loss":0,"event_name":"Living Wall","floor":2,"gold_loss":0,"cards_obtained":["Dagger Spray"]},{"cards_removed":["Defend_G"],"damage_healed":0,"gold_gain":0,"player_choice":"Card Removal","damage_taken":7,"max_hp_gain":0,"max_hp_loss":0,"event_name":"Golden Wing","floor":3,"gold_loss":0},{"cards_removed":["Defend_G"],"damage_healed":0,"gold_gain":0,"player_choice":"Card Removal","damage_taken":0,"max_hp_gain":0,"max_hp_loss":0,"event_name":"The Cleric","floor":4,"gold_loss":75},{"cards_removed":["Strike_G"],"damage_healed":0,"gold_gain":0,"player_choice":"Offered Basic","damage_taken":0,"max_hp_gain":0,"max_hp_loss":0,"event_name":"Bonfire Elementals","floor":5,"gold_loss":0},{"damage_healed":0,"gold_gain":0,"player_choice":"Upgrade","damage_taken":0,"max_hp_gain":0,"max_hp_loss":0,"event_name":"Designer","floor":19,"gold_loss":50,"cards_upgraded":["Glass Knife"]},{"damage_healed":0,"gold_gain":0,"player_choice":"Got Potions","damage_taken":0,"max_hp_gain":0,"max_hp_loss":0,"event_name":"Lab","floor":27,"gold_loss":0},{"damage_healed":0,"gold_gain":275,"player_choice":"Desecrate","damage_taken":0,"max_hp_gain":0,"max_hp_loss":0,"event_name":"Golden Shrine","floor":36,"gold_loss":0,"cards_obtained":["Regret"]}],"is_beta":false,"boss_relics":[{"not_picked":["Empty Cage","Runic Pyramid"],"picked":"Philosopher\u0027s Stone"},{"not_picked":["Velvet Choker","Coffee Dripper"],"picked":"Calling Bell"}],"items_purged_floors":[38],"is_endless":false,"potions_floor_spawned":[1,8,12,14,20,21,23,31,35,37],"killed_by":"Writhing Mass","ascension_level":15}}