{"host":"8xi53560pl5zaoq2","time":1610120310,"event":{"mods":["BaseMod","Colored Map","Highlight Path","Minty Spire (QoL Compilation)","StSLib","Synergy Search"],"gold_per_floor":[118,137,152,327,22,54,54,129,129,129,50,79,99,111,111,208,208,226,245,245,245,264,264,291,216,243,255,282,305,317,329,341,453,465,490,516,51,61,74,74,35,45,71,0,54,15,15,15,15,15],"floor_reached":51,"playtime":3612,"items_purged":["Doubt"],"score":1020,"play_id":"477f25f0-8fe2-43e7-8223-d2708cf7e334","local_time":"20210108083830","is_ascension_mode":true,"campfire_choices":[{"data":"TalkToTheHand","floor":7,"key":"SMITH"},{"data":"Eruption","floor":10,"key":"SMITH"},{"floor":15,"key":"REST"},{"floor":23,"key":"REST"},{"floor":27,"key":"REST"},{"floor":32,"key":"REST"},{"floor":47,"key":"REST"},{"floor":49,"key":"REST"}],"circlet_count":0,"master_deck":["Defend_P","Defend_P","Defend_P","Defend_P","Eruption+1","Vigilance","Halt","Consecrate","TalkToTheHand+1","ThirdEye","Protect","JustLucky","BattleHymn","Wallop","DevaForm","SpiritShield","Perseverance","FlurryOfBlows","FollowUp","Devotion+1","CrushJoints+1","Bite","Bite","Bite","Bite","Bite","LessonLearned","ThirdEye","Study","WheelKick","Writhe","Nirvana","Consecrate+1","Fasting2","Sadistic Nature","Forethought"],"relics":["HolyWater","Pen Nib","HornCleat","InkBottle","Calipers","Odd Mushroom","MutagenicStrength","Boot","MawBank","Busted Crown","Pear","ClockworkSouvenir","Lantern","Red Mask","Du-Vu Doll"],"acts_visited":["Exordium","TheCity","TheBeyond"],"potions_floor_usage":[14,16,19,22,30,36,36,45,50],"damage_taken":[{"damage":4,"enemies":"Small Slimes","floor":1,"turns":4},{"damage":0,"enemies":"Jaw Worm","floor":2,"turns":3},{"damage":0,"enemies":"2 Louse","floor":3,"turns":2},{"damage":8,"enemies":"3 Sentries","floor":6,"turns":7},{"damage":1,"enemies":"Gremlin Nob","floor":12,"turns":4},{"damage":3,"enemies":"The Mushroom Lair","floor":13,"turns":5},{"damage":0,"enemies":"Large Slime","floor":14,"turns":5},{"damage":0,"enemies":"Slime Boss","floor":16,"turns":7},{"damage":0,"enemies":"3 Byrds","floor":18,"turns":5},{"damage":1,"enemies":"2 Thieves","floor":19,"turns":4},{"damage":39,"enemies":"Chosen and Byrds","floor":22,"turns":9},{"damage":16,"enemies":"Gremlin Leader","floor":24,"turns":7},{"damage":2,"enemies":"Centurion and Healer","floor":28,"turns":7},{"damage":30,"enemies":"Sentry and Sphere","floor":29,"turns":8},{"damage":0,"enemies":"Cultist and Chosen","floor":30,"turns":1},{"damage":39,"enemies":"Automaton","floor":33,"turns":10},{"damage":29,"enemies":"3 Shapes","floor":35,"turns":10},{"damage":32,"enemies":"3 Darklings","floor":36,"turns":9},{"damage":0,"enemies":"Maw","floor":38,"turns":8},{"damage":11,"enemies":"4 Shapes","floor":39,"turns":5},{"damage":31,"enemies":"3 Darklings","floor":42,"turns":6},{"damage":32,"enemies":"2 Orb Walkers","floor":45,"turns":6},{"damage":46,"enemies":"Donu and Deca","floor":50,"turns":8}],"seed_played":"8936232881222525389","potions_obtained":[{"floor":2,"key":"Dexterity Potion"},{"floor":6,"key":"Swift Potion"},{"floor":12,"key":"Dexterity Potion"},{"floor":14,"key":"SkillPotion"},{"floor":18,"key":"Fruit Juice"},{"floor":28,"key":"SmokeBomb"},{"floor":33,"key":"LiquidBronze"},{"floor":35,"key":"PowerPotion"},{"floor":39,"key":"PowerPotion"}],"is_trial":false,"path_per_floor":["M","M","M","?","$","E","R","?","T","R","$","E","?","M","R","B",null,"M","M","?","?","M","R","E","?","T","R","M","M","M","?","R","B",null,"M","M","$","M","M","?","$","M","T","?","?","$","R","?","R","B",null],"character_chosen":"WATCHER","items_purchased":["Pen Nib","ThirdEye","Protect","BattleHymn","Pear","ClockworkSouvenir","Study","Nirvana","Fasting2"],"campfire_rested":6,"item_purchase_floors":[5,5,5,11,37,37,37,41,46],"current_hp_per_floor":[68,68,68,68,68,60,60,49,49,49,49,48,45,45,68,68,76,76,80,80,64,25,51,35,35,35,61,59,29,29,29,47,36,56,41,23,33,47,42,60,60,37,37,37,11,11,32,27,48,12],"gold":15,"neow_bonus":"TEN_PERCENT_HP_BONUS","is_daily":false,"chose_seed":false,"campfire_upgraded":2,"win_rate":0.0,"timestamp":1610120310,"path_taken":["M","M","M","?","$","E","R","?","T","R","$","E","?","M","R","BOSS","M","M","?","?","M","R","E","?","T","R","M","?","M","?","R","BOSS","M","M","$","M","M","?","$","M","T","?","?","$","R","?","R","BOSS"],"items_purchased_type":["Relic","Card","Card","Card","Relic","Relic","Card","Card","Card"],"build_version":"2020-12-22","purchased_purges":1,"victory":true,"max_hp_per_floor":[79,79,79,79,79,79,79,79,79,79,79,79,79,79,79,79,79,79,84,84,89,89,89,89,89,89,89,89,89,89,62,62,62,62,62,62,72,72,72,72,72,72,72,72,72,72,72,72,72,72],"card_choices":[{"not_picked":["WheelKick","Consecrate"],"picked":"Halt","floor":1},{"not_picked":["Halt","FearNoEvil"],"picked":"Consecrate","floor":2},{"not_picked":["Evaluate","ClearTheMind"],"picked":"TalkToTheHand","floor":3},{"not_picked":["Prostrate","DeceiveReality"],"picked":"JustLucky","floor":6},{"not_picked":["SashWhip","Study"],"picked":"Wallop","floor":12},{"not_picked":["Conclude","BattleHymn"],"picked":"DevaForm","floor":14},{"not_picked":["DevaForm","Blasphemy"],"picked":"SpiritShield","floor":16},{"not_picked":["PathToVictory+1","Evaluate+1"],"picked":"Perseverance","floor":18},{"not_picked":["Halt","Consecrate"],"picked":"FlurryOfBlows","floor":19},{"not_picked":["Consecrate","Protect"],"picked":"FollowUp","floor":22},{"not_picked":["Fasting2","Vengeance"],"picked":"Devotion","floor":24},{"not_picked":["Tantrum","Crescendo","SashWhip"],"picked":"SKIP","floor":28},{"not_picked":["WaveOfTheHand","JustLucky"],"picked":"CrushJoints","floor":29},{"not_picked":["SpiritShield","ConjureBlade"],"picked":"LessonLearned","floor":33},{"not_picked":["FlyingSleeves"],"picked":"SKIP","floor":35},{"not_picked":[],"picked":"ThirdEye","floor":36},{"not_picked":[],"picked":"WheelKick","floor":38},{"not_picked":["CarveReality+1"],"picked":"SKIP","floor":39},{"not_picked":[],"picked":"Consecrate+1","floor":42},{"not_picked":[],"picked":"Sadistic Nature","floor":48},{"not_picked":[],"picked":"Forethought","floor":48}],"player_experience":1273158,"relics_obtained":[{"floor":6,"key":"HornCleat"},{"floor":9,"key":"InkBottle"},{"floor":12,"key":"Calipers"},{"floor":13,"key":"Odd Mushroom"},{"floor":24,"key":"Boot"},{"floor":26,"key":"MawBank"},{"floor":43,"key":"Lantern"},{"floor":45,"key":"Du-Vu Doll"}],"event_choices":[{"damage_healed":0,"gold_gain":175,"player_choice":"AGREE","damage_taken":0,"max_hp_gain":0,"max_hp_loss":0,"event_name":"Liars Game","floor":4,"gold_loss":0,"cards_obtained":["Doubt"]},{"damage_healed":0,"gold_gain":75,"player_choice":"Gather Gold","damage_taken":11,"max_hp_gain":0,"max_hp_loss":0,"event_name":"World of Goop","floor":8,"gold_loss":0},{"damage_healed":0,"gold_gain":0,"player_choice":"Fought Mushrooms","damage_taken":0,"max_hp_gain":0,"max_hp_loss":0,"event_name":"Mushrooms","floor":13,"gold_loss":0},{"damage_healed":0,"gold_gain":0,"player_choice":"Inject Mutagens","damage_taken":0,"relics_obtained":["MutagenicStrength"],"max_hp_gain":0,"max_hp_loss":0,"event_name":"Drug Dealer","floor":20,"gold_loss":0},{"damage_healed":0,"gold_gain":0,"player_choice":"Shed Blood","damage_taken":21,"max_hp_gain":5,"max_hp_loss":0,"event_name":"Forgotten Altar","floor":21,"gold_loss":0},{"cards_removed":["Strike_P"],"damage_healed":0,"gold_gain":0,"player_choice":"Gave Gold","damage_taken":0,"max_hp_gain":0,"max_hp_loss":0,"event_name":"Beggar","floor":25,"gold_loss":75},{"damage_healed":0,"gold_gain":0,"player_choice":"Became a vampire","damage_taken":0,"max_hp_gain":0,"max_hp_loss":27,"event_name":"Vampires","floor":31,"gold_loss":0,"cards_obtained":["Bite","Bite","Bite","Bite","Bite"]},{"damage_healed":18,"gold_gain":0,"player_choice":"Writhe","damage_taken":0,"max_hp_gain":0,"max_hp_loss":0,"event_name":"Winding Halls","floor":40,"gold_loss":0,"cards_obtained":["Writhe"]},{"damage_healed":0,"gold_gain":0,"player_choice":"Paid","damage_taken":0,"relics_obtained":["Red Mask"],"max_hp_gain":0,"max_hp_loss":0,"event_name":"Tomb of Lord Red Mask","floor":44,"gold_loss":71},{"damage_healed":0,"gold_gain":0,"player_choice":"Fight","damage_taken":0,"max_hp_gain":0,"max_hp_loss":0,"event_name":"Mysterious Sphere","floor":45,"gold_loss":0},{"damage_healed":0,"gold_gain":0,"player_choice":"Memory 2","damage_taken":5,"max_hp_gain":0,"max_hp_loss":0,"event_name":"SensoryStone","floor":48,"gold_loss":0}],"is_beta":false,"boss_relics":[{"not_picked":["Coffee Dripper","Cursed Key"],"picked":"HolyWater"},{"not_picked":["Empty Cage","Sozu"],"picked":"Busted Crown"}],"items_purged_floors":[5],"is_endless":false,"potions_floor_spawned":[2,6,12,14,18,28,30,33,35,39],"ascension_level":8}}