{"host":"m1dcqu7ormc1ttl9","time":1610103428,"event":{"mods":["Act Like it!","BaseMod","Gensokyo","Lobotomy","LobotomyExtend","Minty Spire (QoL Compilation)","Remilia£®¿Ÿ√◊¿Ú—«£©","StSLib","Yakumo Yukari mod"],"gold_per_floor":[113,43,43,54,66,66,98,98,123,137,171,181,181,181,181,181,181],"floor_reached":16,"playtime":1143,"items_purged":[],"score":135,"play_id":"023fd9d8-58b0-4db6-9c47-151979d993aa","local_time":"20210108185708","is_ascension_mode":false,"campfire_choices":[{"data":"MastersStateliness","floor":6.0,"key":"SMITH"},{"floor":13,"key":"REST"},{"data":"MastersStateliness","floor":15,"key":"SMITH"}],"circlet_count":0,"master_deck":["Strike_RM","Strike_RM+1","Strike_RM","Strike_RM","Defend_RM+1","Defend_RM","Defend_RM","Defend_RM","RedMoon","ScarletShoot","MastersStateliness+1","HunterOfTheNight","ScarletNetherworld+1","DespairKnight","MastersStateliness+1","VampireFantasy","FairyFestival","MastersStateliness"],"relics":["ScarletHat","CogitoBucket","LetterFromLob","Akabeko","Lizard Tail","LuminousBracelet"],"acts_visited":["Gensokyo:Gensokyo"],"potions_floor_usage":[11,16],"damage_taken":[{"damage":1.0,"enemies":"Gensokyo:Python","floor":1.0,"turns":3.0},{"damage":0.0,"enemies":"Gensokyo:2_Kodama","floor":4.0,"turns":4.0},{"damage":0.0,"enemies":"Gensokyo:Gryphon","floor":5.0,"turns":4.0},{"damage":20.0,"enemies":"Gensokyo:Cirno","floor":7.0,"turns":8.0},{"damage":3,"enemies":"Gensokyo:VengefulSpirit","floor":10,"turns":7},{"damage":34,"enemies":"Gensokyo:Aya","floor":11,"turns":7},{"damage":45,"enemies":"Gensokyo:Gryphon_and_Rabbit","floor":12,"turns":8},{"damage":176,"enemies":"Gensokyo:Yukari","floor":16,"turns":20}],"seed_played":"-3219124093476981425","potions_obtained":[{"floor":7.0,"key":"GamblersBrew"},{"floor":10,"key":"ColorlessPotion"},{"floor":12,"key":"Regen Potion"}],"is_trial":false,"path_per_floor":["M","?","$","M","M","R","E","?","T","M","E","M","R","?","R","B"],"character_chosen":"REMILIA","items_purchased":[],"campfire_rested":1,"item_purchase_floors":[],"current_hp_per_floor":[74,74,74,75,75,75,55,55,55,54,21,32,59,59,59,0,0],"gold":181,"neow_bonus":"","is_daily":false,"chose_seed":false,"campfire_upgraded":2,"win_rate":0.0,"timestamp":1610103428,"path_taken":["M","?","$","M","M","R","E","?","T","M","E","?","R","?","R","BOSS"],"items_purchased_type":[],"build_version":"2020-12-22","purchased_purges":0,"victory":false,"max_hp_per_floor":[75,75,75,75,75,75,75,75,75,75,75,90,90,90,90,90,90],"card_choices":[{"not_picked":["UnderTheZenith","BloodHunter"],"picked":"MastersStateliness","floor":1.0},{"not_picked":["DiffusionOfMisfortune","EternalNight"],"picked":"HunterOfTheNight","floor":4.0},{"not_picked":["ScarletImprint","UnstableMagic"],"picked":"MastersStateliness","floor":5.0},{"not_picked":["UltimateOffering","FitfulNightmare"],"picked":"ScarletNetherworld","floor":7.0},{"not_picked":["FairyFestival","Wellcheers"],"picked":"DespairKnight","floor":10},{"not_picked":["BombardNight","VampireKiss"],"picked":"MastersStateliness","floor":10},{"not_picked":["MastersStateliness","TwelveNightmare"],"picked":"VampireFantasy","floor":11},{"not_picked":["BeautyBeast","OSAHOGD"],"picked":"FairyFestival","floor":12},{"not_picked":["FavorOfDestiny","UnstableMagic"],"picked":"MastersStateliness","floor":12}],"player_experience":100151,"relics_obtained":[{"floor":1.0,"key":"LetterFromLob"},{"floor":7.0,"key":"Akabeko"},{"floor":11,"key":"Lizard Tail"}],"event_choices":[],"is_beta":false,"boss_relics":[],"items_purged_floors":[],"is_endless":false,"potions_floor_spawned":[7,10,12],"killed_by":"Gensokyo:Yukari","ascension_level":0}}