{"host":"1wcl05nc8w84pbwq","time":1610074017,"event":{"mods":["AchievementEnabler","BaseMod","Minty Spire (QoL Compilation)","Rare Cards Sparkle","StSLib","Unceasing Turn Reminder","everything is the same but u backflip on backflip"],"gold_per_floor":[10,20,20,20,40,40,40,73,73,91,91,130,148,191,191,312,312,337,358,376,75,75,75],"floor_reached":22,"playtime":1379,"items_purged":["Strike_P"],"score":268,"play_id":"18c06043-774a-4706-9612-8abf9c459edb","local_time":"20210107204657","is_ascension_mode":true,"campfire_choices":[{"data":"Eruption","floor":6.0,"key":"SMITH"},{"floor":11.0,"key":"REST"},{"floor":15.0,"key":"REST"}],"circlet_count":0,"master_deck":["Strike_P","Strike_P","Strike_P","Defend_P","Defend_P","Defend_P","Defend_P","Eruption+1","Vigilance","LikeWater","ClearTheMind","Injury","Consecrate","Halt","PathToVictory","DeceiveReality","DevaForm","ThirdEye+1","FlurryOfBlows+1","Devotion","Dramatic Entrance"],"relics":["PureWater","Golden Idol","Matryoshka","Vajra","Letter Opener","Akabeko","PreservedInsect","Orichalcum","Philosopher\u0027s Stone","HandDrill"],"acts_visited":[],"potions_floor_usage":[22],"damage_taken":[{"damage":2.0,"enemies":"Jaw Worm","floor":1.0,"turns":4.0},{"damage":2.0,"enemies":"Cultist","floor":2.0,"turns":3.0},{"damage":5.0,"enemies":"Small Slimes","floor":5.0,"turns":4.0},{"damage":23.0,"enemies":"Gremlin Nob","floor":8.0,"turns":5.0},{"damage":15.0,"enemies":"Gremlin Gang","floor":10.0,"turns":4.0},{"damage":12.0,"enemies":"3 Sentries","floor":12.0,"turns":7.0},{"damage":0.0,"enemies":"3 Louse","floor":13.0,"turns":3.0},{"damage":14.0,"enemies":"Lagavulin","floor":14.0,"turns":4.0},{"damage":5.0,"enemies":"The Guardian","floor":16.0,"turns":13.0},{"damage":11.0,"enemies":"Spheric Guardian","floor":18.0,"turns":5.0},{"damage":7.0,"enemies":"Chosen","floor":19.0,"turns":8.0},{"damage":16,"enemies":"3 Cultists","floor":20,"turns":6},{"damage":44,"enemies":"Cultist and Chosen","floor":22,"turns":6}],"seed_played":"-4222017689683763819","potions_obtained":[{"floor":1.0,"key":"SpeedPotion"},{"floor":14.0,"key":"Weak Potion"},{"floor":16.0,"key":"Ambrosia"},{"floor":20,"key":"ColorlessPotion"}],"is_trial":false,"path_per_floor":["M","M","?","$","M","R","?","E","T","M","R","E","M","E","R","B",null,"M","M","M","$","M"],"character_chosen":"WATCHER","items_purchased":["HandDrill","Dramatic Entrance"],"campfire_rested":2,"item_purchase_floors":[21,21],"current_hp_per_floor":[77,75,75,75,70,70,70,47,47,32,57,45,45,31,56,51,77,66,59,43,43,0,0],"gold":75,"neow_bonus":"TWENTY_PERCENT_HP_BONUS","is_daily":false,"chose_seed":false,"campfire_upgraded":1,"win_rate":0.0,"timestamp":1610074017,"path_taken":["M","M","?","$","M","R","?","E","T","?","R","E","M","E","R","BOSS","M","M","M","$","?"],"items_purchased_type":["Relic","Card"],"build_version":"2020-12-22","purchased_purges":1,"victory":false,"max_hp_per_floor":[86,86,86,86,86,86,86,86,86,86,86,86,86,86,86,86,86,86,86,86,86,86,86],"card_choices":[{"not_picked":["Sanctity","InnerPeace"],"picked":"LikeWater","floor":1.0},{"not_picked":["ThirdEye","PathToVictory"],"picked":"ClearTheMind","floor":2.0},{"not_picked":["WindmillStrike","Weave"],"picked":"Consecrate","floor":5.0},{"not_picked":["BowlingBash","Swivel","SandsOfTime"],"picked":"SKIP","floor":8.0},{"not_picked":["Conclude","ClearTheMind","Protect"],"picked":"SKIP","floor":10.0},{"not_picked":["WindmillStrike","EmptyMind"],"picked":"Halt","floor":12.0},{"not_picked":["Pray","DeceiveReality"],"picked":"PathToVictory","floor":13.0},{"not_picked":["Indignation","WindmillStrike"],"picked":"DeceiveReality","floor":14.0},{"not_picked":["MasterReality","Blasphemy"],"picked":"DevaForm","floor":16.0},{"not_picked":["FlyingSleeves","BowlingBash"],"picked":"ThirdEye+1","floor":18.0},{"not_picked":["Prostrate","EmptyBody"],"picked":"FlurryOfBlows+1","floor":19.0},{"not_picked":["JustLucky+1","Prostrate"],"picked":"Devotion","floor":20}],"player_experience":387470,"relics_obtained":[{"floor":8.0,"key":"Vajra"},{"floor":9.0,"key":"Letter Opener"},{"floor":9.0,"key":"Akabeko"},{"floor":12.0,"key":"PreservedInsect"},{"floor":14.0,"key":"Orichalcum"}],"event_choices":[{"damage_healed":0.0,"max_hp_gain":0.0,"max_hp_loss":0.0,"gold_gain":0.0,"event_name":"Golden Idol","player_choice":"Take Wound","floor":3.0,"gold_loss":0.0,"damage_taken":0.0,"relics_obtained":["Golden Idol"],"cards_obtained":["Injury"]},{"damage_healed":0.0,"max_hp_gain":0.0,"max_hp_loss":0.0,"gold_gain":0.0,"event_name":"WeMeetAgain","player_choice":"Gave Potion","floor":7.0,"gold_loss":0.0,"damage_taken":0.0,"relics_obtained":["Matryoshka"]}],"is_beta":false,"boss_relics":[{"not_picked":["Runic Dome","HolyWater"],"picked":"Philosopher\u0027s Stone"}],"items_purged_floors":[21],"is_endless":false,"potions_floor_spawned":[1,14,16,20],"killed_by":"Cultist and Chosen","ascension_level":6}}