{"host":"bxn2em57qlx5u4i0","time":1610085473,"event":{"mods":["BaseMod","Colored Map","Colored Powertips","Highlight Path","Minty Spire (QoL Compilation)","Random Character Button","Relic Sorter","Relic Stats","StSLib","SuperFastMode"],"gold_per_floor":[117,117,117,82,1,27,352,385,385,411,428,459,485,518,518,591,591,602,602,269,269,307,339,364,389,389,419,87,87,118,130,130,215,215,236,249,263,100,157,186,202,232,232,269,269,269,269,298,327,327,327,327,327,327,73,108,108],"floor_reached":58,"playtime":2606,"items_purged":["Poisoned Stab","Bane+1"],"score":4392,"play_id":"9da14738-dfef-4b04-882d-033c7c388fb5","local_time":"20210108005753","daily_mods":["SealedDeck","Heirloom","Flight","DeadlyEvents"],"is_ascension_mode":true,"campfire_choices":[{"data":"Calculated Gamble","floor":15,"key":"SMITH"},{"data":"Footwork","floor":29,"key":"SMITH"},{"data":"Burst","floor":32,"key":"SMITH"},{"data":"Catalyst","floor":45,"key":"SMITH"},{"data":"Tactician","floor":46,"key":"SMITH"},{"data":"Tactician","floor":47,"key":"SMITH"},{"floor":50,"key":"RECALL"},{"data":"Tactician","floor":54,"key":"SMITH"}],"circlet_count":0,"master_deck":["AscendersBane","Prepared+1","Calculated Gamble+1","Deflect","Bouncing Flask+1","Deadly Poison","Noxious Fumes+1","Leg Sweep","Backflip+1","Catalyst+1","Tactician+1","Escape Plan","Blur+1","Tactician+1","Burst+1","Finesse","Adrenaline","Footwork+1","Finesse","Malaise","Acrobatics+1","Tactician+1","Malaise+1","Escape Plan+1","Well Laid Plans"],"relics":["Ring of the Snake","Pocketwatch","White Beast Statue","Old Coin","Omamori","Happy Flower","War Paint","Pen Nib","Tough Bandages","Potion Belt","Calling Bell","CeramicFish","Letter Opener","Thread and Needle","Snake Skull","Mango","Mercury Hourglass","Bag of Preparation","StrikeDummy","Sundial","Turnip","Medical Kit","Whetstone","Philosopher\u0027s Stone","TwistedFunnel","TungstenRod","Anchor","Blue Candle","InkBottle","Toxic Egg 2","Blood Vial","Akabeko","Orrery","Vajra"],"acts_visited":["Exordium","TheCity","TheBeyond","TheEnding"],"potions_floor_usage":[10,14,57,57,57,57,57,57],"damage_taken":[{"damage":0,"enemies":"Jaw Worm","floor":1,"turns":4},{"damage":7,"enemies":"Lagavulin","floor":6,"turns":5},{"damage":6,"enemies":"3 Sentries","floor":7,"turns":5},{"damage":0,"enemies":"Gremlin Nob","floor":8,"turns":3},{"damage":5,"enemies":"3 Sentries","floor":10,"turns":7},{"damage":0,"enemies":"Small Slimes","floor":11,"turns":3},{"damage":0,"enemies":"Lagavulin","floor":12,"turns":5},{"damage":4,"enemies":"3 Sentries","floor":13,"turns":7},{"damage":0,"enemies":"Gremlin Nob","floor":14,"turns":3},{"damage":0,"enemies":"Hexaghost","floor":16,"turns":6},{"damage":0,"enemies":"Chosen","floor":18,"turns":4},{"damage":0,"enemies":"Gremlin Leader","floor":22,"turns":5},{"damage":1,"enemies":"Slavers","floor":23,"turns":5},{"damage":0,"enemies":"Book of Stabbing","floor":24,"turns":3},{"damage":0,"enemies":"Gremlin Leader","floor":25,"turns":3},{"damage":0,"enemies":"Book of Stabbing","floor":27,"turns":3},{"damage":0,"enemies":"Slavers","floor":30,"turns":3},{"damage":0,"enemies":"Shell Parasite","floor":31,"turns":3},{"damage":0,"enemies":"Collector","floor":33,"turns":5},{"damage":0,"enemies":"3 Shapes","floor":35,"turns":2},{"damage":0,"enemies":"3 Darklings","floor":36,"turns":3},{"damage":0,"enemies":"Writhing Mass","floor":37,"turns":4},{"damage":0,"enemies":"2 Orb Walkers","floor":39,"turns":2},{"damage":0,"enemies":"Nemesis","floor":40,"turns":1},{"damage":0,"enemies":"Transient","floor":41,"turns":3},{"damage":0,"enemies":"Giant Head","floor":42,"turns":3},{"damage":0,"enemies":"Nemesis","floor":44,"turns":3},{"damage":0,"enemies":"Reptomancer","floor":48,"turns":1},{"damage":0,"enemies":"Nemesis","floor":49,"turns":1},{"damage":0,"enemies":"Time Eater","floor":51,"turns":5},{"damage":0,"enemies":"Donu and Deca","floor":52,"turns":3},{"damage":0,"enemies":"Shield and Spear","floor":56,"turns":2},{"damage":0,"enemies":"The Heart","floor":57,"turns":5}],"seed_played":"-3402034945701940389","potions_obtained":[{"floor":7,"key":"EssenceOfSteel"},{"floor":8,"key":"FearPotion"},{"floor":10,"key":"DuplicationPotion"},{"floor":11,"key":"Energy Potion"},{"floor":12,"key":"DistilledChaos"},{"floor":14,"key":"Dexterity Potion"},{"floor":16,"key":"SneckoOil"},{"floor":18,"key":"Block Potion"},{"floor":22,"key":"DuplicationPotion"},{"floor":30,"key":"Ancient Potion"},{"floor":35,"key":"EntropicBrew"},{"floor":56,"key":"Dexterity Potion"}],"is_trial":true,"path_per_floor":["M","?","?","?","$","E","E","E","T","E","M","E","E","E","R","B",null,"M","?","$","T","E","E","E","E","T","E","$","R","E","M","R","B",null,"M","M","M","$","?","E","M","E","T","E","R","R","R","E","E","R","B","B",null,"R","$","E","B",null],"character_chosen":"THE_SILENT","items_purchased":["Catalyst","Snake Skull","Finesse","Medical Kit","Footwork","Finesse","TwistedFunnel","Orrery"],"campfire_rested":0,"item_purchase_floors":[5,20,20,28,28,28,38,55],"current_hp_per_floor":[59,39,39,55,55,48,42,42,42,37,37,37,33,33,33,33,58,58,58,58,58,72,71,71,71,71,71,71,71,71,71,71,71,78,78,78,78,78,78,78,78,78,78,78,78,78,78,78,80,80,80,80,80,80,80,80,80],"gold":108,"neow_bonus":"","is_daily":false,"chose_seed":false,"campfire_upgraded":7,"win_rate":0.0,"timestamp":1610085473,"path_taken":["M","?","?","?","?","E","E","?","T","E","?","E","E","E","R","BOSS","M","?","$","?","?","E","E","E","T","E","$","R","E","M","R","BOSS","M","?","?","?","?","E","?","E","T","?","R","R","R","E","E","R","BOSS","BOSS","R","$","E","BOSS"],"items_purchased_type":["Card","Relic","Card","Relic","Card","Card","Relic","Relic"],"build_version":"2020-12-22","purchased_purges":2,"victory":true,"max_hp_per_floor":[66,66,66,66,66,66,66,66,66,66,66,66,66,66,66,66,66,66,66,66,66,80,80,80,80,80,80,80,80,80,80,80,80,80,80,80,80,80,80,80,80,80,80,80,80,80,80,80,80,80,80,80,80,80,80,80,80],"relic_stats":{"Happy Flower":[34],"counters":[33,118],"CeramicFish":90,"Blue Candle":[5],"Pen Nib":[1],"Snake Skull":[394],"Bag of Preparation":[38],"Letter Opener":[1854],"Whetstone":["Bane"],"War Paint":["Blur","Prepared"],"Medical Kit":[5],"Mercury Hourglass":[221],"Blood Vial":2,"Tough Bandages":[1920],"Sundial":[58],"Turnip":[11],"obtain_stats":[{"TwistedFunnel":38,"CeramicFish":17,"Vajra":56,"Mango":22,"Snake Skull":20,"Bag of Preparation":24,"Whetstone":30,"Old Coin":7,"Blood Vial":48,"Tough Bandages":13,"Sundial":26,"Philosopher\u0027s Stone":34,"Toxic Egg 2":44,"InkBottle":43,"Ring of the Snake":0,"Potion Belt":14,"Happy Flower":9,"Blue Candle":42,"Thread and Needle":17,"Pen Nib":12,"Omamori":8,"Letter Opener":17,"War Paint":10,"Medical Kit":28,"White Beast Statue":6,"Akabeko":49,"Mercury Hourglass":23,"Calling Bell":17,"Anchor":40,"Orrery":55,"Turnip":27,"StrikeDummy":25,"TungstenRod":39,"Pocketwatch":0},{"TwistedFunnel":22,"CeramicFish":10,"Vajra":32,"Mango":12,"Snake Skull":11,"Bag of Preparation":14,"Whetstone":17,"Old Coin":3,"Blood Vial":28,"Tough Bandages":8,"Sundial":15,"Philosopher\u0027s Stone":19,"Toxic Egg 2":27,"InkBottle":26,"Ring of the Snake":0,"Potion Belt":9,"Happy Flower":4,"Blue Candle":26,"Thread and Needle":10,"Pen Nib":7,"Omamori":4,"Letter Opener":10,"War Paint":5,"Medical Kit":16,"White Beast Statue":2,"Akabeko":29,"Mercury Hourglass":13,"Calling Bell":10,"Anchor":24,"Orrery":31,"Turnip":16,"StrikeDummy":15,"TungstenRod":23,"Pocketwatch":0},{"TwistedFunnel":89,"CeramicFish":48,"Vajra":113,"Mango":57,"Snake Skull":52,"Bag of Preparation":65,"Whetstone":74,"Old Coin":14,"Blood Vial":102,"Tough Bandages":39,"Sundial":68,"Philosopher\u0027s Stone":81,"Toxic Egg 2":101,"InkBottle":98,"Ring of the Snake":0,"Potion Belt":42,"Happy Flower":17,"Blue Candle":98,"Thread and Needle":48,"Pen Nib":32,"Omamori":17,"Letter Opener":48,"War Paint":24,"Medical Kit":71,"White Beast Statue":9,"Akabeko":103,"Mercury Hourglass":62,"Calling Bell":48,"Anchor":92,"Orrery":111,"Turnip":71,"StrikeDummy":68,"TungstenRod":91,"Pocketwatch":0}],"TungstenRod":5,"InkBottle":[48],"Ring of the Snake":[66],"Pocketwatch":[57]},"card_choices":[{"not_picked":["Prepared","Heel Hook"],"picked":"Backflip","floor":1},{"not_picked":["Dagger Spray","Acrobatics"],"picked":"Tactician","floor":6},{"not_picked":["Cloak And Dagger","Heel Hook","Accuracy"],"picked":"SKIP","floor":7},{"not_picked":["All Out Attack","Riddle With Holes"],"picked":"Escape Plan","floor":8},{"not_picked":["Slice","Bane"],"picked":"Blur","floor":10},{"not_picked":["Bane","Terror","Dodge and Roll"],"picked":"SKIP","floor":11},{"not_picked":["Acrobatics","PiercingWail","Unload"],"picked":"SKIP","floor":12},{"not_picked":["Predator","Underhanded Strike"],"picked":"Tactician","floor":13},{"not_picked":["Setup","Dodge and Roll","Deflect"],"picked":"SKIP","floor":14},{"not_picked":["Malaise","Wraith Form v2"],"picked":"Burst","floor":16},{"not_picked":["Dagger Spray","Prepared","PiercingWail"],"picked":"SKIP","floor":18},{"not_picked":["Infinite Blades","PiercingWail"],"picked":"Adrenaline","floor":22},{"not_picked":["Tactician","Dodge and Roll","Choke"],"picked":"SKIP","floor":23},{"not_picked":["Poisoned Stab","Deadly Poison+1","Slice"],"picked":"SKIP","floor":24},{"not_picked":["Eviscerate","Expertise","Grand Finale"],"picked":"SKIP","floor":25},{"not_picked":["Distraction+1","Concentrate","Bane"],"picked":"SKIP","floor":27},{"not_picked":["Concentrate","Eviscerate","Wraith Form v2"],"picked":"SKIP","floor":30},{"not_picked":["Deadly Poison","Slice","Distraction"],"picked":"SKIP","floor":31},{"not_picked":["Bullet Time","Venomology"],"picked":"Malaise","floor":33},{"not_picked":["Dodge and Roll+1","Bouncing Flask"],"picked":"Acrobatics+1","floor":35},{"not_picked":["Eviscerate+1","Slice","Underhanded Strike"],"picked":"SKIP","floor":36},{"not_picked":["Dagger Spray+1","Blade Dance","Outmaneuver"],"picked":"SKIP","floor":37},{"not_picked":["Deflect","Underhanded Strike+1"],"picked":"Tactician","floor":39},{"not_picked":["Heel Hook","Distraction","Grand Finale"],"picked":"SKIP","floor":40},{"not_picked":["Dash","Riddle With Holes+1","Deflect"],"picked":"SKIP","floor":41},{"not_picked":["Heel Hook","Cloak And Dagger","Masterful Stab"],"picked":"SKIP","floor":42},{"not_picked":["Flying Knee","Blade Dance+1"],"picked":"Malaise+1","floor":44},{"not_picked":["Dagger Spray","Outmaneuver+1","Dodge and Roll+1"],"picked":"SKIP","floor":48},{"not_picked":["Flying Knee","Prepared+1","PiercingWail+1"],"picked":"SKIP","floor":49},{"not_picked":["Acrobatics+1","Leg Sweep+1"],"picked":"Escape Plan+1","floor":55},{"not_picked":["Cloak And Dagger+1","Blade Dance+1"],"picked":"Well Laid Plans","floor":55},{"not_picked":["Deflect+1","Bane","Riddle With Holes"],"picked":"SKIP","floor":56}],"player_experience":2878479,"relics_obtained":[{"floor":6,"key":"White Beast Statue"},{"floor":7,"key":"Old Coin"},{"floor":8,"key":"Omamori"},{"floor":9,"key":"Happy Flower"},{"floor":10,"key":"War Paint"},{"floor":12,"key":"Pen Nib"},{"floor":13,"key":"Tough Bandages"},{"floor":14,"key":"Potion Belt"},{"floor":17,"key":"CeramicFish"},{"floor":17,"key":"Letter Opener"},{"floor":17,"key":"Thread and Needle"},{"floor":22,"key":"Mango"},{"floor":23,"key":"Mercury Hourglass"},{"floor":24,"key":"Bag of Preparation"},{"floor":25,"key":"StrikeDummy"},{"floor":26,"key":"Sundial"},{"floor":27,"key":"Turnip"},{"floor":30,"key":"Whetstone"},{"floor":39,"key":"TungstenRod"},{"floor":40,"key":"Anchor"},{"floor":42,"key":"Blue Candle"},{"floor":43,"key":"InkBottle"},{"floor":44,"key":"Toxic Egg 2"},{"floor":48,"key":"Blood Vial"},{"floor":49,"key":"Akabeko"},{"floor":56,"key":"Vajra"}],"event_choices":[{"damage_healed":0,"gold_gain":0,"player_choice":"Entered Light","damage_taken":20,"max_hp_gain":0,"max_hp_loss":0,"event_name":"Shining Light","floor":2,"gold_loss":0,"cards_upgraded":["Backflip","Noxious Fumes"]},{"damage_healed":0,"gold_gain":0,"player_choice":"Grow","damage_taken":0,"max_hp_gain":0,"max_hp_loss":0,"event_name":"Living Wall","floor":3,"gold_loss":0,"cards_upgraded":["Bouncing Flask"]},{"damage_healed":16,"gold_gain":0,"player_choice":"Healed","damage_taken":0,"max_hp_gain":0,"max_hp_loss":0,"event_name":"The Cleric","floor":4,"gold_loss":35},{"cards_removed":["Dodge and Roll"],"damage_healed":0,"gold_gain":0,"player_choice":"Elegance","damage_taken":0,"max_hp_gain":0,"max_hp_loss":0,"event_name":"Back to Basics","floor":19,"gold_loss":0},{"damage_healed":0,"gold_gain":0,"player_choice":"Fight","damage_taken":0,"max_hp_gain":0,"max_hp_loss":0,"event_name":"Mysterious Sphere","floor":39,"gold_loss":0}],"is_beta":false,"boss_relics":[{"not_picked":["Velvet Choker","SlaversCollar"],"picked":"Calling Bell"},{"not_picked":["Runic Dome","WristBlade"],"picked":"Philosopher\u0027s Stone"}],"items_purged_floors":[20,55],"is_endless":false,"potions_floor_spawned":[7,8,10,11,12,13,14,16,18,22,23,24,25,27,30,31,33,35,36,37,39,40,41,42,44,48,49,56],"ascension_level":20}}