{"host":"hfxp6ue4pvwo3fit","time":1610107600,"event":{"mods":["AchievementEnabler","BaseMod","Colored Map","Colored Powertips","Highlight Path","Minty Spire (QoL Compilation)","Relic Stats","StSLib","SuperFastMode"],"gold_per_floor":[119,130,130,145,162,162,162],"floor_reached":6,"playtime":122,"items_purged":[],"score":76,"play_id":"1bad58e2-07a5-41a6-b079-9b321a8bf8ea","local_time":"20210108060640","is_ascension_mode":true,"campfire_choices":[],"circlet_count":0,"master_deck":["AscendersBane","Strike_G","Strike_G","Strike_G","Strike_G","Strike_G","Defend_G","Defend_G","Defend_G","Defend_G","Defend_G","Survivor","Neutralize","Dagger Spray","Dagger Throw","Blade Dance"],"relics":["Ring of the Snake","NeowsBlessing","Singing Bowl"],"acts_visited":["Exordium"],"potions_floor_usage":[6],"damage_taken":[{"damage":0,"enemies":"2 Louse","floor":1,"turns":1},{"damage":0,"enemies":"Jaw Worm","floor":2,"turns":1},{"damage":0,"enemies":"Cultist","floor":4,"turns":1},{"damage":14,"enemies":"Large Slime","floor":5,"turns":7},{"damage":49,"enemies":"Gremlin Nob","floor":6,"turns":4}],"seed_played":"3955386575486876801","potions_obtained":[{"floor":4,"key":"Poison Potion"}],"is_trial":false,"path_per_floor":["M","M","?","M","M","E"],"character_chosen":"THE_SILENT","items_purchased":[],"campfire_rested":0,"item_purchase_floors":[],"current_hp_per_floor":[59,59,48,50,36,0,0],"gold":162,"neow_bonus":"THREE_ENEMY_KILL","is_daily":false,"chose_seed":false,"campfire_upgraded":0,"win_rate":0.0,"timestamp":1610107600,"path_taken":["M","M","?","M","M","E"],"items_purchased_type":[],"build_version":"2020-12-22","purchased_purges":0,"victory":false,"max_hp_per_floor":[66,66,66,68,68,68,68],"relic_stats":{"Singing Bowl":2,"counters":[5,14],"obtain_stats":[{"NeowsBlessing":0,"Singing Bowl":3,"Ring of the Snake":0},{"NeowsBlessing":0,"Singing Bowl":2,"Ring of the Snake":0},{"NeowsBlessing":0,"Singing Bowl":2,"Ring of the Snake":0}],"Ring of the Snake":[10]},"card_choices":[{"not_picked":["Bane","Cloak And Dagger"],"picked":"Dagger Spray","floor":1},{"not_picked":["Dodge and Roll","Flying Knee"],"picked":"Dagger Throw","floor":2},{"not_picked":["Bane","Heel Hook","Acrobatics"],"picked":"Singing Bowl","floor":4},{"not_picked":["Quick Slash","Backstab"],"picked":"Blade Dance","floor":5}],"player_experience":487182,"relics_obtained":[],"event_choices":[{"damage_healed":0,"gold_gain":0,"player_choice":"Success","damage_taken":11,"relics_obtained":["Singing Bowl"],"max_hp_gain":0,"max_hp_loss":0,"event_name":"Scrap Ooze","floor":3,"gold_loss":0}],"is_beta":false,"boss_relics":[],"items_purged_floors":[],"is_endless":false,"potions_floor_spawned":[4],"killed_by":"Gremlin Nob","ascension_level":20}}