{"host":"pqs17sqrgflf4eqa","time":1610142796,"event":{"mods":["AchievementEnabler","BaseMod","Bestiary","Better Altar","Colored Map","Colored Powertips","Emptier Cage","Googly Eyes","Highlight Path","Minty Spire (QoL Compilation)","Quick Restart","StSLib","SuperFastMode","Transform Curses","slay the spire mod where everything is the same but ironclad has a cowboy hat"],"gold_per_floor":[116,126,140,19,37,67,96,96,96],"floor_reached":8,"playtime":170,"items_purged":[],"score":70,"play_id":"1f5298d5-48c3-4896-a0f6-08c2ec212be0","local_time":"20210108165316","is_ascension_mode":true,"campfire_choices":[],"circlet_count":0,"master_deck":["Strike_B","Strike_B","Strike_B","Strike_B","Defend_B","Defend_B","Defend_B","Defend_B","Zap","Dualcast","Loop","Rebound","Cold Snap","Defragment","Darkness","Streamline","Barrage","Gash"],"relics":["Cracked Core","NeowsBlessing","Boot","Odd Mushroom"],"acts_visited":["Exordium"],"potions_floor_usage":[6,7,8],"damage_taken":[{"damage":0,"enemies":"Cultist","floor":1,"turns":1},{"damage":0,"enemies":"Jaw Worm","floor":2,"turns":1},{"damage":0,"enemies":"2 Louse","floor":3,"turns":1},{"damage":10,"enemies":"2 Fungi Beasts","floor":5,"turns":3},{"damage":38,"enemies":"3 Sentries","floor":6,"turns":5},{"damage":25,"enemies":"The Mushroom Lair","floor":7,"turns":4},{"damage":0,"enemies":"Gremlin Nob","floor":8,"turns":2}],"seed_played":"-7041775008806510925","potions_obtained":[{"floor":5,"key":"EssenceOfSteel"},{"floor":6,"key":"Weak Potion"},{"floor":7,"key":"SkillPotion"}],"is_trial":false,"path_per_floor":["M","M","M","$","M","E","?","E"],"character_chosen":"DEFECT","items_purchased":["Defragment","Darkness"],"campfire_rested":0,"item_purchase_floors":[4,4],"current_hp_per_floor":[75,75,75,75,65,27,2,2,2],"gold":96,"neow_bonus":"THREE_ENEMY_KILL","is_daily":false,"chose_seed":false,"campfire_upgraded":0,"win_rate":0.0,"timestamp":1610142796,"path_taken":["M","M","?","$","M","E","?","E"],"items_purchased_type":["Card","Card"],"build_version":"2020-12-22","purchased_purges":0,"victory":false,"max_hp_per_floor":[75,75,75,75,75,75,75,75,75],"card_choices":[{"not_picked":["Hologram","Steam"],"picked":"Loop","floor":1},{"not_picked":["Go for the Eyes","Force Field"],"picked":"Rebound","floor":2},{"not_picked":["Redo","Recycle"],"picked":"Cold Snap","floor":3},{"not_picked":["Darkness","Leap"],"picked":"Streamline","floor":5},{"not_picked":["Steam","Chaos"],"picked":"Barrage","floor":6},{"not_picked":["Stack","Rebound"],"picked":"Gash","floor":7}],"player_experience":139420,"relics_obtained":[{"floor":6,"key":"Boot"},{"floor":7,"key":"Odd Mushroom"}],"event_choices":[{"damage_healed":0,"gold_gain":0,"player_choice":"Fought Mushrooms","damage_taken":0,"max_hp_gain":0,"max_hp_loss":0,"event_name":"Mushrooms","floor":7,"gold_loss":0}],"is_beta":false,"boss_relics":[],"items_purged_floors":[],"is_endless":false,"potions_floor_spawned":[5,6,7],"killed_by":"Gremlin Nob","ascension_level":4}}