{"host":"l84l8xigz5v5foa2","time":1610091882,"event":{"mods":["2.2 Compatiblity","AchievementEnabler","BaseMod","Better Note","Better Vampires","Card Filter","Colored Map","DeckTracker","Downfall","Gremlin Skip","Highlight Path","Keyboard Shortcuts","Minty Spire (QoL Compilation)","Permanent Neow","Quick Restart","Relic Filter","Relic Stats","StSLib","SuperFastMode","Transform Curses","Unknown Chances"],"gold_per_floor":[99,110,125,225,240,240,240,240,240,265,278,378,214,277,290,363,363,363,30,46,196,214,291,316,332,382,532,532,566,576,94,108,186,186,186,199,212,262,457,307,307,357,371,384,384,403,117,151,76,76,76,104,50,50,50],"floor_reached":56,"playtime":4967,"items_purged":["Slimebound:Icky","Guardian:Strike_Guardian","Guardian:Defend_Guardian","Guardian:Defend_Guardian","Guardian:Defend_Guardian"],"score":2569,"play_id":"333b639d-39c5-42d3-a826-d7a12c7c4fa8","local_time":"20210108164442","is_ascension_mode":true,"campfire_choices":[{"data":"Guardian:TwinSlam","floor":1.0,"key":"SMITH"},{"data":"Guardian:PiercingHide","floor":9.0,"key":"SMITH"},{"data":"Guardian:FuturePlans","floor":18.0,"key":"SMITH"},{"data":"Guardian:TemporalShield","floor":28.0,"key":"SMITH"},{"floor":35.0,"key":"RECALL"},{"data":"Guardian:CurlUp","floor":40.0,"key":"SMITH"},{"data":"Guardian:Suspension","floor":45,"key":"SMITH"},{"data":"Guardian:CompilePackage","floor":49,"key":"SMITH"},{"data":"Guardian:Orbwalk","floor":54,"key":"SMITH"}],"circlet_count":0,"master_deck":["AscendersBane","Guardian:CurlUp+1","Guardian:TwinSlam+1","Guardian:ArmoredProtocol","Guardian:PiercingHide+1","Guardian:Reroute","Guardian:FuturePlans+1","Guardian:SphericShield","Guardian:SentryBeam","Guardian:Clone+1","Guardian:RevengeProtocol","Guardian:Incinerate","Guardian:TemporalStrike+1","Guardian:GatlingBeam","Guardian:Orbwalk+1","Guardian:TemporalShield+1","Guardian:GemFinder","Guardian:TimeCapacitor","Guardian:AncientConstruct","Guardian:Suspension+1","Guardian:GemFinder","Guardian:EvasiveProtocol","Guardian:Harden+1","Guardian:Recover","Guardian:PiercingHide+1","Guardian:CompilePackage+1"],"relics":["Guardian:ModeShifter","champ:DuelingGlove","InkBottle","Guardian:PocketSentry","downfall:CloakOfManyFaces","CultistMask","FaceOfCleric","NlothsMask","GremlinMask","SsserpentHead","Coffee Dripper","Bag of Preparation","Red Mask","CaptainsWheel","Singing Bowl","Centennial Puzzle","Eternal Feather","Cursed Key","downfall:HeartBlessingRed","downfall:HeartBlessingBlue","Meat on the Bone","downfall:HeartBlessingGreen","War Paint"],"acts_visited":["Exordium","TheCity","TheBeyond","TheEnding"],"potions_floor_usage":[48,55],"damage_taken":[{"damage":1.0,"enemies":"Jaw Worm","floor":2.0,"turns":5.0},{"damage":0.0,"enemies":"2 Louse","floor":3.0,"turns":2.0},{"damage":6.0,"enemies":"Cultist","floor":5.0,"turns":5.0},{"damage":28.0,"enemies":"Gremlin Nob","floor":10.0,"turns":4.0},{"damage":0.0,"enemies":"Exordium Wildlife","floor":11.0,"turns":5.0},{"damage":2.0,"enemies":"downfall:FaceTrader","floor":12.0,"turns":8.0},{"damage":0.0,"enemies":"downfall:FleeingMerchant","floor":13.0,"turns":4.0},{"damage":0.0,"enemies":"2 Fungi Beasts","floor":14.0,"turns":3.0},{"damage":0.0,"enemies":"Blue Slaver","floor":15.0,"turns":3.0},{"damage":12.0,"enemies":"downfall:Defect","floor":16.0,"turns":9.0},{"damage":0.0,"enemies":"downfall:FleeingMerchant","floor":19.0,"turns":4.0},{"damage":0.0,"enemies":"Shell Parasite","floor":20.0,"turns":4.0},{"damage":2.0,"enemies":"downfall:Augmenter","floor":21.0,"turns":5.0},{"damage":0.0,"enemies":"Chosen","floor":22.0,"turns":4.0},{"damage":13.0,"enemies":"Masked Bandits","floor":23.0,"turns":4.0},{"damage":0.0,"enemies":"Snecko","floor":25.0,"turns":5.0},{"damage":0.0,"enemies":"downfall:Ironclad","floor":27.0,"turns":5.0},{"damage":4.0,"enemies":"Slavers","floor":29.0,"turns":6.0},{"damage":0.0,"enemies":"Snake Plant","floor":30.0,"turns":3.0},{"damage":2.0,"enemies":"downfall:FleeingMerchant","floor":31.0,"turns":4.0},{"damage":0.0,"enemies":"Cultist and Chosen","floor":32.0,"turns":4.0},{"damage":0.0,"enemies":"downfall:Silent","floor":33.0,"turns":5.0},{"damage":0.0,"enemies":"Orb Walker","floor":36.0,"turns":3.0},{"damage":0.0,"enemies":"3 Shapes","floor":37.0,"turns":4.0},{"damage":0.0,"enemies":"downfall:FleeingMerchant","floor":39.0,"turns":4.0},{"damage":1,"enemies":"Jaw Worm Horde","floor":43,"turns":5},{"damage":7,"enemies":"Spire Growth","floor":44,"turns":6},{"damage":0,"enemies":"3 Darklings","floor":46,"turns":5},{"damage":0,"enemies":"Reptomancer","floor":48,"turns":7},{"damage":0,"enemies":"downfall:Ironclad","floor":50,"turns":9},{"damage":0,"enemies":"downfall:CharBossMerchant","floor":52,"turns":7},{"damage":0,"enemies":"downfall:NeowBoss","floor":55,"turns":13}],"seed_played":"-8782190948848788828","potions_obtained":[{"floor":2.0,"key":"Swift Potion"},{"floor":11.0,"key":"Slimebound:ThreeZeroPotion"},{"floor":12.0,"key":"Weak Potion"},{"floor":14.0,"key":"Dexterity Potion"},{"floor":20.0,"key":"champ:CounterPotion"},{"floor":21.0,"key":"Guardian:StasisDiscoveryPotion"},{"floor":22.0,"key":"Ancient Potion"},{"floor":29.0,"key":"SteroidPotion"},{"floor":33.0,"key":"DistilledChaos"},{"floor":43,"key":"SteroidPotion"},{"floor":48,"key":"champ:CounterPotion"}],"is_trial":false,"path_per_floor":["R","M","M","?","M","?","T","?","R","E","M","?","$","M","M","B",null,"R","$","M","?","M","?","T","M","T","?","R","E","M","$","M","B",null,"R","M","M","?","$","R","T","?","M","M","R","M","$","E","R","B",null,"E","$","R","B",null],"character_chosen":"GUARDIAN","items_purchased":["Guardian:Gem_Yellow","Bag of Preparation","Guardian:Incinerate","Eternal Feather","Guardian:Suspension","CultistPotion","Energy Potion"],"campfire_rested":0,"item_purchase_floors":[13,19,19,31,31,47,53],"current_hp_per_floor":[65,64,64,64,58,40,40,45,45,17,17,15,16,17,18,7,63,63,64,65,64,65,53,53,54,54,55,55,52,53,54,57,58,87,97,102,107,107,108,118,118,118,122,122,130,139,139,142,142,143,143,150,150,150,151],"gold":50,"neow_bonus":"TRANSFORM_CARD","is_daily":false,"chose_seed":false,"campfire_upgraded":8,"win_rate":0.0,"timestamp":1610091882,"path_taken":["R","M","M","?","M","?","T","?","R","E","M","?","$","?","M","BOSS","R","$","M","?","M","?","T","M","?","?","R","E","M","$","M","BOSS","R","M","M","?","$","R","T","?","M","M","R","M","$","E","R","BOSS","E","$","R","BOSS"],"items_purchased_type":["Card","Relic","Card","Relic","Card","Potion","Potion"],"build_version":"2020-12-22","purchased_purges":5,"victory":true,"max_hp_per_floor":[72,72,72,72,72,72,72,77,77,77,77,77,78,79,80,81,81,81,82,83,84,85,86,86,87,87,88,88,89,90,93,96,97,97,97,102,107,107,108,118,118,118,123,130,130,139,139,142,142,143,143,150,150,150,151],"relic_stats":{"SsserpentHead":350,"Centennial Puzzle":[9],"FaceOfCleric":26,"Singing Bowl":38,"counters":[32,161],"Eternal Feather":18,"Bag of Preparation":[42],"War Paint":["Guardian:Clone","Guardian:PiercingHide"],"Cursed Key":0,"obtain_stats":[{"champ:DuelingGlove":6,"Singing Bowl":27,"downfall:HeartBlessingRed":40,"Guardian:ModeShifter":0,"GremlinMask":12,"Eternal Feather":31,"downfall:HeartBlessingGreen":49,"Guardian:PocketSentry":10,"Bag of Preparation":19,"War Paint":52,"Cursed Key":34,"SsserpentHead":12,"CaptainsWheel":27,"Centennial Puzzle":29,"FaceOfCleric":12,"downfall:HeartBlessingBlue":40,"CultistMask":12,"downfall:CloakOfManyFaces":12,"Coffee Dripper":17,"Red Mask":23,"InkBottle":7,"NlothsMask":12,"Meat on the Bone":48},{"champ:DuelingGlove":3,"Singing Bowl":17,"downfall:HeartBlessingRed":25,"Guardian:ModeShifter":0,"GremlinMask":6,"Eternal Feather":20,"downfall:HeartBlessingGreen":29,"Guardian:PocketSentry":4,"Bag of Preparation":11,"War Paint":31,"Cursed Key":22,"SsserpentHead":6,"CaptainsWheel":17,"Centennial Puzzle":18,"FaceOfCleric":6,"downfall:HeartBlessingBlue":25,"CultistMask":6,"downfall:CloakOfManyFaces":6,"Coffee Dripper":10,"Red Mask":15,"InkBottle":3,"NlothsMask":6,"Meat on the Bone":29},{"champ:DuelingGlove":12,"Singing Bowl":78,"downfall:HeartBlessingRed":109,"Guardian:ModeShifter":0,"GremlinMask":29,"Eternal Feather":90,"downfall:HeartBlessingGreen":132,"Guardian:PocketSentry":16,"Bag of Preparation":51,"War Paint":148,"Cursed Key":99,"SsserpentHead":29,"CaptainsWheel":78,"Centennial Puzzle":84,"FaceOfCleric":29,"downfall:HeartBlessingBlue":109,"CultistMask":29,"downfall:CloakOfManyFaces":29,"Coffee Dripper":47,"Red Mask":68,"InkBottle":12,"NlothsMask":29,"Meat on the Bone":132}],"InkBottle":[98],"Meat on the Bone":0},"card_choices":[{"not_picked":["Guardian:ArmoredProtocol","Guardian:TemporalStrike"],"picked":"Guardian:PiercingHide","floor":2.0},{"not_picked":["Guardian:PiercingHide","Guardian:Repulse"],"picked":"Guardian:Gem_Yellow","floor":3.0},{"not_picked":["Guardian:PiercingHide","Guardian:Clone"],"picked":"Guardian:Reroute","floor":5.0},{"not_picked":["Guardian:Harden","Guardian:Gem_White"],"picked":"Guardian:FuturePlans","floor":10.0},{"not_picked":["Guardian:RollAttack","Guardian:Repulse","Guardian:TemporalShield"],"picked":"SKIP","floor":11.0},{"not_picked":["Guardian:Harden","Guardian:TemporalStrike"],"picked":"Guardian:SphericShield","floor":12.0},{"not_picked":["Guardian:Clone","Guardian:Gem_Blue","Guardian:Harden"],"picked":"SKIP","floor":13.0},{"not_picked":["Guardian:ShieldCharger","Guardian:Reroute"],"picked":"Guardian:SentryBeam","floor":14.0},{"not_picked":["Guardian:TimeBomb","Guardian:Reroute"],"picked":"Guardian:Clone","floor":15.0},{"not_picked":["Guardian:SphericShield","Guardian:GatlingBeam"],"picked":"Guardian:RevengeProtocol","floor":16.0},{"not_picked":["Guardian:Gem_Red","Guardian:MultiBeam"],"picked":"Guardian:Gem_Synthetic","floor":19.0},{"not_picked":["Guardian:GuardianWhirl","Guardian:PiercingHide"],"picked":"Guardian:TemporalStrike+1","floor":20.0},{"not_picked":["Guardian:Gem_Cyan","Guardian:PiercingHide"],"picked":"Guardian:Gem_White","floor":21.0},{"not_picked":["Guardian:Gem_Red","Guardian:Gem_Crimson"],"picked":"Guardian:Orbwalk","floor":22.0},{"not_picked":["Guardian:TimeBomb","Guardian:PrimingBeam"],"picked":"Guardian:TemporalShield","floor":23.0},{"not_picked":["Guardian:RefractedBeam","Guardian:DonusPower","Guardian:SentryBeam"],"picked":"SKIP","floor":25.0},{"not_picked":["Guardian:VentSteam","Guardian:CrystalBeam"],"picked":"Guardian:GemFinder","floor":27.0},{"not_picked":["Guardian:Gem_Lightblue","Guardian:Gem_Red"],"picked":"Guardian:Gem_Cyan","floor":29.0},{"not_picked":["Guardian:PrimingBeam","Guardian:Gem_Blue"],"picked":"Guardian:TimeCapacitor","floor":29.0},{"not_picked":["Guardian:Suspension","Guardian:ChargeUp"],"picked":"Guardian:AncientConstruct","floor":30.0},{"not_picked":["Guardian:Gem_Red","Guardian:CrystalBeam","Guardian:ChargeCore"],"picked":"Singing Bowl","floor":31.0},{"not_picked":["Guardian:Gem_Green","Guardian:Gem_Lightblue"],"picked":"Guardian:Gem_Cyan","floor":32.0},{"not_picked":["Guardian:CrystalBeam","Guardian:FuturePlans","Guardian:RollAttack"],"picked":"Singing Bowl","floor":32.0},{"not_picked":["Guardian:Gem_Green","Guardian:Gem_Lightblue"],"picked":"Guardian:Gem_Cyan","floor":33.0},{"not_picked":["Guardian:TimeSifter","Guardian:HyperBeam_Guardian"],"picked":"Guardian:GemFinder","floor":33.0},{"not_picked":["Guardian:Gem_Cyan","Guardian:CrystalBeam"],"picked":"Guardian:EvasiveProtocol","floor":36.0},{"not_picked":["Guardian:Gem_Cyan","Guardian:Gem_Green","Guardian:Gem_Red"],"picked":"Singing Bowl","floor":36.0},{"not_picked":["Guardian:Gem_Green","Guardian:Gem_Lightblue","Guardian:Gem_Red"],"picked":"Singing Bowl","floor":36.0},{"not_picked":["Guardian:Gem_Red","Guardian:Gem_Green"],"picked":"Guardian:Gem_Cyan","floor":37.0},{"not_picked":["Guardian:Gem_Green","Guardian:Gem_Red","Guardian:Gem_Lightblue"],"picked":"Singing Bowl","floor":37.0},{"not_picked":["Guardian:Suspension","Guardian:TemporalStrike","Guardian:Gem_Green"],"picked":"Singing Bowl","floor":37.0},{"not_picked":["Guardian:Reroute","Guardian:Repulse"],"picked":"Guardian:Harden+1","floor":39.0},{"not_picked":["Guardian:Gem_Red","Guardian:Gem_Lightblue","Guardian:Gem_Green"],"picked":"Singing Bowl","floor":43},{"not_picked":["Guardian:TimeBomb+1","Guardian:Emergency"],"picked":"Guardian:Recover","floor":43},{"not_picked":["Guardian:Gem_Lightblue","Guardian:Gem_Red"],"picked":"Guardian:Gem_Green","floor":43},{"not_picked":["Guardian:Gem_Red","Guardian:Gem_Green","Guardian:Gem_Cyan"],"picked":"Singing Bowl","floor":43},{"not_picked":["Guardian:Reroute","Guardian:HyperBeam_Guardian"],"picked":"Guardian:PiercingHide","floor":44},{"not_picked":["Guardian:Gem_Red","Guardian:Gem_Green","Guardian:Gem_Lightblue"],"picked":"Singing Bowl","floor":44},{"not_picked":["Guardian:Gem_Cyan","Guardian:Gem_Green","Guardian:Gem_Lightblue"],"picked":"Singing Bowl","floor":44},{"not_picked":["Guardian:Gem_Green","Guardian:Gem_Lightblue","Guardian:Gem_Red"],"picked":"Singing Bowl","floor":44},{"not_picked":["Guardian:Gem_Green","Guardian:Gem_Red","Guardian:Gem_Lightblue"],"picked":"Singing Bowl","floor":46},{"not_picked":["Guardian:Gem_Lightblue","Guardian:Gem_Red","Guardian:Gem_Green"],"picked":"Singing Bowl","floor":46},{"not_picked":["Guardian:Gem_Lightblue","Guardian:Gem_Green","Guardian:Gem_Red"],"picked":"Singing Bowl","floor":46},{"not_picked":["Guardian:SphericShield","Guardian:PrimingBeam","Guardian:ChargeCore"],"picked":"Singing Bowl","floor":46},{"not_picked":["Guardian:Gem_Red","Guardian:Reroute"],"picked":"Guardian:CompilePackage","floor":48},{"not_picked":["Guardian:Gem_Green","Guardian:Gem_Cyan","Guardian:Gem_Red"],"picked":"Singing Bowl","floor":48},{"not_picked":["Guardian:Gem_Cyan","Guardian:EvasiveProtocol","Guardian:CrystalBeam"],"picked":"Singing Bowl","floor":52},{"not_picked":["Guardian:Gem_Lightblue","Guardian:Gem_Green","Guardian:Gem_Red"],"picked":"Singing Bowl","floor":52},{"not_picked":["Guardian:Gem_Lightblue","Guardian:Gem_Cyan","Guardian:Gem_Green"],"picked":"Singing Bowl","floor":52}],"player_experience":2976501,"relics_obtained":[{"floor":7.0,"key":"InkBottle"},{"floor":10.0,"key":"Guardian:PocketSentry"},{"floor":12.0,"key":"downfall:CloakOfManyFaces"},{"floor":23.0,"key":"Red Mask"},{"floor":27.0,"key":"CaptainsWheel"},{"floor":27.0,"key":"Singing Bowl"},{"floor":29.0,"key":"Centennial Puzzle"},{"floor":48,"key":"Meat on the Bone"},{"floor":52,"key":"War Paint"}],"event_choices":[{"damage_healed":0.0,"max_hp_gain":0.0,"max_hp_loss":0.0,"gold_gain":0.0,"event_name":"Scrap Ooze","player_choice":"Success","floor":6.0,"gold_loss":0.0,"damage_taken":18.0,"relics_obtained":["champ:DuelingGlove"]},{"damage_healed":0.0,"max_hp_gain":5.0,"max_hp_loss":0.0,"gold_gain":0.0,"event_name":"Big Fish","player_choice":"Donut","floor":8.0,"gold_loss":0.0,"damage_taken":0.0},{"damage_healed":0.0,"max_hp_gain":0.0,"max_hp_loss":0.0,"gold_gain":0.0,"event_name":"Masked Bandits","player_choice":"Fought Bandits","floor":23.0,"gold_loss":0.0,"damage_taken":0.0}],"is_beta":false,"boss_relics":[{"not_picked":["Guardian:StasisSlotReductionRelic","SlaversCollar"],"picked":"Coffee Dripper"},{"not_picked":["Astrolabe","Guardian:ModeShifterPlus"],"picked":"Cursed Key"}],"items_purged_floors":[13,19,31,39,47],"is_endless":false,"potions_floor_spawned":[2,11,12,14,20,21,22,29,32,33,43,44,48],"ascension_level":20}}