{"host":"15dd7v8o90xso62x","time":1610107645,"event":{"mods":["BaseMod","Minty Spire (QoL Compilation)","Quick Restart","StSLib","SuperFastMode"],"gold_per_floor":[109,127,145,160,160,160,194,194,194,194,222,232,232,232,232,314,359,372,383,55,87,2,2,35,35,62,62,62,101,101,118,118,199,199,212,266,291,291,319,319,329,344,371,383,383,414,261,278,278,278,278],"floor_reached":50,"playtime":1769,"items_purged":[],"score":1286,"play_id":"03b97fa0-4436-44e0-b161-7e79a0fd2bd3","local_time":"20210108210725","is_ascension_mode":true,"campfire_choices":[{"data":"Apotheosis","floor":6.0,"key":"SMITH"},{"data":"Eruption","floor":8.0,"key":"SMITH"},{"data":"Defend_P","floor":13.0,"key":"PURGE"},{"data":"Defend_P","floor":15.0,"key":"PURGE"},{"data":"Nirvana","floor":23.0,"key":"PURGE"},{"floor":25.0,"key":"REST"},{"floor":30.0,"key":"REST"},{"floor":32.0,"key":"REST"},{"data":"EmptyFist","floor":40,"key":"PURGE"},{"floor":45,"key":"RECALL"},{"floor":49,"key":"REST"}],"circlet_count":0,"master_deck":["AscendersBane","Eruption+1","Vigilance","Apotheosis+1","CutThroughFate","Tantrum","Halt","CrushJoints","Vault","Scrawl","ConjureBlade","WheelKick","InnerPeace","DevaForm","MentalFortress","MentalFortress","Vault"],"relics":["PureWater","CeramicFish","Pantograph","Peace Pipe","Pandora\u0027s Box","Ice Cream","Red Mask","Anchor","Ginger","Oddly Smooth Stone","White Beast Statue","Sozu","Thread and Needle","CloakClasp","Akabeko","Bronze Scales"],"acts_visited":["Exordium","TheCity","TheBeyond"],"potions_floor_usage":[],"damage_taken":[{"damage":0.0,"enemies":"Small Slimes","floor":1.0,"turns":2.0},{"damage":0.0,"enemies":"Cultist","floor":2.0,"turns":2.0},{"damage":1.0,"enemies":"2 Louse","floor":3.0,"turns":3.0},{"damage":8.0,"enemies":"Blue Slaver","floor":4.0,"turns":3.0},{"damage":4.0,"enemies":"3 Sentries","floor":7.0,"turns":3.0},{"damage":0.0,"enemies":"Gremlin Nob","floor":11.0,"turns":3.0},{"damage":0.0,"enemies":"Exordium Wildlife","floor":12.0,"turns":2.0},{"damage":0.0,"enemies":"Slime Boss","floor":16.0,"turns":3.0},{"damage":11.0,"enemies":"2 Thieves","floor":18.0,"turns":2.0},{"damage":11.0,"enemies":"Shell Parasite","floor":19.0,"turns":4.0},{"damage":0.0,"enemies":"Masked Bandits","floor":21.0,"turns":3.0},{"damage":19.0,"enemies":"Slavers","floor":24.0,"turns":4.0},{"damage":13.0,"enemies":"Gremlin Leader","floor":29.0,"turns":6.0},{"damage":0.0,"enemies":"3 Cultists","floor":31.0,"turns":3.0},{"damage":0.0,"enemies":"Automaton","floor":33.0,"turns":7.0},{"damage":7,"enemies":"3 Shapes","floor":35,"turns":3},{"damage":31,"enemies":"2 Orb Walkers","floor":36,"turns":4},{"damage":0,"enemies":"Mind Bloom Boss Battle","floor":37,"turns":5},{"damage":0,"enemies":"Orb Walker","floor":39,"turns":2},{"damage":0,"enemies":"Maw","floor":41,"turns":4},{"damage":1,"enemies":"Jaw Worm Horde","floor":42,"turns":4},{"damage":0,"enemies":"4 Shapes","floor":44,"turns":5},{"damage":25,"enemies":"Reptomancer","floor":46,"turns":6},{"damage":17,"enemies":"Transient","floor":48,"turns":6},{"damage":80,"enemies":"Awakened One","floor":50,"turns":6}],"seed_played":"-4061792597311102372","potions_obtained":[{"floor":3.0,"key":"Explosive Potion"},{"floor":7.0,"key":"CultistPotion"},{"floor":11.0,"key":"DistilledChaos"},{"floor":16.0,"key":"BlessingOfTheForge"},{"floor":24.0,"key":"EssenceOfSteel"},{"floor":31.0,"key":"Strength Potion"},{"floor":33.0,"key":"Ambrosia"}],"is_trial":false,"path_per_floor":["M","M","M","M","?","R","E","R","T","?","E","M","R","?","R","B",null,"M","M","$","?","?","R","E","R","T","?","?","E","R","M","R","B",null,"M","?","?","T","M","R","M","M","T","M","R","E","$","M","R","B"],"character_chosen":"WATCHER","items_purchased":["Ice Cream","MentalFortress","Vault"],"campfire_rested":4,"item_purchase_floors":[20,47,47],"current_hp_per_floor":[43,43,42,34,34,34,30,30,30,35,35,35,35,35,35,60,70,59,48,48,48,48,48,29,50,50,50,29,16,39,39,62,78,78,71,40,65,65,65,65,65,64,64,64,64,39,39,22,45,0,0],"gold":278,"neow_bonus":"RANDOM_COLORLESS_2","is_daily":false,"chose_seed":false,"campfire_upgraded":2,"win_rate":0.0,"timestamp":1610107645,"path_taken":["M","M","M","M","?","R","E","R","T","?","E","M","R","?","R","BOSS","M","M","$","?","?","R","E","R","T","?","?","E","R","M","R","BOSS","M","?","?","?","M","R","M","M","T","?","R","E","$","?","R","BOSS"],"items_purchased_type":["Relic","Card","Card"],"build_version":"2020-12-22","purchased_purges":0,"victory":false,"max_hp_per_floor":[68,68,68,68,68,68,68,68,68,73,73,73,73,73,73,73,73,73,73,73,73,73,73,73,73,73,73,78,78,78,78,78,78,78,78,78,78,78,78,78,78,78,78,78,78,78,78,78,78,78,78],"card_choices":[{"not_picked":["Mayhem","Violence"],"picked":"Apotheosis","floor":0.0},{"not_picked":["Swivel","FlyingSleeves"],"picked":"CutThroughFate","floor":1.0},{"not_picked":["SashWhip","ClearTheMind"],"picked":"Tantrum","floor":2.0},{"not_picked":["FlurryOfBlows","Wish","ClearTheMind"],"picked":"SKIP","floor":3.0},{"not_picked":["SashWhip","PathToVictory"],"picked":"Halt","floor":4.0},{"not_picked":["EmptyFist","Evaluate"],"picked":"CrushJoints","floor":7.0},{"not_picked":["PathToVictory","CrushJoints","Ragnarok"],"picked":"SKIP","floor":11.0},{"not_picked":["FlurryOfBlows","Evaluate","ClearTheMind"],"picked":"SKIP","floor":12.0},{"not_picked":["Alpha","MasterReality"],"picked":"Vault","floor":16.0},{"not_picked":["Sanctity+1","Halt","Crescendo"],"picked":"SKIP","floor":18.0},{"not_picked":["EmptyBody","JustLucky","Halt"],"picked":"SKIP","floor":19.0},{"not_picked":["PathToVictory","ForeignInfluence+1","ThirdEye"],"picked":"SKIP","floor":24.0},{"not_picked":["Worship","FollowUp"],"picked":"InnerPeace","floor":29.0},{"not_picked":["JustLucky+1","WreathOfFlame","EmptyBody"],"picked":"SKIP","floor":31.0},{"not_picked":["Alpha","LessonLearned"],"picked":"DevaForm","floor":33.0},{"not_picked":["Pray","BowlingBash+1","ThirdEye"],"picked":"SKIP","floor":35},{"not_picked":["BowlingBash+1","FlurryOfBlows"],"picked":"MentalFortress","floor":39},{"not_picked":["CrushJoints+1","Study","CutThroughFate"],"picked":"SKIP","floor":41},{"not_picked":["Protect+1","Consecrate","CutThroughFate"],"picked":"SKIP","floor":42},{"not_picked":["Nirvana","ThirdEye","JustLucky"],"picked":"SKIP","floor":44},{"not_picked":["JustLucky","Evaluate","Swivel"],"picked":"SKIP","floor":46},{"not_picked":["EmptyBody","Judgement","SashWhip"],"picked":"SKIP","floor":48}],"player_experience":1009797,"relics_obtained":[{"floor":7.0,"key":"CeramicFish"},{"floor":9.0,"key":"Pantograph"},{"floor":11.0,"key":"Peace Pipe"},{"floor":21.0,"key":"Red Mask"},{"floor":24.0,"key":"Ginger"},{"floor":26.0,"key":"Oddly Smooth Stone"},{"floor":29.0,"key":"White Beast Statue"},{"floor":36,"key":"Thread and Needle"},{"floor":37,"key":"CloakClasp"},{"floor":38,"key":"Akabeko"},{"floor":46,"key":"Bronze Scales"}],"event_choices":[{"damage_healed":0.0,"max_hp_gain":0.0,"max_hp_loss":0.0,"gold_gain":0.0,"event_name":"Shining Light","player_choice":"Ignored","floor":5.0,"gold_loss":0.0,"damage_taken":0.0},{"damage_healed":0.0,"max_hp_gain":5.0,"max_hp_loss":0.0,"gold_gain":0.0,"event_name":"Big Fish","player_choice":"Donut","floor":10.0,"gold_loss":0.0,"damage_taken":0.0},{"cards_removed":["Strike_P"],"damage_healed":0.0,"max_hp_gain":0.0,"max_hp_loss":0.0,"gold_gain":0.0,"event_name":"Bonfire Elementals","player_choice":"Offered Basic","floor":14.0,"gold_loss":0.0,"damage_taken":0.0},{"damage_healed":0.0,"max_hp_gain":0.0,"max_hp_loss":0.0,"gold_gain":0.0,"event_name":"Masked Bandits","player_choice":"Fought Bandits","floor":21.0,"gold_loss":0.0,"damage_taken":0.0},{"damage_healed":0.0,"max_hp_gain":0.0,"max_hp_loss":0.0,"gold_gain":0.0,"event_name":"Addict","player_choice":"Obtained Relic","floor":22.0,"gold_loss":85.0,"damage_taken":0.0,"relics_obtained":["Anchor"]},{"damage_healed":0.0,"max_hp_gain":0.0,"max_hp_loss":0.0,"gold_gain":0.0,"event_name":"Vampires","player_choice":"Ignored","floor":27.0,"gold_loss":0.0,"damage_taken":0.0},{"damage_healed":0.0,"max_hp_gain":5.0,"max_hp_loss":0.0,"gold_gain":0.0,"event_name":"Forgotten Altar","player_choice":"Shed Blood","floor":28.0,"gold_loss":0.0,"damage_taken":26.0},{"damage_healed":0,"gold_gain":0,"player_choice":"Fight","damage_taken":0,"max_hp_gain":0,"max_hp_loss":0,"event_name":"Mysterious Sphere","floor":36,"gold_loss":0},{"damage_healed":0,"gold_gain":0,"player_choice":"Fight","damage_taken":0,"max_hp_gain":0,"max_hp_loss":0,"event_name":"MindBloom","floor":37,"gold_loss":0}],"is_beta":false,"boss_relics":[{"not_picked":["Snecko Eye","SlaversCollar"],"picked":"Pandora\u0027s Box"},{"not_picked":["Astrolabe","Runic Dome"],"picked":"Sozu"}],"items_purged_floors":[],"is_endless":false,"potions_floor_spawned":[3,7,11,12,16,24,29,31,33,35,36,37,39,41,42,44,46,48],"killed_by":"Awakened One","ascension_level":20}}