{"host":"Bilverbakes","time":1610071893,"event":{"mods":["2.2 Compatiblity","AchievementEnabler","BaseMod","Bestiary","Colored Map","Minty Spire (QoL Compilation)","Relic Stats","StSLib","ojb\u0027s Info Mod"],"gold_per_floor":[19,39,39,51,51,51,79,79,79,109,121,138,151,67,67,144,144,155,174,192,31,47,47,47],"floor_reached":23,"playtime":1142,"items_purged":[],"score":510,"play_id":"d807ad8e-887b-4616-9116-824007d36cba","local_time":"20210107201133","is_ascension_mode":true,"campfire_choices":[{"data":"Bash","floor":6.0,"key":"SMITH"},{"data":"Pommel Strike","floor":8.0,"key":"SMITH"},{"data":"True Grit","floor":15.0,"key":"SMITH"}],"circlet_count":0,"master_deck":["AscendersBane","Strike_R","Strike_R","Strike_R","Strike_R","Strike_R","Defend_R","Defend_R","Defend_R","Defend_R","Bash+1","Pommel Strike+1","Reckless Charge","Perfected Strike+1","Offering","Whirlwind","True Grit+1","Headbutt","Power Through","Dark Embrace"],"relics":["Burning Blood","Shuriken","Calipers","Red Skull","Velvet Choker","Anchor"],"acts_visited":["Exordium","TheCity"],"potions_floor_usage":[22,23],"damage_taken":[{"damage":5.0,"enemies":"2 Louse","floor":1.0,"turns":4.0},{"damage":19.0,"enemies":"Jaw Worm","floor":2.0,"turns":5.0},{"damage":1.0,"enemies":"Cultist","floor":4.0,"turns":3.0},{"damage":32.0,"enemies":"Gremlin Nob","floor":7.0,"turns":4.0},{"damage":36.0,"enemies":"Lagavulin","floor":10.0,"turns":4.0},{"damage":6.0,"enemies":"Exordium Thugs","floor":11.0,"turns":2.0},{"damage":18.0,"enemies":"Large Slime","floor":12.0,"turns":2.0},{"damage":6.0,"enemies":"Looter","floor":13.0,"turns":1.0},{"damage":6,"enemies":"Slime Boss","floor":16,"turns":3},{"damage":3,"enemies":"Chosen","floor":18,"turns":4},{"damage":12,"enemies":"3 Byrds","floor":19,"turns":4},{"damage":35,"enemies":"Shelled Parasite and Fungi","floor":20,"turns":5},{"damage":10,"enemies":"Snecko","floor":22,"turns":3},{"damage":33,"enemies":"Slavers","floor":23,"turns":4}],"seed_played":"-5682853384165288567","potions_obtained":[{"floor":2.0,"key":"PowerPotion"},{"floor":10.0,"key":"Fire Potion"},{"floor":11.0,"key":"Regen Potion"},{"floor":12.0,"key":"BloodPotion"},{"floor":13.0,"key":"HeartOfIron"}],"is_trial":false,"path_per_floor":["M","M","?","M","?","R","E","R","T","E","M","M","M","$","R","B",null,"M","M","M","$","M","E"],"character_chosen":"IRONCLAD","items_purchased":["Power Through","Anchor"],"campfire_rested":0,"item_purchase_floors":[14,21],"current_hp_per_floor":[83,70,70,75,75,75,49,49,49,19,19,7,24,24,24,24,73,76,70,41,41,37,4,4],"gold":47,"neow_bonus":"TWENTY_PERCENT_HP_BONUS","is_daily":false,"chose_seed":false,"campfire_upgraded":3,"win_rate":0.0,"timestamp":1610071893,"path_taken":["M","M","?","M","?","R","E","R","T","E","M","M","M","$","R","BOSS","M","M","M","$","M","E"],"items_purchased_type":["Card","Relic"],"build_version":"2020-12-18","purchased_purges":0,"victory":false,"max_hp_per_floor":[89,89,89,89,89,89,89,89,89,89,89,89,89,89,89,89,89,89,89,89,89,89,89,89],"relic_stats":{"counters":[14,48],"Shuriken":[14],"obtain_stats":[{"Anchor":21,"Calipers":9,"Shuriken":7,"Velvet Choker":17,"Burning Blood":0,"Red Skull":10},{"Anchor":12,"Calipers":4,"Shuriken":4,"Velvet Choker":9,"Burning Blood":0,"Red Skull":5},{"Anchor":41,"Calipers":16,"Shuriken":16,"Velvet Choker":28,"Burning Blood":0,"Red Skull":20}],"Burning Blood":78},"card_choices":[{"not_picked":["Bloodletting","Heavy Blade"],"picked":"Pommel Strike","floor":1.0},{"not_picked":["Heavy Blade","Havoc"],"picked":"Reckless Charge","floor":2.0},{"not_picked":["Armaments","True Grit"],"picked":"Perfected Strike","floor":4.0},{"not_picked":["Combust","Warcry"],"picked":"Offering","floor":7.0},{"not_picked":["Wild Strike","Shrug It Off"],"picked":"Whirlwind","floor":10.0},{"not_picked":["Rampage","Pommel Strike","Bloodletting"],"picked":"SKIP","floor":11.0},{"not_picked":["Dark Embrace","Rampage"],"picked":"True Grit","floor":12.0},{"not_picked":["Seeing Red","Rampage"],"picked":"Headbutt","floor":13.0},{"not_picked":["Rupture","Flame Barrier"],"picked":"Dark Embrace","floor":18},{"not_picked":["True Grit","Rage","Cleave"],"picked":"SKIP","floor":19},{"not_picked":["Spot Weakness","Body Slam","Havoc"],"picked":"SKIP","floor":20},{"not_picked":["Metallicize","Warcry","Cleave"],"picked":"SKIP","floor":22}],"player_experience":642367,"relics_obtained":[{"floor":7.0,"key":"Shuriken"},{"floor":9.0,"key":"Calipers"},{"floor":10.0,"key":"Red Skull"}],"event_choices":[{"damage_healed":0.0,"max_hp_gain":0.0,"max_hp_loss":0.0,"gold_gain":0.0,"event_name":"Liars Game","player_choice":"Ignored","floor":3.0,"gold_loss":0.0,"damage_taken":0.0},{"damage_healed":0.0,"max_hp_gain":0.0,"max_hp_loss":0.0,"gold_gain":0.0,"event_name":"Living Wall","player_choice":"Grow","floor":5.0,"gold_loss":0.0,"damage_taken":0.0,"cards_upgraded":["Perfected Strike"]}],"is_beta":true,"boss_relics":[{"not_picked":["Black Star","Empty Cage"],"picked":"Velvet Choker"}],"items_purged_floors":[],"is_endless":false,"potions_floor_spawned":[2,10,11,12,13,16,19,20],"killed_by":"Slavers","ascension_level":20}}