{"host":"o97o7ui5vncz1kje","time":1610124460,"event":{"mods":["BaseMod","Better Third Choice","Lobotomy","LobotomyExtend","Minty Spire (QoL Compilation)","StSLib"],"gold_per_floor":[118,118,118,134,151,151,168,168,193,193,193,163,163,163,163,265,265,285,304,304,304],"floor_reached":20,"playtime":978,"items_purged":[],"score":164,"play_id":"319509ae-08e0-4e1f-88d7-e9f38a02c33d","local_time":"20210109004740","is_ascension_mode":false,"campfire_choices":[{"data":"Heavy Blade","floor":6,"key":"SMITH"},{"data":"Cleave","floor":8,"key":"SMITH"},{"data":"Barricade","floor":11,"key":"SMITH"},{"floor":13,"key":"REST"},{"floor":15,"key":"REST"}],"circlet_count":0,"master_deck":["Strike_R","Strike_R","Strike_R","Strike_R","Strike_R","Defend_R","Defend_R","Defend_R","Defend_R","Bash","FairyFestival","CrumblingArmor","Heavy Blade+1","HappyTeddy","Hemokinesis","OldLady","Cleave+1","Barricade+1","Reaper","Mercenary","NothingThere","Armaments","Clash"],"relics":["Black Blood","CogitoBucket","LetterFromLob","Tiny Chest","Pen Nib","betterThird:SlimedRelic","TreeSap"],"acts_visited":["Exordium","TheCity"],"potions_floor_usage":[16,20],"damage_taken":[{"damage":0,"enemies":"Small Slimes","floor":1,"turns":3},{"damage":6,"enemies":"Jaw Worm","floor":4,"turns":4},{"damage":5,"enemies":"2 Louse","floor":5,"turns":2},{"damage":27,"enemies":"Gremlin Gang","floor":7,"turns":4},{"damage":25,"enemies":"Large Slime","floor":10,"turns":4},{"damage":37,"enemies":"Hexaghost","floor":16,"turns":9},{"damage":13,"enemies":"3 Byrds","floor":18,"turns":4},{"damage":53,"enemies":"Chosen","floor":19,"turns":7},{"damage":140,"enemies":"Chosen","floor":20,"turns":3}],"seed_played":"9184957495588272882","potions_obtained":[{"floor":4,"key":"Fire Potion"},{"floor":7,"key":"Strength Potion"},{"floor":14,"key":"FairyPotion"},{"floor":16,"key":"SpeedPotion"}],"is_trial":false,"path_per_floor":["M","?","T","M","M","R","M","R","T","M","R","?","R","?","R","B",null,"M","M","?"],"character_chosen":"IRONCLAD","items_purchased":[],"campfire_rested":2,"item_purchase_floors":[],"current_hp_per_floor":[80,80,80,80,80,80,59,59,59,44,44,33,57,57,80,49,80,80,61,0,0],"gold":304,"neow_bonus":"","is_daily":false,"chose_seed":false,"campfire_upgraded":3,"win_rate":0.0,"timestamp":1610124460,"path_taken":["M","?","?","M","M","R","M","R","T","M","R","?","R","?","R","BOSS","M","M","?"],"items_purchased_type":[],"build_version":"2020-12-22","purchased_purges":0,"victory":false,"max_hp_per_floor":[80,80,80,80,80,80,80,80,80,80,80,80,80,80,80,80,80,80,80,80,80],"card_choices":[{"not_picked":["SpiderBud","CherryBlossoms"],"picked":"FairyFestival","floor":1},{"not_picked":["Cleave","Headbutt","Shockwave"],"picked":"SKIP","floor":1},{"not_picked":["OldLady","PunishingBird"],"picked":"CrumblingArmor","floor":4},{"not_picked":["Havoc","Seeing Red"],"picked":"Heavy Blade","floor":4},{"not_picked":["Variant","Bloodbath"],"picked":"HappyTeddy","floor":5},{"not_picked":["Second Wind","Flex"],"picked":"Hemokinesis","floor":5},{"not_picked":["OSAHOGD","MHz"],"picked":"OldLady","floor":7},{"not_picked":["Headbutt","Clothesline"],"picked":"Cleave","floor":7},{"not_picked":["Perfected Strike","Sever Soul"],"picked":"Barricade","floor":10},{"not_picked":["Demon Form","Berserk"],"picked":"Reaper","floor":16},{"not_picked":["Scorched","WallGazer"],"picked":"Mercenary","floor":16},{"not_picked":["RedShoes","OSAHOGD"],"picked":"NothingThere","floor":18},{"not_picked":["Fire Breathing+1","Pommel Strike"],"picked":"Armaments","floor":18},{"not_picked":["Power Through","Clothesline"],"picked":"Clash","floor":19}],"player_experience":298799,"relics_obtained":[{"floor":1,"key":"LetterFromLob"},{"floor":3,"key":"Tiny Chest"},{"floor":9,"key":"Pen Nib"}],"event_choices":[{"damage_healed":0,"gold_gain":0,"player_choice":"Leave","damage_taken":0,"max_hp_gain":0,"max_hp_loss":0,"event_name":"The Cleric","floor":2,"gold_loss":0},{"damage_healed":0,"gold_gain":0,"player_choice":"Slimed","damage_taken":11,"max_hp_gain":0,"max_hp_loss":0,"event_name":"betterThird:BetterGoop","floor":12,"gold_loss":30},{"damage_healed":0,"gold_gain":0,"player_choice":"Got Potions","damage_taken":0,"max_hp_gain":0,"max_hp_loss":0,"event_name":"Lab","floor":14,"gold_loss":0}],"is_beta":false,"boss_relics":[{"not_picked":["Sozu","Busted Crown"],"picked":"Black Blood"}],"items_purged_floors":[],"is_endless":false,"potions_floor_spawned":[4,7,16,18],"killed_by":"Chosen","ascension_level":0}}