{"host":"aaqofma31c3gm2hj","time":1610076627,"event":{"mods":["BaseMod","Minty Spire (QoL Compilation)","Replay The Spire","Spicy Shops","StSLib"],"gold_per_floor":[109,128,128,16,35,68,68,96,123,150,163,179,179,254,254,343,343,358,394,319,339,362,10,10,51,51,65,81,99,135,151,151,240,240,165,181,199,89,108,152,152,191,191,23,23,23,47,380,398,433,433,433,433,433,433,25,56,56],"floor_reached":59,"playtime":1078,"items_purged":["Defend_P","Defend_P"],"score":3007,"play_id":"68eeb4de-bbc9-41ff-bef0-8b293a8261dc","local_time":"20210108113027","is_ascension_mode":true,"campfire_choices":[{"data":"Tantrum","floor":7.0,"key":"SMITH"},{"data":"Ragnarok","floor":15.0,"key":"SMITH"},{"data":"Ragnarok","floor":32.0,"key":"SMITH"},{"data":"TalkToTheHand","floor":41.0,"key":"SMITH"},{"floor":51,"key":"RECALL"},{"floor":55,"key":"REST"}],"circlet_count":0,"master_deck":["AscendersBane","Vigilance+1","Tantrum+1","Wallop+1","Ragnarok+1","WheelKick+1","Omniscience","TalkToTheHand+1","Replay:Hum+1","TalkToTheHand+1","Ragnarok+1","Omniscience","DevaForm","WheelKick"],"relics":["Snecko Eye","Toy Ornithopter","Akabeko","Damaru","Bag of Marbles","PreservedInsect","ReplayTheSpireMod:DimensionalGlitch","Red Mask","TheAbacus","War Paint","Replay:PocketPolymizer","Replay:Bottled Eggs","Kintsugi","TungstenRod","Lizard Tail","PrismaticShard","Blue Doll","Membership Card","Divine Protection","Centennial Puzzle"],"acts_visited":["Exordium","TheCity","TheBeyond","TheEnding"],"potions_floor_usage":[53,58],"damage_taken":[{"damage":1.0,"enemies":"Small Slimes","floor":1.0,"turns":2.0},{"damage":0.0,"enemies":"Cultist","floor":2.0,"turns":2.0},{"damage":4.0,"enemies":"2 Louse","floor":5.0,"turns":3.0},{"damage":0.0,"enemies":"Lagavulin","floor":6.0,"turns":3.0},{"damage":0.0,"enemies":"Gremlin Nob","floor":8.0,"turns":2.0},{"damage":0.0,"enemies":"Replay:BlueRogue","floor":10.0,"turns":2.0},{"damage":0.0,"enemies":"Exordium Thugs","floor":11.0,"turns":1.0},{"damage":0.0,"enemies":"Blue Slaver","floor":12.0,"turns":1.0},{"damage":26.0,"enemies":"Hexaghost","floor":16.0,"turns":4.0},{"damage":0.0,"enemies":"Chosen","floor":18.0,"turns":1.0},{"damage":0.0,"enemies":"Masked Bandits","floor":19.0,"turns":2.0},{"damage":0.0,"enemies":"2 Thieves","floor":21.0,"turns":1.0},{"damage":0.0,"enemies":"Chosen and Byrds","floor":22.0,"turns":2.0},{"damage":0.0,"enemies":"Book of Stabbing","floor":25.0,"turns":1.0},{"damage":0.0,"enemies":"Snecko","floor":27.0,"turns":2.0},{"damage":0.0,"enemies":"Sentry and Sphere","floor":28.0,"turns":2.0},{"damage":0.0,"enemies":"Shelled Parasite and Fungi","floor":29.0,"turns":1.0},{"damage":0.0,"enemies":"Replay:Snechameleon","floor":30.0,"turns":2.0},{"damage":0.0,"enemies":"3 Cultists","floor":31.0,"turns":1.0},{"damage":0.0,"enemies":"Automaton","floor":33.0,"turns":2.0},{"damage":0.0,"enemies":"3 Darklings","floor":35.0,"turns":1.0},{"damage":0.0,"enemies":"Orb Walker","floor":36.0,"turns":1.0},{"damage":36.0,"enemies":"4 Shapes","floor":37.0,"turns":3.0},{"damage":0.0,"enemies":"Spire Growth","floor":39.0,"turns":1.0},{"damage":0.0,"enemies":"Nemesis","floor":40.0,"turns":1.0},{"damage":0.0,"enemies":"R_Hoarder","floor":42.0,"turns":1.0},{"damage":0.0,"enemies":"Sphere and 2 Shapes","floor":47.0,"turns":1.0},{"damage":0.0,"enemies":"Maw","floor":49.0,"turns":2.0},{"damage":0.0,"enemies":"Giant Head","floor":50.0,"turns":2.0},{"damage":0,"enemies":"Replay:Hell Engine","floor":52,"turns":3},{"damage":0,"enemies":"Time Eater","floor":53,"turns":2},{"damage":0,"enemies":"Shield and Spear","floor":57,"turns":1},{"damage":2,"enemies":"The Heart","floor":58,"turns":5}],"seed_played":"1366126624094989212","potions_obtained":[{"floor":1.0,"key":"Fire Potion"},{"floor":2.0,"key":"Ambrosia"},{"floor":11.0,"key":"Elixir"},{"floor":16.0,"key":"LiquidMemories"},{"floor":27.0,"key":"DistilledChaos"},{"floor":31.0,"key":"SteroidPotion"},{"floor":33.0,"key":"Energy Potion"}],"is_trial":false,"path_per_floor":["M","M","?","$","M","E","R","E","T","E","M","M","?","?","R","B",null,"M","?","?","M","M","$","?","E","T","M","M","M","E","M","R","B",null,"M","M","M","?","M","E","R","E","T","$","PTL","PTL","M","?","M","E","R","B","B",null,"R","$","E","B",null],"character_chosen":"WATCHER","items_purchased":["Tantrum","TalkToTheHand","TheAbacus","PrismaticShard","Membership Card","SkillPotion","WheelKick","Divine Protection","AttackPotion"],"campfire_rested":1,"item_purchase_floors":[4,23,23,44,56,56,56,56,56],"current_hp_per_floor":[60,60,60,60,56,61,61,61,61,61,61,61,38,27,27,1,51,51,51,51,51,51,51,51,51,51,51,51,51,51,51,51,54,65,65,65,29,29,29,29,29,29,29,29,29,29,29,29,29,29,29,29,32,59,68,68,68,66],"gold":56,"neow_bonus":"BOSS_RELIC","is_daily":false,"chose_seed":false,"campfire_upgraded":4,"win_rate":0.0,"timestamp":1610076627,"path_taken":["M","M","?","$","?","E","R","E","T","E","M","M","?","?","R","BOSS","M","?","?","M","M","?","?","E","T","M","?","M","E","M","R","BOSS","M","M","?","?","?","E","R","E","T","?","PTL","PTL","M","?","M","E","R","BOSS","BOSS","R","$","E","BOSS"],"items_purchased_type":["Card","Card","Relic","Relic","Relic","Potion","Card","Relic","Potion"],"build_version":"2020-12-22","purchased_purges":2,"victory":true,"max_hp_per_floor":[68,68,68,68,68,68,68,68,68,68,68,68,68,68,68,68,68,68,68,68,68,68,68,68,68,68,68,68,68,68,68,68,68,68,68,68,68,68,68,68,68,68,68,68,68,68,68,68,68,68,68,68,68,68,68,68,68,68],"card_choices":[{"not_picked":["Replay:ManipulateFuture","Crescendo"],"picked":"SandsOfTime","floor":1.0},{"not_picked":["Replay:AtTheReady","FollowUp","WaveOfTheHand"],"picked":"SKIP","floor":2.0},{"not_picked":["Replay:BluntJabs","Replay:AtTheReady"],"picked":"Wallop","floor":5.0},{"not_picked":["Evaluate","DeceiveReality","BattleHymn"],"picked":"SKIP","floor":6.0},{"not_picked":["EmptyBody","Meditate"],"picked":"Ragnarok","floor":8.0},{"not_picked":["BowlingBash","Replay:ManipulateFuture","JustLucky"],"picked":"SKIP","floor":10.0},{"not_picked":["CutThroughFate","CrushJoints","Crescendo"],"picked":"SKIP","floor":11.0},{"not_picked":["LikeWater","FlurryOfBlows"],"picked":"WheelKick","floor":12.0},{"not_picked":["Ragnarok","DeusExMachina"],"picked":"Omniscience","floor":16.0},{"not_picked":["FlurryOfBlows","MentalFortress+1","CutThroughFate"],"picked":"SKIP","floor":18.0},{"not_picked":["PathToVictory","CarveReality+1","Prostrate"],"picked":"SKIP","floor":21.0},{"not_picked":["CrushJoints","Consecrate","EmptyBody"],"picked":"SKIP","floor":22.0},{"not_picked":["CrushJoints","Consecrate","EmptyBody"],"picked":"SKIP","floor":22.0},{"not_picked":["Replay:AtTheReady","FlyingSleeves","Meditate"],"picked":"SKIP","floor":25.0},{"not_picked":["Halt","Replay:Battleflow","CutThroughFate"],"picked":"SKIP","floor":27.0},{"not_picked":["CrushJoints","FlyingSleeves+1","WreathOfFlame"],"picked":"SKIP","floor":28.0},{"not_picked":["Replay:Hum+1","Alpha","Conclude"],"picked":"SKIP","floor":29.0},{"not_picked":["Alpha","Conclude"],"picked":"Replay:Hum+1","floor":29.0},{"not_picked":["ReachHeaven","Sanctity"],"picked":"TalkToTheHand+1","floor":30.0},{"not_picked":["Consecrate","MentalFortress","EmptyMind"],"picked":"SKIP","floor":31.0},{"not_picked":["ConjureBlade","Scrawl"],"picked":"Omniscience","floor":33.0},{"not_picked":["SashWhip+1","CutThroughFate+1","ReachHeaven"],"picked":"SKIP","floor":35.0},{"not_picked":["PathToVictory","Collect","Halt"],"picked":"SKIP","floor":36.0},{"not_picked":["Crescendo","EmptyFist+1","Replay:BluntJabs"],"picked":"SKIP","floor":37.0},{"not_picked":["CutThroughFate","JustLucky","WreathOfFlame"],"picked":"SKIP","floor":39.0},{"not_picked":["ClearTheMind","Nirvana","FollowUp+1"],"picked":"SKIP","floor":40.0},{"not_picked":["EmptyMind","Prostrate+1","Vengeance"],"picked":"SKIP","floor":42.0},{"not_picked":["Reprogram","Streamline+1","Power Through"],"picked":"SKIP","floor":47.0},{"not_picked":["SashWhip+1","Impatience","ReplayTheSpireMod:System Scan+1"],"picked":"SKIP","floor":49.0},{"not_picked":["Scrape","Sweeping Beam","Blasphemy"],"picked":"SKIP","floor":50.0},{"not_picked":["Run Through","Caltrops+1","Indignation+1"],"picked":"SKIP","floor":57}],"player_experience":567370,"relics_obtained":[{"floor":6.0,"key":"Akabeko"},{"floor":8.0,"key":"Damaru"},{"floor":9.0,"key":"Bag of Marbles"},{"floor":10.0,"key":"PreservedInsect"},{"floor":19.0,"key":"Red Mask"},{"floor":25.0,"key":"War Paint"},{"floor":26.0,"key":"Replay:PocketPolymizer"},{"floor":30.0,"key":"Replay:Bottled Eggs"},{"floor":40.0,"key":"TungstenRod"},{"floor":42.0,"key":"Lizard Tail"},{"floor":50.0,"key":"Blue Doll"},{"floor":57,"key":"Centennial Puzzle"}],"event_choices":[{"damage_healed":0.0,"max_hp_gain":0.0,"max_hp_loss":0.0,"gold_gain":0.0,"event_name":"WeMeetAgain","player_choice":"Gave Potion","floor":3.0,"gold_loss":0.0,"damage_taken":0.0,"relics_obtained":["Toy Ornithopter"]},{"damage_healed":0.0,"max_hp_gain":0.0,"max_hp_loss":0.0,"gold_gain":0.0,"event_name":"Golden Idol","player_choice":"Take Damage","floor":13.0,"gold_loss":0.0,"damage_taken":23.0,"relics_obtained":["Golden Idol"]},{"damage_healed":0.0,"max_hp_gain":0.0,"max_hp_loss":0.0,"gold_gain":75.0,"event_name":"World of Goop","player_choice":"Gather Gold","floor":14.0,"gold_loss":0.0,"damage_taken":11.0},{"damage_healed":0.0,"max_hp_gain":0.0,"max_hp_loss":0.0,"gold_gain":0.0,"event_name":"Masked Bandits","player_choice":"Fought Bandits","floor":19.0,"gold_loss":0.0,"damage_taken":0.0},{"cards_removed":["Defend_P"],"damage_healed":0.0,"max_hp_gain":0.0,"max_hp_loss":0.0,"gold_gain":0.0,"event_name":"Beggar","player_choice":"Gave Gold","floor":20.0,"gold_loss":75.0,"damage_taken":0.0},{"cards_removed":["Delirium"],"damage_healed":0.0,"max_hp_gain":0.0,"max_hp_loss":0.0,"gold_gain":0.0,"event_name":"Designer","player_choice":"Upgrade and Remove","floor":38.0,"gold_loss":110.0,"damage_taken":0.0,"cards_upgraded":["WheelKick"]},{"damage_healed":0.0,"max_hp_gain":0.0,"max_hp_loss":0.0,"gold_gain":333.0,"event_name":"The Moai Head","player_choice":"Gave Idol","floor":48.0,"relics_lost":["Golden Idol"],"gold_loss":0.0,"damage_taken":0.0}],"is_beta":false,"boss_relics":[{"not_picked":["Sozu","Replay:Ancient Bell"],"picked":"ReplayTheSpireMod:DimensionalGlitch"},{"not_picked":["Empty Cage","SacredBark"],"picked":"Kintsugi"}],"items_purged_floors":[4,23],"is_endless":false,"potions_floor_spawned":[1,2,11,16,18,22,27,31,33,36,39,47,49],"ascension_level":20}}