{"host":"bv85xmio5qk1kapc","time":1610083463,"event":{"mods":["BaseMod","Downfall","Infinite Spire","Jorbs\u0027s Wanderer Trilogy","Marisa????????","Minty Spire (QoL Compilation)","Replay The Spire","StSLib","The Animator","The Bug Knight","The Cursed","The Disciple","The Exalted","The Gatherer","The Hierophant","The Jungle","The Necromancer","The Servant 0.9.4","TheBandit"],"gold_per_floor":[363,7,7,34,64,64,113,113,113,113,187,337,420,444,444,552,552,586,196,246,296,436,436,456,456,456,530,565,615,661,711,711,827,827,857,938,1051,1081,1189,1236,1342,1378,1378,1388,1388],"floor_reached":44,"playtime":6750,"items_purged":["Spreading Infection","HollowMod:NailStrikeStart","Sickly"],"score":720,"play_id":"e1fdfc44-498e-4acc-828b-944046b6d64f","local_time":"20210107232423","is_ascension_mode":true,"campfire_choices":[{"data":"HollowMod:GoodIntentions","floor":6,"key":"SMITH"},{"data":"HollowMod:SoulSplash","floor":8,"key":"SMITH"},{"data":"expansioncontent:DonusPower","floor":10,"key":"SMITH"},{"data":"expansioncontent:PolyBeam","floor":15,"key":"SMITH"},{"floor":23,"key":"REST"},{"data":"HollowMod:QuirrelsAssistance","floor":32,"key":"SMITH"}],"circlet_count":0,"master_deck":["HollowMod:NailStrikeStart","HollowMod:NailStrikeStart","HollowMod:QuickDashStart","HollowMod:QuickDashStart","HollowMod:QuickDashStart","HollowMod:QuickDashStart","HollowMod:FocusHealStart","HollowMod:PogoStrike","HollowMod:SoulSplash+1","The Bomb","expansioncontent:DonusPower+1","expansioncontent:PolyBeam+1","HollowMod:DashSlash","HollowMod:GoodIntentions+1","HollowMod:LifebloodCore","HollowMod:NewJinnsSoul","Replay:SS_forest_6","HollowMod:CloakDash+1","infinitespire:Gouge","HollowMod:QuirrelsAssistance+1","HollowMod:DoubleDash+1","HollowMod:Weaversong","HollowMod:SlysStrikes","HollowMod:CloakDash","HollowMod:DoubleDash+1","HollowMod:GoodIntentions+1","HollowMod:NewLittleFool+1","HollowMod:RecoilStrike+1"],"relics":["HollowMod:VesselMask","Replay:Bandana","ReplayTheSpireMod:ShopPack","SsserpentHead","Bromod:ArcaneAwakening","infinitespire:BottledMercury","Bromod:ArcaneEnergize","Unceasing Top","Simple Rune","Sozu","BargainBundle","Lantern","Pen Nib","Painkiller Herb","Thread and Needle","Bromod:ArcaneAvenger","ReplayTheSpireMod:TigerMarble","Molten Egg 2","infinitespire:Beetle Shell","White Beast Statue"],"acts_visited":["Exordium","TheCity","TheBeyond"],"potions_floor_usage":[7,16,30],"damage_taken":[{"damage":4,"enemies":"Jaw Worm","floor":1,"turns":3},{"damage":0,"enemies":"Cultist","floor":4,"turns":3},{"damage":10,"enemies":"Small Slimes","floor":5,"turns":2},{"damage":18,"enemies":"Gremlin Nob","floor":7,"turns":3},{"damage":6,"enemies":"3 Louse","floor":11,"turns":2},{"damage":12,"enemies":"Large Slime","floor":13,"turns":3},{"damage":11,"enemies":"Looter","floor":14,"turns":2},{"damage":47,"enemies":"HollowMod:FalseKnight","floor":16,"turns":9},{"damage":15,"enemies":"3 Byrds","floor":18,"turns":3},{"damage":3,"enemies":"Chosen","floor":24,"turns":7},{"damage":24,"enemies":"Snake Plant","floor":27,"turns":4},{"damage":2,"enemies":"Centurion and Healer","floor":28,"turns":6},{"damage":0,"enemies":"Gremlin Leader","floor":30,"turns":6},{"damage":4,"enemies":"Automaton","floor":33,"turns":9},{"damage":0,"enemies":"Orb Walker","floor":35,"turns":3},{"damage":11,"enemies":"3 Shapes","floor":36,"turns":5},{"damage":30,"enemies":"2 Orb Walkers","floor":37,"turns":6},{"damage":0,"enemies":"Maw","floor":38,"turns":5},{"damage":0,"enemies":"Mind Bloom Boss Battle","floor":39,"turns":6},{"damage":1,"enemies":"Giant Head","floor":40,"turns":8},{"damage":0,"enemies":"Nemesis","floor":42,"turns":5},{"damage":72,"enemies":"Nightmare","floor":44,"turns":9}],"seed_played":"8759616237202506109","potions_obtained":[{"floor":1,"key":"AttackPotion"},{"floor":13,"key":"Dexterity Potion"},{"floor":14,"key":"FairyPotion"},{"floor":18,"key":"SteroidPotion"}],"is_trial":false,"path_per_floor":["M","$","?","M","M","R","E","R","T","R","M","?","M","M","R","B",null,"M","$","?","?","?","R","M","AVR","T","M","M","T","E","?","R","B",null,"?","?","?","?","?","E","?","E","T","NM"],"character_chosen":"THE_BUGKNIGHT","items_purchased":["Replay:Bandana","ReplayTheSpireMod:ShopPack","Unceasing Top"],"campfire_rested":1,"item_purchase_floors":[2,2,19],"current_hp_per_floor":[71,71,71,75,65,65,47,47,47,47,41,41,29,24,24,9,59,44,44,30,30,12,36,47,47,47,31,43,43,43,43,43,45,71,71,74,50,56,70,79,59,59,59,0,0],"gold":1388,"neow_bonus":"TWO_FIFTY_GOLD","is_daily":false,"chose_seed":false,"campfire_upgraded":5,"win_rate":0.0,"timestamp":1610083463,"path_taken":["M","$","?","M","M","R","E","R","T","R","?","?","?","M","R","BOSS","M","$","?","?","?","R","M","AVR","T","?","M","?","E","?","R","BOSS","?","?","?","?","?","E","?","E","T","NM"],"items_purchased_type":["Relic","Relic","Relic"],"build_version":"2020-12-22","purchased_purges":3,"victory":false,"max_hp_per_floor":[75,75,75,75,75,75,75,75,75,75,75,75,75,75,75,75,75,75,75,80,80,80,80,80,80,80,80,80,80,80,80,80,80,80,80,80,80,80,80,80,80,80,80,80,80],"card_choices":[{"not_picked":["HollowMod:SoulVessel","HollowMod:CornifersMapStart"],"picked":"HollowMod:SoulSplash","floor":1},{"not_picked":["ReplayTheSpireMod:Necrogeddon","ReplayTheSpireMod:Brewmster"],"picked":"The Bomb","floor":2},{"not_picked":["Replay:Dark Deal","expansioncontent:LastStand"],"picked":"expansioncontent:DonusPower","floor":2},{"not_picked":["Madness","expansioncontent:SuperHexaguard"],"picked":"expansioncontent:PolyBeam","floor":2},{"not_picked":["HollowMod:DescendingDark","HollowMod:SoulSplash"],"picked":"HollowMod:DashSlash","floor":4},{"not_picked":["HollowMod:MonarchWings","HollowMod:SiblingsSouls"],"picked":"HollowMod:GoodIntentions","floor":5},{"not_picked":["HollowMod:InfectedAttack","HollowMod:InfectionAssault","HollowMod:SharpenedNail"],"picked":"SKIP","floor":7},{"not_picked":["HollowMod:LuriensSpire","HollowMod:PureNailStrike","HollowMod:TaintedHusks"],"picked":"SKIP","floor":11},{"not_picked":["HollowMod:SiblingsShadow","HollowMod:WraithStrike","HollowMod:CrystalDash"],"picked":"SKIP","floor":13},{"not_picked":["HollowMod:DoubleDash","HollowMod:SoulSplash","HollowMod:RecoilStrike"],"picked":"SKIP","floor":14},{"not_picked":["HollowMod:LordofShades","HollowMod:SoulMaster"],"picked":"HollowMod:LifebloodCore","floor":16},{"not_picked":["HollowMod:SoulSplash+1","HollowMod:LuriensSpire"],"picked":"HollowMod:NewJinnsSoul","floor":18},{"not_picked":["HollowMod:HuntersJournal","HollowMod:HeavyBlow"],"picked":"HollowMod:CloakDash+1","floor":24},{"not_picked":["HollowMod:CornifersMapStart","HollowMod:DoubleDash"],"picked":"HollowMod:QuirrelsAssistance","floor":27},{"not_picked":["HollowMod:SoulSplash+1","HollowMod:CycloneSlash","HollowMod:ShadowDash"],"picked":"SKIP","floor":28},{"not_picked":["HollowMod:TaintedHusks+1","HollowMod:RecoilStrike"],"picked":"HollowMod:DoubleDash+1","floor":30},{"not_picked":["HollowMod:SoulMaster","HollowMod:ZotesMagnificence"],"picked":"HollowMod:SlysStrikes","floor":33},{"not_picked":["HollowMod:SiblingsSouls","HollowMod:VengefulVoid","HollowMod:HeavyBlow"],"picked":"SKIP","floor":35},{"not_picked":["HollowMod:MonomonsArchive","HollowMod:SoulVessel+1"],"picked":"HollowMod:CloakDash","floor":36},{"not_picked":["HollowMod:TaintedHusks","HollowMod:HowlingWraiths+1"],"picked":"HollowMod:DoubleDash+1","floor":37},{"not_picked":["HollowMod:PureNailStrike+1","HollowMod:SoulVessel","HollowMod:HowlingWraiths"],"picked":"SKIP","floor":38},{"not_picked":["HollowMod:MothsMistake+1","HollowMod:NewLittleFool"],"picked":"HollowMod:GoodIntentions+1","floor":39},{"not_picked":["HollowMod:InfectedCysts","HollowMod:NewGlowingWomb","HollowMod:SoulMaster"],"picked":"SKIP","floor":40},{"not_picked":["HollowMod:SharpenedNail+1","HollowMod:CrystalDash+1"],"picked":"HollowMod:NewLittleFool+1","floor":41},{"not_picked":["HollowMod:RadiancesLament","HollowMod:NewJinnsSoul"],"picked":"HollowMod:RecoilStrike+1","floor":42}],"player_experience":2002547,"relics_obtained":[{"floor":7,"key":"Bromod:ArcaneAwakening"},{"floor":9,"key":"infinitespire:BottledMercury"},{"floor":29,"key":"Lantern"},{"floor":30,"key":"Pen Nib"},{"floor":37,"key":"Thread and Needle"},{"floor":39,"key":"Bromod:ArcaneAvenger"},{"floor":40,"key":"ReplayTheSpireMod:TigerMarble"},{"floor":41,"key":"Molten Egg 2"},{"floor":42,"key":"infinitespire:Beetle Shell"},{"floor":43,"key":"White Beast Statue"}],"event_choices":[{"damage_healed":0,"gold_gain":0,"player_choice":"Trade","damage_taken":0,"relics_obtained":["SsserpentHead"],"max_hp_gain":0,"max_hp_loss":0,"event_name":"FaceTrader","floor":3,"gold_loss":0},{"damage_healed":0,"gold_gain":100,"player_choice":"Gold","damage_taken":0,"max_hp_gain":0,"max_hp_loss":0,"event_name":"Wheel of Change","floor":12,"gold_loss":0},{"damage_healed":0,"gold_gain":0,"player_choice":"Shed Blood","damage_taken":19,"max_hp_gain":5,"max_hp_loss":0,"event_name":"Forgotten Altar","floor":20,"gold_loss":0},{"damage_healed":0,"gold_gain":90,"player_choice":"CARD GOLD ","damage_taken":18,"max_hp_gain":0,"max_hp_loss":0,"event_name":"Knowing Skull","floor":22,"potions_obtained":[],"gold_loss":0,"cards_obtained":["Replay:SS_forest_6"]},{"damage_healed":0,"gold_gain":0,"cards_transformed":["HollowMod:NailStrikeStart"],"player_choice":"Transformed","damage_taken":0,"max_hp_gain":0,"max_hp_loss":0,"event_name":"Transmorgrifier","floor":31,"gold_loss":0,"cards_obtained":["HollowMod:Weaversong"]},{"damage_healed":0,"gold_gain":0,"player_choice":"Fight","damage_taken":0,"max_hp_gain":0,"max_hp_loss":0,"event_name":"Mysterious Sphere","floor":37,"gold_loss":0},{"damage_healed":0,"gold_gain":0,"player_choice":"Fight","damage_taken":0,"max_hp_gain":0,"max_hp_loss":0,"event_name":"MindBloom","floor":39,"gold_loss":0}],"is_beta":false,"boss_relics":[{"not_picked":["infinitespire:Cupcake","Bromod:ArcaneBarrier"],"picked":"Bromod:ArcaneEnergize"},{"not_picked":["Cursed Key","Replay:Fungal Core"],"picked":"Painkiller Herb"}],"items_purged_floors":[2,19,25],"is_endless":false,"potions_floor_spawned":[1,13,14,18,28,36,37,39,42],"killed_by":"Nightmare","ascension_level":5}}