{"host":"xes75gx807s8gyhc","time":1610064523,"event":{"mods":["AchievementEnabler","BaseMod","Colored Powertips","Curses Come First","Minty Spire (QoL Compilation)","Rare Cards Sparkle","Relic Stats","StSLib","Unceasing Turn Reminder","everything is the same but u backflip on backflip"],"gold_per_floor":[115,115,115,190,208,242,242,272,272,272,290,290,325,343,343,442,442,460,560,570,585,585,618,618,632,632,632,632,664,674,684,684,784,784,798,798,798,815,355,355,382,400,400,400,429,240,271,287,287,287],"floor_reached":51,"playtime":3739,"items_purged":[],"score":821,"play_id":"56b43ef2-acae-4976-bbe9-0d9902daeb10","local_time":"20210107160843","is_ascension_mode":true,"campfire_choices":[{"floor":7.0,"key":"REST"},{"data":"Bash","floor":10.0,"key":"SMITH"},{"data":"Blood for Blood","floor":12.0,"key":"SMITH"},{"data":"Uppercut","floor":15.0,"key":"SMITH"},{"data":"Demon Form","floor":24.0,"key":"SMITH"},{"data":"Corruption","floor":27.0,"key":"SMITH"},{"floor":32,"key":"REST"},{"data":"Limit Break","floor":40,"key":"SMITH"},{"floor":44,"key":"REST"},{"floor":49,"key":"REST"}],"circlet_count":0,"master_deck":["Defend_R","Defend_R","Defend_R","Defend_R","Bash+1","Impervious+1","Blood for Blood+1","Pummel","Feed","Uppercut+1","Blood for Blood","Demon Form+1","Thunderclap+1","Armaments+1","Shrug It Off","Spot Weakness","Heavy Blade","Corruption+1","Inflame+1","True Grit","Spot Weakness+1","Limit Break+1","True Grit","Dual Wield","Body Slam+1","Hemokinesis+1","Heavy Blade+1","Dark Embrace+1","Battle Trance","Shrug It Off+1"],"relics":["Burning Blood","Sundial","Bottled Lightning","Bottled Flame","Velvet Choker","Darkstone Periapt","Shuriken","Toy Ornithopter","Empty Cage","OrangePellets","Mummified Hand","Ice Cream","Meat on the Bone","Frozen Egg 2","Bronze Scales","Mercury Hourglass"],"acts_visited":["Exordium","TheCity","TheBeyond"],"potions_floor_usage":[33,33,41,45,50,50,50],"damage_taken":[{"damage":6.0,"enemies":"Jaw Worm","floor":1.0,"turns":4.0},{"damage":1.0,"enemies":"2 Louse","floor":5.0,"turns":3.0},{"damage":56.0,"enemies":"Lagavulin","floor":6.0,"turns":11.0},{"damage":0.0,"enemies":"Small Slimes","floor":11.0,"turns":4.0},{"damage":13.0,"enemies":"Gremlin Nob","floor":13.0,"turns":4.0},{"damage":2.0,"enemies":"Blue Slaver","floor":14.0,"turns":5.0},{"damage":33.0,"enemies":"Hexaghost","floor":16.0,"turns":9.0},{"damage":10.0,"enemies":"3 Byrds","floor":18.0,"turns":5.0},{"damage":10.0,"enemies":"Chosen","floor":20.0,"turns":4.0},{"damage":8.0,"enemies":"Centurion and Healer","floor":21.0,"turns":9.0},{"damage":22.0,"enemies":"Slavers","floor":23.0,"turns":5.0},{"damage":24.0,"enemies":"Shelled Parasite and Fungi","floor":25.0,"turns":4.0},{"damage":16.0,"enemies":"Book of Stabbing","floor":29.0,"turns":5.0},{"damage":12.0,"enemies":"Chosen and Byrds","floor":30.0,"turns":5.0},{"damage":16,"enemies":"3 Cultists","floor":31,"turns":4},{"damage":50,"enemies":"Collector","floor":33,"turns":9},{"damage":25,"enemies":"3 Darklings","floor":35,"turns":6},{"damage":10,"enemies":"3 Shapes","floor":38,"turns":4},{"damage":62,"enemies":"Reptomancer","floor":41,"turns":6},{"damage":6,"enemies":"Spire Growth","floor":42,"turns":4},{"damage":18,"enemies":"Giant Head","floor":45,"turns":6},{"damage":24,"enemies":"Nemesis","floor":47,"turns":7},{"damage":14,"enemies":"Sphere and 2 Shapes","floor":48,"turns":4},{"damage":34,"enemies":"Time Eater","floor":50,"turns":6}],"seed_played":"4940082431405634223","potions_obtained":[{"floor":1.0,"key":"Strength Potion"},{"floor":11.0,"key":"HeartOfIron"},{"floor":13.0,"key":"EssenceOfSteel"},{"floor":16.0,"key":"SmokeBomb"},{"floor":20.0,"key":"Block Potion"},{"floor":21.0,"key":"GamblersBrew"},{"floor":23.0,"key":"Strength Potion"},{"floor":29.0,"key":"Weak Potion"},{"floor":31,"key":"PowerPotion"},{"floor":41,"key":"FearPotion"},{"floor":42,"key":"AttackPotion"},{"floor":45,"key":"Strength Potion"}],"is_trial":false,"path_per_floor":["M","?","?","?","M","E","R","?","T","R","M","R","E","M","R","B",null,"M","?","M","M","?","E","R","M","T","R","?","E","M","M","R","B",null,"M","?","?","M","$","R","E","M","T","R","E","$","E","M","R","B",null],"character_chosen":"IRONCLAD","items_purchased":["OrangePellets","Mummified Hand","PowerPotion","Dark Embrace+1","Bronze Scales"],"campfire_rested":4,"item_purchase_floors":[39,39,39,46,46],"current_hp_per_floor":[72,72,72,61,66,16,37,37,37,37,43,43,36,43,43,16,75,71,71,70,71,71,58,58,44,44,44,44,37,34,24,52,21,97,81,81,81,80,80,80,32,32,32,63,68,68,62,69,101,86],"gold":287,"neow_bonus":"THREE_RARE_CARDS","is_daily":false,"chose_seed":false,"campfire_upgraded":6,"win_rate":0.0,"timestamp":1610064523,"path_taken":["M","?","?","?","M","E","R","?","T","R","M","R","E","M","R","BOSS","M","?","M","?","?","E","R","M","T","R","?","E","M","M","R","BOSS","M","?","?","?","$","R","E","M","T","R","E","$","E","M","R","BOSS"],"items_purchased_type":["Relic","Relic","Potion","Card","Relic"],"build_version":"2020-12-22","purchased_purges":0,"victory":true,"max_hp_per_floor":[72,72,72,72,72,72,72,72,72,72,72,72,72,75,75,75,75,75,75,78,81,81,84,84,88,88,88,88,91,94,94,94,97,97,100,100,100,103,103,103,106,106,106,106,106,106,106,109,109,109],"relic_stats":{"Darkstone Periapt":0,"OrangePellets":[1],"counters":[24,133],"Sundial":[12],"Shuriken":[6],"Mummified Hand":[29],"Bronze Scales":[36],"obtain_stats":[{"Darkstone Periapt":23,"Ice Cream":41,"Velvet Choker":17,"Frozen Egg 2":45,"Empty Cage":34,"Burning Blood":0,"Mercury Hourglass":47,"OrangePellets":39,"Bottled Flame":13,"Sundial":6,"Shuriken":26,"Mummified Hand":39,"Bronze Scales":46,"Bottled Lightning":9,"Toy Ornithopter":29,"Meat on the Bone":43},{"Darkstone Periapt":11,"Ice Cream":19,"Velvet Choker":7,"Frozen Egg 2":21,"Empty Cage":16,"Burning Blood":0,"Mercury Hourglass":22,"OrangePellets":18,"Bottled Flame":5,"Sundial":3,"Shuriken":12,"Mummified Hand":18,"Bronze Scales":21,"Bottled Lightning":3,"Toy Ornithopter":13,"Meat on the Bone":20},{"Darkstone Periapt":63,"Ice Cream":106,"Velvet Choker":40,"Frozen Egg 2":116,"Empty Cage":90,"Burning Blood":0,"Mercury Hourglass":123,"OrangePellets":100,"Bottled Flame":26,"Sundial":18,"Shuriken":67,"Mummified Hand":100,"Bronze Scales":116,"Bottled Lightning":18,"Toy Ornithopter":72,"Meat on the Bone":110}],"Burning Blood":144,"Toy Ornithopter":33,"Meat on the Bone":36,"Mercury Hourglass":[24]},"card_choices":[{"not_picked":["Demon Form","Offering"],"picked":"Impervious","floor":0.0},{"not_picked":["Heavy Blade","Warcry"],"picked":"Blood for Blood","floor":1.0},{"not_picked":["Clash","Sword Boomerang","Armaments"],"picked":"SKIP","floor":5.0},{"not_picked":["Sword Boomerang","Perfected Strike"],"picked":"Pummel","floor":6.0},{"not_picked":["Cleave","Carnage"],"picked":"Feed","floor":11.0},{"not_picked":["Pommel Strike","True Grit"],"picked":"Uppercut","floor":13.0},{"not_picked":["Clash","Cleave"],"picked":"Blood for Blood","floor":14.0},{"not_picked":["Corruption","Brutality"],"picked":"Demon Form","floor":16.0},{"not_picked":["Feel No Pain","Flex"],"picked":"Thunderclap+1","floor":18.0},{"not_picked":["Burning Pact","Body Slam"],"picked":"Armaments+1","floor":20.0},{"not_picked":["Pommel Strike","Warcry","Clash"],"picked":"SKIP","floor":21.0},{"not_picked":["Warcry","Twin Strike"],"picked":"Heavy Blade","floor":23.0},{"not_picked":["Rage","Iron Wave"],"picked":"Corruption","floor":25.0},{"not_picked":["Cleave","Clothesline"],"picked":"Inflame+1","floor":29.0},{"not_picked":["Pommel Strike","Infernal Blade"],"picked":"True Grit","floor":30},{"not_picked":["Iron Wave","Power Through+1"],"picked":"Spot Weakness+1","floor":31},{"not_picked":["Brutality","Barricade"],"picked":"Limit Break","floor":33},{"not_picked":["Armaments+1","Anger"],"picked":"True Grit","floor":35},{"not_picked":["Twin Strike","Searing Blow+1"],"picked":"Dual Wield","floor":38},{"not_picked":["Clash+1","Clothesline"],"picked":"Body Slam+1","floor":41},{"not_picked":["Heavy Blade","Perfected Strike+1"],"picked":"Hemokinesis+1","floor":42},{"not_picked":["Body Slam+1","Clothesline+1"],"picked":"Heavy Blade+1","floor":45},{"not_picked":["Rampage+1","Brutality+1"],"picked":"Battle Trance","floor":47},{"not_picked":["Clothesline+1","Dual Wield+1"],"picked":"Shrug It Off+1","floor":48}],"player_experience":9333,"relics_obtained":[{"floor":6.0,"key":"Sundial"},{"floor":9.0,"key":"Bottled Lightning"},{"floor":13.0,"key":"Bottled Flame"},{"floor":23.0,"key":"Darkstone Periapt"},{"floor":26.0,"key":"Shuriken"},{"floor":29.0,"key":"Toy Ornithopter"},{"floor":41,"key":"Ice Cream"},{"floor":43,"key":"Meat on the Bone"},{"floor":45,"key":"Frozen Egg 2"},{"floor":47,"key":"Mercury Hourglass"}],"event_choices":[{"damage_healed":0.0,"max_hp_gain":0.0,"max_hp_loss":0.0,"gold_gain":0.0,"event_name":"Liars Game","player_choice":"Ignored","floor":2.0,"gold_loss":0.0,"damage_taken":0.0},{"damage_healed":0.0,"max_hp_gain":0.0,"max_hp_loss":0.0,"gold_gain":0.0,"event_name":"Living Wall","player_choice":"Grow","floor":3.0,"gold_loss":0.0,"damage_taken":0.0,"cards_upgraded":["Impervious"]},{"damage_healed":0.0,"max_hp_gain":0.0,"max_hp_loss":0.0,"gold_gain":75.0,"event_name":"World of Goop","player_choice":"Gather Gold","floor":4.0,"gold_loss":0.0,"damage_taken":11.0},{"damage_healed":0.0,"max_hp_gain":0.0,"max_hp_loss":0.0,"gold_gain":30.0,"event_name":"Dead Adventurer","player_choice":"Searched \u00272\u0027 times","floor":8.0,"gold_loss":0.0,"damage_taken":0.0},{"damage_healed":0.0,"max_hp_gain":0.0,"max_hp_loss":0.0,"gold_gain":100.0,"event_name":"Golden Shrine","player_choice":"Pray","floor":19.0,"gold_loss":0.0,"damage_taken":0.0},{"damage_healed":0.0,"max_hp_gain":0.0,"max_hp_loss":0.0,"gold_gain":0.0,"cards_transformed":["Strike_R","Strike_R"],"event_name":"Drug Dealer","player_choice":"Became Test Subject","floor":22.0,"gold_loss":0.0,"damage_taken":0.0,"cards_obtained":["Shrug It Off","Spot Weakness"]},{"cards_removed":["Strike_R"],"damage_healed":0.0,"max_hp_gain":0.0,"max_hp_loss":0.0,"gold_gain":0.0,"event_name":"Bonfire Elementals","player_choice":"Offered Basic","floor":28.0,"gold_loss":0.0,"damage_taken":0.0},{"damage_healed":0,"gold_gain":0,"player_choice":"Ignored","damage_taken":0,"max_hp_gain":0,"max_hp_loss":0,"event_name":"Mysterious Sphere","floor":36,"gold_loss":0},{"damage_healed":0,"gold_gain":0,"player_choice":"Ignored","damage_taken":0,"max_hp_gain":0,"max_hp_loss":0,"event_name":"SecretPortal","floor":37,"gold_loss":0}],"is_beta":false,"boss_relics":[{"not_picked":["Runic Cube","Cursed Key"],"picked":"Velvet Choker"},{"not_picked":["Calling Bell","SacredBark"],"picked":"Empty Cage"}],"items_purged_floors":[],"is_endless":false,"potions_floor_spawned":[1,11,13,16,20,21,23,29,31,41,42,45],"ascension_level":1}}