{"host":"g8ufh7m4frdlkxwv","time":1610073999,"event":{"mods":["AchievementEnabler","BaseMod","Filter the Spire","Minty Spire (QoL Compilation)","Relic Stats"],"gold_per_floor":[111,131,131,142,160,160,185,199,199,57,57,57,57],"floor_reached":12,"playtime":719,"items_purged":[],"score":160,"play_id":"f65897c2-2098-46cf-ad48-d908c86f4f84","local_time":"20210108034639","is_ascension_mode":true,"campfire_choices":[{"data":"Neutralize","floor":6.0,"key":"SMITH"}],"circlet_count":0,"master_deck":["AscendersBane","Strike_G","Strike_G","Strike_G+1","Strike_G","Strike_G+1","Defend_G","Defend_G","Defend_G","Defend_G","Defend_G","Survivor","Neutralize+1","Dagger Spray","Slice","Catalyst","Dagger Spray","PiercingWail","Infinite Blades"],"relics":["Ring of the Snake","Vajra","Toy Ornithopter","Blue Candle"],"acts_visited":["Exordium"],"potions_floor_usage":[12],"damage_taken":[{"damage":0.0,"enemies":"2 Louse","floor":1.0,"turns":4.0},{"damage":0.0,"enemies":"Cultist","floor":2.0,"turns":4.0},{"damage":0.0,"enemies":"Small Slimes","floor":4.0,"turns":2.0},{"damage":1.0,"enemies":"Looter","floor":5.0,"turns":3.0},{"damage":30.0,"enemies":"3 Sentries","floor":7.0,"turns":9.0},{"damage":0.0,"enemies":"Large Slime","floor":8.0,"turns":4.0},{"damage":28,"enemies":"Gremlin Nob","floor":12,"turns":3}],"seed_played":"8806206803747838974","potions_obtained":[{"floor":7.0,"key":"SteroidPotion"},{"floor":8.0,"key":"EssenceOfSteel"},{"floor":11,"key":"DuplicationPotion"}],"is_trial":false,"path_per_floor":["M","M","?","M","M","R","E","M","T","$","?","E"],"character_chosen":"THE_SILENT","items_purchased":["Infinite Blades","Fire Potion"],"campfire_rested":0,"item_purchase_floors":[10,10],"current_hp_per_floor":[59,59,39,39,38,38,8,13,13,13,13,0,0],"gold":57,"neow_bonus":"RANDOM_COMMON_RELIC","is_daily":false,"chose_seed":false,"campfire_upgraded":1,"win_rate":0.0,"timestamp":1610073999,"path_taken":["M","M","?","M","M","R","E","M","T","$","?","E"],"items_purchased_type":["Card","Potion"],"build_version":"2020-12-22","purchased_purges":0,"victory":false,"max_hp_per_floor":[66,66,66,66,66,66,66,66,66,66,66,66,66],"relic_stats":{"counters":[7,29],"Blue Candle":[0],"obtain_stats":[{"Blue Candle":9,"Vajra":0,"Toy Ornithopter":7,"Ring of the Snake":0},{"Blue Candle":6,"Vajra":0,"Toy Ornithopter":5,"Ring of the Snake":0},{"Blue Candle":26,"Vajra":0,"Toy Ornithopter":22,"Ring of the Snake":0}],"Toy Ornithopter":10,"Ring of the Snake":[14]},"card_choices":[{"not_picked":["Poisoned Stab","Dagger Throw"],"picked":"Dagger Spray","floor":1.0},{"not_picked":["PiercingWail","Deadly Poison"],"picked":"Slice","floor":2.0},{"not_picked":["All Out Attack","Quick Slash","Tactician"],"picked":"SKIP","floor":4.0},{"not_picked":["Outmaneuver","Deadly Poison"],"picked":"Catalyst","floor":5.0},{"not_picked":["Distraction","Glass Knife"],"picked":"Dagger Spray","floor":7.0},{"not_picked":["Sucker Punch","PiercingWail","Predator"],"picked":"SKIP","floor":8.0},{"not_picked":["Sucker Punch","Predator"],"picked":"PiercingWail","floor":8.0}],"player_experience":1015959,"relics_obtained":[{"floor":7.0,"key":"Toy Ornithopter"},{"floor":9.0,"key":"Blue Candle"}],"event_choices":[{"damage_healed":0.0,"max_hp_gain":0.0,"max_hp_loss":0.0,"gold_gain":0.0,"event_name":"Shining Light","player_choice":"Entered Light","floor":3.0,"gold_loss":0.0,"damage_taken":20.0,"cards_upgraded":["Strike_G","Strike_G"]},{"damage_healed":0,"gold_gain":0,"player_choice":"Got Potions","damage_taken":0,"max_hp_gain":0,"max_hp_loss":0,"event_name":"Lab","floor":11,"gold_loss":0}],"is_beta":false,"boss_relics":[],"items_purged_floors":[],"is_endless":false,"potions_floor_spawned":[7,8],"killed_by":"Gremlin Nob","ascension_level":20}}