{"host":"ig7tc0uedzltt2sr","time":1610069000,"event":{"mods":["BaseMod","Better Twitch Integration","Block Reminder","Colored Map","Colored Powertips","Communication Mod","Current Relic Mod","GifTheSpireLib","HexUI Lib","Minty Spire (QoL Compilation)","Quick Restart","Random Character Button","Rare Cards Sparkle","Relic Sorter","Relic Stats","Slay the Relics Exporter","StSLib","SuperFastMode","Synergy Search","Twitch Decklist","Twitch Utils","everything is the same but u backflip on backflip","slay the spire mod where everything is the same but ironclad has a cowboy hat"],"gold_per_floor":[115,19,19,32,49,64,64,64,64,80,80,99,99,119,119,119,119],"floor_reached":16,"playtime":89,"items_purged":[],"score":94,"play_id":"8d64f963-7f5f-4d26-b599-ec8db5d93bf6","local_time":"20210107172320","is_ascension_mode":false,"campfire_choices":[{"floor":7,"key":"RECALL"},{"data":"Offering","floor":11,"key":"SMITH"},{"data":"Defend_R","floor":15,"key":"SMITH"}],"circlet_count":0,"master_deck":["Strike_R","Strike_R","Strike_R","Strike_R","Strike_R","Defend_R+1","Defend_R","Defend_R","Defend_R","Bash","Evolve","Havoc","Intimidate","Seeing Red","Sever Soul","Offering+1","Evolve","Sword Boomerang"],"relics":["Burning Blood","NeowsBlessing","FossilizedHelix"],"acts_visited":["Exordium"],"potions_floor_usage":[],"damage_taken":[{"damage":0,"enemies":"Small Slimes","floor":1,"turns":2},{"damage":0,"enemies":"Cultist","floor":4,"turns":1},{"damage":0,"enemies":"2 Louse","floor":5,"turns":2},{"damage":0,"enemies":"Gremlin Gang","floor":6,"turns":1},{"damage":7,"enemies":"Blue Slaver","floor":10,"turns":6},{"damage":19,"enemies":"2 Fungi Beasts","floor":12,"turns":5},{"damage":46,"enemies":"Exordium Thugs","floor":14,"turns":11},{"damage":28,"enemies":"The Guardian","floor":16,"turns":5}],"seed_played":"-1140278223343413549","potions_obtained":[{"floor":6,"key":"Weak Potion"},{"floor":12,"key":"AttackPotion"},{"floor":14,"key":"DistilledChaos"}],"is_trial":false,"path_per_floor":["M","$","?","M","M","M","R","$","T","M","R","M","?","M","R","B"],"character_chosen":"IRONCLAD","items_purchased":["AttackPotion","Havoc"],"campfire_rested":0,"item_purchase_floors":[2,2],"current_hp_per_floor":[80,80,80,80,80,80,80,80,80,79,79,66,66,26,26,0,0],"gold":119,"neow_bonus":"THREE_ENEMY_KILL","is_daily":false,"chose_seed":false,"campfire_upgraded":2,"win_rate":0.0,"timestamp":1610069000,"path_taken":["M","$","?","?","M","M","R","$","T","M","R","M","?","M","R","BOSS"],"items_purchased_type":["Potion","Card"],"build_version":"2020-12-22","purchased_purges":0,"victory":false,"max_hp_per_floor":[80,80,80,80,80,80,80,80,80,80,80,80,80,80,80,80,80],"relic_stats":{"counters":[8,33],"obtain_stats":[{"NeowsBlessing":0,"Burning Blood":0,"FossilizedHelix":3},{"NeowsBlessing":0,"Burning Blood":0,"FossilizedHelix":1},{"NeowsBlessing":0,"Burning Blood":0,"FossilizedHelix":2}],"Burning Blood":18},"card_choices":[{"not_picked":["True Grit","Shockwave"],"picked":"Evolve","floor":1},{"not_picked":["Pommel Strike","Clothesline"],"picked":"Intimidate","floor":4},{"not_picked":["Clothesline","Shockwave"],"picked":"Seeing Red","floor":5},{"not_picked":["Shrug It Off","Warcry"],"picked":"Sever Soul","floor":6},{"not_picked":["Warcry","Thunderclap"],"picked":"Offering","floor":10},{"not_picked":["Sword Boomerang","True Grit"],"picked":"Evolve","floor":12},{"not_picked":["Twin Strike","Body Slam"],"picked":"Sword Boomerang","floor":14}],"player_experience":1466385,"relics_obtained":[{"floor":3,"key":"FossilizedHelix"}],"event_choices":[{"damage_healed":0,"gold_gain":0,"player_choice":"Relic","damage_taken":0,"max_hp_gain":0,"max_hp_loss":0,"event_name":"Wheel of Change","floor":3,"gold_loss":0},{"damage_healed":0,"gold_gain":0,"player_choice":"Ignored","damage_taken":0,"max_hp_gain":0,"max_hp_loss":0,"event_name":"NoteForYourself","floor":13,"gold_loss":0}],"is_beta":false,"boss_relics":[],"items_purged_floors":[],"is_endless":false,"potions_floor_spawned":[6,12,14],"killed_by":"The Guardian","ascension_level":0}}