{"host":"bxn2em57qlx5u4i0","time":1610086600,"event":{"mods":["BaseMod","Colored Map","Colored Powertips","Highlight Path","Minty Spire (QoL Compilation)","Random Character Button","Relic Sorter","Relic Stats","StSLib","SuperFastMode"],"gold_per_floor":[115,115,40,51,51,85,119,149,149,179,207,239,268,294,294,369,369,381,381,401,69,79,104,136,170,197,227,227,255,289,309,309,388,388,402,414,143,143,172,205,236,261,261,295,295,320,351,369,369,369,369,369,369,6,39,39],"floor_reached":57,"playtime":1100,"items_purged":["Regret","Bandage Up"],"score":4826,"play_id":"f920f18c-4eaf-4291-95bc-4d40c240827b","local_time":"20210108011640","daily_mods":["SealedDeck","Heirloom","Time Dilation","Flight","DeadlyEvents","Elite Swarm","Lethality"],"is_ascension_mode":true,"campfire_choices":[{"data":"Defragment","floor":15,"key":"SMITH"},{"data":"Capacitor","floor":28,"key":"SMITH"},{"floor":32,"key":"DIG"},{"floor":45,"key":"RECALL"},{"data":"Defragment","floor":49,"key":"SMITH"},{"floor":53,"key":"DIG"}],"circlet_count":0,"master_deck":["AscendersBane","Skim+1","Compile Driver+1","Coolheaded+1","Gash","Beam Cell","Go for the Eyes","Beam Cell","Gash","Defragment+1","All For One+1","All For One","Capacitor+1","Defragment+1","Reboot","All For One","Gash","Defragment+1","Steam+1","Compile Driver+1","Fission+1"],"relics":["Cracked Core","Lizard Tail","HornCleat","Singing Bowl","Art of War","Orichalcum","Symbiotic Virus","Nunchaku","Dream Catcher","Mummified Hand","Shovel","StoneCalendar","Nuclear Battery","Bag of Marbles","Whetstone","Bronze Scales","Akabeko","Centennial Puzzle","War Paint","Bag of Preparation","Potion Belt","Happy Flower","Pantograph","Empty Cage","Vajra","Molten Egg 2","Cables","Question Card","PreservedInsect","Regal Pillow","Strawberry","Toxic Egg 2","Kunai","ClockworkSouvenir","InkBottle"],"acts_visited":["Exordium","TheCity","TheBeyond","TheEnding"],"potions_floor_usage":[7,20,56,56,56,56],"damage_taken":[{"damage":0,"enemies":"2 Louse","floor":1,"turns":1},{"damage":0,"enemies":"Jaw Worm","floor":4,"turns":1},{"damage":0,"enemies":"Gremlin Nob","floor":6,"turns":2},{"damage":13,"enemies":"3 Sentries","floor":7,"turns":3},{"damage":0,"enemies":"Lagavulin","floor":8,"turns":3},{"damage":0,"enemies":"Gremlin Nob","floor":10,"turns":2},{"damage":0,"enemies":"Lagavulin","floor":11,"turns":3},{"damage":0,"enemies":"Gremlin Nob","floor":12,"turns":2},{"damage":0,"enemies":"Lagavulin","floor":13,"turns":2},{"damage":0,"enemies":"3 Sentries","floor":14,"turns":2},{"damage":0,"enemies":"Slime Boss","floor":16,"turns":1},{"damage":0,"enemies":"Spheric Guardian","floor":18,"turns":1},{"damage":6,"enemies":"3 Byrds","floor":20,"turns":2},{"damage":0,"enemies":"Centurion and Healer","floor":22,"turns":2},{"damage":0,"enemies":"Gremlin Leader","floor":23,"turns":1},{"damage":0,"enemies":"Book of Stabbing","floor":24,"turns":1},{"damage":0,"enemies":"Slavers","floor":25,"turns":1},{"damage":0,"enemies":"Book of Stabbing","floor":27,"turns":1},{"damage":0,"enemies":"Gremlin Leader","floor":29,"turns":1},{"damage":0,"enemies":"Book of Stabbing","floor":30,"turns":1},{"damage":0,"enemies":"3 Cultists","floor":31,"turns":1},{"damage":0,"enemies":"Collector","floor":33,"turns":1},{"damage":35,"enemies":"3 Shapes","floor":35,"turns":1},{"damage":0,"enemies":"3 Darklings","floor":36,"turns":2},{"damage":0,"enemies":"Giant Head","floor":39,"turns":1},{"damage":0,"enemies":"Nemesis","floor":40,"turns":1},{"damage":0,"enemies":"Giant Head","floor":41,"turns":1},{"damage":0,"enemies":"Nemesis","floor":42,"turns":1},{"damage":0,"enemies":"Reptomancer","floor":44,"turns":1},{"damage":0,"enemies":"Giant Head","floor":46,"turns":1},{"damage":0,"enemies":"Nemesis","floor":47,"turns":1},{"damage":0,"enemies":"Maw","floor":48,"turns":1},{"damage":0,"enemies":"Donu and Deca","floor":50,"turns":2},{"damage":29,"enemies":"Time Eater","floor":51,"turns":2},{"damage":0,"enemies":"Shield and Spear","floor":55,"turns":1},{"damage":66,"enemies":"The Heart","floor":56,"turns":5}],"seed_played":"6998397620341740092","potions_obtained":[{"floor":1,"key":"Swift Potion"},{"floor":4,"key":"BlessingOfTheForge"},{"floor":7,"key":"Swift Potion"},{"floor":16,"key":"FearPotion"},{"floor":20,"key":"Weak Potion"},{"floor":29,"key":"PowerPotion"},{"floor":30,"key":"GamblersBrew"},{"floor":36,"key":"DistilledChaos"},{"floor":39,"key":"FocusPotion"},{"floor":55,"key":"Dexterity Potion"}],"is_trial":true,"path_per_floor":["M","?","$","M","?","E","E","E","T","E","E","E","E","E","R","B",null,"M","?","M","$","M","E","E","E","T","E","R","E","E","M","R","B",null,"M","M","$","?","E","E","E","E","T","E","R","E","E","M","R","B","B",null,"R","$","E","B",null],"character_chosen":"DEFECT","items_purchased":["Bag of Marbles","Whetstone","Vajra","Bandage Up","ClockworkSouvenir","Steam+1","Compile Driver+1"],"campfire_rested":0,"item_purchase_floors":[21,21,37,37,54,54,54],"current_hp_per_floor":[64,64,64,64,64,66,55,57,57,59,59,61,61,63,63,65,80,80,80,76,76,78,78,80,80,80,82,82,84,86,86,86,99,99,66,68,68,68,70,76,82,84,84,90,90,103,109,113,113,124,99,118,118,118,118,58],"gold":39,"neow_bonus":"","is_daily":false,"chose_seed":false,"campfire_upgraded":3,"win_rate":0.0,"timestamp":1610086600,"path_taken":["M","?","$","M","?","E","E","E","T","E","E","E","E","E","R","BOSS","M","?","?","$","?","E","E","E","T","E","R","E","E","M","R","BOSS","M","?","$","?","?","E","E","E","T","E","R","E","E","?","R","BOSS","BOSS","R","$","E","BOSS"],"items_purchased_type":["Relic","Relic","Relic","Card","Relic","Card","Card"],"build_version":"2020-12-22","purchased_purges":2,"victory":true,"max_hp_per_floor":[71,71,71,71,71,73,75,77,77,79,79,81,81,83,83,85,85,85,85,87,87,89,89,91,91,91,93,93,95,97,97,97,99,99,101,103,103,103,105,107,109,111,111,113,113,122,124,124,124,124,124,124,124,124,124,124],"relic_stats":{"Regal Pillow":0,"Singing Bowl":46,"Happy Flower":[7],"counters":[36,56],"StoneCalendar":[0],"PreservedInsect":320,"Bag of Preparation":[36],"Whetstone":["Compile Driver","All For One"],"Orichalcum":[66],"War Paint":["Coolheaded","Skim"],"Question Card":6,"Cables":[7,2,4,1,0],"Lizard Tail":0,"Nunchaku":[36],"Dream Catcher":0,"Centennial Puzzle":[9],"Shovel":2,"Mummified Hand":[68],"Bronze Scales":[57],"Pantograph":28,"Art of War":[3],"Kunai":[21],"obtain_stats":[{"Regal Pillow":44,"Singing Bowl":6,"Vajra":37,"StoneCalendar":14,"Bag of Preparation":27,"Whetstone":21,"Empty Cage":34,"ClockworkSouvenir":54,"Lizard Tail":0,"Nunchaku":10,"Dream Catcher":11,"Centennial Puzzle":25,"HornCleat":2,"Shovel":13,"Mummified Hand":12,"Pantograph":32,"Strawberry":46,"Kunai":53,"Toxic Egg 2":47,"Cracked Core":0,"InkBottle":55,"Potion Belt":29,"Happy Flower":30,"PreservedInsect":42,"Orichalcum":8,"War Paint":26,"Question Card":41,"Akabeko":24,"Nuclear Battery":17,"Cables":40,"Bronze Scales":23,"Molten Egg 2":39,"Art of War":7,"Bag of Marbles":21,"Symbiotic Virus":9},{"Regal Pillow":29,"Singing Bowl":3,"Vajra":24,"StoneCalendar":10,"Bag of Preparation":18,"Whetstone":13,"Empty Cage":22,"ClockworkSouvenir":34,"Lizard Tail":0,"Nunchaku":6,"Dream Catcher":7,"Centennial Puzzle":17,"HornCleat":1,"Shovel":9,"Mummified Hand":8,"Pantograph":21,"Strawberry":30,"Kunai":34,"Toxic Egg 2":31,"Cracked Core":0,"InkBottle":35,"Potion Belt":19,"Happy Flower":20,"PreservedInsect":28,"Orichalcum":5,"War Paint":17,"Question Card":27,"Akabeko":16,"Nuclear Battery":11,"Cables":26,"Bronze Scales":15,"Molten Egg 2":25,"Art of War":4,"Bag of Marbles":13,"Symbiotic Virus":5},{"Regal Pillow":43,"Singing Bowl":4,"Vajra":38,"StoneCalendar":21,"Bag of Preparation":31,"Whetstone":25,"Empty Cage":35,"ClockworkSouvenir":50,"Lizard Tail":0,"Nunchaku":12,"Dream Catcher":15,"Centennial Puzzle":30,"HornCleat":1,"Shovel":19,"Mummified Hand":17,"Pantograph":34,"Strawberry":44,"Kunai":50,"Toxic Egg 2":45,"Cracked Core":0,"InkBottle":51,"Potion Belt":32,"Happy Flower":33,"PreservedInsect":42,"Orichalcum":10,"War Paint":30,"Question Card":41,"Akabeko":29,"Nuclear Battery":22,"Cables":40,"Bronze Scales":28,"Molten Egg 2":39,"Art of War":7,"Bag of Marbles":25,"Symbiotic Virus":10}],"InkBottle":[7]},"card_choices":[{"not_picked":["Ball Lightning","Barrage"],"picked":"Gash","floor":1},{"not_picked":["Barrage","Reprogram"],"picked":"Defragment","floor":4},{"not_picked":["Machine Learning","Echo Form","Multi-Cast"],"picked":"Singing Bowl","floor":6},{"not_picked":["Thunder Strike","Biased Cognition","Rainbow"],"picked":"Singing Bowl","floor":7},{"not_picked":["Hyperbeam","Creative AI","Electrodynamics"],"picked":"Singing Bowl","floor":8},{"not_picked":["Thunder Strike","All For One","Buffer"],"picked":"Singing Bowl","floor":10},{"not_picked":["Seek","Thunder Strike"],"picked":"All For One","floor":11},{"not_picked":["Amplify","Seek","Meteor Strike"],"picked":"Singing Bowl","floor":12},{"not_picked":["Multi-Cast","Biased Cognition"],"picked":"All For One","floor":13},{"not_picked":["Core Surge","Meteor Strike","Amplify"],"picked":"Singing Bowl","floor":14},{"not_picked":["Hyperbeam","Thunder Strike","Creative AI"],"picked":"Singing Bowl","floor":16},{"not_picked":["Conserve Battery","Gash"],"picked":"Capacitor","floor":18},{"not_picked":["Gash","Redo","Force Field"],"picked":"Singing Bowl","floor":20},{"not_picked":["Cold Snap","Consume","Hologram"],"picked":"Singing Bowl","floor":22},{"not_picked":["Meteor Strike","Hyperbeam"],"picked":"Reboot","floor":23},{"not_picked":["Hyperbeam","Creative AI","Seek"],"picked":"Singing Bowl","floor":24},{"not_picked":["Core Surge","Amplify"],"picked":"All For One","floor":25},{"not_picked":["Rainbow","Electrodynamics","All For One"],"picked":"Singing Bowl","floor":27},{"not_picked":["Amplify","Multi-Cast","Buffer"],"picked":"Singing Bowl","floor":29},{"not_picked":["Creative AI","Meteor Strike","Amplify"],"picked":"Singing Bowl","floor":30},{"not_picked":["Chaos","Skim"],"picked":"Gash","floor":31},{"not_picked":["Buffer","Fission","Amplify"],"picked":"Singing Bowl","floor":33},{"not_picked":["Hologram","Gash","Stack+1"],"picked":"Singing Bowl","floor":35},{"not_picked":["Chill","Stack+1","Redo"],"picked":"Singing Bowl","floor":36},{"not_picked":["Core Surge+1","Hyperbeam+1","Rainbow"],"picked":"Singing Bowl","floor":39},{"not_picked":["Amplify","All For One+1","Seek"],"picked":"Singing Bowl","floor":40},{"not_picked":["Buffer","Core Surge+1","Meteor Strike+1"],"picked":"Singing Bowl","floor":41},{"not_picked":["Amplify","Echo Form","Core Surge+1","Electrodynamics"],"picked":"Singing Bowl","floor":42},{"not_picked":["Electrodynamics","Echo Form","Creative AI","Hyperbeam+1"],"picked":"Singing Bowl","floor":44},{"not_picked":["Multi-Cast","Electrodynamics","Core Surge+1","Thunder Strike+1"],"picked":"Singing Bowl","floor":46},{"not_picked":["Hyperbeam+1","Machine Learning","Amplify+1","Echo Form"],"picked":"Singing Bowl","floor":47},{"not_picked":["Hologram+1","Redo+1","Recycle+1"],"picked":"Defragment","floor":48},{"not_picked":["Amplify+1","Creative AI","Echo Form"],"picked":"Fission+1","floor":55}],"player_experience":2881085,"relics_obtained":[{"floor":6,"key":"Singing Bowl"},{"floor":7,"key":"Art of War"},{"floor":8,"key":"Orichalcum"},{"floor":9,"key":"Symbiotic Virus"},{"floor":10,"key":"Nunchaku"},{"floor":11,"key":"Dream Catcher"},{"floor":12,"key":"Mummified Hand"},{"floor":13,"key":"Shovel"},{"floor":14,"key":"StoneCalendar"},{"floor":23,"key":"Bronze Scales"},{"floor":24,"key":"Akabeko"},{"floor":25,"key":"Centennial Puzzle"},{"floor":26,"key":"War Paint"},{"floor":27,"key":"Bag of Preparation"},{"floor":29,"key":"Potion Belt"},{"floor":30,"key":"Happy Flower"},{"floor":32,"key":"Pantograph"},{"floor":39,"key":"Molten Egg 2"},{"floor":40,"key":"Cables"},{"floor":41,"key":"Question Card"},{"floor":42,"key":"PreservedInsect"},{"floor":44,"key":"Regal Pillow"},{"floor":46,"key":"Strawberry"},{"floor":47,"key":"Toxic Egg 2"},{"floor":53,"key":"Kunai"},{"floor":55,"key":"InkBottle"}],"event_choices":[{"damage_healed":0,"gold_gain":0,"player_choice":"Box","damage_taken":0,"relics_obtained":["HornCleat"],"max_hp_gain":0,"max_hp_loss":0,"event_name":"Big Fish","floor":2,"gold_loss":0,"cards_obtained":["Regret"]},{"damage_healed":0,"gold_gain":0,"player_choice":"Ignored","damage_taken":0,"max_hp_gain":0,"max_hp_loss":0,"event_name":"Liars Game","floor":5,"gold_loss":0},{"damage_healed":0,"gold_gain":0,"player_choice":"Copied","damage_taken":0,"max_hp_gain":0,"max_hp_loss":0,"event_name":"Duplicator","floor":19,"gold_loss":0,"cards_obtained":["Defragment"]},{"cards_removed":["Ball Lightning"],"damage_healed":0,"gold_gain":0,"player_choice":"Removed Attack","damage_taken":0,"max_hp_gain":0,"max_hp_loss":0,"event_name":"Falling","floor":38,"gold_loss":0}],"is_beta":false,"boss_relics":[{"not_picked":["Sozu","Runic Pyramid"],"picked":"Nuclear Battery"},{"not_picked":["Velvet Choker","FrozenCore"],"picked":"Empty Cage"}],"items_purged_floors":[3,54],"is_endless":false,"potions_floor_spawned":[1,4,7,8,16,20,25,29,30,31,36,39,41,42,44,47,55],"ascension_level":20}}