{"host":"raai0vtvcfkt8csp","time":1610121965,"event":{"mods":["2.2 Compatiblity","BaseMod","Beaked The Cultist","Block Reminder","Booster Modes","DeckTracker","Defective Defect","Dio Mod","Downfall","GifTheSpireLib","Infinite Spire","Minty Spire (QoL Compilation)","Quick Restart","Random Character Button","Rare Cards Sparkle","StSLib","Unceasing Turn Reminder"],"gold_per_floor":[172,113,113,113,126,5,33,43,43,43,43,59,93,103,128,128,229,229,139,139],"floor_reached":18,"playtime":1297,"items_purged":[],"score":215,"play_id":"515ca7fa-5c70-4018-b1c2-703bac757f62","local_time":"20210108170605","is_ascension_mode":true,"campfire_choices":[{"data":"beaked:Ceremony","floor":8,"key":"SMITH"},{"data":"beaked:Ceremony","floor":15,"key":"SMITH"}],"circlet_count":0,"master_deck":["beaked:Strike_Y","beaked:Strike_Y","beaked:Strike_Y","beaked:Defend_Y","beaked:Defend_Y","beaked:Defend_Y","beaked:Defend_Y","beaked:Ceremony+1","beaked:Ceremony+1","beaked:Ceremony+1","beaked:BraceForImpact","infinitespire:TheBestDefense","beaked:Hexing","beaked:StickSmack","beaked:Windmill","beaked:KnowThyFoe","beaked:RitualOfBody","beaked:Insight","beaked:MaddeningMurmurs","beaked:Recite","beaked:DigDeep","beaked:AwakenedForm","beaked:AwakenedForm+1","beaked:MachineEssence+1","beaked:FeelMyPain+1"],"relics":["beaked:MendingPlumage","NeowsBlessing","Blue Candle","Shuriken","Guardian:PocketSentry","Astrolabe"],"acts_visited":["Exordium","TheCity"],"potions_floor_usage":[12,12,16],"damage_taken":[{"damage":0,"enemies":"Small Slimes","floor":1,"turns":2},{"damage":0,"enemies":"2 Louse","floor":4,"turns":1},{"damage":0,"enemies":"Gremlin Nob","floor":6,"turns":1},{"damage":17,"enemies":"Cultist","floor":7,"turns":6},{"damage":27,"enemies":"Lots of Slimes","floor":11,"turns":5},{"damage":46,"enemies":"3 Sentries","floor":12,"turns":9},{"damage":4,"enemies":"Large Slime","floor":13,"turns":7},{"damage":21,"enemies":"Lagavulin","floor":14,"turns":8},{"damage":1,"enemies":"Slime Boss","floor":16,"turns":11},{"damage":57,"enemies":"2 Thieves","floor":18,"turns":3}],"seed_played":"-1022512344642530210","potions_obtained":[{"floor":3,"key":"Fire Potion"},{"floor":3,"key":"Regen Potion"},{"floor":3,"key":"SpeedPotion"},{"floor":13,"key":"AttackPotion"},{"floor":16,"key":"Ancient Potion"}],"is_trial":false,"path_per_floor":["M","?","?","M","$","E","M","R","T","?","M","E","M","E","R","B",null,"M"],"character_chosen":"BEAKED_THE_CULTIST","items_purchased":["beaked:StickSmack","beaked:Windmill"],"campfire_rested":0,"item_purchase_floors":[5,5],"current_hp_per_floor":[1,50,38,38,40,40,41,39,39,39,39,26,7,23,24,24,50,50,0,0],"gold":139,"neow_bonus":"THREE_ENEMY_KILL","is_daily":false,"chose_seed":false,"campfire_upgraded":2,"win_rate":0.0,"timestamp":1610121965,"path_taken":["M","?","?","?","$","E","?","R","T","?","M","E","M","E","R","BOSS","M"],"items_purchased_type":["Card","Card"],"build_version":"2020-12-22","purchased_purges":0,"victory":false,"max_hp_per_floor":[50,50,50,50,50,50,50,50,50,50,50,50,50,50,50,50,50,50,50,50],"card_choices":[{"not_picked":["beaked:Resilience","beaked:TuckingFeathers"],"picked":"beaked:BraceForImpact","floor":1},{"not_picked":["infinitespire:Fortify","infinitespire:Punishment"],"picked":"infinitespire:TheBestDefense","floor":2},{"not_picked":["beaked:SurvivalInstinct","beaked:Evade"],"picked":"beaked:Hexing","floor":4},{"not_picked":["beaked:TuckingFeathers","beaked:Evade"],"picked":"beaked:KnowThyFoe","floor":6},{"not_picked":["beaked:FeelMyPain","beaked:DigDeeper"],"picked":"beaked:RitualOfBody","floor":7},{"not_picked":["beaked:BraceForImpact","beaked:CursingBlood"],"picked":"beaked:Insight","floor":11},{"not_picked":["beaked:Brace","beaked:Insight"],"picked":"beaked:MaddeningMurmurs","floor":12},{"not_picked":["beaked:Negation","beaked:RuinSticks"],"picked":"beaked:Recite","floor":13},{"not_picked":["beaked:Recite","beaked:Replenish"],"picked":"beaked:DigDeep","floor":14},{"not_picked":["beaked:FullHouse","beaked:VolatileMisfortune"],"picked":"beaked:AwakenedForm","floor":16}],"player_experience":867838,"relics_obtained":[{"floor":6,"key":"Blue Candle"},{"floor":12,"key":"Shuriken"},{"floor":14,"key":"Guardian:PocketSentry"}],"event_choices":[{"damage_healed":0,"gold_gain":0,"player_choice":"Got Potions","damage_taken":0,"max_hp_gain":0,"max_hp_loss":0,"event_name":"Lab","floor":3,"gold_loss":0}],"is_beta":false,"boss_relics":[{"not_picked":["beaked:FlawlessSticks","expansioncontent:StudyCardRelic"],"picked":"Astrolabe"}],"items_purged_floors":[],"is_endless":false,"potions_floor_spawned":[4,7,13,16],"killed_by":"2 Thieves","ascension_level":1}}