{"host":"axbb6sj12fvt0d3b","time":1610070726,"event":{"mods":["AchievementEnabler","BaseMod","Better Altar","Better Match","Better Note","Better Sensory Stone","Better Skull","Better Third Choice","BetterRewards","Colored Map","Conspire","Downfall","Hermit","Highlight Path","Infinite Spire","Mimic Mod","Minty Spire (QoL Compilation)","Replay The Spire","Shop Mod","Spicy Shops","StSLib","The Cursed","The Jungle","The Runesmith","The Sage"],"gold_per_floor":[110,70,82,96,114,114,126,191,246,258,270,307,360,388,400,518,530,556,593,605,617,617],"floor_reached":21,"playtime":1450,"items_purged":[],"score":198,"play_id":"03212e99-9a77-44e6-ad18-f106263ac325","local_time":"20210107195206","is_ascension_mode":false,"campfire_choices":[{"floor":6,"key":"REST"},{"floor":11,"key":"REST"},{"floor":15,"key":"REST"}],"circlet_count":0,"master_deck":["hermit:Strike_Hermit","hermit:Defend_Hermit","hermit:Defend_Hermit","hermit:Defend_Hermit","hermit:Defend_Hermit","hermit:Snapshot","hermit:Covet","hermit:CursedWeapon","hermit:Headshot","hermit:BigShot","hermit:Vantage","hermit:Scavenge","hermit:Headshot","hermit:Malice","Burn","hermit:Ricochet","hermit:HighCaliber","hermit:Vantage","hermit:FatalDesire","hermit:Deadeye+1","hermit:PistolWhip+1","hermit:Enervate+1","hermit:Malice","hermit:Snipe"],"relics":["hermit:Momento","MawBank","Replay:Mystery Machine","Potion Belt","Astrolabe"],"acts_visited":["Exordium","TheCity"],"potions_floor_usage":[16,16],"damage_taken":[{"damage":1,"enemies":"Jaw Worm","floor":1,"turns":4},{"damage":2,"enemies":"Cultist","floor":3,"turns":4},{"damage":2,"enemies":"2 Louse","floor":4,"turns":3},{"damage":3,"enemies":"2 Fungi Beasts","floor":5,"turns":3},{"damage":4,"enemies":"Blue Slaver","floor":7,"turns":3},{"damage":27,"enemies":"Gremlin Nob","floor":8,"turns":4},{"damage":0,"enemies":"Looter","floor":9,"turns":6},{"damage":2,"enemies":"Looter","floor":12,"turns":2},{"damage":0,"enemies":"3 Louse","floor":13,"turns":7},{"damage":2,"enemies":"3 Louse","floor":14,"turns":1},{"damage":62,"enemies":"Hexaghost","floor":16,"turns":11},{"damage":21,"enemies":"Shell Parasite","floor":18,"turns":4},{"damage":5,"enemies":"Chosen","floor":19,"turns":4},{"damage":0,"enemies":"3 Cultists","floor":21,"turns":1}],"seed_played":"-7635720800067988676","potions_obtained":[{"floor":2,"key":"EssenceOfSteel"},{"floor":2,"key":"sagemod:Wine"},{"floor":2,"key":"Doom Potion"},{"floor":16,"key":"Swift Potion"},{"floor":18,"key":"ColorlessPotion"},{"floor":19,"key":"Milkshake"}],"is_trial":false,"path_per_floor":["M","?","M","M","M","R","M","?","MIM","?","R","M","MIM","M","R","B",null,"M","M","?","M"],"character_chosen":"HERMIT","items_purchased":[],"campfire_rested":3,"item_purchase_floors":[],"current_hp_per_floor":[81,81,79,77,74,82,78,51,51,51,75,73,73,71,82,20,82,61,56,56,56,56],"gold":617,"neow_bonus":"TEN_PERCENT_HP_BONUS","is_daily":false,"chose_seed":false,"campfire_upgraded":0,"win_rate":0.0,"timestamp":1610070726,"path_taken":["M","?","M","?","M","R","M","?","MIM","?","R","M","?","M","R","BOSS","M","M","?","?"],"items_purchased_type":[],"build_version":"2020-12-22","purchased_purges":0,"victory":false,"max_hp_per_floor":[82,82,82,82,82,82,82,82,82,82,82,82,82,82,82,82,82,82,82,82,82,82],"card_choices":[{"not_picked":["hermit:ShadowCloak","hermit:Misfire"],"picked":"hermit:CursedWeapon","floor":1},{"not_picked":["hermit:GhostlyPresence","hermit:TrackingShot"],"picked":"hermit:Headshot","floor":3},{"not_picked":["hermit:Showdown","hermit:Manifest"],"picked":"hermit:BigShot","floor":4},{"not_picked":["hermit:CursedWeapon","hermit:TrackingShot"],"picked":"hermit:Vantage","floor":5},{"not_picked":["hermit:Ricochet","hermit:SprayPray"],"picked":"hermit:Scavenge","floor":7},{"not_picked":["hermit:SprayPray","hermit:Midnight"],"picked":"hermit:Headshot","floor":8},{"not_picked":["hermit:Desperado","hermit:NoHoldsBarred"],"picked":"hermit:Malice","floor":9},{"not_picked":["hermit:Magnum","hermit:Spite"],"picked":"hermit:Ricochet","floor":12},{"not_picked":["hermit:Malice","hermit:Brawl"],"picked":"hermit:HighCaliber","floor":13},{"not_picked":["hermit:BodyArmor","hermit:SprayPray"],"picked":"hermit:Vantage","floor":14},{"not_picked":["hermit:EternalForm","hermit:RoundhouseKick"],"picked":"hermit:FatalDesire","floor":16},{"not_picked":["hermit:LowProfile","hermit:PistolWhip"],"picked":"hermit:Malice","floor":18},{"not_picked":["hermit:Headshot+1","hermit:SprayPray"],"picked":"hermit:Snipe","floor":19}],"player_experience":115459,"relics_obtained":[{"floor":9,"key":"Replay:Mystery Machine"},{"floor":13,"key":"Potion Belt"}],"event_choices":[{"damage_healed":0,"gold_gain":0,"player_choice":"Bought 3 Potions","damage_taken":0,"max_hp_gain":0,"max_hp_loss":0,"event_name":"The Woman in Blue","floor":2,"gold_loss":0},{"damage_healed":0,"gold_gain":30,"player_choice":"Searched \u00273\u0027 times","damage_taken":0,"relics_obtained":["MawBank"],"max_hp_gain":0,"max_hp_loss":0,"event_name":"Dead Adventurer","floor":8,"gold_loss":0},{"damage_healed":51,"gold_gain":0,"player_choice":"Embrace Burn","damage_taken":0,"max_hp_gain":0,"max_hp_loss":82,"event_name":"betterThird:BetterShining","floor":10,"gold_loss":0},{"cards_removed":["hermit:Strike_Hermit"],"damage_healed":0,"gold_gain":0,"player_choice":"Give","damage_taken":0,"max_hp_gain":0,"max_hp_loss":0,"event_name":"betterNote:BetterNote","floor":20,"gold_loss":0,"cards_obtained":["TheCursedMod:Dregs"]}],"is_beta":false,"boss_relics":[{"not_picked":["hermit:DentedPlate","Philosopher\u0027s Stone"],"picked":"Astrolabe"}],"items_purged_floors":[],"is_endless":false,"potions_floor_spawned":[5,7,8,12,16,18,19],"killed_by":"3 Cultists","ascension_level":0}}