{"host":"dowi7cgbhepuzvpj","time":1610124337,"event":{"mods":["AchievementEnabler","BaseMod","Colored Map","Highlight Path","Keyboard Shortcuts","Minty Spire (QoL Compilation)","Permanent Neow","Quick Restart","StSLib","SuperFastMode"],"gold_per_floor":[119,169,181,195,21,21,48,59,108,33,43,70,70,82,82,156,156,171,191,25,25,25,25,50,50,50,50,82,7,26,46,46,120,120,136,155,171,85,100,100,111,163,216,216,245,245,264,276,276,276,276],"floor_reached":50,"playtime":1305,"items_purged":["Strike_G"],"score":1033,"play_id":"afbbbc38-cc06-422f-afdf-e2146627675c","local_time":"20210109014537","is_ascension_mode":true,"campfire_choices":[{"data":"Neutralize","floor":6.0,"key":"SMITH"},{"data":"Blade Dance","floor":13.0,"key":"SMITH"},{"data":"Accuracy","floor":15.0,"key":"SMITH"},{"floor":23.0,"key":"REST"},{"data":"Footwork","floor":27.0,"key":"SMITH"},{"data":"Footwork","floor":32.0,"key":"SMITH"},{"floor":40.0,"key":"REST"},{"data":"After Image","floor":44,"key":"SMITH"},{"floor":49,"key":"REST"}],"circlet_count":0,"master_deck":["AscendersBane","Strike_G","Strike_G","Defend_G","Defend_G","Defend_G","Defend_G","Defend_G","Survivor","Neutralize+1","Cloak And Dagger","Blade Dance+1","Adrenaline","Flash of Steel","Accuracy+1","Escape Plan","Blade Dance","Venomology","Footwork+1","Escape Plan","Accuracy","Finisher","Footwork+1","Adrenaline","Footwork","Cloak And Dagger","After Image+1","Blur","Terror+1","Accuracy","Blade Dance","Dodge and Roll","PiercingWail","Tools of the Trade"],"relics":["WristBlade","StrikeDummy","Bag of Marbles","Boot","Philosopher\u0027s Stone","Lantern","Ninja Scroll","Vajra","Runic Dome","StoneCalendar","Ancient Tea Set","Toy Ornithopter","Bag of Preparation"],"acts_visited":["Exordium","TheCity","TheBeyond"],"potions_floor_usage":[42,42,45,47,47,48,50,50],"damage_taken":[{"damage":2.0,"enemies":"2 Louse","floor":1.0,"turns":3.0},{"damage":0.0,"enemies":"Cultist","floor":3.0,"turns":4.0},{"damage":0.0,"enemies":"Small Slimes","floor":4.0,"turns":2.0},{"damage":11.0,"enemies":"Lagavulin","floor":7.0,"turns":5.0},{"damage":1.0,"enemies":"Looter","floor":8.0,"turns":3.0},{"damage":0.0,"enemies":"Large Slime","floor":11.0,"turns":3.0},{"damage":16.0,"enemies":"Gremlin Nob","floor":12.0,"turns":3.0},{"damage":0.0,"enemies":"Blue Slaver","floor":14.0,"turns":2.0},{"damage":1.0,"enemies":"The Guardian","floor":16.0,"turns":9.0},{"damage":0.0,"enemies":"Shell Parasite","floor":18.0,"turns":1.0},{"damage":9.0,"enemies":"2 Thieves","floor":19.0,"turns":3.0},{"damage":11.0,"enemies":"Book of Stabbing","floor":24.0,"turns":3.0},{"damage":0.0,"enemies":"Gremlin Leader","floor":28.0,"turns":2.0},{"damage":0.0,"enemies":"Snake Plant","floor":30.0,"turns":2.0},{"damage":9.0,"enemies":"Chosen and Byrds","floor":31.0,"turns":2.0},{"damage":6.0,"enemies":"Champ","floor":33.0,"turns":6.0},{"damage":0.0,"enemies":"Orb Walker","floor":35.0,"turns":1.0},{"damage":8.0,"enemies":"3 Darklings","floor":36.0,"turns":5.0},{"damage":51.0,"enemies":"Transient","floor":37.0,"turns":5.0},{"damage":4.0,"enemies":"Spire Growth","floor":39.0,"turns":3.0},{"damage":1.0,"enemies":"Jaw Worm Horde","floor":41.0,"turns":4.0},{"damage":0,"enemies":"2 Orb Walkers","floor":42,"turns":4},{"damage":26,"enemies":"Nemesis","floor":45,"turns":7},{"damage":0,"enemies":"3 Darklings","floor":47,"turns":4},{"damage":0,"enemies":"Writhing Mass","floor":48,"turns":2},{"damage":53,"enemies":"Time Eater","floor":50,"turns":6}],"seed_played":"-6659729628127716176","potions_obtained":[{"floor":3.0,"key":"EssenceOfSteel"},{"floor":7.0,"key":"Ancient Potion"},{"floor":11.0,"key":"Strength Potion"},{"floor":12.0,"key":"ColorlessPotion"},{"floor":16.0,"key":"BlessingOfTheForge"},{"floor":18.0,"key":"FearPotion"},{"floor":24.0,"key":"Dexterity Potion"},{"floor":36.0,"key":"Regen Potion"},{"floor":37.0,"key":"EntropicBrew"},{"floor":45,"key":"Fire Potion"}],"is_trial":false,"path_per_floor":["M","?","M","M","$","R","E","M","T","?","M","E","R","M","R","B",null,"M","M","$","?","?","R","E","?","T","R","E","?","M","M","R","B",null,"M","M","M","$","M","R","M","?","T","R","E","?","M","M","R","B"],"character_chosen":"THE_SILENT","items_purchased":["Flash of Steel","Accuracy","Finisher","Accuracy"],"campfire_rested":3,"item_purchase_floors":[5,20,20,38],"current_hp_per_floor":[57,51,51,51,51,51,40,39,39,39,39,23,23,23,23,22,55,55,46,46,46,28,49,38,38,38,38,38,38,38,29,29,23,59,59,51,15,15,11,32,31,31,31,31,5,5,15,20,41,0,0],"gold":276,"neow_bonus":"BOSS_RELIC","is_daily":false,"chose_seed":false,"campfire_upgraded":6,"win_rate":0.0,"timestamp":1610124337,"path_taken":["M","?","?","M","$","R","E","M","T","?","M","E","R","M","R","BOSS","M","M","$","?","?","R","E","?","T","R","E","?","M","M","R","BOSS","M","M","M","$","M","R","M","?","T","R","E","?","M","M","R","BOSS"],"items_purchased_type":["Card","Card","Card","Card"],"build_version":"2020-12-22","purchased_purges":1,"victory":false,"max_hp_per_floor":[66,66,66,66,66,66,66,66,66,66,66,66,66,66,66,66,66,66,66,66,66,71,71,71,71,71,71,71,71,71,71,71,71,71,71,71,71,71,71,71,71,71,71,71,71,71,71,71,71,71,71],"card_choices":[{"not_picked":["Prepared","Outmaneuver"],"picked":"Cloak And Dagger","floor":1.0},{"not_picked":["Escape Plan","Acrobatics"],"picked":"Blade Dance","floor":3.0},{"not_picked":["Prepared","Dagger Throw"],"picked":"Adrenaline","floor":4.0},{"not_picked":["Eviscerate","Deflect"],"picked":"Accuracy","floor":7.0},{"not_picked":["Predator","Deadly Poison","Dodge and Roll"],"picked":"SKIP","floor":8.0},{"not_picked":["Expertise","Dagger Spray"],"picked":"Escape Plan","floor":11.0},{"not_picked":["Underhanded Strike","Skewer"],"picked":"Blade Dance","floor":12.0},{"not_picked":["Outmaneuver","Acrobatics","Bane"],"picked":"SKIP","floor":14.0},{"not_picked":["Corpse Explosion","Envenom"],"picked":"Venomology","floor":16.0},{"not_picked":["PiercingWail","Bane"],"picked":"Footwork","floor":18.0},{"not_picked":["Quick Slash","Deadly Poison"],"picked":"Escape Plan","floor":19.0},{"not_picked":["Bane","Backstab"],"picked":"Footwork","floor":24.0},{"not_picked":["Prepared","Distraction"],"picked":"Adrenaline","floor":28.0},{"not_picked":["Underhanded Strike+1","Expertise"],"picked":"Footwork","floor":30.0},{"not_picked":["Masterful Stab","Poisoned Stab"],"picked":"Cloak And Dagger","floor":31.0},{"not_picked":["Malaise","Grand Finale"],"picked":"After Image","floor":33.0},{"not_picked":["Dagger Spray","Deadly Poison"],"picked":"Blur","floor":35.0},{"not_picked":["PiercingWail","Blade Dance"],"picked":"Terror+1","floor":36.0},{"not_picked":["Blur+1","Flechettes+1","Acrobatics"],"picked":"SKIP","floor":37.0},{"not_picked":["Quick Slash+1","Sucker Punch"],"picked":"Blade Dance","floor":39.0},{"not_picked":["Blur","Backstab"],"picked":"Dodge and Roll","floor":41},{"not_picked":["Dodge and Roll","Slice"],"picked":"PiercingWail","floor":42},{"not_picked":["Concentrate","Caltrops+1","Finisher+1"],"picked":"SKIP","floor":45},{"not_picked":["Flying Knee+1","Cloak And Dagger"],"picked":"Tools of the Trade","floor":47},{"not_picked":["Flying Knee","Reflex","Endless Agony"],"picked":"SKIP","floor":48}],"player_experience":783038,"relics_obtained":[{"floor":7.0,"key":"StrikeDummy"},{"floor":9.0,"key":"Bag of Marbles"},{"floor":12.0,"key":"Boot"},{"floor":24.0,"key":"Lantern"},{"floor":26.0,"key":"Ninja Scroll"},{"floor":28.0,"key":"Vajra"},{"floor":42,"key":"StoneCalendar"},{"floor":43,"key":"Ancient Tea Set"},{"floor":45,"key":"Toy Ornithopter"},{"floor":46,"key":"Bag of Preparation"}],"event_choices":[{"damage_healed":0.0,"max_hp_gain":0.0,"max_hp_loss":0.0,"gold_gain":50.0,"event_name":"FaceTrader","player_choice":"Touch","floor":2.0,"gold_loss":0.0,"damage_taken":6.0},{"cards_removed":["Strike_G"],"damage_healed":0.0,"max_hp_gain":0.0,"max_hp_loss":0.0,"gold_gain":0.0,"event_name":"The Cleric","player_choice":"Card Removal","floor":10.0,"gold_loss":75.0,"damage_taken":0.0},{"damage_healed":0.0,"max_hp_gain":0.0,"max_hp_loss":0.0,"gold_gain":0.0,"event_name":"Ghosts","player_choice":"Ignored","floor":21.0,"gold_loss":0.0,"damage_taken":0.0},{"damage_healed":0.0,"max_hp_gain":5.0,"max_hp_loss":0.0,"gold_gain":0.0,"event_name":"Forgotten Altar","player_choice":"Shed Blood","floor":22.0,"gold_loss":0.0,"damage_taken":23.0},{"cards_removed":["Strike_G"],"damage_healed":0.0,"max_hp_gain":0.0,"max_hp_loss":0.0,"gold_gain":0.0,"event_name":"Beggar","player_choice":"Gave Gold","floor":29.0,"gold_loss":75.0,"damage_taken":0.0},{"damage_healed":0,"gold_gain":0,"player_choice":"Fight","damage_taken":0,"max_hp_gain":0,"max_hp_loss":0,"event_name":"Mysterious Sphere","floor":42,"gold_loss":0},{"damage_healed":0,"gold_gain":0,"player_choice":"Relic","damage_taken":0,"max_hp_gain":0,"max_hp_loss":0,"event_name":"Wheel of Change","floor":46,"gold_loss":0}],"is_beta":false,"boss_relics":[{"not_picked":["HoveringKite","SlaversCollar"],"picked":"Philosopher\u0027s Stone"},{"not_picked":["Velvet Choker","Snecko Eye"],"picked":"Runic Dome"}],"items_purged_floors":[5],"is_endless":false,"potions_floor_spawned":[3,7,11,12,16,18,24,36,37,41,45],"killed_by":"Time Eater","ascension_level":16}}