{"host":"taazmjmli6ma7loo","time":1610146937,"event":{"mods":["AchievementEnabler","BaseMod","DeckTracker","Marisa£¨Ùöéë¡¡Øª×âÞÞ£©","Minty Spire (QoL Compilation)","StSLib","The Cursed"],"gold_per_floor":[112,125,142,28,45,70,70,89,115,115,127,141,154,154,154,249,249,263,280,292,75,93,118,118,118,118,118,149,162,188,201,201,303,303,317,329,41,57,72,72,127,127,127],"floor_reached":42,"playtime":4249,"items_purged":["TheCursedMod:Strike_TheCursed","TheCursedMod:Neurasthenia"],"score":493,"play_id":"9850b2d6-3033-4c3f-b6ef-b3fd4a8fa697","local_time":"20210109080217","is_ascension_mode":false,"campfire_choices":[{"floor":7,"key":"REST"},{"floor":15,"key":"REST"},{"floor":25,"key":"REST"},{"floor":27,"key":"REST"},{"floor":32,"key":"REST"},{"floor":40,"key":"REST"}],"circlet_count":0,"master_deck":["TheCursedMod:Strike_TheCursed","TheCursedMod:Strike_TheCursed","TheCursedMod:Strike_TheCursed","TheCursedMod:Defend_TheCursed","TheCursedMod:Defend_TheCursed","TheCursedMod:Defend_TheCursed","TheCursedMod:Defend_TheCursed","TheCursedMod:CursedWand","TheCursedMod:CleanUpWorkshop","TheCursedMod:Dregs","TheCursedMod:CursedBlade","TheCursedMod:AbyssShockwave","TheCursedMod:CursedAmulet","TheCursedMod:SpitefulStrike","TheCursedMod:CursedSpellbook","TheCursedMod:CursedSpellbook","TheCursedMod:CircleOfCorruption","TheCursedMod:BlessingInDisguise","TheCursedMod:AbyssShockwave","TheCursedMod:ManaBullet","TheCursedMod:WearCloak","Pain","TheCursedMod:ShockAndAwe","TheCursedMod:CursedMace","TheCursedMod:CircleOfCorruption","TheCursedMod:WearCloak+1","TheCursedMod:SoulCrush","TheCursedMod:HellfireBreathing","TheCursedMod:CircleOfFlame","TheCursedMod:ReleasedStrength","TheCursedMod:BloodBarrier+1","TheCursedMod:CursedSpellbook","TheCursedMod:ParallelWorld","TheCursedMod:SpitefulStrike+1","TheCursedMod:SoulReap+1","TheCursedMod:HellsGateOpen","TheCursedMod:WearCloak+1","TheCursedMod:TacticalStrike+1","TheCursedMod:SpitefulStrike+1"],"relics":["TheCursedMod:BlackMagic101","Darkstone Periapt","Blood Vial","Regal Pillow","WarpedTongs","Philosopher\u0027s Stone","Omamori","Lizard Tail","TungstenRod","Centennial Puzzle","TheCursedMod:FourLeafCloverCharm","Orichalcum","Torii"],"acts_visited":["Exordium","TheCity","TheBeyond"],"potions_floor_usage":[6,11,16,23,24,31,31,31,31,33,33,33,38],"damage_taken":[{"damage":3,"enemies":"Cultist","floor":1,"turns":3},{"damage":0,"enemies":"Small Slimes","floor":2,"turns":3},{"damage":0,"enemies":"2 Louse","floor":3,"turns":2},{"damage":10,"enemies":"Blue Slaver","floor":5,"turns":4},{"damage":54,"enemies":"Lagavulin","floor":6,"turns":7},{"damage":1,"enemies":"Large Slime","floor":8,"turns":3},{"damage":1,"enemies":"Red Slaver","floor":11,"turns":2},{"damage":0,"enemies":"Looter","floor":12,"turns":3},{"damage":0,"enemies":"Gremlin Gang","floor":13,"turns":1},{"damage":25,"enemies":"Slime Boss","floor":16,"turns":10},{"damage":0,"enemies":"3 Byrds","floor":18,"turns":3},{"damage":6,"enemies":"Chosen","floor":19,"turns":3},{"damage":10,"enemies":"Centurion and Healer","floor":20,"turns":5},{"damage":42,"enemies":"Chosen and Byrds","floor":22,"turns":6},{"damage":15,"enemies":"Book of Stabbing","floor":23,"turns":4},{"damage":0,"enemies":"Cultist and Chosen","floor":24,"turns":1},{"damage":34,"enemies":"Gremlin Leader","floor":28,"turns":5},{"damage":5,"enemies":"Snecko","floor":29,"turns":5},{"damage":20,"enemies":"Slavers","floor":30,"turns":4},{"damage":14,"enemies":"Snake Plant","floor":31,"turns":3},{"damage":18,"enemies":"Collector","floor":33,"turns":9},{"damage":13,"enemies":"3 Shapes","floor":35,"turns":2},{"damage":10,"enemies":"3 Darklings","floor":36,"turns":3},{"damage":31,"enemies":"Transient","floor":38,"turns":5},{"damage":14,"enemies":"4 Shapes","floor":39,"turns":4},{"damage":83,"enemies":"2 Orb Walkers","floor":41,"turns":5},{"damage":49,"enemies":"Nemesis","floor":42,"turns":3}],"seed_played":"8246133045086006283","potions_obtained":[{"floor":0,"key":"Energy Potion"},{"floor":0,"key":"SmokeBomb"},{"floor":0,"key":"Fire Potion"},{"floor":1,"key":"Fire Potion"},{"floor":8,"key":"Block Potion"},{"floor":11,"key":"BlessingOfTheForge"},{"floor":13,"key":"DistilledChaos"},{"floor":16,"key":"SkillPotion"},{"floor":23,"key":"EntropicBrew"},{"floor":30,"key":"SpeedPotion"},{"floor":31,"key":"Fire Potion"},{"floor":36,"key":"EssenceOfSteel"},{"floor":41,"key":"PowerPotion"}],"is_trial":false,"path_per_floor":["M","M","M","$","M","E","R","M","T","?","M","M","M","?","R","B",null,"M","M","M","$","M","E","M","R","T","R","E","M","E","M","R","B",null,"M","M","$","M","M","R","?","E"],"character_chosen":"THE_CURSED","items_purchased":["TheCursedMod:SpitefulStrike","TheCursedMod:CursedSpellbook","TheCursedMod:SoulCrush","TheCursedMod:HellfireBreathing","Orichalcum","TheCursedMod:HellsGateOpen"],"campfire_rested":6,"item_purchase_floors":[4,4,21,21,37,37],"current_hp_per_floor":[72,72,72,72,62,8,30,29,29,11,12,14,16,22,61,38,81,81,75,67,67,27,14,16,55,55,81,47,44,26,14,53,37,81,68,60,60,42,30,69,40,0,0],"gold":127,"neow_bonus":"THREE_SMALL_POTIONS","is_daily":false,"chose_seed":false,"campfire_upgraded":0,"win_rate":0.0,"timestamp":1610146937,"path_taken":["M","M","?","?","M","E","R","?","T","?","M","M","M","?","R","BOSS","M","M","M","$","M","E","M","R","T","R","E","M","E","M","R","BOSS","M","M","$","?","M","R","?","E"],"items_purchased_type":["Card","Card","Card","Card","Relic","Card"],"build_version":"2020-12-22","purchased_purges":2,"victory":false,"max_hp_per_floor":[75,75,75,75,75,75,75,75,75,75,75,75,75,81,81,81,81,81,81,81,81,81,81,81,81,81,81,81,81,81,81,81,81,81,81,81,81,81,81,81,81,81,81],"card_choices":[{"not_picked":["TheCursedMod:SpitefulPlan","TheCursedMod:Mangle"],"picked":"TheCursedMod:CursedBlade","floor":1},{"not_picked":["TheCursedMod:RavingStaff","TheCursedMod:BloodBarrier"],"picked":"TheCursedMod:AbyssShockwave","floor":2},{"not_picked":["TheCursedMod:SurpriseAttack","TheCursedMod:FleshFromBone"],"picked":"TheCursedMod:CursedAmulet","floor":3},{"not_picked":["TheCursedMod:Obscuration","TheCursedMod:LuckyCharm"],"picked":"TheCursedMod:CursedSpellbook","floor":5},{"not_picked":["TheCursedMod:CircleOfAbyss","TheCursedMod:BloodBarrier"],"picked":"TheCursedMod:CircleOfCorruption","floor":6},{"not_picked":["TheCursedMod:CursedMace","TheCursedMod:SmokeScreen"],"picked":"TheCursedMod:BlessingInDisguise","floor":8},{"not_picked":["TheCursedMod:SmokeScreen","TheCursedMod:Torture"],"picked":"TheCursedMod:AbyssShockwave","floor":11},{"not_picked":["TheCursedMod:SpitefulPray","TheCursedMod:SmokeScreen"],"picked":"TheCursedMod:ManaBullet","floor":12},{"not_picked":["TheCursedMod:SmokeScreen","TheCursedMod:RapidMovement"],"picked":"TheCursedMod:WearCloak","floor":13},{"not_picked":["TheCursedMod:UltimatePain","TheCursedMod:AntiAging"],"picked":"TheCursedMod:ShockAndAwe","floor":16},{"not_picked":["TheCursedMod:RavingStaff+1","TheCursedMod:RapidMovement"],"picked":"TheCursedMod:CursedMace","floor":18},{"not_picked":["TheCursedMod:CursedMace","TheCursedMod:BloodBarrier"],"picked":"TheCursedMod:CircleOfCorruption","floor":19},{"not_picked":["TheCursedMod:LuckyCharm","TheCursedMod:CursedShiv"],"picked":"TheCursedMod:WearCloak+1","floor":20},{"not_picked":["TheCursedMod:EmpowerCircles","TheCursedMod:Torture","TheCursedMod:UltimatePain"],"picked":"SKIP","floor":22},{"not_picked":["TheCursedMod:Evocation","TheCursedMod:SaltUponWound+1"],"picked":"TheCursedMod:CircleOfFlame","floor":23},{"not_picked":["TheCursedMod:UltimatePain","TheCursedMod:AshesToAshes+1"],"picked":"TheCursedMod:Neurasthenia","floor":28},{"not_picked":["TheCursedMod:SurpriseAttack+1","TheCursedMod:SpitefulStrike"],"picked":"TheCursedMod:ReleasedStrength","floor":29},{"not_picked":["TheCursedMod:Mangle","TheCursedMod:VitalStrike"],"picked":"TheCursedMod:BloodBarrier+1","floor":30},{"not_picked":["TheCursedMod:StunningStrike","TheCursedMod:CursedAmulet"],"picked":"TheCursedMod:CursedSpellbook","floor":31},{"not_picked":["TheCursedMod:UltimatePain","TheCursedMod:ShockAndAwe"],"picked":"TheCursedMod:ParallelWorld","floor":33},{"not_picked":["TheCursedMod:CircleOfCorruption+1","TheCursedMod:Stigma"],"picked":"TheCursedMod:SpitefulStrike+1","floor":35},{"not_picked":["TheCursedMod:SpreadPlague","TheCursedMod:DarkBarrier"],"picked":"TheCursedMod:SoulReap+1","floor":36},{"not_picked":["TheCursedMod:CursedShiv+1","TheCursedMod:SpitefulPray+1"],"picked":"TheCursedMod:WearCloak+1","floor":38},{"not_picked":["TheCursedMod:CircleOfFlame+1","TheCursedMod:CursedAmulet"],"picked":"TheCursedMod:TacticalStrike+1","floor":39},{"not_picked":["TheCursedMod:CursedAmulet+1","TheCursedMod:AshesToAshes+1"],"picked":"TheCursedMod:SpitefulStrike+1","floor":41}],"player_experience":437299,"relics_obtained":[{"floor":6,"key":"Darkstone Periapt"},{"floor":9,"key":"Blood Vial"},{"floor":23,"key":"Omamori"},{"floor":26,"key":"Lizard Tail"},{"floor":28,"key":"TungstenRod"},{"floor":30,"key":"Centennial Puzzle"},{"floor":41,"key":"Torii"}],"event_choices":[{"damage_healed":0,"gold_gain":0,"player_choice":"Success","damage_taken":18,"relics_obtained":["Regal Pillow"],"max_hp_gain":0,"max_hp_loss":0,"event_name":"Scrap Ooze","floor":10,"gold_loss":0},{"damage_healed":0,"gold_gain":0,"player_choice":"Rummage","damage_taken":0,"relics_obtained":["WarpedTongs"],"max_hp_gain":0,"max_hp_loss":0,"event_name":"Accursed Blacksmith","floor":14,"gold_loss":0,"cards_obtained":["Pain"]},{"damage_healed":0,"gold_gain":0,"player_choice":"Fight","damage_taken":0,"max_hp_gain":0,"max_hp_loss":0,"event_name":"Mysterious Sphere","floor":41,"gold_loss":0}],"is_beta":false,"boss_relics":[{"not_picked":["Runic Pyramid","Coffee Dripper"],"picked":"Philosopher\u0027s Stone"},{"not_picked":["TheCursedMod:OminousMark","SlaversCollar"],"picked":"TheCursedMod:FourLeafCloverCharm"}],"items_purged_floors":[21,37],"is_endless":false,"potions_floor_spawned":[1,8,11,13,16,19,22,23,28,30,31,36,41],"killed_by":"Nemesis","ascension_level":0}}