{"host":"dpbezu80jg8zk7un","time":1610097650,"event":{"mods":["BaseMod","Colored Map","Colored Powertips","Custom Start","DeckTracker","Minty Spire (QoL Compilation)","Quick Restart","StSLib","SuperFastMode"],"gold_per_floor":[366,366,383,458,476,476,496,496,496,526,398,398,413,313,313,386,386,397,272,272,290,565,565,578,578,578,421,440,440,440],"floor_reached":29,"playtime":735,"items_purged":["Strike_R","Strike_R","Strike_R"],"score":426,"play_id":"846935af-1891-46f0-9fd4-56b4d3d5ee7e","local_time":"20210108182050","is_ascension_mode":true,"campfire_choices":[{"data":"Pommel Strike","floor":6.0,"key":"SMITH"},{"data":"Whirlwind","floor":8.0,"key":"SMITH"},{"data":"Bash","floor":15.0,"key":"SMITH"},{"floor":23.0,"key":"RECALL"},{"floor":25.0,"key":"REST"}],"circlet_count":0,"master_deck":["AscendersBane","Defend_R","Defend_R","Defend_R","Defend_R","Bash+1","Whirlwind+1","Battle Trance","Pommel Strike+1","Dropkick","Seeing Red","Dropkick","Regret","Shrug It Off","Shockwave"],"relics":["Burning Blood","Sundial","White Beast Statue","Empty Cage","InkBottle","Orrery"],"acts_visited":["Exordium","TheCity"],"potions_floor_usage":[29,29],"damage_taken":[{"damage":7.0,"enemies":"Cultist","floor":1.0,"turns":4.0},{"damage":18.0,"enemies":"Small Slimes","floor":3.0,"turns":5.0},{"damage":2.0,"enemies":"Jaw Worm","floor":5.0,"turns":6.0},{"damage":11.0,"enemies":"Looter","floor":7.0,"turns":5.0},{"damage":0.0,"enemies":"Large Slime","floor":13.0,"turns":3.0},{"damage":21.0,"enemies":"The Guardian","floor":16.0,"turns":11.0},{"damage":11.0,"enemies":"Spheric Guardian","floor":18.0,"turns":3.0},{"damage":8.0,"enemies":"3 Byrds","floor":21.0,"turns":3.0},{"damage":41.0,"enemies":"Shelled Parasite and Fungi","floor":24.0,"turns":3.0},{"damage":34,"enemies":"Centurion and Healer","floor":28,"turns":6},{"damage":26,"enemies":"Slavers","floor":29,"turns":1}],"seed_played":"3940923394221689145","potions_obtained":[{"floor":13.0,"key":"Strength Potion"},{"floor":16.0,"key":"LiquidBronze"},{"floor":18.0,"key":"SpeedPotion"},{"floor":21.0,"key":"Regen Potion"},{"floor":24.0,"key":"Explosive Potion"},{"floor":28,"key":"Explosive Potion"}],"is_trial":false,"path_per_floor":["M","T","M","?","M","R","M","R","T","?","$","?","M","$","R","B",null,"M","$","?","M","?","R","M","R","T","$","M","E"],"character_chosen":"IRONCLAD","items_purchased":["Strength Potion","Orrery"],"campfire_rested":1,"item_purchase_floors":[11,27],"current_hp_per_floor":[49,49,37,26,30,30,25,25,25,25,25,25,31,31,31,16,60,55,55,55,53,53,53,27,49,49,49,21,0,0],"gold":440,"neow_bonus":"TWO_FIFTY_GOLD","is_daily":false,"chose_seed":false,"campfire_upgraded":3,"win_rate":0.0,"timestamp":1610097650,"path_taken":["M","?","M","?","M","R","?","R","T","?","$","?","M","$","R","BOSS","M","$","?","M","?","R","?","R","T","$","M","E"],"items_purchased_type":["Potion","Relic"],"build_version":"2020-12-22","purchased_purges":3,"victory":false,"max_hp_per_floor":[75,75,75,75,75,75,75,75,75,75,75,75,75,75,75,75,75,75,75,75,75,75,75,75,75,75,75,75,75,75],"card_choices":[{"not_picked":["Iron Wave","Clothesline"],"picked":"Whirlwind","floor":1.0},{"not_picked":["Rampage","Flex"],"picked":"Battle Trance","floor":3.0},{"not_picked":["Hemokinesis","Rampage"],"picked":"Pommel Strike","floor":5.0},{"not_picked":["Rampage","Intimidate","Perfected Strike"],"picked":"SKIP","floor":7.0},{"not_picked":["Pommel Strike","Power Through"],"picked":"Dropkick","floor":13.0},{"not_picked":["Perfected Strike","Havoc"],"picked":"Seeing Red","floor":18.0},{"not_picked":["Headbutt","Perfected Strike"],"picked":"Dropkick","floor":21.0},{"not_picked":["Cleave","Uppercut","Dark Embrace"],"picked":"SKIP","floor":24.0},{"not_picked":["Perfected Strike","Burning Pact"],"picked":"Shrug It Off","floor":27},{"not_picked":["Perfected Strike","Cleave"],"picked":"Shockwave","floor":27},{"not_picked":["Feel No Pain","Cleave","Hemokinesis"],"picked":"SKIP","floor":28}],"player_experience":2853702,"relics_obtained":[{"floor":2.0,"key":"Sundial"},{"floor":9.0,"key":"White Beast Statue"},{"floor":26.0,"key":"InkBottle"}],"event_choices":[{"damage_healed":0.0,"max_hp_gain":0.0,"max_hp_loss":0.0,"gold_gain":75.0,"event_name":"World of Goop","player_choice":"Gather Gold","floor":4.0,"gold_loss":0.0,"damage_taken":11.0},{"damage_healed":0.0,"max_hp_gain":0.0,"max_hp_loss":0.0,"gold_gain":30.0,"event_name":"Dead Adventurer","player_choice":"Searched \u00271\u0027 times","floor":10.0,"gold_loss":0.0,"damage_taken":0.0},{"damage_healed":0.0,"max_hp_gain":0.0,"max_hp_loss":0.0,"gold_gain":0.0,"event_name":"Scrap Ooze","player_choice":"Fled","floor":12.0,"gold_loss":0.0,"damage_taken":0.0},{"damage_healed":0.0,"max_hp_gain":0.0,"max_hp_loss":0.0,"gold_gain":0.0,"event_name":"Ghosts","player_choice":"Ignored","floor":20.0,"gold_loss":0.0,"damage_taken":0.0},{"damage_healed":0.0,"max_hp_gain":0.0,"max_hp_loss":0.0,"gold_gain":275.0,"event_name":"Golden Shrine","player_choice":"Desecrate","floor":22.0,"gold_loss":0.0,"damage_taken":0.0,"cards_obtained":["Regret"]}],"is_beta":false,"boss_relics":[{"not_picked":["Velvet Choker","Ectoplasm"],"picked":"Empty Cage"}],"items_purged_floors":[11,14,19],"is_endless":false,"potions_floor_spawned":[13,16,18,21,24,28],"killed_by":"Slavers","ascension_level":20}}