{"host":"wvaiab5ya9pyia0u","time":1610110925,"event":{"mods":["2.2 Compatiblity","Act Like it!","Aspiration","Bard","BaseMod","Bestiary","BetterRewards","Challenge The Spire","Colored Powertips","Conspire","Custom Start","DeckTracker","Hermit","Highlight Path","Hubris","Humility","Infinite Spire","Lobotomy","Mimic Mod","Minty Spire (QoL Compilation)","Pale of the Ancients","Practice Mode","Quarter Circle Forward PUNCH!","Quick Restart","Rare Cards Sparkle","Replay The Spire","Reworked Bosses","SacredBarkPlus","Shop Mod","Spicy Shops","StSLib","The Blue Laboratory","The Construct","The Cursed","The Disciple","The Factory","The Hierophant","The Jungle","The Marked","The Mystic","The Runesmith","The Servant 0.9.4","TheBandit","Thieving Mod","Wandering Minibosses","everything is the same but u backflip on backflip","slay the spire mod where everything is the same but ironclad has a cowboy hat"],"gold_per_floor":[115,134,149,135,135,135,153,171,171,181,181,196,196,41,41,144,144,162,162,162,194,394,422,422,437,513,529,79,79,96,107,107,212,212,232,252,61,61,74,102,102,119,119,136,136,151,151,169,169,169,169,169,43,69,69],"floor_reached":56,"playtime":5217,"items_purged":["SwitchThreat"],"score":1320,"play_id":"e2510c19-1c36-428f-a1e0-eaf3acd82278","local_time":"20210108140205","is_ascension_mode":false,"campfire_choices":[{"data":"Conserve Battery","floor":6.0,"key":"SMITH"},{"data":"Conserve Battery","floor":13.0,"key":"SMITH"},{"floor":15.0,"key":"DIG"},{"floor":24.0,"key":"REST"},{"floor":32.0,"key":"REST"},{"floor":41.0,"key":"RECALL"},{"floor":45.0,"key":"REST"},{"floor":49.0,"key":"REST"},{"floor":52.0,"key":"REST"}],"circlet_count":0,"master_deck":["Strike_B","Strike_B","Strike_B","Strike_B","Defend_B","Defend_B","Defend_B","Defend_B+1","Zap","Dualcast","Conserve Battery+1","Conserve Battery+1","Capacitor","ReplayTheSpireMod:System Scan","Doom and Gloom","conspire:SharedLibrary","Barrage","ReplayTheSpireMod:Omega Cannon","Chill","Machine Learning","BasicCrystalCard","infinitespire:NeuralNetwork","infinitespire:Collect+1","Turbo","Leap+1","Darkness+1","hubris:PowerSurge","hubris:PowerSurge","hubris:PowerSurge","Barrage+1","Coolheaded","Fission","BootSequence","Undo","Turbo","aspiration:Polymerization","Double Energy+1","Compile Driver","Defragment+1","infinitespire:FutureSight","Loop+1","Skim","Heatsinks+1","ReplayTheSpireMod:Calculation Training+1"],"relics":["Cracked Core","hubris:BundleOfHerbs","CultistMask","Replay:Ringing Soul","infinitespire:Eraser","Fusion Hammer","conspire:RunicOctahedron","Red Mask","War Paint","Cables","Omamori","hubris:SphereOfDissonance","hubris:Icosahedron","construct:ClawGrip","OrangePellets","InkBottle","infinitespire:SolderingIron"],"acts_visited":["Exordium","TheCity","TheBeyond","TheEnding"],"potions_floor_usage":[54,54,55],"damage_taken":[{"damage":1.0,"enemies":"Small Slimes","floor":1.0,"turns":4.0},{"damage":0.0,"enemies":"Cultist","floor":2.0,"turns":3.0},{"damage":7.0,"enemies":"Jaw Worm","floor":3.0,"turns":5.0},{"damage":5.0,"enemies":"Exordium Thugs","floor":4.0,"turns":4.0},{"damage":3.0,"enemies":"Looter","floor":7.0,"turns":4.0},{"damage":2.0,"enemies":"Large Slime","floor":8.0,"turns":7.0},{"damage":5.0,"enemies":"Gremlin Gang","floor":10.0,"turns":4.0},{"damage":0.0,"enemies":"Blue Slaver","floor":12.0,"turns":3.0},{"damage":14.0,"enemies":"Fading Forest","floor":16.0,"turns":11.0},{"damage":10.0,"enemies":"Shell Parasite","floor":18.0,"turns":6.0},{"damage":44.0,"enemies":"Masked Bandits","floor":21.0,"turns":4.0},{"damage":8.0,"enemies":"Replay:Snechameleon","floor":23.0,"turns":7.0},{"damage":6.0,"enemies":"Chosen","floor":25.0,"turns":4.0},{"damage":0.0,"enemies":"Snake Plant","floor":27.0,"turns":6.0},{"damage":6.0,"enemies":"Chosen and Byrds","floor":30.0,"turns":3.0},{"damage":0.0,"enemies":"3 Cultists","floor":31.0,"turns":3.0},{"damage":4.0,"enemies":"bossMod:newChamp","floor":33.0,"turns":9.0},{"damage":10.0,"enemies":"Orb Walker","floor":35.0,"turns":3.0},{"damage":5.0,"enemies":"3 Shapes","floor":36.0,"turns":4.0},{"damage":28.0,"enemies":"Transient","floor":39.0,"turns":6.0},{"damage":11.0,"enemies":"Reptomancer","floor":40.0,"turns":8.0},{"damage":0.0,"enemies":"Jaw Worm Horde","floor":42.0,"turns":3.0},{"damage":0.0,"enemies":"Writhing Mass","floor":44.0,"turns":5.0},{"damage":5.0,"enemies":"Maw","floor":46.0,"turns":5.0},{"damage":0.0,"enemies":"Transient","floor":48.0,"turns":6.0},{"damage":0.0,"enemies":"bossMod:newShapes","floor":50.0,"turns":4.0},{"damage":0,"enemies":"Shield and Spear","floor":54,"turns":6},{"damage":15,"enemies":"The Heart","floor":55,"turns":8}],"seed_played":"5387281681784647070","potions_obtained":[{"floor":1.0,"key":"blueLaboratory:RelayPotion"},{"floor":3.0,"key":"blueLaboratory:TrueEctoplasm"},{"floor":4.0,"key":"blueLaboratory:LouseDecoction"},{"floor":11.0,"key":"blueLaboratory:EmptyBottle"},{"floor":11.0,"key":"blueLaboratory:RelayPotion"},{"floor":33.0,"key":"ColorlessPotion"},{"floor":36.0,"key":"blueLaboratory:CoolantVial"},{"floor":39.0,"key":"SkillPotion"},{"floor":40.0,"key":"SpeedPotion"}],"is_trial":false,"path_per_floor":["M","M","M","M","?","R","M","M","T","M","?","M","R","$","R","B",null,"M","AVR","?","?","?","E","R","M","T","M","$","?","M","M","R","B",null,"M","M","$","?","M","E","R","M","T","M","R","M","AVR","M","R","B",null,"R","$","E","B",null],"character_chosen":"DEFECT","items_purchased":["Chill","Omamori","hubris:SphereOfDissonance","hubris:PowerSurge","OrangePellets","Undo","Skim","Heatsinks+1"],"campfire_rested":5,"item_purchase_floors":[14,28,28,28,37,37,53,53],"current_hp_per_floor":[74,74,72,67,67,67,64,68,68,66,66,69,69,72,72,61,87,86,89,70,29,29,24,54,51,51,54,57,57,60,63,98,97,120,113,108,111,111,86,84,84,87,87,96,137,135,138,141,147,147,147,147,150,153,153],"gold":69,"neow_bonus":"ONE_RARE_RELIC","is_daily":false,"chose_seed":false,"campfire_upgraded":2,"win_rate":0.0,"timestamp":1610110925,"path_taken":["M","M","M","M","?","R","M","?","T","M","?","M","R","$","R","BOSS","M","AVR","?","?","?","E","R","?","T","M","$","?","M","M","R","BOSS","M","M","$","?","M","E","R","M","T","M","R","?","AVR","M","R","BOSS","R","$","E","BOSS"],"items_purchased_type":["Card","Relic","Relic","Card","Relic","Card","Card","Card"],"build_version":"2020-12-22","purchased_purges":1,"victory":true,"max_hp_per_floor":[75,75,75,75,75,75,75,75,75,78,78,81,81,84,84,87,87,90,93,96,99,99,102,102,105,105,108,111,111,114,117,117,120,120,123,123,126,126,129,132,132,135,135,138,138,141,144,147,147,147,147,147,150,153,153],"card_choices":[{"not_picked":["Stack","Rip and Tear"],"picked":"Conserve Battery","floor":1.0},{"not_picked":["ReplaySort","Turbo"],"picked":"Conserve Battery","floor":2.0},{"not_picked":["Panic Button","Blizzard"],"picked":"Capacitor","floor":3.0},{"not_picked":["Hologram","Stack"],"picked":"ReplayTheSpireMod:System Scan","floor":4.0},{"not_picked":["Beam Cell","Cold Snap"],"picked":"Doom and Gloom","floor":7.0},{"not_picked":["Cold Snap","Stack"],"picked":"conspire:SharedLibrary","floor":8.0},{"not_picked":["conspire:SharedLibrary","Compile Driver"],"picked":"Barrage","floor":10.0},{"not_picked":["Scrape","Steam"],"picked":"ReplayTheSpireMod:Omega Cannon","floor":12.0},{"not_picked":["ReplayTheSpireMod:Fabricate Wheel","Hyperbeam"],"picked":"Machine Learning","floor":16.0},{"not_picked":["Streamline","Go for the Eyes"],"picked":"BasicCrystalCard","floor":18.0},{"not_picked":["infinitespire:NeuralNetwork","infinitespire:TheBestDefense"],"picked":"infinitespire:Collect","floor":20.0},{"not_picked":["Beam Cell","Redo"],"picked":"Turbo","floor":21.0},{"not_picked":["conspire:SharedLibrary","ReplayTheSpireMod:GoodbyeWorld"],"picked":"Leap+1","floor":23.0},{"not_picked":["conspire:SharedLibrary","Time Bomb"],"picked":"Darkness+1","floor":25.0},{"not_picked":["Stack","Rebound"],"picked":"hubris:PowerSurge","floor":27.0},{"not_picked":["Tempest+1","Steam"],"picked":"Barrage+1","floor":30.0},{"not_picked":["Steam","Barrage"],"picked":"Coolheaded","floor":31.0},{"not_picked":["hubris:Prefetch","Electrodynamics"],"picked":"Fission","floor":33.0},{"not_picked":["Hologram+1","Streamline+1"],"picked":"BootSequence","floor":35.0},{"not_picked":["Sweeping Beam+1","Rebound+1","Tempest"],"picked":"SKIP","floor":36.0},{"not_picked":["Heatsinks+1","Beam Cell+1"],"picked":"Turbo","floor":39.0},{"not_picked":["Coolheaded+1","Beam Cell+1"],"picked":"aspiration:Polymerization","floor":40.0},{"not_picked":["Cold Snap+1","BasicCrystalCard"],"picked":"Double Energy+1","floor":42.0},{"not_picked":["Cold Snap+1","Time Bomb+1"],"picked":"Compile Driver","floor":44.0},{"not_picked":["Cold Snap+1","Steam"],"picked":"Defragment+1","floor":46.0},{"not_picked":["Go for the Eyes+1","Melter+1"],"picked":"Loop+1","floor":48.0},{"not_picked":["Skim+1","Ball Lightning+1"],"picked":"ReplayTheSpireMod:Calculation Training+1","floor":54}],"player_experience":225531,"relics_obtained":[{"floor":9.0,"key":"Replay:Ringing Soul"},{"floor":15.0,"key":"infinitespire:Eraser"},{"floor":21.0,"key":"Red Mask"},{"floor":23.0,"key":"War Paint"},{"floor":26.0,"key":"Cables"},{"floor":40.0,"key":"InkBottle"},{"floor":54,"key":"infinitespire:SolderingIron"}],"event_choices":[{"damage_healed":0.0,"max_hp_gain":0.0,"max_hp_loss":0.0,"gold_gain":0.0,"event_name":"FaceTrader","player_choice":"Trade","floor":5.0,"gold_loss":0.0,"damage_taken":0.0,"relics_obtained":["CultistMask"]},{"damage_healed":0.0,"max_hp_gain":0.0,"max_hp_loss":0.0,"gold_gain":0.0,"event_name":"Lab","player_choice":"Got Potions","floor":11.0,"gold_loss":0.0,"damage_taken":0.0},{"damage_healed":0.0,"max_hp_gain":0.0,"max_hp_loss":0.0,"gold_gain":0.0,"event_name":"Masked Bandits","player_choice":"Fought Bandits","floor":21.0,"gold_loss":0.0,"damage_taken":0.0},{"damage_healed":0.0,"max_hp_gain":0.0,"max_hp_loss":0.0,"gold_gain":200.0,"event_name":"Wheel of Change","player_choice":"Gold","floor":22.0,"gold_loss":0.0,"damage_taken":0.0},{"damage_healed":0.0,"max_hp_gain":0.0,"max_hp_loss":0.0,"gold_gain":0.0,"event_name":"SecretPortal","player_choice":"Ignored","floor":38.0,"gold_loss":0.0,"damage_taken":0.0}],"is_beta":false,"boss_relics":[{"not_picked":["conspire:SeveredTorchhead","aspiration:SecretTechniqueScroll"],"picked":"Fusion Hammer"},{"not_picked":["Calling Bell","aspiration:MobileForge"],"picked":"construct:ClawGrip"}],"items_purged_floors":[14],"is_endless":false,"potions_floor_spawned":[1,3,4,7,23,27,33,36,39,40,46],"ascension_level":0}}