{"host":"ixqzyafodex1tsi5","time":1610131026,"event":{"mods":["ATMod(°¢èªMod)","AchievementEnabler","Act Like it!","BaseMod","Gensokyo","GifTheSpireLib","Lobotomy","LobotomyExtend","Luminous","Minty Spire (QoL Compilation)","Relic Stats","Replay The Spire","RumiaBox-Â¶Ã×æ«µÄÉñÃØºÐ×Ó","Shop Mod","Spicy Shops","StSLib","The Cursed","[IsaacMod]ÒÔÈö¼âËþ","¡¾¹¦ÄÜMod¡¿»ìãçÖ®»·ÐÞ¸´²¹¶¡","¡¾ÒÅÎï¿¨ÅÆ¡¿REMEMod"],"gold_per_floor":[114,114,114,114,126,126,153,188,188,218,230,255,284,320,332,443,455,487,511,523,553,576,623,635,661,673,714,89,107,40,54,54,154,154,165,245,163,252,252,196,91,91,91,56,75,58,58,98,98,19,19,19,19,96,124,69],"floor_reached":57,"playtime":3150,"items_purged":["Strike_R","Pain","Strike_R","BigBird","REME_Scribble+1"],"score":1777,"play_id":"1f221e98-8b60-4908-b0f5-c4a6555ea60c","local_time":"20210109023706","is_ascension_mode":true,"campfire_choices":[{"data":"Aggregate","floor":6.0,"key":"SMITH"},{"data":"ReplayTheSpireMod:Strike From Hell","floor":11.0,"key":"SMITH"},{"data":"Offering","floor":15.0,"key":"SMITH"},{"data":"AT_IchimonjiDouble","floor":32,"key":"SMITH"},{"data":"AT_EmpoweredMortalDraw","floor":42,"key":"SMITH"},{"floor":47,"key":"RECALL"},{"data":"Fiend Fire","floor":49,"key":"SMITH"},{"data":"Uppercut","floor":53,"key":"SMITH"}],"circlet_count":0,"master_deck":["Mercenary","Strike_R","Defend_R+1","Defend_R+1","Bash","AT_EssenceShift","Aggregate+1","Headbutt","ReplayTheSpireMod:Strike From Hell+1","BlueStar","Offering+1","REME_TheLastStrike","AT_EmpoweredMortalDraw+1","Thunderclap","NothingThere","Entrench+1","ReplayTheSpireMod:IOU","Anger","ReplayTheSpireMod:IOU","AT_IchimonjiDouble+1","Hemokinesis+1","Fiend Fire+1","CurseOfTheBell","Sword Boomerang+1","Pommel Strike+1","ReplayTheSpireMod:IOU","ReplayTheSpireMod:IOU","ReplayTheSpireMod:IOU","ReplayTheSpireMod:IOU","ReplayTheSpireMod:IOU","ReplayTheSpireMod:IOU","ReplayTheSpireMod:IOU","ReplayTheSpireMod:IOU","ReplayTheSpireMod:IOU","ReplayTheSpireMod:IOU","ReplayTheSpireMod:IOU","ReplayTheSpireMod:IOU","ReplayTheSpireMod:IOU","Replay:Many Hands+1","Dual Wield+1","Clash","ReplayTheSpireMod:IOU","ReplayTheSpireMod:IOU","ReplayTheSpireMod:IOU","ReplayTheSpireMod:IOU","ReplayTheSpireMod:IOU","ReplayTheSpireMod:IOU","ReplayTheSpireMod:IOU","ReplayTheSpireMod:IOU","ReplayTheSpireMod:IOU","ReplayTheSpireMod:IOU","ReplayTheSpireMod:IOU","Shockwave","Uppercut+1","Hemogenesis+1","ReplayTheSpireMod:IOU","ReplayTheSpireMod:IOU","ReplayTheSpireMod:IOU","ReplayTheSpireMod:IOU","ReplayTheSpireMod:IOU","ReplayTheSpireMod:IOU","ReplayTheSpireMod:IOU","ReplayTheSpireMod:IOU","ReplayTheSpireMod:IOU","ReplayTheSpireMod:IOU","ReplayTheSpireMod:IOU","ReplayTheSpireMod:IOU","ReplayTheSpireMod:IOU","ReplayTheSpireMod:IOU","ReplayTheSpireMod:IOU","ReplayTheSpireMod:IOU","ReplayTheSpireMod:IOU"],"relics":["Burning Blood","HushsDoor","GuppysHead","CogitoBucket","RabbitCall","Blood Vial","Strawberry","PokeGo","D6","MawBank","ChangeAnything","Art of War","AT_MortalBlade","GuppysHairball","AdjustmentMirror","ReplayTheSpireMod:Spearhead","Red Mask","NineVolt","Replay:Wax Seal","Darkstone Periapt","Shuriken","ClockworkSouvenir","Thread and Needle","Happy Flower","Lamp_r","BackwardClock","Calling Bell","GuppysTail","TheBible","BookOfRevelations","CrimsonScar_r","EdensBlessing","Golden Egg","Bottled Flame","Sling","REME_ArchaeologicalTools","Membership Card","Replay:PocketPolymizer","Self Forming Clay","Replay:Rubber Ducky","Habit","Letter Opener","Quantum Egg","GodSword7","MerchantsRug","Anchor","Strange Spoon","Iron Hammer","Bronze Scales","Chaos","Replay:Bottled Steam","Void","GodSword5","AT_PhaseBoots","Snack Pack","Pen Nib","REME_LimitBreaker","LastBattle","Toy Ornithopter","GnawedLeaf","ReplayFunnel","BelialBook","Ornamental Fan","Eternal Feather","Nuclear Battery","AT_SunfireAegis","Ring of the Snake","OrangePellets","Tough Bandages","Black Star"],"acts_visited":["Exordium","TheCity","TheBeyond","TheEnding"],"potions_floor_usage":[30,31,46],"damage_taken":[{"damage":7.0,"enemies":"Jaw Worm","floor":1.0,"turns":3.0},{"damage":4.0,"enemies":"Small Slimes","floor":5.0,"turns":5.0},{"damage":10.0,"enemies":"Gremlin Nob","floor":8.0,"turns":3.0},{"damage":26.0,"enemies":"Lagavulin","floor":10.0,"turns":11.0},{"damage":11.0,"enemies":"2 Louse","floor":12.0,"turns":4.0},{"damage":12.0,"enemies":"Looter","floor":13.0,"turns":2.0},{"damage":18.0,"enemies":"Hexaghost","floor":16.0,"turns":8.0},{"damage":31.0,"enemies":"3 Byrds","floor":18.0,"turns":3.0},{"damage":0.0,"enemies":"Spheric Guardian","floor":19.0,"turns":1.0},{"damage":6.0,"enemies":"Snake Plant","floor":21.0,"turns":2.0},{"damage":20.0,"enemies":"Snecko","floor":22.0,"turns":2.0},{"damage":21.0,"enemies":"Replay:Snechameleon","floor":23.0,"turns":3.0},{"damage":8,"enemies":"3 Cultists","floor":25,"turns":3},{"damage":0,"enemies":"Masked Bandits","floor":27,"turns":1},{"damage":36,"enemies":"Centurion and Healer","floor":29,"turns":2},{"damage":62,"enemies":"Book of Stabbing","floor":30,"turns":3},{"damage":36,"enemies":"Sentry and Sphere","floor":31,"turns":3},{"damage":11,"enemies":"Champ","floor":33,"turns":3},{"damage":0,"enemies":"Orb Walker","floor":35,"turns":2},{"damage":27,"enemies":"Mind Bloom Boss Battle","floor":36,"turns":4},{"damage":5,"enemies":"3 Shapes","floor":37,"turns":3},{"damage":23,"enemies":"Nemesis","floor":41,"turns":3},{"damage":0,"enemies":"3 Darklings","floor":45,"turns":1},{"damage":0,"enemies":"Maw","floor":46,"turns":2},{"damage":0,"enemies":"R_Hoarder","floor":48,"turns":3},{"damage":8,"enemies":"Time Eater","floor":50,"turns":3},{"damage":0,"enemies":"Shield and Spear","floor":55,"turns":1},{"damage":0,"enemies":"Delirium","floor":56,"turns":17}],"seed_played":"3998260683246084309","potions_obtained":[{"floor":8.0,"key":"Adrenaline Potion"},{"floor":13.0,"key":"Explosive Potion"},{"floor":16.0,"key":"Ancient Potion"},{"floor":21.0,"key":"LiquidBronze"},{"floor":23.0,"key":"GamblersBrew"},{"floor":29,"key":"DistilledChaos"},{"floor":30,"key":"Adrenaline Potion"},{"floor":31,"key":"Regen Potion"}],"is_trial":false,"path_per_floor":["M","?","?","?","M","R","T","E","T","E","R","M","M","T","R","B",null,"M","M","?","M","M","E","?","M","T","?","$","M","E","M","R","B",null,"M","?","M","?","?","$","E","R","T","$","M","M","R","E","R","B",null,null,"R","$","E","B",null],"character_chosen":"IRONCLAD","items_purchased":["GuppysHairball","NineVolt","Replay:Wax Seal","Darkstone Periapt","Shuriken","Anger","ClockworkSouvenir","Thread and Needle","Golden Egg","Bottled Flame","Sling","REME_ArchaeologicalTools","Membership Card","Replay:PocketPolymizer","Self Forming Clay","Replay:Rubber Ducky","Habit","Letter Opener","Replay:Many Hands","MerchantsRug","Anchor","Strange Spoon","Iron Hammer","Bronze Scales","Chaos","Replay:Bottled Steam","REME_GoldPotion","Void","GodSword5","AT_SpeedBoots","Snack Pack","Pen Nib","REME_LimitBreaker","Toy Ornithopter","GnawedLeaf","ReplayFunnel","BelialBook","Ornamental Fan","Eternal Feather","Nuclear Battery","AT_SunfireAegis","Ring of the Snake","OrangePellets","Tough Bandages"],"campfire_rested":0,"item_purchase_floors":[17,28,28,28,28,28,28,28,40,40,40,40,40,40,40,40,40,40,40,44,44,44,44,44,44,44,44,44,44,44,44,44,44,54,54,54,54,54,54,54,54,54,54,54],"current_hp_per_floor":[71,55,55,55,59,59,66,64,64,46,46,43,41,41,41,31,66,43,51,51,53,43,39,39,52,52,60,90,76,35,40,40,91,109,113,95,106,91,91,193,192,192,192,268,277,293,293,293,293,293,293,293,293,395,395,395],"gold":69,"neow_bonus":"","is_daily":false,"chose_seed":false,"campfire_upgraded":7,"win_rate":0.0,"timestamp":1610131026,"path_taken":["M","?","?","?","M","R","?","E","T","E","R","M","?","?","R","BOSS","M","?","?","M","M","E","?","M","T","?","?","?","E","M","R","BOSS","M","?","M","?","?","?","E","R","T","$","M","M","R","E","R","BOSS","R","$","E","BOSS"],"items_purchased_type":["Relic","Relic","Relic","Relic","Relic","Card","Relic","Relic","Relic","Relic","Relic","Relic","Relic","Relic","Relic","Relic","Relic","Relic","Card","Relic","Relic","Relic","Relic","Relic","Card","Relic","Potion","Card","Relic","Relic","Relic","Relic","Relic","Relic","Relic","Relic","Relic","Relic","Relic","Relic","Relic","Relic","Relic","Relic"],"build_version":"2020-12-22","purchased_purges":5,"victory":true,"max_hp_per_floor":[80,80,80,80,80,80,87,87,87,87,87,87,87,87,87,87,77,77,77,77,77,77,77,77,77,77,77,107,107,107,107,107,107,113,113,116,116,116,116,218,221,221,221,293,293,293,293,293,293,293,293,293,293,395,395,395],"relic_stats":{"Darkstone Periapt":312,"Happy Flower":[15],"counters":[31,104],"Self Forming Clay":[27],"Eternal Feather":0,"Pen Nib":[9],"Letter Opener":[1],"MawBank":216,"Burning Blood":133,"Blood Vial":50,"Strange Spoon":[4],"OrangePellets":[1],"Tough Bandages":[0],"Shuriken":[32],"Ornamental Fan":[76],"Bronze Scales":[83],"Art of War":[12],"Black Star":0,"obtain_stats":[{"Chaos":44,"Golden Egg":40,"AT_ATBox":0,"NineVolt":28,"AdjustmentMirror":22,"Sling":40,"Blood Vial":3,"Strawberry":7,"Iron Hammer":44,"REME_ArchaeologicalTools":40,"Replay:Wax Seal":28,"Void":44,"WantedRequest":30,"Replay:Bottled Steam":44,"KeepersGift":0,"BackwardClock":31,"MerchantsRug":44,"Happy Flower":30,"AT_MortalBlade":17,"BookOfRevelations":34,"BelialBook":54,"Eternal Feather":54,"Pen Nib":44,"AT_PhaseBoots":56,"Letter Opener":40,"REME_LimitBreaker":44,"OrangePellets":54,"ReplayTheSpireMod:Spearhead":23,"Bottled Flame":40,"AT_SpeedBoots":44,"Shuriken":28,"Bronze Scales":44,"GodSword7":43,"Black Star":55,"GodSword5":44,"EdensBlessing":36,"HushsDoor":0,"Darkstone Periapt":28,"ReplayFunnel":54,"RabbitCall":0,"GuppysTail":34,"Replay:PocketPolymizer":40,"GnawedLeaf":54,"Burning Blood":0,"ClockworkSouvenir":28,"Replay:Rubber Ducky":40,"Lamp_r":31,"CogitoBucket":0,"Tough Bandages":54,"PokeGo":8,"Red Mask":27,"CrimsonScar_r":36,"Ring of the Snake":54,"Self Forming Clay":40,"Quantum Egg":41,"Thread and Needle":28,"LastBattle":48,"MawBank":10,"Nuclear Battery":54,"Calling Bell":34,"Habit":40,"Strange Spoon":44,"D6":9,"Anchor":44,"TheBible":34,"Ornamental Fan":54,"LetterFromLob":1,"Art of War":14,"Snack Pack":44,"GuppysHead":0,"GuppysHairball":17,"Membership Card":40,"ChangeAnything":13,"AT_SunfireAegis":54,"Toy Ornithopter":54,"REME_ComplimentaryCards":0},{"Chaos":25,"Golden Egg":24,"AT_ATBox":0,"NineVolt":16,"AdjustmentMirror":13,"Sling":24,"Blood Vial":1,"Strawberry":2,"Iron Hammer":25,"REME_ArchaeologicalTools":24,"Replay:Wax Seal":16,"Void":25,"WantedRequest":18,"Replay:Bottled Steam":25,"KeepersGift":0,"BackwardClock":20,"MerchantsRug":25,"Happy Flower":18,"AT_MortalBlade":8,"BookOfRevelations":21,"BelialBook":29,"Eternal Feather":29,"Pen Nib":25,"AT_PhaseBoots":31,"Letter Opener":24,"REME_LimitBreaker":25,"OrangePellets":29,"ReplayTheSpireMod:Spearhead":14,"Bottled Flame":24,"AT_SpeedBoots":25,"Shuriken":16,"Bronze Scales":25,"GodSword7":25,"Black Star":30,"GodSword5":25,"EdensBlessing":23,"HushsDoor":0,"Darkstone Periapt":16,"ReplayFunnel":29,"RabbitCall":0,"GuppysTail":21,"Replay:PocketPolymizer":24,"GnawedLeaf":29,"Burning Blood":0,"ClockworkSouvenir":16,"Replay:Rubber Ducky":24,"Lamp_r":20,"CogitoBucket":0,"Tough Bandages":29,"PokeGo":3,"Red Mask":16,"CrimsonScar_r":23,"Ring of the Snake":29,"Self Forming Clay":24,"Quantum Egg":25,"Thread and Needle":16,"LastBattle":28,"MawBank":4,"Nuclear Battery":29,"Calling Bell":21,"Habit":24,"Strange Spoon":25,"D6":3,"Anchor":25,"TheBible":21,"Ornamental Fan":29,"LetterFromLob":1,"Art of War":7,"Snack Pack":25,"GuppysHead":0,"GuppysHairball":8,"Membership Card":24,"ChangeAnything":7,"AT_SunfireAegis":29,"Toy Ornithopter":29,"REME_ComplimentaryCards":0},{"Chaos":77,"Golden Egg":74,"AT_ATBox":0,"NineVolt":53,"AdjustmentMirror":46,"Sling":74,"Blood Vial":3,"Strawberry":8,"Iron Hammer":77,"REME_ArchaeologicalTools":74,"Replay:Wax Seal":53,"Void":77,"WantedRequest":58,"Replay:Bottled Steam":77,"KeepersGift":0,"BackwardClock":62,"MerchantsRug":77,"Happy Flower":58,"AT_MortalBlade":37,"BookOfRevelations":65,"BelialBook":86,"Eternal Feather":86,"Pen Nib":77,"AT_PhaseBoots":92,"Letter Opener":74,"REME_LimitBreaker":77,"OrangePellets":86,"ReplayTheSpireMod:Spearhead":49,"Bottled Flame":74,"AT_SpeedBoots":77,"Shuriken":53,"Bronze Scales":77,"GodSword7":77,"Black Star":87,"GodSword5":77,"EdensBlessing":71,"HushsDoor":0,"Darkstone Periapt":53,"ReplayFunnel":86,"RabbitCall":0,"GuppysTail":65,"Replay:PocketPolymizer":74,"GnawedLeaf":86,"Burning Blood":0,"ClockworkSouvenir":53,"Replay:Rubber Ducky":74,"Lamp_r":62,"CogitoBucket":0,"Tough Bandages":86,"PokeGo":11,"Red Mask":53,"CrimsonScar_r":70,"Ring of the Snake":86,"Self Forming Clay":74,"Quantum Egg":77,"Thread and Needle":53,"LastBattle":83,"MawBank":22,"Nuclear Battery":86,"Calling Bell":65,"Habit":74,"Strange Spoon":77,"D6":11,"Anchor":77,"TheBible":65,"Ornamental Fan":86,"LetterFromLob":3,"Art of War":29,"Snack Pack":77,"GuppysHead":0,"GuppysHairball":37,"Membership Card":74,"ChangeAnything":29,"AT_SunfireAegis":86,"Toy Ornithopter":86,"REME_ComplimentaryCards":0}],"Toy Ornithopter":0,"Ring of the Snake":[4]},"card_choices":[{"not_picked":[],"picked":"Bomb","floor":0.0},{"not_picked":["GalaxyChild","OSAHOGD","OldLady"],"picked":"Singing Bowl","floor":1.0},{"not_picked":["Sword Boomerang","AT_GerminateFire"],"picked":"Bomb","floor":1.0},{"not_picked":["Murderer","Bloodbath","ShyLook"],"picked":"Singing Bowl","floor":5.0},{"not_picked":["Clothesline","Anger"],"picked":"Headbutt","floor":5.0},{"not_picked":["SpiderBud","VoidDream"],"picked":"BigBird","floor":8.0},{"not_picked":["Combust","Anger","True Grit"],"picked":"SKIP","floor":8.0},{"not_picked":["ReplayTheSpireMod:Corrosion Curse","Clothesline"],"picked":"ReplayTheSpireMod:Strike From Hell","floor":10.0},{"not_picked":["Scarecrow","SilentOrchestra","CrumblingArmor"],"picked":"Singing Bowl","floor":12.0},{"not_picked":["Massacre","Rupture","Reckless Charge"],"picked":"SKIP","floor":12.0},{"not_picked":["WallGazer","Murderer","LittlePrince"],"picked":"Singing Bowl","floor":13.0},{"not_picked":["MeatLantern","Bloodbath"],"picked":"BlueStar","floor":13.0},{"not_picked":["ReplayTheSpireMod:Strike From Hell","REME_Cut"],"picked":"Offering","floor":13.0},{"not_picked":["UniverseFragment","WallGazer","PunishingBird"],"picked":"Singing Bowl","floor":16.0},{"not_picked":["Reaper","Double Tap"],"picked":"REME_TheLastStrike","floor":16.0},{"not_picked":["RedShoes","UniverseFragment","Murderer"],"picked":"Singing Bowl","floor":18.0},{"not_picked":["Battle Trance","Ghostly Armor+1"],"picked":"Thunderclap","floor":18.0},{"not_picked":["VoidDream","MHz","WhitesApple"],"picked":"Singing Bowl","floor":19.0},{"not_picked":["Intimidate+1","Searing Blow","Twin Strike"],"picked":"SKIP","floor":19.0},{"not_picked":["LittleHelper","MHz","CherryBlossoms"],"picked":"Singing Bowl","floor":21.0},{"not_picked":["BeautyBeast","Laetitia"],"picked":"NothingThere","floor":21.0},{"not_picked":["ReplayTheSpireMod:Stacked","ReplayTheSpireMod:Strike From Hell+1"],"picked":"Entrench+1","floor":21.0},{"not_picked":["SingingMachine","Wellcheers","Yin"],"picked":"Singing Bowl","floor":22.0},{"not_picked":["Shrug It Off","ReplayTheSpireMod:Strike From Hell+1","Heavy Blade"],"picked":"SKIP","floor":22.0},{"not_picked":["Bloodbath","NakedNest","Variant"],"picked":"Singing Bowl","floor":23.0},{"not_picked":["PunishingBird","MeatLantern"],"picked":"Mercenary","floor":23.0},{"not_picked":["Disarm","True Grit","Clash+1"],"picked":"SKIP","floor":23.0},{"not_picked":["ShyLook","Bloodbath","CENSORED"],"picked":"Singing Bowl","floor":25},{"not_picked":["Combust","Intimidate","Uppercut"],"picked":"SKIP","floor":25},{"not_picked":["SpiderBud","WallGazer","PunishingBird"],"picked":"Singing Bowl","floor":27},{"not_picked":["Scorched","Murderer","QueenBee"],"picked":"Singing Bowl","floor":29},{"not_picked":["Iron Wave","Replay:Undeath\u0027s Touch","Whirlwind"],"picked":"SKIP","floor":29},{"not_picked":["BeautyBeast","ShyLook","QueenOfHatred"],"picked":"Singing Bowl","floor":30},{"not_picked":["Clash+1","Flex+1"],"picked":"AT_IchimonjiDouble","floor":30},{"not_picked":["GreedKing","MHz","VoidDream"],"picked":"Singing Bowl","floor":31},{"not_picked":["AT_IchimonjiDouble","AT_DrawKnifeCut"],"picked":"Hemokinesis+1","floor":31},{"not_picked":["BlackArmy","HeroicMonk","BigBadWolf"],"picked":"Singing Bowl","floor":33},{"not_picked":["Hemogenesis","Reaper"],"picked":"Fiend Fire","floor":33},{"not_picked":["DreamingCurrent","Bloodbath","SilentOrchestra"],"picked":"Singing Bowl","floor":35},{"not_picked":["Shockwave","Run Through+1"],"picked":"REME_Scribble+1","floor":35},{"not_picked":["SilentOrchestra","SpiderBud","OSAHOGD"],"picked":"Singing Bowl","floor":36},{"not_picked":["Reckless Charge","Entrench+1"],"picked":"Sword Boomerang+1","floor":36},{"not_picked":["SingingMachine","HappyTeddy","NakedNest"],"picked":"Singing Bowl","floor":37},{"not_picked":["Massacre","Run Through+1"],"picked":"Pommel Strike+1","floor":37},{"not_picked":["LittleHelper","WhitesApple","MeatLantern"],"picked":"Singing Bowl","floor":41},{"not_picked":["Pommel Strike","AT_DrawKnifeCut"],"picked":"Dual Wield+1","floor":41},{"not_picked":["PunishingBird","MeatLantern","Woodsman"],"picked":"Singing Bowl","floor":45},{"not_picked":["Body Slam","Clothesline","Cleave"],"picked":"SKIP","floor":45},{"not_picked":["BlackSwan","Alriune","Freischutz"],"picked":"Singing Bowl","floor":46},{"not_picked":["Intimidate","Cleave","Perfected Strike"],"picked":"SKIP","floor":46},{"not_picked":["HappyTeddy","Bloodbath","Variant"],"picked":"Singing Bowl","floor":48},{"not_picked":["REME_FearOfPain+1","Wild Strike","Havoc"],"picked":"SKIP","floor":48},{"not_picked":["LittlePrince","BlackArmy","BigBadWolf"],"picked":"Singing Bowl","floor":55},{"not_picked":["Entrench+1","ReplayTheSpireMod:Muscle Training","Armaments+1"],"picked":"SKIP","floor":55}],"player_experience":247623,"relics_obtained":[{"floor":1.0,"key":"LetterFromLob"},{"floor":7.0,"key":"Strawberry"},{"floor":8.0,"key":"PokeGo"},{"floor":9.0,"key":"D6"},{"floor":10.0,"key":"MawBank"},{"floor":14.0,"key":"Art of War"},{"floor":23.0,"key":"ReplayTheSpireMod:Spearhead"},{"floor":27,"key":"Red Mask"},{"floor":30,"key":"Happy Flower"},{"floor":34,"key":"GuppysTail"},{"floor":34,"key":"TheBible"},{"floor":34,"key":"BookOfRevelations"},{"floor":36,"key":"EdensBlessing"},{"floor":41,"key":"Quantum Egg"},{"floor":43,"key":"GodSword7"},{"floor":48,"key":"LastBattle"},{"floor":55,"key":"Black Star"}],"event_choices":[{"damage_healed":0.0,"max_hp_gain":0.0,"max_hp_loss":0.0,"gold_gain":0.0,"event_name":"Shining Light","player_choice":"Entered Light","floor":2.0,"gold_loss":0.0,"damage_taken":16.0,"cards_upgraded":["Defend_R","Defend_R"]},{"damage_healed":0.0,"max_hp_gain":0.0,"max_hp_loss":0.0,"gold_gain":0.0,"event_name":"Big Fish","player_choice":"Box","floor":3.0,"gold_loss":0.0,"damage_taken":0.0,"relics_obtained":["Blood Vial"],"cards_obtained":["Regret"]},{"damage_healed":0.0,"max_hp_gain":0.0,"max_hp_loss":0.0,"gold_gain":0.0,"cards_transformed":["Strike_R"],"event_name":"Living Wall","player_choice":"Change","floor":4.0,"gold_loss":0.0,"damage_taken":0.0,"cards_obtained":["AT_Dispersion"]},{"damage_healed":0.0,"max_hp_gain":0.0,"max_hp_loss":0.0,"gold_gain":0.0,"event_name":"Ghosts","player_choice":"Ignored","floor":20.0,"gold_loss":0.0,"damage_taken":0.0},{"cards_removed":["Regret"],"damage_healed":0.0,"max_hp_gain":0.0,"max_hp_loss":0.0,"gold_gain":0.0,"event_name":"Back to Basics","player_choice":"Elegance","floor":24.0,"gold_loss":0.0,"damage_taken":0.0},{"damage_healed":0,"gold_gain":0,"player_choice":"Fought Bandits","damage_taken":0,"max_hp_gain":0,"max_hp_loss":0,"event_name":"Masked Bandits","floor":27,"gold_loss":0},{"damage_healed":0,"gold_gain":0,"player_choice":"Fight","damage_taken":0,"max_hp_gain":0,"max_hp_loss":0,"event_name":"MindBloom","floor":36,"gold_loss":0},{"damage_healed":0,"gold_gain":0,"player_choice":"0 cards matched","damage_taken":0,"max_hp_gain":0,"max_hp_loss":0,"event_name":"Match and Keep!","floor":39,"gold_loss":0,"cards_obtained":[]}],"is_beta":false,"boss_relics":[{"not_picked":["Black Blood","Tiny House"],"picked":"AT_MortalBlade"},{"not_picked":[]},{"not_picked":["Empty Cage","Pandora\u0027s Box"],"picked":"Calling Bell"},{"not_picked":[]}],"items_purged_floors":[28,40,44,44,54],"is_endless":false,"potions_floor_spawned":[8,13,16,21,23,29,30,31,36,41],"ascension_level":7}}