{"host":"fjaupvxe7fzqrf4j","time":1610084950,"event":{"mods":["ATMod(°¢èªMod)","BaseMod","Minty Spire (QoL Compilation)","StSLib"],"gold_per_floor":[116,136,136,286,128,158,183,216,216,249,149,149,184,21,21,99,99,119,119,129,129,146,146,179,207,207,232,263,290,321,321,321,395,395,407,125,125,145,145,179,209,242,242,371,371,505,505,505,505,605,805,805,805,136,371,471],"floor_reached":57,"playtime":1620,"items_purged":["Doubt","Quick Slash","Prepared"],"score":4563,"play_id":"5e70f8ee-f2eb-4146-a669-98e7f4452e00","local_time":"20210108134910","daily_mods":["SealedDeck","Heirloom","Time Dilation","Flight","Elite Swarm"],"is_ascension_mode":true,"campfire_choices":[{"data":"Calculated Gamble","floor":15.0,"key":"SMITH"},{"data":"Terror","floor":23.0,"key":"SMITH"},{"data":"AT_DarkMatter","floor":32.0,"key":"SMITH"},{"data":"Malaise","floor":45.0,"key":"SMITH"},{"floor":49.0,"key":"RECALL"},{"data":"Adrenaline","floor":53,"key":"SMITH"}],"circlet_count":0,"master_deck":["AscendersBane","Blade Dance+1","Acrobatics","AT_Desolate+1","Tactician+1","Backflip","Calculated Gamble+1","AT_DarkMatter+1","Terror+1","Adrenaline+1","Reflex+1","Malaise+1","After Image","Flash of Steel"],"relics":["Ring of the Snake","Prayer Wheel","White Beast Statue","AT_SilvercatRing","Potion Belt","HornCleat","AT_PhaseBoots","AT_SeraphEmbrace","Orrery","Runic Pyramid","Nloth\u0027s Gift","AT_BladeRuinedKing","Shovel","Dream Catcher","AT_GoldPhoenixTree","Kunai","Bottled Tornado","Black Star","Bag of Marbles","Akabeko","Pen Nib","PreservedInsect","AT_DeathDance","Lantern","Mummified Hand","AT_TheCollector","MealTicket","The Specimen","Snake Skull","Question Card","FossilizedHelix","AT_EbonyIvory","Sling","Gambling Chip","AT_SunfireAegis"],"acts_visited":["Exordium","TheCity","TheBeyond","TheEnding"],"potions_floor_usage":[56,56,56,56,56],"damage_taken":[{"damage":0.0,"enemies":"Cultist","floor":1.0,"turns":1.0},{"damage":0.0,"enemies":"Small Slimes","floor":2.0,"turns":1.0},{"damage":0.0,"enemies":"3 Sentries","floor":6.0,"turns":2.0},{"damage":0.0,"enemies":"Gremlin Nob","floor":7.0,"turns":1.0},{"damage":0.0,"enemies":"3 Sentries","floor":8.0,"turns":2.0},{"damage":0.0,"enemies":"Gremlin Nob","floor":10.0,"turns":1.0},{"damage":0.0,"enemies":"Lagavulin","floor":13.0,"turns":1.0},{"damage":0.0,"enemies":"Slime Boss","floor":16.0,"turns":1.0},{"damage":0.0,"enemies":"Shell Parasite","floor":18.0,"turns":1.0},{"damage":0.0,"enemies":"2 Thieves","floor":20.0,"turns":1.0},{"damage":0.0,"enemies":"Snake Plant","floor":22.0,"turns":1.0},{"damage":0.0,"enemies":"Book of Stabbing","floor":24.0,"turns":1.0},{"damage":0.0,"enemies":"Gremlin Leader","floor":25.0,"turns":1.0},{"damage":0.0,"enemies":"Book of Stabbing","floor":27.0,"turns":1.0},{"damage":0.0,"enemies":"Slavers","floor":28.0,"turns":1.0},{"damage":0.0,"enemies":"Book of Stabbing","floor":29.0,"turns":1.0},{"damage":0.0,"enemies":"Slavers","floor":30.0,"turns":1.0},{"damage":0.0,"enemies":"Automaton","floor":33.0,"turns":1.0},{"damage":0.0,"enemies":"3 Darklings","floor":35.0,"turns":1.0},{"damage":0.0,"enemies":"3 Shapes","floor":38.0,"turns":1.0},{"damage":0.0,"enemies":"Nemesis","floor":40.0,"turns":1.0},{"damage":0.0,"enemies":"Reptomancer","floor":41.0,"turns":1.0},{"damage":0.0,"enemies":"Giant Head","floor":42.0,"turns":1.0},{"damage":0.0,"enemies":"Reptomancer","floor":44.0,"turns":1.0},{"damage":0.0,"enemies":"Giant Head","floor":46.0,"turns":1.0},{"damage":0.0,"enemies":"Time Eater","floor":50.0,"turns":2.0},{"damage":0.0,"enemies":"Donu and Deca","floor":51.0,"turns":1.0},{"damage":0,"enemies":"Shield and Spear","floor":55,"turns":1},{"damage":0,"enemies":"The Heart","floor":56,"turns":4}],"seed_played":"-4918870080485805830","potions_obtained":[{"floor":2.0,"key":"FairyPotion"},{"floor":6.0,"key":"EntropicBrew"},{"floor":8.0,"key":"Energy Potion"},{"floor":10.0,"key":"Ancient Potion"},{"floor":13.0,"key":"PowerPotion"},{"floor":22.0,"key":"GhostInAJar"},{"floor":33.0,"key":"GamblersBrew"},{"floor":38.0,"key":"DuplicationPotion"}],"is_trial":true,"path_per_floor":["M","M","?","?","$","E","E","E","T","E","$","?","E","$","R","B",null,"M","?","M","$","M","R","E","E","T","E","E","E","E","?","R","B",null,"M","$","?","M","?","E","E","E","T","E","R","E","?","?","R","B","B",null,"R","$","E","B",null],"character_chosen":"THE_SILENT","items_purchased":["Terror","Orrery","Bag of Marbles","FossilizedHelix","AT_EbonyIvory","Sling"],"campfire_rested":0,"item_purchase_floors":[5,14,36,54,54,54],"current_hp_per_floor":[59,59,64,64,64,64,64,64,64,64,64,57,57,57,57,57,68,68,68,68,68,68,68,68,68,68,68,68,68,68,71,71,71,71,71,71,71,71,71,71,71,71,71,71,71,71,71,71,71,71,71,71,71,71,71,71],"gold":471,"neow_bonus":"","is_daily":false,"chose_seed":false,"campfire_upgraded":5,"win_rate":0.0,"timestamp":1610084950,"path_taken":["M","M","?","?","$","E","E","E","T","E","$","?","E","$","R","BOSS","M","?","?","$","?","R","E","E","T","E","E","E","E","?","R","BOSS","M","$","?","?","?","E","E","E","T","E","R","E","?","?","R","BOSS","BOSS","R","$","E","BOSS"],"items_purchased_type":["Card","Relic","Relic","Relic","Relic","Relic"],"build_version":"2020-12-22","purchased_purges":3,"victory":true,"max_hp_per_floor":[66,66,71,71,71,71,71,71,71,71,71,71,71,71,71,71,71,71,71,71,71,71,71,71,71,71,71,71,71,71,71,71,71,71,71,71,71,71,71,71,71,71,71,71,71,71,71,71,71,71,71,71,71,71,71,71],"card_choices":[{"not_picked":["Outmaneuver","Acrobatics","Sucker Punch"],"picked":"SKIP","floor":1.0},{"not_picked":["AT_KneejerkReflex","Deadly Poison","Escape Plan"],"picked":"SKIP","floor":1.0},{"not_picked":["Slice","Dagger Throw","Endless Agony"],"picked":"SKIP","floor":2.0},{"not_picked":["Acrobatics","Quick Slash","Setup"],"picked":"SKIP","floor":2.0},{"not_picked":["Phantasmal Killer","Bullet Time","A Thousand Cuts"],"picked":"SKIP","floor":6.0},{"not_picked":["AT_MyraUnstableElement","Bullet Time"],"picked":"Adrenaline","floor":7.0},{"not_picked":["Unload","AT_EssenceShift","Bullet Time"],"picked":"SKIP","floor":8.0},{"not_picked":["AT_EssenceShift","Grand Finale","AT_MyraUnstableElement"],"picked":"SKIP","floor":10.0},{"not_picked":["AT_KingSlayer","Tools of the Trade","Night Terror"],"picked":"SKIP","floor":13.0},{"not_picked":["AT_WindFlip","Eviscerate"],"picked":"Reflex","floor":14.0},{"not_picked":["Deflect","Concentrate","Infinite Blades"],"picked":"SKIP","floor":18.0},{"not_picked":["Underhanded Strike+1","AT_KneejerkReflex","Heel Hook"],"picked":"SKIP","floor":18.0},{"not_picked":["Deflect","Blade Dance","Dagger Spray"],"picked":"SKIP","floor":20.0},{"not_picked":["PiercingWail","Tools of the Trade","Underhanded Strike"],"picked":"SKIP","floor":20.0},{"not_picked":["Infinite Blades","Deflect","Cloak And Dagger"],"picked":"SKIP","floor":22.0},{"not_picked":["Flying Knee","Deadly Poison","AT_ArcaneSupremacy"],"picked":"SKIP","floor":22.0},{"not_picked":["Burst","Phantasmal Killer"],"picked":"Malaise","floor":24.0},{"not_picked":["Burst","Die Die Die","A Thousand Cuts"],"picked":"SKIP","floor":25.0},{"not_picked":["Burst","Glass Knife","Phantasmal Killer"],"picked":"SKIP","floor":27.0},{"not_picked":["Night Terror","AT_EssenceShift"],"picked":"After Image","floor":28.0},{"not_picked":["After Image","AT_KingSlayer","Bullet Time"],"picked":"SKIP","floor":29.0},{"not_picked":["Corpse Explosion","Unload","Doppelganger"],"picked":"SKIP","floor":30.0},{"not_picked":["Corpse Explosion","Unload","Doppelganger"],"picked":"SKIP","floor":30.0},{"not_picked":["Poisoned Stab","A Thousand Cuts","Dagger Throw+1"],"picked":"SKIP","floor":35.0},{"not_picked":["Underhanded Strike+1","Cloak And Dagger+1","Blade Dance+1"],"picked":"SKIP","floor":35.0},{"not_picked":["Bane+1","Finisher","Heel Hook"],"picked":"SKIP","floor":38.0},{"not_picked":["Dagger Throw","Concentrate","Deadly Poison"],"picked":"SKIP","floor":38.0},{"not_picked":["Deep Breath","Dark Shackles"],"picked":"Flash of Steel","floor":39.0},{"not_picked":["After Image","Grand Finale","AT_EssenceShift"],"picked":"SKIP","floor":40.0},{"not_picked":["Burst","Glass Knife","After Image"],"picked":"SKIP","floor":41.0},{"not_picked":["AT_KingSlayer","Burst","Storm of Steel"],"picked":"SKIP","floor":42.0},{"not_picked":["Glass Knife","Wraith Form v2","A Thousand Cuts"],"picked":"SKIP","floor":44.0},{"not_picked":["Unload","Night Terror","A Thousand Cuts"],"picked":"SKIP","floor":46.0},{"not_picked":["Glass Knife","A Thousand Cuts","Bullet Time","AT_EssenceShift"],"picked":"SKIP","floor":55}],"player_experience":362130,"relics_obtained":[{"floor":6.0,"key":"White Beast Statue"},{"floor":7.0,"key":"AT_SilvercatRing"},{"floor":8.0,"key":"Potion Belt"},{"floor":9.0,"key":"HornCleat"},{"floor":10.0,"key":"AT_SpeedBoots"},{"floor":13.0,"key":"AT_ArchangelStaff"},{"floor":24.0,"key":"AT_BladeRuinedKing"},{"floor":25.0,"key":"Shovel"},{"floor":27.0,"key":"Dream Catcher"},{"floor":28.0,"key":"AT_GoldPhoenixTree"},{"floor":29.0,"key":"Kunai"},{"floor":30.0,"key":"Bottled Tornado"},{"floor":40.0,"key":"Akabeko"},{"floor":40.0,"key":"Pen Nib"},{"floor":41.0,"key":"PreservedInsect"},{"floor":41.0,"key":"AT_DeathDance"},{"floor":42.0,"key":"Lantern"},{"floor":42.0,"key":"Mummified Hand"},{"floor":43.0,"key":"AT_TheCollector"},{"floor":44.0,"key":"MealTicket"},{"floor":44.0,"key":"The Specimen"},{"floor":46.0,"key":"Snake Skull"},{"floor":46.0,"key":"Question Card"},{"floor":55,"key":"Gambling Chip"},{"floor":55,"key":"AT_SunfireAegis"}],"event_choices":[{"damage_healed":0.0,"max_hp_gain":5.0,"max_hp_loss":0.0,"gold_gain":0.0,"event_name":"Big Fish","player_choice":"Donut","floor":3.0,"gold_loss":0.0,"damage_taken":0.0},{"damage_healed":0.0,"max_hp_gain":0.0,"max_hp_loss":0.0,"gold_gain":150.0,"event_name":"Liars Game","player_choice":"AGREE","floor":4.0,"gold_loss":0.0,"damage_taken":0.0,"cards_obtained":["Doubt"]},{"cards_removed":["AT_WindFlip"],"damage_healed":0.0,"max_hp_gain":0.0,"max_hp_loss":0.0,"gold_gain":0.0,"event_name":"Golden Wing","player_choice":"Card Removal","floor":12.0,"gold_loss":0.0,"damage_taken":7.0},{"damage_healed":0.0,"max_hp_gain":0.0,"max_hp_loss":0.0,"gold_gain":0.0,"event_name":"N\u0027loth","player_choice":"Traded Relic","floor":19.0,"relics_lost":["AT_ATBox"],"gold_loss":0.0,"damage_taken":0.0,"relics_obtained":["Nloth\u0027s Gift"]},{"damage_healed":14.0,"max_hp_gain":0.0,"max_hp_loss":0.0,"gold_gain":0.0,"event_name":"The Library","player_choice":"Heal","floor":31.0,"gold_loss":0.0,"damage_taken":0.0},{"cards_removed":["Escape Plan"],"damage_healed":0.0,"max_hp_gain":0.0,"max_hp_loss":0.0,"gold_gain":0.0,"event_name":"Bonfire Elementals","player_choice":"Offered Uncommon","floor":37.0,"gold_loss":0.0,"damage_taken":0.0},{"damage_healed":0.0,"max_hp_gain":0.0,"max_hp_loss":0.0,"gold_gain":0.0,"event_name":"SensoryStone","player_choice":"Memory 1","floor":39.0,"gold_loss":0.0,"damage_taken":0.0},{"damage_healed":0.0,"max_hp_gain":0.0,"max_hp_loss":0.0,"gold_gain":0.0,"event_name":"Tomb of Lord Red Mask","player_choice":"Ignored","floor":47.0,"gold_loss":0.0,"damage_taken":0.0},{"damage_healed":0.0,"max_hp_gain":0.0,"max_hp_loss":0.0,"gold_gain":0.0,"event_name":"Transmorgrifier","player_choice":"Ignored","floor":48.0,"gold_loss":0.0,"damage_taken":0.0}],"is_beta":false,"boss_relics":[{"not_picked":["SacredBark","Sozu"],"picked":"Runic Pyramid"},{"not_picked":["Astrolabe","Velvet Choker"],"picked":"Black Star"}],"items_purged_floors":[5,11,36],"is_endless":false,"potions_floor_spawned":[2,6,7,8,10,13,16,18,20,22,24,25,27,28,29,30,33,35,38,40,41,42,44,46,55],"ascension_level":20}}