{"host":"y7sd46uq4xlni546","time":1610138455,"event":{"mods":["AchievementEnabler","BaseMod","Colored Map","Colored Powertips","Curses Come First","Filter the Spire","Minty Spire (QoL Compilation)","Quick Restart","Random Character Button","Rare Cards Sparkle","StSLib"],"gold_per_floor":[119,119,134,145,145,179,179,194,221,255,255,255,268,308,308,439,439,460,484,484,507,507,543,564,664,664,664,689,732,732,765,765,896,896,909,356,379,29,48,48,112,150,150,171,243,14,14,32,32,32,32,32,32,32,32,32],"floor_reached":55,"playtime":5275,"items_purged":["Strike_G","Strike_G"],"score":1240,"play_id":"163df11c-c61d-49b9-9a7b-377dafea72e4","local_time":"20210108214055","is_ascension_mode":true,"campfire_choices":[{"floor":7.0,"key":"REST"},{"floor":12.0,"key":"REST"},{"floor":15.0,"key":"REST"},{"floor":27.0,"key":"REST"},{"floor":30.0,"key":"REST"},{"floor":32.0,"key":"REST"},{"floor":40.0,"key":"RECALL"},{"floor":47.0,"key":"REST"},{"floor":49.0,"key":"REST"},{"data":"Adrenaline","floor":52.0,"key":"SMITH"}],"circlet_count":0,"master_deck":["Strike_G+1","Defend_G+1","Defend_G","Defend_G","Survivor","Neutralize","Grand Finale+1","Deflect+1","Infinite Blades+1","Underhanded Strike","Backflip","Blade Dance+1","Leg Sweep","Prepared","After Image","Heel Hook","Well Laid Plans","Adrenaline+1","Predator","Masterful Stab","Prepared","Die Die Die","Dagger Throw+1","Magnetism+1","Cloak And Dagger+1","Masterful Stab+1","Finisher+1","Calculated Gamble+1"],"relics":["Astrolabe","Golden Idol","Tiny Chest","Potion Belt","War Paint","Nunchaku","Busted Crown","Blood Vial","Centennial Puzzle","Shuriken","Dead Branch","Frozen Egg 2","Black Star","Toxic Egg 2","Mummified Hand","Ginger","Pen Nib","Smiling Mask","Bottled Lightning","Whetstone"],"acts_visited":["Exordium","TheCity","TheBeyond","TheEnding"],"potions_floor_usage":[54,54],"damage_taken":[{"damage":11.0,"enemies":"Jaw Worm","floor":1.0,"turns":5.0},{"damage":1.0,"enemies":"Cultist","floor":3.0,"turns":5.0},{"damage":0.0,"enemies":"2 Louse","floor":4.0,"turns":3.0},{"damage":10.0,"enemies":"3 Sentries","floor":6.0,"turns":9.0},{"damage":0.0,"enemies":"Red Slaver","floor":8.0,"turns":5.0},{"damage":15.0,"enemies":"Lagavulin","floor":10.0,"turns":5.0},{"damage":8.0,"enemies":"Gremlin Gang","floor":13.0,"turns":6.0},{"damage":31.0,"enemies":"Gremlin Nob","floor":14.0,"turns":6.0},{"damage":36.0,"enemies":"Slime Boss","floor":16.0,"turns":16.0},{"damage":0.0,"enemies":"3 Byrds","floor":18.0,"turns":3.0},{"damage":11.0,"enemies":"2 Thieves","floor":19.0,"turns":3.0},{"damage":2.0,"enemies":"Centurion and Healer","floor":21.0,"turns":3.0},{"damage":23.0,"enemies":"Slavers","floor":23.0,"turns":10.0},{"damage":8.0,"enemies":"Snake Plant","floor":24.0,"turns":6.0},{"damage":5.0,"enemies":"3 Cultists","floor":28.0,"turns":6.0},{"damage":0.0,"enemies":"Gremlin Leader","floor":29.0,"turns":6.0},{"damage":6.0,"enemies":"Book of Stabbing","floor":31.0,"turns":5.0},{"damage":0.0,"enemies":"Collector","floor":33.0,"turns":5.0},{"damage":1.0,"enemies":"3 Shapes","floor":35.0,"turns":4.0},{"damage":4.0,"enemies":"3 Darklings","floor":37.0,"turns":5.0},{"damage":5.0,"enemies":"Writhing Mass","floor":39.0,"turns":3.0},{"damage":13.0,"enemies":"2 Orb Walkers","floor":41.0,"turns":3.0},{"damage":0.0,"enemies":"Nemesis","floor":42.0,"turns":4.0},{"damage":19.0,"enemies":"Maw","floor":44.0,"turns":4.0},{"damage":12.0,"enemies":"Spire Growth","floor":48.0,"turns":2.0},{"damage":0.0,"enemies":"Donu and Deca","floor":50.0,"turns":2.0},{"damage":10,"enemies":"Shield and Spear","floor":54,"turns":2},{"damage":95,"enemies":"The Heart","floor":55,"turns":3}],"seed_played":"-2210887840044937377","potions_obtained":[{"floor":1.0,"key":"EssenceOfSteel"},{"floor":3.0,"key":"FearPotion"},{"floor":6.0,"key":"ColorlessPotion"},{"floor":11.0,"key":"GhostInAJar"},{"floor":11.0,"key":"LiquidBronze"},{"floor":11.0,"key":"Swift Potion"},{"floor":16.0,"key":"Fire Potion"},{"floor":19.0,"key":"BlessingOfTheForge"},{"floor":21.0,"key":"Block Potion"},{"floor":23.0,"key":"Weak Potion"},{"floor":31.0,"key":"DistilledChaos"},{"floor":37.0,"key":"SmokeBomb"},{"floor":42.0,"key":"GamblersBrew"},{"floor":44.0,"key":"CultistPotion"}],"is_trial":false,"path_per_floor":["M","?","M","M","?","E","R","M","T","E","?","R","M","E","R","B",null,"M","M","?","M","T","E","M","?","T","R","M","E","R","E","R","B",null,"M","$","M","$","M","R","?","E","T","M","T","$","R","M","R","B",null,"R","$","E","B"],"character_chosen":"THE_SILENT","items_purchased":["Magnetism+1","Toxic Egg 2","Cloak And Dagger+1","Mummified Hand","Whetstone","Calculated Gamble+1"],"campfire_rested":8,"item_purchase_floors":[36,36,36,38,46,46],"current_hp_per_floor":[52,52,51,51,51,41,62,62,62,47,47,68,60,29,50,14,56,56,45,45,43,43,22,16,16,16,37,34,36,57,53,70,70,70,69,69,66,66,63,63,52,54,54,37,37,37,58,48,69,70,70,70,70,60,0,0],"gold":32,"neow_bonus":"BOSS_RELIC","is_daily":false,"chose_seed":false,"campfire_upgraded":1,"win_rate":0.0,"timestamp":1610138455,"path_taken":["M","?","M","?","?","E","R","M","T","E","?","R","M","E","R","BOSS","M","M","?","?","?","E","M","?","T","R","M","E","R","E","R","BOSS","M","$","M","?","M","R","?","E","T","M","?","$","R","?","R","BOSS","R","$","E","BOSS"],"items_purchased_type":["Card","Relic","Card","Relic","Relic","Card"],"build_version":"2020-12-22","purchased_purges":2,"victory":false,"max_hp_per_floor":[70,70,70,70,70,70,70,70,70,70,70,70,70,70,70,70,70,70,70,70,70,70,70,70,70,70,70,70,70,70,70,70,70,70,70,70,70,70,70,70,70,70,70,70,70,70,70,70,70,70,70,70,70,70,70,70],"card_choices":[{"not_picked":["Masterful Stab","PiercingWail"],"picked":"Underhanded Strike","floor":1.0},{"not_picked":["Poisoned Stab","All Out Attack"],"picked":"Backflip","floor":3.0},{"not_picked":["Flying Knee","Poisoned Stab"],"picked":"Blade Dance","floor":4.0},{"not_picked":["Quick Slash","Predator"],"picked":"Leg Sweep","floor":6.0},{"not_picked":["Tools of the Trade","Backflip"],"picked":"Prepared","floor":8.0},{"not_picked":["Dodge and Roll","Outmaneuver"],"picked":"After Image","floor":10.0},{"not_picked":["Backflip","Poisoned Stab"],"picked":"Heel Hook","floor":13.0},{"not_picked":["PiercingWail","Grand Finale"],"picked":"Well Laid Plans","floor":14.0},{"not_picked":["Storm of Steel","Grand Finale"],"picked":"Adrenaline","floor":16.0},{"not_picked":["Well Laid Plans"],"picked":"SKIP","floor":18.0},{"not_picked":[],"picked":"Predator","floor":19.0},{"not_picked":["PiercingWail"],"picked":"SKIP","floor":21.0},{"not_picked":["Underhanded Strike"],"picked":"SKIP","floor":23.0},{"not_picked":["Outmaneuver"],"picked":"SKIP","floor":24.0},{"not_picked":[],"picked":"Masterful Stab","floor":28.0},{"not_picked":[],"picked":"Prepared","floor":29.0},{"not_picked":["PiercingWail"],"picked":"SKIP","floor":31.0},{"not_picked":[],"picked":"Die Die Die","floor":33.0},{"not_picked":[],"picked":"Dagger Throw","floor":35.0},{"not_picked":["Predator+1"],"picked":"SKIP","floor":37.0},{"not_picked":["Eviscerate"],"picked":"SKIP","floor":39.0},{"not_picked":[],"picked":"Masterful Stab+1","floor":41.0},{"not_picked":[],"picked":"Finisher+1","floor":42.0},{"not_picked":["Poisoned Stab+1"],"picked":"SKIP","floor":44.0},{"not_picked":["Bane"],"picked":"SKIP","floor":48.0}],"player_experience":626228,"relics_obtained":[{"floor":6.0,"key":"Tiny Chest"},{"floor":9.0,"key":"Potion Belt"},{"floor":10.0,"key":"War Paint"},{"floor":14.0,"key":"Nunchaku"},{"floor":22.0,"key":"Blood Vial"},{"floor":23.0,"key":"Centennial Puzzle"},{"floor":26.0,"key":"Shuriken"},{"floor":29.0,"key":"Dead Branch"},{"floor":31.0,"key":"Frozen Egg 2"},{"floor":41.0,"key":"Ginger"},{"floor":42.0,"key":"Pen Nib"},{"floor":42.0,"key":"Smiling Mask"},{"floor":45.0,"key":"Bottled Lightning"}],"event_choices":[{"cards_removed":["Defend_G"],"damage_healed":0.0,"max_hp_gain":0.0,"max_hp_loss":0.0,"gold_gain":0.0,"event_name":"Purifier","player_choice":"Purged","floor":2.0,"gold_loss":0.0,"damage_taken":0.0},{"damage_healed":0.0,"max_hp_gain":0.0,"max_hp_loss":0.0,"gold_gain":0.0,"event_name":"Golden Idol","player_choice":"Take Wound","floor":5.0,"gold_loss":0.0,"damage_taken":0.0,"relics_obtained":["Golden Idol"],"cards_obtained":["Injury"]},{"damage_healed":0.0,"max_hp_gain":0.0,"max_hp_loss":0.0,"gold_gain":0.0,"event_name":"Lab","player_choice":"Got Potions","floor":11.0,"gold_loss":0.0,"damage_taken":0.0},{"cards_removed":["Injury"],"damage_healed":0.0,"max_hp_gain":0.0,"max_hp_loss":0.0,"gold_gain":0.0,"event_name":"Purifier","player_choice":"Purged","floor":20.0,"gold_loss":0.0,"damage_taken":0.0},{"damage_healed":0.0,"max_hp_gain":0.0,"max_hp_loss":0.0,"gold_gain":100.0,"event_name":"Golden Shrine","player_choice":"Pray","floor":25.0,"gold_loss":0.0,"damage_taken":0.0},{"damage_healed":0.0,"max_hp_gain":0.0,"max_hp_loss":0.0,"gold_gain":0.0,"event_name":"Mysterious Sphere","player_choice":"Fight","floor":41.0,"gold_loss":0.0,"damage_taken":0.0}],"is_beta":false,"boss_relics":[{"not_picked":["Runic Pyramid","Pandora\u0027s Box"],"picked":"Busted Crown"},{"not_picked":["Philosopher\u0027s Stone","Sozu"],"picked":"Black Star"}],"items_purged_floors":[36,38],"is_endless":false,"potions_floor_spawned":[1,3,6,16,19,21,23,31,37,42,44],"killed_by":"The Heart","ascension_level":7}}