{"host":"wmm4q2torfc8rajz","time":1610129261,"event":{"mods":["2.2 Compatiblity","Abigail Mod","AchievementEnabler","Act Like it!","Arknights The Spire","BaseMod","Chen","Friendly Minions","HololiveMod","Kiyohime????","Koishi","LagranYue(???·?)","Marisa????????","Minty Spire (QoL Compilation)","Prisma Mod","Rare Cards Sparkle","Reimu??????","Remilia??????","Replay The Spire","StSLib","The Alterego","The Animator","The Servant 0.9.4","TheSwordswoman","Waifu the Spire","WarShipGirlsR/????R mod"],"gold_per_floor":[119,135,160,175,188,188,188],"floor_reached":6,"playtime":656,"items_purged":[],"score":40,"play_id":"df65ad89-77a4-41ce-ab19-027d5dea7aed","local_time":"20210108190741","is_ascension_mode":false,"campfire_choices":[],"circlet_count":0,"master_deck":["animator:Strike_Fate","animator:Defend_Fate","animator:Strike","animator:Strike","animator:Defend","animator:Defend","animator:Defend","animator:Alexander","animator:Rider","animator:Priestess","animator:Megumin","animator:Spearman","animator:Illya","animator:HighElfArcher","animator:SakuraMatou"],"relics":["animator:LivingPicture","animator:TheMissingPiece","LagranYue:RandomDrawCardRelic","animator:PurgingStone"],"acts_visited":["Exordium"],"potions_floor_usage":[],"damage_taken":[{"damage":2,"enemies":"Small Slimes","floor":1,"turns":5},{"damage":6,"enemies":"Cultist","floor":2,"turns":6},{"damage":9,"enemies":"Jaw Worm","floor":3,"turns":6},{"damage":25,"enemies":"Red Slaver","floor":4,"turns":6},{"damage":2,"enemies":"2 Fungi Beasts","floor":5,"turns":3},{"damage":3,"enemies":"Gremlin Nob","floor":6,"turns":3}],"seed_played":"-3015732708990091682","potions_obtained":[{"floor":3,"key":"LifebloodPotion"},{"floor":4,"key":"Milkshake"},{"floor":5,"key":"SteroidPotion"}],"is_trial":false,"path_per_floor":["M","M","M","M","M","E"],"character_chosen":"THE_ANIMATOR","items_purchased":[],"campfire_rested":0,"item_purchase_floors":[],"current_hp_per_floor":[64,58,49,24,23,20,20],"gold":188,"neow_bonus":"TRANSFORM_CARD","is_daily":false,"chose_seed":false,"campfire_upgraded":0,"win_rate":0.0,"timestamp":1610129261,"path_taken":["M","M","M","M","M","E"],"items_purchased_type":[],"build_version":"2020-12-22","purchased_purges":0,"victory":false,"max_hp_per_floor":[66,66,66,66,67,67,67],"card_choices":[{"not_picked":["animator:AcuraAkari","animator:Evileye"],"picked":"animator:Megumin","floor":1},{"not_picked":["animator:TukaLunaMarceau","animator:Souei"],"picked":"animator:Spearman","floor":2},{"not_picked":["animator:LizardPriest","animator:ChlammyZell"],"picked":"animator:Illya","floor":3},{"not_picked":["animator:GuildGirl","animator:CowGirl"],"picked":"animator:HighElfArcher","floor":4},{"not_picked":["animator:Emonzaemon","animator:Megumin"],"picked":"animator:SakuraMatou","floor":5}],"player_experience":350616,"relics_obtained":[],"event_choices":[],"is_beta":false,"boss_relics":[],"items_purged_floors":[],"is_endless":false,"potions_floor_spawned":[3,4,5],"killed_by":"Gremlin Nob","ascension_level":0}}