{"host":"5kirneupyg4uzd3w","time":1610121307,"event":{"mods":["BaseMod","Colored Map","Custom Start","Minty Spire (QoL Compilation)","StSLib","SuperFastMode"],"gold_per_floor":[119,136,156,156,168,168,193,193,193,223,148,160,160,124,124,124,124],"floor_reached":16,"playtime":577,"items_purged":["Strike_R"],"score":220,"play_id":"614dde35-a176-453f-a790-ccb75f885bb9","local_time":"20210109005507","is_ascension_mode":true,"campfire_choices":[{"data":"Rupture","floor":6.0,"key":"SMITH"},{"floor":8,"key":"REST"},{"floor":15,"key":"REST"}],"circlet_count":0,"master_deck":["AscendersBane","Strike_R","Strike_R","Strike_R","Defend_R","Defend_R","Defend_R","Defend_R","Bash","Rupture+1","Carnage","Ghostly Armor","Hemokinesis","Sword Boomerang","Feel No Pain"],"relics":["Burning Blood","StrikeDummy","Question Card","Kunai"],"acts_visited":["Exordium"],"potions_floor_usage":[7,12,16],"damage_taken":[{"damage":10.0,"enemies":"Small Slimes","floor":1.0,"turns":4.0},{"damage":8.0,"enemies":"2 Louse","floor":2.0,"turns":3.0},{"damage":16.0,"enemies":"Jaw Worm","floor":3.0,"turns":5.0},{"damage":8.0,"enemies":"3 Louse","floor":5.0,"turns":4.0},{"damage":45,"enemies":"3 Sentries","floor":7,"turns":10},{"damage":29,"enemies":"Lagavulin","floor":10,"turns":4},{"damage":6,"enemies":"2 Fungi Beasts","floor":12,"turns":3},{"damage":18,"enemies":"Hexaghost","floor":16,"turns":7}],"seed_played":"-7561587469584040917","potions_obtained":[{"floor":2.0,"key":"SkillPotion"},{"floor":3.0,"key":"EssenceOfSteel"},{"floor":10,"key":"Explosive Potion"}],"is_trial":false,"path_per_floor":["M","M","M","?","M","R","E","R","T","E","$","M","?","?","R","B"],"character_chosen":"IRONCLAD","items_purchased":[],"campfire_rested":2,"item_purchase_floors":[],"current_hp_per_floor":[64,62,52,52,50,50,11,33,33,10,10,10,3,3,25,7,7],"gold":124,"neow_bonus":"THREE_CARDS","is_daily":false,"chose_seed":false,"campfire_upgraded":1,"win_rate":0.0,"timestamp":1610121307,"path_taken":["M","M","M","?","M","R","E","R","T","E","$","M","?","?","R","BOSS"],"items_purchased_type":[],"build_version":"2020-12-22","purchased_purges":1,"victory":false,"max_hp_per_floor":[75,75,75,75,75,75,75,75,75,75,75,75,75,75,75,75,75],"card_choices":[{"not_picked":["Twin Strike","Thunderclap"],"picked":"Rupture","floor":0.0},{"not_picked":["Headbutt","Havoc","Cleave"],"picked":"SKIP","floor":1.0},{"not_picked":["Rupture","Pommel Strike"],"picked":"Carnage","floor":2.0},{"not_picked":["Heavy Blade","Clothesline"],"picked":"Ghostly Armor","floor":3.0},{"not_picked":["Ghostly Armor","Sever Soul"],"picked":"Hemokinesis","floor":5.0},{"not_picked":["Flex","Armaments","Iron Wave"],"picked":"SKIP","floor":7},{"not_picked":["Hemokinesis","Blood for Blood","Carnage"],"picked":"Sword Boomerang","floor":10},{"not_picked":["Fire Breathing","Shockwave","Entrench"],"picked":"Feel No Pain","floor":12}],"player_experience":266473,"relics_obtained":[{"floor":7,"key":"StrikeDummy"},{"floor":9,"key":"Question Card"},{"floor":10,"key":"Kunai"}],"event_choices":[{"damage_healed":0.0,"max_hp_gain":0.0,"max_hp_loss":0.0,"gold_gain":0.0,"event_name":"Liars Game","player_choice":"Ignored","floor":4.0,"gold_loss":0.0,"damage_taken":0.0},{"cards_removed":["Strike_R"],"damage_healed":0,"gold_gain":0,"player_choice":"Card Removal","damage_taken":7,"max_hp_gain":0,"max_hp_loss":0,"event_name":"Golden Wing","floor":13,"gold_loss":0},{"damage_healed":0,"gold_gain":0,"player_choice":"Left Gold","damage_taken":0,"max_hp_gain":0,"max_hp_loss":0,"event_name":"World of Goop","floor":14,"gold_loss":36}],"is_beta":false,"boss_relics":[],"items_purged_floors":[11],"is_endless":false,"potions_floor_spawned":[2,3,10],"killed_by":"Hexaghost","ascension_level":20}}