{"host":"589hdgqme9xj5bbw","time":1610085757,"event":{"mods":["AchievementEnabler","BaseMod","Colored Map","Minty Spire (QoL Compilation)","StSLib","SuperFastMode","everything is the same but u backflip on backflip"],"gold_per_floor":[18,18,34,34,44,44,44,59,59,59,89,106,119,44,44,148,148,167,167,167,167,182,182,35,46,46,46,77,92,109,109,109,109,109],"floor_reached":33,"playtime":623,"items_purged":["Strike_R","Strike_R"],"score":267,"play_id":"ccb29325-b382-403d-a8d5-64cf3f819dd7","local_time":"20210108150237","is_ascension_mode":false,"campfire_choices":[{"data":"Bash","floor":6,"key":"SMITH"},{"data":"Wild Strike","floor":15,"key":"SMITH"},{"data":"Pommel Strike","floor":23,"key":"SMITH"},{"data":"Wild Strike","floor":27,"key":"SMITH"},{"data":"Shrug It Off","floor":32,"key":"SMITH"}],"circlet_count":0,"master_deck":["Strike_R","Strike_R","Defend_R","Defend_R","Defend_R","Defend_R","Bash+1","Pommel Strike+1","Wild Strike+1","Necronomicurse","Wild Strike+1","Shrug It Off+1","Shame","Parasite"],"relics":["Burning Blood","Ginger","Paper Frog","Meat on the Bone","Self Forming Clay","Bronze Scales","Cursed Key","Necronomicon","Calipers","Juzu Bracelet","InkBottle","Pear"],"acts_visited":["Exordium","TheCity"],"potions_floor_usage":[30,33],"damage_taken":[{"damage":6,"enemies":"Cultist","floor":1,"turns":3},{"damage":3,"enemies":"2 Louse","floor":3,"turns":3},{"damage":0,"enemies":"Small Slimes","floor":5,"turns":2},{"damage":14,"enemies":"Exordium Wildlife","floor":8,"turns":5},{"damage":14,"enemies":"Gremlin Nob","floor":11,"turns":3},{"damage":8,"enemies":"2 Fungi Beasts","floor":12,"turns":4},{"damage":5,"enemies":"Looter","floor":13,"turns":2},{"damage":40,"enemies":"Slime Boss","floor":16,"turns":9},{"damage":11,"enemies":"Spheric Guardian","floor":18,"turns":4},{"damage":5,"enemies":"Shell Parasite","floor":22,"turns":3},{"damage":0,"enemies":"Snecko","floor":25,"turns":2},{"damage":38,"enemies":"Book of Stabbing","floor":28,"turns":5},{"damage":2,"enemies":"Cultist and Chosen","floor":29,"turns":3},{"damage":20,"enemies":"Shelled Parasite and Fungi","floor":30,"turns":2},{"damage":86,"enemies":"Collector","floor":33,"turns":8}],"seed_played":"-3668695834103399474","potions_obtained":[{"floor":1,"key":"SpeedPotion"},{"floor":3,"key":"BloodPotion"},{"floor":8,"key":"DuplicationPotion"},{"floor":11,"key":"BloodPotion"},{"floor":22,"key":"Explosive Potion"}],"is_trial":false,"path_per_floor":["M","T","M","?","M","R","$","M","T","?","E","M","M","$","R","B",null,"M","?","?","?","M","R","$","M","T","R","E","M","M","T","R","B"],"character_chosen":"IRONCLAD","items_purchased":["Wild Strike"],"campfire_rested":0,"item_purchase_floors":[24],"current_hp_per_floor":[80,80,80,62,68,68,68,60,60,60,52,50,51,51,51,29,80,75,59,59,59,60,60,60,66,66,66,46,50,52,62,62,0,0],"gold":109,"neow_bonus":"ONE_RARE_RELIC","is_daily":false,"chose_seed":false,"campfire_upgraded":5,"win_rate":0.0,"timestamp":1610085757,"path_taken":["M","?","M","?","M","R","$","M","T","?","E","M","M","$","R","BOSS","M","?","?","?","?","R","$","M","T","R","E","M","M","?","R","BOSS"],"items_purchased_type":["Card"],"build_version":"2020-12-22","purchased_purges":2,"victory":false,"max_hp_per_floor":[80,80,80,80,80,80,80,80,80,80,80,80,80,80,80,80,80,80,80,80,80,80,80,80,80,80,80,80,80,80,90,90,90,90],"card_choices":[{"not_picked":["Rage","Sever Soul"],"picked":"Pommel Strike","floor":1},{"not_picked":["Sword Boomerang","Anger"],"picked":"Wild Strike","floor":3},{"not_picked":["Perfected Strike","Fire Breathing","Shrug It Off"],"picked":"SKIP","floor":5},{"not_picked":["Flame Barrier","Whirlwind","Anger"],"picked":"SKIP","floor":8},{"not_picked":["Infernal Blade","Exhume","Body Slam"],"picked":"SKIP","floor":11},{"not_picked":["Havoc","Second Wind","Headbutt"],"picked":"SKIP","floor":12},{"not_picked":["Second Wind","Thunderclap","Shockwave"],"picked":"SKIP","floor":13},{"not_picked":["Burning Pact","Pummel","Perfected Strike"],"picked":"SKIP","floor":18},{"not_picked":["Perfected Strike+1","Twin Strike+1","Thunderclap"],"picked":"SKIP","floor":22},{"not_picked":["Havoc","Clothesline+1"],"picked":"Shrug It Off","floor":25},{"not_picked":["True Grit","Clothesline","Flex"],"picked":"SKIP","floor":28},{"not_picked":["Perfected Strike","Dark Embrace","True Grit"],"picked":"SKIP","floor":29},{"not_picked":["Havoc","Immolate","Sentinel"],"picked":"SKIP","floor":30}],"player_experience":95930,"relics_obtained":[{"floor":2,"key":"Paper Frog"},{"floor":9,"key":"Self Forming Clay"},{"floor":11,"key":"Bronze Scales"},{"floor":19,"key":"Necronomicon"},{"floor":26,"key":"Juzu Bracelet"},{"floor":28,"key":"InkBottle"},{"floor":31,"key":"Pear"}],"event_choices":[{"damage_healed":0,"gold_gain":0,"player_choice":"Success","damage_taken":18,"relics_obtained":["Meat on the Bone"],"max_hp_gain":0,"max_hp_loss":0,"event_name":"Scrap Ooze","floor":4,"gold_loss":0},{"cards_removed":["Strike_R"],"damage_healed":0,"gold_gain":0,"player_choice":"Forget","damage_taken":0,"max_hp_gain":0,"max_hp_loss":0,"event_name":"Living Wall","floor":10,"gold_loss":0},{"damage_healed":0,"gold_gain":0,"player_choice":"Obtained Book","damage_taken":16,"max_hp_gain":0,"max_hp_loss":0,"event_name":"Cursed Tome","floor":19,"gold_loss":0},{"damage_healed":0,"gold_gain":0,"player_choice":"Stole Relic","damage_taken":0,"relics_obtained":["Calipers"],"max_hp_gain":0,"max_hp_loss":0,"event_name":"Addict","floor":20,"gold_loss":0,"cards_obtained":["Shame"]},{"cards_removed":["Shame"],"damage_healed":0,"gold_gain":0,"player_choice":"Elegance","damage_taken":0,"max_hp_gain":0,"max_hp_loss":0,"event_name":"Back to Basics","floor":21,"gold_loss":0}],"is_beta":false,"boss_relics":[{"not_picked":["Philosopher\u0027s Stone","Runic Cube"],"picked":"Cursed Key"}],"items_purged_floors":[14,24],"is_endless":false,"potions_floor_spawned":[1,3,8,11,16,18,22,29],"killed_by":"Collector","ascension_level":0}}