{"host":"uv231blk40vjdojr","time":1610139068,"event":{"mods":["AchievementEnabler","BaseMod","Bestiary","Minty Spire (QoL Compilation)","Relic Stats"],"gold_per_floor":[112,123,26,36,51,51,51,51,51,65,85,96,96,96,96,201,201,219,62,82,98,173,173],"floor_reached":22,"playtime":728,"items_purged":[],"score":180,"play_id":"8603d4ab-9fa3-4216-af8d-dead7381d354","local_time":"20210108215108","is_ascension_mode":false,"campfire_choices":[{"data":"Tantrum","floor":6.0,"key":"SMITH"},{"data":"Eruption","floor":8.0,"key":"SMITH"},{"data":"Meditate","floor":13.0,"key":"SMITH"},{"data":"Vigilance","floor":15.0,"key":"SMITH"}],"circlet_count":0,"master_deck":["Strike_P","Strike_P","Strike_P","Strike_P","Defend_P","Defend_P","Defend_P","Defend_P","Eruption+1","Vigilance+1","Blasphemy","BowlingBash","Tantrum+1","Halt","CutThroughFate","Meditate+1","DevaForm","Vault+1","LessonLearned","ReachHeaven+1","EmptyMind+1"],"relics":["PureWater"],"acts_visited":["Exordium","TheCity"],"potions_floor_usage":[20,21],"damage_taken":[{"damage":0.0,"enemies":"2 Louse","floor":1.0,"turns":1.0},{"damage":0.0,"enemies":"Jaw Worm","floor":2.0,"turns":2.0},{"damage":0.0,"enemies":"Cultist","floor":4.0,"turns":3.0},{"damage":0.0,"enemies":"Exordium Wildlife","floor":5.0,"turns":2.0},{"damage":0.0,"enemies":"Blue Slaver","floor":10.0,"turns":2.0},{"damage":17.0,"enemies":"Lots of Slimes","floor":11.0,"turns":3.0},{"damage":3.0,"enemies":"Red Slaver","floor":12.0,"turns":3.0},{"damage":6.0,"enemies":"Slime Boss","floor":16.0,"turns":7.0},{"damage":17.0,"enemies":"3 Byrds","floor":18.0,"turns":4.0},{"damage":35,"enemies":"Shell Parasite","floor":20,"turns":7},{"damage":18,"enemies":"Chosen and Byrds","floor":21,"turns":7}],"seed_played":"-7613545628073658634","potions_obtained":[{"floor":2.0,"key":"Energy Potion"},{"floor":5.0,"key":"Fire Potion"},{"floor":10.0,"key":"StancePotion"},{"floor":21,"key":"StancePotion"}],"is_trial":false,"path_per_floor":["M","M","$","M","M","R","?","R","T","M","M","M","R","?","R","B",null,"M","$","M","M","?"],"character_chosen":"WATCHER","items_purchased":["PowerPotion","Halt","LessonLearned"],"campfire_rested":0,"item_purchase_floors":[3,3,19],"current_hp_per_floor":[72,72,72,72,72,72,77,77,77,77,60,57,57,57,57,51,77,60,60,25,7,0,0],"gold":173,"neow_bonus":"ONE_RANDOM_RARE_CARD","is_daily":false,"chose_seed":false,"campfire_upgraded":4,"win_rate":0.0,"timestamp":1610139068,"path_taken":["M","M","$","M","M","R","?","R","T","M","M","M","R","?","R","BOSS","M","$","M","M","?"],"items_purchased_type":["Potion","Card","Card"],"build_version":"2020-12-22","purchased_purges":0,"victory":false,"max_hp_per_floor":[72,72,72,72,72,72,77,77,77,77,77,77,77,77,77,77,77,77,77,77,77,77,77],"relic_stats":{"counters":[11,41],"obtain_stats":[{"PureWater":0},{"PureWater":0},{"PureWater":0}]},"card_choices":[{"not_picked":["CutThroughFate","Prostrate"],"picked":"BowlingBash","floor":1.0},{"not_picked":["ThirdEye","CrushJoints"],"picked":"Tantrum","floor":2.0},{"not_picked":["EmptyMind","Blasphemy"],"picked":"CutThroughFate","floor":4.0},{"not_picked":["EmptyMind","Swivel","Halt"],"picked":"SKIP","floor":5.0},{"not_picked":["WreathOfFlame","FlyingSleeves"],"picked":"Meditate","floor":10.0},{"not_picked":["CrushJoints","FollowUp"],"picked":"DevaForm","floor":11.0},{"not_picked":["JustLucky","CutThroughFate","ClearTheMind"],"picked":"SKIP","floor":12.0},{"not_picked":["DeusExMachina","Alpha"],"picked":"Vault","floor":16.0},{"not_picked":["Crescendo","FlyingSleeves","Nirvana"],"picked":"SKIP","floor":18.0},{"not_picked":["Halt","DeceiveReality"],"picked":"ReachHeaven+1","floor":20},{"not_picked":["Evaluate","Crescendo"],"picked":"EmptyMind+1","floor":21}],"player_experience":614495,"relics_obtained":[],"event_choices":[{"damage_healed":0.0,"max_hp_gain":5.0,"max_hp_loss":0.0,"gold_gain":0.0,"event_name":"Big Fish","player_choice":"Donut","floor":7.0,"gold_loss":0.0,"damage_taken":0.0},{"damage_healed":0.0,"max_hp_gain":0.0,"max_hp_loss":0.0,"gold_gain":0.0,"event_name":"Liars Game","player_choice":"Ignored","floor":14.0,"gold_loss":0.0,"damage_taken":0.0},{"damage_healed":0,"gold_gain":75,"player_choice":"Touch","damage_taken":7,"max_hp_gain":0,"max_hp_loss":0,"event_name":"FaceTrader","floor":22,"gold_loss":0}],"is_beta":false,"boss_relics":[{"not_picked":["SlaversCollar","Fusion Hammer","Tiny House"]}],"items_purged_floors":[],"is_endless":false,"potions_floor_spawned":[2,5,10,11,18,21],"ascension_level":0}}