{"host":"i0avyit1s6jb1siw","time":1610134437,"event":{"mods":["BaseMod","DeckTracker","Dota2Spire","Highlight Path","Minty Spire (QoL Compilation)","Quick Restart","StSLib","SuperFastMode"],"gold_per_floor":[114,39,114,114,126,126,168,168,194,194,213,234,278,307,307,395,395,417,439,457,476,368,368,398,398,445,482,510,510,339,389,389,469,469,489,509,536,555,555,585,585,585,633,653,676,719,719,746,746,746,746,746,746,64,106,106],"floor_reached":57,"playtime":1434,"items_purged":["Strike_R"],"score":2770,"play_id":"fe8770b6-4c58-49a1-8539-58671f9d1554","local_time":"20210108203357","is_ascension_mode":true,"campfire_choices":[{"data":"Whirlwind","floor":6.0,"key":"SMITH"},{"data":"Bash","floor":8.0,"key":"SMITH"},{"floor":10.0,"key":"REST"},{"data":"Inflame","floor":15.0,"key":"SMITH"},{"data":"Evolve","floor":23.0,"key":"SMITH"},{"floor":25,"key":"REST"},{"data":"Fire Breathing","floor":32,"key":"SMITH"},{"floor":41,"key":"RECALL"},{"data":"Corruption","floor":49,"key":"SMITH"},{"data":"Barricade","floor":53,"key":"SMITH"}],"circlet_count":0,"master_deck":["AscendersBane","Defend_R","Defend_R","Defend_R","Bash+1","Wild Strike","Whirlwind+1","Shrug It Off","Inflame","Battle Trance","Inflame+1","Shrug It Off","Double Tap","Evolve+1","Burning Pact","Dropkick","Immolate","Fire Breathing+1","Flame Barrier+1","Disarm","Barricade+1","Flame Barrier","Corruption+1","Power Through","Flame Barrier+1","Power Through","Feel No Pain+1","Armaments+1","Fire Breathing","Disarm+1"],"relics":["Burning Blood","CeramicFish","Dota2Spire:MaskOfMadness","Dota2Spire:Vanguard","Tiny Chest","Dota2Spire:Bloodstone","Dota2Spire:ShivaGuard","Bag of Preparation","Dota2Spire:LinkenSphere","Mark of Pain","Matryoshka","Centennial Puzzle","Anchor","Dota2Spire:DivineRapier","Omamori","Bronze Scales","Lee\u0027s Waffle","Pear","Strawberry","Dota2Spire:ArcaneBoots"],"acts_visited":["Exordium","TheCity","TheBeyond","TheEnding"],"potions_floor_usage":[24,56],"damage_taken":[{"damage":6.0,"enemies":"Cultist","floor":1.0,"turns":4.0},{"damage":0.0,"enemies":"Small Slimes","floor":5.0,"turns":3.0},{"damage":40.0,"enemies":"3 Sentries","floor":7.0,"turns":8.0},{"damage":3.0,"enemies":"Jaw Worm","floor":11.0,"turns":3.0},{"damage":6.0,"enemies":"Exordium Thugs","floor":12.0,"turns":7.0},{"damage":8.0,"enemies":"Gremlin Nob","floor":13.0,"turns":3.0},{"damage":2.0,"enemies":"Looter","floor":14.0,"turns":4.0},{"damage":18.0,"enemies":"Slime Boss","floor":16.0,"turns":10.0},{"damage":15.0,"enemies":"Spheric Guardian","floor":18.0,"turns":4.0},{"damage":19.0,"enemies":"2 Thieves","floor":19.0,"turns":4.0},{"damage":7.0,"enemies":"Centurion and Healer","floor":21.0,"turns":6.0},{"damage":21,"enemies":"Slavers","floor":24,"turns":3},{"damage":0,"enemies":"Gremlin Leader","floor":27,"turns":4},{"damage":7,"enemies":"Shelled Parasite and Fungi","floor":28,"turns":4},{"damage":3,"enemies":"Champ","floor":33,"turns":11},{"damage":2,"enemies":"3 Darklings","floor":35,"turns":3},{"damage":0,"enemies":"Orb Walker","floor":36,"turns":3},{"damage":16,"enemies":"Spire Growth","floor":38,"turns":4},{"damage":5,"enemies":"Nemesis","floor":40,"turns":6},{"damage":2,"enemies":"3 Darklings","floor":44,"turns":3},{"damage":0,"enemies":"Maw","floor":45,"turns":5},{"damage":7,"enemies":"Reptomancer","floor":46,"turns":5},{"damage":18,"enemies":"Writhing Mass","floor":48,"turns":4},{"damage":36,"enemies":"Time Eater","floor":50,"turns":9},{"damage":5,"enemies":"Donu and Deca","floor":51,"turns":6},{"damage":103,"enemies":"Shield and Spear","floor":55,"turns":5},{"damage":45,"enemies":"The Heart","floor":56,"turns":6}],"seed_played":"-391990222333848349","potions_obtained":[{"floor":5.0,"key":"LiquidMemories"},{"floor":7.0,"key":"DuplicationPotion"},{"floor":16.0,"key":"FairyPotion"},{"floor":24,"key":"BloodPotion"}],"is_trial":false,"path_per_floor":["M","?","?","T","M","R","E","R","T","R","M","M","E","M","R","B",null,"M","M","?","M","$","R","E","R","T","E","M","?","$","?","R","B",null,"M","M","T","M","?","E","R","?","T","M","M","E","T","M","R","B","B",null,"R","$","E","B",null],"character_chosen":"IRONCLAD","items_purchased":["Fire Breathing","Barricade","Flame Barrier","Fire Breathing","Lee\u0027s Waffle","Pear","Strawberry"],"campfire_rested":2,"item_purchase_floors":[22,30,30,54,54,54,54],"current_hp_per_floor":[68,68,57,57,63,63,29,29,29,51,54,54,52,56,56,44,67,58,45,45,44,44,44,29,51,51,57,56,56,56,56,56,59,71,75,75,75,65,65,66,66,66,66,70,75,74,74,62,62,32,33,65,65,99,35,57],"gold":106,"neow_bonus":"THREE_CARDS","is_daily":false,"chose_seed":false,"campfire_upgraded":7,"win_rate":0.0,"timestamp":1610134437,"path_taken":["M","?","?","?","M","R","E","R","T","R","M","M","E","M","R","BOSS","M","M","?","M","$","R","E","R","T","E","M","?","$","?","R","BOSS","M","M","?","M","?","E","R","?","T","M","?","E","?","?","R","BOSS","BOSS","R","$","E","BOSS"],"items_purchased_type":["Card","Card","Card","Card","Relic","Relic","Relic"],"build_version":"2020-12-22","purchased_purges":1,"victory":true,"max_hp_per_floor":[75,75,75,75,75,75,75,75,75,75,75,75,75,75,75,75,75,75,75,75,75,75,75,75,75,75,75,75,75,75,75,75,75,75,75,75,75,75,75,75,75,75,75,75,75,75,75,75,75,75,75,75,75,99,99,99],"card_choices":[{"not_picked":["Thunderclap","True Grit"],"picked":"Wild Strike","floor":0.0},{"not_picked":["Clothesline","Headbutt"],"picked":"Whirlwind","floor":1.0},{"not_picked":["Clash","Sword Boomerang","Body Slam"],"picked":"SKIP","floor":5.0},{"not_picked":["Dark Embrace","Offering"],"picked":"Shrug It Off","floor":7.0},{"not_picked":["Second Wind","Blood for Blood"],"picked":"Inflame","floor":11.0},{"not_picked":["Clothesline","Searing Blow"],"picked":"Battle Trance","floor":12.0},{"not_picked":["Rampage","Blood for Blood"],"picked":"Inflame","floor":13.0},{"not_picked":["Reckless Charge","True Grit"],"picked":"Shrug It Off","floor":14.0},{"not_picked":["Fiend Fire","Brutality"],"picked":"Double Tap","floor":16.0},{"not_picked":["Wild Strike","Twin Strike"],"picked":"Evolve","floor":18.0},{"not_picked":["Seeing Red","Headbutt+1"],"picked":"Burning Pact","floor":19.0},{"not_picked":["Burning Pact","Thunderclap","Infernal Blade"],"picked":"SKIP","floor":21.0},{"not_picked":["Berserk","Warcry","Combust"],"picked":"SKIP","floor":24},{"not_picked":["Headbutt","Power Through"],"picked":"Flame Barrier+1","floor":27},{"not_picked":["Body Slam","Blood for Blood"],"picked":"Disarm","floor":28},{"not_picked":["Feed","Berserk"],"picked":"Corruption","floor":33},{"not_picked":["Rage","Combust"],"picked":"Power Through","floor":35},{"not_picked":["Armaments","Burning Pact+1","Flex+1"],"picked":"SKIP","floor":36},{"not_picked":["Havoc","Iron Wave","Flex+1"],"picked":"SKIP","floor":38},{"not_picked":["Burning Pact","Pommel Strike","Headbutt"],"picked":"SKIP","floor":40},{"not_picked":["Sword Boomerang","Clothesline"],"picked":"Flame Barrier+1","floor":44},{"not_picked":["Evolve","Havoc"],"picked":"Power Through","floor":45},{"not_picked":["Shrug It Off","Berserk"],"picked":"Feel No Pain+1","floor":46},{"not_picked":["Anger","Twin Strike"],"picked":"Armaments+1","floor":48},{"not_picked":["Searing Blow+1","Offering"],"picked":"Disarm+1","floor":55}],"player_experience":2188357,"relics_obtained":[{"floor":4.0,"key":"CeramicFish"},{"floor":7.0,"key":"Dota2Spire:MaskOfMadness"},{"floor":9.0,"key":"Dota2Spire:Vanguard"},{"floor":13.0,"key":"Tiny Chest"},{"floor":24,"key":"Dota2Spire:ShivaGuard"},{"floor":26,"key":"Bag of Preparation"},{"floor":27,"key":"Dota2Spire:LinkenSphere"},{"floor":40,"key":"Matryoshka"},{"floor":43,"key":"Centennial Puzzle"},{"floor":43,"key":"Anchor"},{"floor":46,"key":"Dota2Spire:DivineRapier"},{"floor":47,"key":"Omamori"},{"floor":47,"key":"Bronze Scales"},{"floor":55,"key":"Dota2Spire:ArcaneBoots"}],"event_choices":[{"cards_removed":["Strike_R"],"damage_healed":0.0,"max_hp_gain":0.0,"max_hp_loss":0.0,"gold_gain":0.0,"event_name":"The Cleric","player_choice":"Card Removal","floor":2.0,"gold_loss":75.0,"damage_taken":0.0},{"damage_healed":0.0,"max_hp_gain":0.0,"max_hp_loss":0.0,"gold_gain":75.0,"event_name":"World of Goop","player_choice":"Gather Gold","floor":3.0,"gold_loss":0.0,"damage_taken":11.0},{"damage_healed":0.0,"max_hp_gain":0.0,"max_hp_loss":0.0,"gold_gain":0.0,"cards_transformed":["Strike_R","Strike_R"],"event_name":"Drug Dealer","player_choice":"Became Test Subject","floor":20.0,"gold_loss":0.0,"damage_taken":0.0,"cards_obtained":["Dropkick","Immolate"]},{"cards_removed":["Strike_R"],"damage_healed":0,"gold_gain":0,"player_choice":"Elegance","damage_taken":0,"max_hp_gain":0,"max_hp_loss":0,"event_name":"Back to Basics","floor":29,"gold_loss":0},{"damage_healed":0,"gold_gain":50,"player_choice":"Stole From Cult","damage_taken":0,"max_hp_gain":0,"max_hp_loss":0,"event_name":"Nest","floor":31,"gold_loss":0},{"cards_removed":["Defend_R"],"damage_healed":0,"gold_gain":0,"player_choice":"Removed Skill","damage_taken":0,"max_hp_gain":0,"max_hp_loss":0,"event_name":"Falling","floor":39,"gold_loss":0},{"damage_healed":0,"gold_gain":0,"player_choice":"0 cards matched","damage_taken":0,"max_hp_gain":0,"max_hp_loss":0,"event_name":"Match and Keep!","floor":42,"gold_loss":0,"cards_obtained":[]}],"is_beta":false,"boss_relics":[{"not_picked":["SacredBark","Runic Pyramid"],"picked":"Dota2Spire:Bloodstone"},{"not_picked":["Calling Bell","Tiny House"],"picked":"Mark of Pain"}],"items_purged_floors":[22],"is_endless":false,"potions_floor_spawned":[5,7,16,21,24,33,35,40,44,45],"ascension_level":20}}