{"host":"7k2a2omxz3voj5ax","time":1610124973,"event":{"mods":["BaseMod","Marisa£¨ìFÓê¡¡Ä§ÀíÉ³£©","Minty Spire (QoL Compilation)","Quick Restart","Spicy Shops","StSLib","Starting Relic: Pandora\u0027s Box","óô»ðÖ¸ÄÏ"],"gold_per_floor":[16,30,30,30,30,30,74,90,90,124,140,183,183,183,183,276,276,289,289,314,328,353,353,353],"floor_reached":23,"playtime":850,"items_purged":[],"score":522,"play_id":"30e7d9d6-1cbd-4ea5-bb91-d73c3ed42bae","local_time":"20210109015613","is_ascension_mode":true,"campfire_choices":[{"data":"MilkyWay","floor":6.0,"key":"SMITH"},{"data":"PowerUp","floor":15.0,"key":"SMITH"}],"circlet_count":0,"master_deck":["AscendersBane","UpSweep","MeteoricShower","IllusionStar","MilkyWay+1","DC","NonDirectionalLaser","ShootingEcho","MagicAbsorber","PropBag","OneTimeOff","PowerUp+1","Acceleration+1","WitchLeyline","GasGiant+1","SuperNova","6A+1","GasGiant+1"],"relics":["MiniHakkero","Golden Idol","CultistMask","Toxic Egg 2","The Courier","Prayer Wheel","MealTicket","RampagingMagicTools"],"acts_visited":["Exordium","TheCity"],"potions_floor_usage":[],"damage_taken":[{"damage":3.0,"enemies":"2 Louse","floor":1.0,"turns":2.0},{"damage":7.0,"enemies":"Jaw Worm","floor":2.0,"turns":2.0},{"damage":0.0,"enemies":"Gremlin Nob","floor":7.0,"turns":2.0},{"damage":3.0,"enemies":"Small Slimes","floor":8.0,"turns":2.0},{"damage":20.0,"enemies":"Lagavulin","floor":10.0,"turns":4.0},{"damage":7.0,"enemies":"Red Slaver","floor":11.0,"turns":2.0},{"damage":0.0,"enemies":"Gremlin Nob","floor":12.0,"turns":2.0},{"damage":2.0,"enemies":"Slime Boss","floor":16.0,"turns":6.0},{"damage":11.0,"enemies":"Spheric Guardian","floor":18.0,"turns":4.0},{"damage":12,"enemies":"3 Byrds","floor":20,"turns":4},{"damage":0,"enemies":"Snecko","floor":21,"turns":3},{"damage":25,"enemies":"3 Cultists","floor":22,"turns":4},{"damage":16,"enemies":"Slavers","floor":23,"turns":1}],"seed_played":"2887208478373796763","potions_obtained":[{"floor":1.0,"key":"SkillPotion"},{"floor":7.0,"key":"SkillPotion"},{"floor":10.0,"key":"Explosive Potion"},{"floor":11.0,"key":"StarNLove"},{"floor":16.0,"key":"AttackPotion"},{"floor":21,"key":"ShroomBrew"}],"is_trial":false,"path_per_floor":["M","M","?","$","?","R","E","M","T","E","M","E","?","?","R","B",null,"M","?","M","M","M","E"],"character_chosen":"MARISA","items_purchased":[],"campfire_rested":0,"item_purchase_floors":[],"current_hp_per_floor":[60,53,53,53,53,53,53,50,50,30,23,23,23,28,28,26,58,47,47,35,35,10,0,0],"gold":353,"neow_bonus":"TRANSFORM_TWO_CARDS","is_daily":false,"chose_seed":false,"campfire_upgraded":2,"win_rate":0.0,"timestamp":1610124973,"path_taken":["M","M","?","?","?","R","E","M","T","E","?","E","?","?","R","BOSS","M","?","?","M","M","E"],"items_purchased_type":[],"build_version":"2020-12-22","purchased_purges":0,"victory":false,"max_hp_per_floor":[70,70,63,63,63,63,63,63,63,63,63,63,63,68,68,68,68,68,68,68,68,68,68,68],"card_choices":[{"not_picked":["Acceleration","OneTimeOff"],"picked":"PowerUp","floor":1.0},{"not_picked":["LuminesStrike","PowerUp"],"picked":"Acceleration","floor":2.0},{"not_picked":["NonDirectionalLaser","SporeBomb+1","OneTimeOff+1"],"picked":"SKIP","floor":7.0},{"not_picked":["MilkyWay+1","DoubleSpark"],"picked":"WitchLeyline","floor":8.0},{"not_picked":["FinalSpark","CasketOfStar"],"picked":"GasGiant+1","floor":10.0},{"not_picked":["GalacticHalo+1","OpenUniverse+1","IllusionStar+1"],"picked":"SKIP","floor":11.0},{"not_picked":["WitchOfGreed","GrandCross","AlicesGift"],"picked":"SKIP","floor":11.0},{"not_picked":["EnergyFlow","BigCrunch+1","UnstableBomb"],"picked":"SKIP","floor":12.0},{"not_picked":["CollectingQuirk","MillisecondPulsars"],"picked":"SuperNova","floor":16.0},{"not_picked":["DC","NonDirectionalLaser"],"picked":"6A+1","floor":18.0},{"not_picked":["OortCloud","EnergyFlow","PropBag+1"],"picked":"SKIP","floor":18.0},{"not_picked":["AsteroidBelt+1","Acceleration+1","DoubleSpark"],"picked":"SKIP","floor":20},{"not_picked":["DragonMeteor","OpenUniverse+1","SprinkleStarSeal+1"],"picked":"SKIP","floor":20},{"not_picked":["DragonMeteor","OpenUniverse+1","StarlightTyphoon+1"],"picked":"SKIP","floor":21},{"not_picked":["LuminesStrike","DC","MagicAbsorber+1"],"picked":"SKIP","floor":21},{"not_picked":["EnergyFlow+1","AsteroidBelt+1","TreasureHunter"],"picked":"SKIP","floor":22},{"not_picked":["StarBarrage","StarlightTyphoon+1","SprinkleStarSeal+1"],"picked":"SKIP","floor":22}],"player_experience":408998,"relics_obtained":[{"floor":7.0,"key":"Toxic Egg 2"},{"floor":9.0,"key":"The Courier"},{"floor":10.0,"key":"Prayer Wheel"},{"floor":12.0,"key":"MealTicket"}],"event_choices":[{"damage_healed":0.0,"max_hp_gain":0.0,"max_hp_loss":7.0,"gold_gain":0.0,"event_name":"Golden Idol","player_choice":"Lose Max HP","floor":3.0,"gold_loss":0.0,"damage_taken":0.0,"relics_obtained":["Golden Idol"]},{"damage_healed":0.0,"max_hp_gain":0.0,"max_hp_loss":0.0,"gold_gain":0.0,"event_name":"FaceTrader","player_choice":"Trade","floor":5.0,"gold_loss":0.0,"damage_taken":0.0,"relics_obtained":["CultistMask"]},{"damage_healed":0.0,"max_hp_gain":0.0,"max_hp_loss":0.0,"gold_gain":0.0,"event_name":"Living Wall","player_choice":"Grow","floor":13.0,"gold_loss":0.0,"damage_taken":0.0,"cards_upgraded":["Acceleration"]},{"damage_healed":0.0,"max_hp_gain":5.0,"max_hp_loss":0.0,"gold_gain":0.0,"event_name":"Big Fish","player_choice":"Donut","floor":14.0,"gold_loss":0.0,"damage_taken":0.0},{"damage_healed":0,"gold_gain":0,"player_choice":"Copied","damage_taken":0,"max_hp_gain":0,"max_hp_loss":0,"event_name":"Duplicator","floor":19,"gold_loss":0,"cards_obtained":["GasGiant"]}],"is_beta":false,"boss_relics":[{"not_picked":["Philosopher\u0027s Stone","Ectoplasm"],"picked":"RampagingMagicTools"}],"items_purged_floors":[],"is_endless":false,"potions_floor_spawned":[1,7,10,11,16,21,22],"killed_by":"Slavers","ascension_level":20}}