{"host":"4niw882416uisgo2","time":1610111049,"event":{"mods":["Act Like it!","Aspiration","BaseMod","Beaked The Cultist","Colored Map","Colored Powertips","Conspire","Elementarium","Energized Spire","Friendly Minions","Gensokyo","Googly Eyes","Gremlin Mod","Halation","Highlight Path","Hubris","Infinite Spire","Mimic Mod","Minty Spire (QoL Compilation)","Replay The Spire","Shop Mod","Spikes Relics","StSLib","SuperFastMode","The Animator","The Necromancer"],"gold_per_floor":[110,110,110,110,56,85,85,98,121,633,633,633],"floor_reached":11,"playtime":967,"items_purged":[],"score":126,"play_id":"c96a60dc-126a-4ba8-9d4b-779982689130","local_time":"20210109000409","is_ascension_mode":true,"campfire_choices":[{"data":"animator:Vesta","floor":7,"key":"SMITH"}],"circlet_count":0,"master_deck":["animator:Strike_GATE","animator:Defend_GATE","animator:Strike","animator:Strike","animator:Strike","animator:Defend","animator:Defend","animator:Defend","animator:TukaLunaMarceau","animator:Kuribayashi","animator:Vesta+1","Clumsy","animator:Darkness","animator:LizardPriest"],"relics":["animator:LivingPicture","animator:TheMissingPiece","animator:PurgingStone","NeowsBlessing","Strawberry","Ring of Misfortune","Ring of Fangs","Gensokyo:NagashiBinaDoll","Centennial Puzzle"],"acts_visited":["Gensokyo:Gensokyo"],"potions_floor_usage":[11],"damage_taken":[{"damage":0,"enemies":"Gensokyo:2_Kodama","floor":1,"turns":2},{"damage":0,"enemies":"Gensokyo:Aya","floor":6,"turns":1},{"damage":0,"enemies":"Gensokyo:Python","floor":8,"turns":2},{"damage":4,"enemies":"Gensokyo:3_Fairies","floor":10,"turns":12},{"damage":58,"enemies":"Gensokyo:Mamizou","floor":11,"turns":16}],"seed_played":"6769945402081866113","potions_obtained":[{"floor":1,"key":"Explosive Potion"}],"is_trial":false,"path_per_floor":["M","?","?","?","COS","E","R","M","T","M","E"],"character_chosen":"THE_ANIMATOR","items_purchased":[],"campfire_rested":0,"item_purchase_floors":[],"current_hp_per_floor":[59,56,56,56,56,56,56,56,56,52,0,0],"gold":633,"neow_bonus":"THREE_ENEMY_KILL","is_daily":false,"chose_seed":false,"campfire_upgraded":1,"win_rate":0.0,"timestamp":1610111049,"path_taken":["M","?","?","?","COS","E","R","M","T","M","E"],"items_purchased_type":[],"build_version":"2020-12-22","purchased_purges":0,"victory":false,"max_hp_per_floor":[66,73,73,73,73,73,73,73,73,73,73,73],"card_choices":[{"not_picked":["animator:Benimaru","animator:PandorasActor"],"picked":"animator:Vesta","floor":1},{"not_picked":["animator:PandorasActor","animator:Priestess"],"picked":"animator:Darkness","floor":6},{"not_picked":["animator:Entoma","animator:Kyubey","animator:IrohaTamaki"],"picked":"SKIP","floor":8},{"not_picked":["animator:Priestess","animator:GuildGirl"],"picked":"animator:LizardPriest","floor":10}],"player_experience":557333,"relics_obtained":[{"floor":3,"key":"Ring of Misfortune"},{"floor":3,"key":"Ring of Fangs"},{"floor":6,"key":"Centennial Puzzle"}],"event_choices":[],"is_beta":false,"boss_relics":[],"items_purged_floors":[],"is_endless":false,"potions_floor_spawned":[1],"killed_by":"Gensokyo:Mamizou","ascension_level":7}}