{"host":"fwes8e3a36usabj9","time":1610072094,"event":{"mods":["BaseMod","Colored Map","Colored Powertips","Minty Spire (QoL Compilation)"],"gold_per_floor":[117,128,53,128,128,128,139,156,456,490,490,523,541,551,551,648,648,668,680,314,314,332,332,348,375,375,375,388,408,428,462,462,566,566,586,586,596,696,104,116,150,150,198,223,28,42,57,85,85,85],"floor_reached":51,"playtime":5474,"items_purged":["Strike_R","Clumsy"],"score":1101,"play_id":"fdef03dd-d020-4dab-9ad0-75ed7ad12723","local_time":"20210107181454","is_ascension_mode":true,"campfire_choices":[{"data":"Fiend Fire","floor":6.0,"key":"SMITH"},{"data":"Armaments","floor":11.0,"key":"SMITH"},{"data":"Seeing Red","floor":15.0,"key":"SMITH"},{"data":"True Grit","floor":23.0,"key":"SMITH"},{"data":"Impervious","floor":27.0,"key":"SMITH"},{"floor":32.0,"key":"REST"},{"data":"Madness","floor":42.0,"key":"SMITH"},{"data":"Fiend Fire","floor":49,"key":"SMITH"}],"circlet_count":0,"master_deck":["Strike_R+1","Strike_R","Strike_R+1","Strike_R","Defend_R","Defend_R","Defend_R","Defend_R+1","Bash","Fiend Fire+1","Wild Strike+1","Armaments+1","True Grit+1","Spot Weakness","Shrug It Off","Reaper","Seeing Red+1","Impervious+1","Perfected Strike+1","Battle Trance","Evolve","Whirlwind","Fire Breathing+1","Battle Trance","Good Instincts","Clothesline","Disarm+1","Fiend Fire+1","CurseOfTheBell","Warcry","Madness+1","Madness","Feel No Pain+1","Evolve+1","Parasite","Corruption+1","Panache+1","Impervious"],"relics":["Burning Blood","Old Coin","HornCleat","Bag of Marbles","Cursed Key","Bag of Preparation","Orrery","Whetstone","White Beast Statue","Lantern","Calling Bell","Oddly Smooth Stone","Frozen Egg 2","Dead Branch","Frozen Eye","Boot","Strawberry","TungstenRod","Pen Nib","Mercury Hourglass","Blood Vial"],"acts_visited":["Exordium","TheCity","TheBeyond"],"potions_floor_usage":[50],"damage_taken":[{"damage":4.0,"enemies":"2 Louse","floor":1.0,"turns":3.0},{"damage":1.0,"enemies":"Cultist","floor":2.0,"turns":3.0},{"damage":2.0,"enemies":"Jaw Worm","floor":7.0,"turns":2.0},{"damage":1.0,"enemies":"3 Louse","floor":8.0,"turns":6.0},{"damage":0.0,"enemies":"Gremlin Nob","floor":10.0,"turns":2.0},{"damage":29.0,"enemies":"Lagavulin","floor":12.0,"turns":8.0},{"damage":11.0,"enemies":"Looter","floor":13.0,"turns":3.0},{"damage":5.0,"enemies":"Gremlin Gang","floor":14.0,"turns":5.0},{"damage":41.0,"enemies":"The Guardian","floor":16.0,"turns":13.0},{"damage":13.0,"enemies":"Shell Parasite","floor":18.0,"turns":6.0},{"damage":22.0,"enemies":"2 Thieves","floor":19.0,"turns":3.0},{"damage":0.0,"enemies":"Centurion and Healer","floor":22.0,"turns":3.0},{"damage":0.0,"enemies":"Sentry and Sphere","floor":24.0,"turns":2.0},{"damage":5.0,"enemies":"Gremlin Leader","floor":25.0,"turns":3.0},{"damage":36.0,"enemies":"Shelled Parasite and Fungi","floor":28.0,"turns":6.0},{"damage":25.0,"enemies":"Centurion and Healer","floor":29.0,"turns":4.0},{"damage":22.0,"enemies":"Sentry and Sphere","floor":30.0,"turns":4.0},{"damage":2.0,"enemies":"Book of Stabbing","floor":31.0,"turns":5.0},{"damage":34.0,"enemies":"Automaton","floor":33.0,"turns":13.0},{"damage":4.0,"enemies":"3 Darklings","floor":35.0,"turns":3.0},{"damage":0.0,"enemies":"Orb Walker","floor":37.0,"turns":1.0},{"damage":5.0,"enemies":"Maw","floor":40.0,"turns":10.0},{"damage":15.0,"enemies":"Reptomancer","floor":41.0,"turns":7.0},{"damage":5.0,"enemies":"Giant Head","floor":44.0,"turns":6.0},{"damage":0,"enemies":"3 Darklings","floor":46,"turns":2},{"damage":0,"enemies":"Jaw Worm Horde","floor":47,"turns":1},{"damage":0,"enemies":"Reptomancer","floor":48,"turns":5},{"damage":17,"enemies":"Awakened One","floor":50,"turns":4}],"seed_played":"-1121593152778325277","potions_obtained":[{"floor":7.0,"key":"SneckoOil"},{"floor":13.0,"key":"GamblersBrew"},{"floor":14.0,"key":"LiquidMemories"},{"floor":16.0,"key":"DistilledChaos"},{"floor":19.0,"key":"SpeedPotion"},{"floor":25.0,"key":"Dexterity Potion"},{"floor":28.0,"key":"PowerPotion"},{"floor":29.0,"key":"BloodPotion"},{"floor":30.0,"key":"ColorlessPotion"},{"floor":31.0,"key":"GamblersBrew"},{"floor":33.0,"key":"Energy Potion"},{"floor":35.0,"key":"EssenceOfSteel"},{"floor":37.0,"key":"Block Potion"},{"floor":40.0,"key":"Explosive Potion"},{"floor":41.0,"key":"BlessingOfTheForge"},{"floor":44,"key":"Energy Potion"},{"floor":46,"key":"Regen Potion"}],"is_trial":false,"path_per_floor":["M","M","$","?","?","R","M","M","T","E","R","E","M","M","R","B",null,"M","M","$","?","M","R","M","E","T","R","M","M","M","E","R","B",null,"M","?","M","?","$","M","E","R","T","E","$","M","M","E","R","B",null],"character_chosen":"IRONCLAD","items_purchased":["Evolve","Bag of Preparation","Orrery","Feel No Pain+1","Frozen Eye","Boot","Strawberry","Panache+1"],"campfire_rested":1,"item_purchase_floors":[20,20,20,39,39,39,39,45],"current_hp_per_floor":[80,80,80,69,53,53,57,62,62,68,68,45,50,56,56,29,67,66,62,62,50,60,60,66,76,76,76,46,39,39,43,67,52,73,75,65,71,71,78,79,70,70,70,71,71,77,83,87,87,76],"gold":85,"neow_bonus":"ONE_RANDOM_RARE_CARD","is_daily":false,"chose_seed":false,"campfire_upgraded":7,"win_rate":0.0,"timestamp":1610072094,"path_taken":["M","M","$","?","?","R","M","M","T","E","R","E","M","M","R","BOSS","M","M","$","?","M","R","M","E","T","R","M","?","M","E","R","BOSS","M","?","M","?","$","?","E","R","T","E","$","M","M","E","R","BOSS"],"items_purchased_type":["Card","Relic","Relic","Card","Relic","Relic","Relic","Card"],"build_version":"2020-12-22","purchased_purges":2,"victory":true,"max_hp_per_floor":[80,80,80,80,80,80,80,80,80,80,80,80,80,80,80,80,80,80,80,80,80,80,80,80,80,80,80,80,80,80,80,80,80,80,80,80,80,80,87,87,87,87,87,87,87,87,87,87,87,87],"card_choices":[{"not_picked":["Clash","Seeing Red"],"picked":"Wild Strike","floor":1.0},{"not_picked":["Sword Boomerang","Thunderclap"],"picked":"Armaments","floor":2.0},{"not_picked":["Infernal Blade","Reckless Charge"],"picked":"True Grit","floor":7.0},{"not_picked":["Clothesline","Intimidate"],"picked":"Spot Weakness","floor":8.0},{"not_picked":["True Grit","Entrench"],"picked":"Shrug It Off","floor":10.0},{"not_picked":["Dropkick","Shrug It Off"],"picked":"Reaper","floor":12.0},{"not_picked":["Entrench","Iron Wave"],"picked":"Seeing Red","floor":13.0},{"not_picked":["Headbutt","Perfected Strike","Thunderclap"],"picked":"SKIP","floor":14.0},{"not_picked":["Reaper","Offering"],"picked":"Impervious","floor":16.0},{"not_picked":["Seeing Red","Twin Strike"],"picked":"Perfected Strike+1","floor":18.0},{"not_picked":["Body Slam","Cleave"],"picked":"Battle Trance","floor":19.0},{"not_picked":["Body Slam+1","Brutality"],"picked":"Whirlwind","floor":20.0},{"not_picked":["Perfected Strike","Headbutt"],"picked":"Fire Breathing+1","floor":20.0},{"not_picked":["Thunderclap","Clash+1"],"picked":"Battle Trance","floor":20.0},{"not_picked":["Pommel Strike","True Grit","Juggernaut"],"picked":"SKIP","floor":22.0},{"not_picked":["Sword Boomerang","Shrug It Off","Combust"],"picked":"SKIP","floor":24.0},{"not_picked":["Cleave","Spot Weakness"],"picked":"Clothesline","floor":25.0},{"not_picked":["Twin Strike+1","Reckless Charge","Blood for Blood+1"],"picked":"SKIP","floor":28.0},{"not_picked":["Whirlwind","Havoc"],"picked":"Disarm+1","floor":29.0},{"not_picked":["Heavy Blade","Cleave","Havoc+1"],"picked":"SKIP","floor":30.0},{"not_picked":["Evolve","Twin Strike","Combust+1"],"picked":"SKIP","floor":31.0},{"not_picked":["Corruption","Feed"],"picked":"Fiend Fire","floor":33.0},{"not_picked":["Fire Breathing+1","Havoc"],"picked":"Warcry","floor":35.0},{"not_picked":["True Grit","Flex","Shrug It Off"],"picked":"SKIP","floor":37.0},{"not_picked":["Wild Strike+1","Twin Strike+1"],"picked":"Evolve+1","floor":40.0},{"not_picked":["Combust+1","Battle Trance+1","Headbutt"],"picked":"SKIP","floor":41.0},{"not_picked":["Cleave+1","Intimidate+1"],"picked":"Corruption+1","floor":44},{"not_picked":["Blood for Blood","Rampage","Heavy Blade+1"],"picked":"SKIP","floor":46},{"not_picked":["Sever Soul","Fire Breathing+1","Flame Barrier"],"picked":"SKIP","floor":47},{"not_picked":["Corruption+1","Body Slam+1"],"picked":"Impervious","floor":48}],"player_experience":671289,"relics_obtained":[{"floor":9.0,"key":"Old Coin"},{"floor":10.0,"key":"HornCleat"},{"floor":12.0,"key":"Bag of Marbles"},{"floor":25.0,"key":"Whetstone"},{"floor":26.0,"key":"White Beast Statue"},{"floor":31.0,"key":"Lantern"},{"floor":34.0,"key":"Oddly Smooth Stone"},{"floor":34.0,"key":"Frozen Egg 2"},{"floor":34.0,"key":"Dead Branch"},{"floor":41.0,"key":"TungstenRod"},{"floor":43.0,"key":"Pen Nib"},{"floor":44,"key":"Mercury Hourglass"},{"floor":48,"key":"Blood Vial"}],"event_choices":[{"damage_healed":0.0,"max_hp_gain":0.0,"max_hp_loss":0.0,"gold_gain":75.0,"event_name":"World of Goop","player_choice":"Gather Gold","floor":4.0,"gold_loss":0.0,"damage_taken":11.0},{"damage_healed":0.0,"max_hp_gain":0.0,"max_hp_loss":0.0,"gold_gain":0.0,"event_name":"Shining Light","player_choice":"Entered Light","floor":5.0,"gold_loss":0.0,"damage_taken":16.0,"cards_upgraded":["Defend_R","Strike_R"]},{"damage_healed":0.0,"max_hp_gain":0.0,"max_hp_loss":0.0,"gold_gain":0.0,"event_name":"Knowing Skull","player_choice":"CARD ","floor":21.0,"potions_obtained":[],"gold_loss":0.0,"damage_taken":12.0,"cards_obtained":["Good Instincts"]},{"damage_healed":0.0,"max_hp_gain":0.0,"max_hp_loss":0.0,"gold_gain":0.0,"event_name":"Winding Halls","player_choice":"Embrace Madness","floor":36.0,"gold_loss":0.0,"damage_taken":10.0,"cards_obtained":["Madness","Madness"]},{"damage_healed":0.0,"max_hp_gain":0.0,"max_hp_loss":0.0,"gold_gain":100.0,"event_name":"Golden Shrine","player_choice":"Pray","floor":38.0,"gold_loss":0.0,"damage_taken":0.0}],"is_beta":false,"boss_relics":[{"not_picked":["Pandora\u0027s Box","Fusion Hammer"],"picked":"Cursed Key"},{"not_picked":["Philosopher\u0027s Stone","Snecko Eye"],"picked":"Calling Bell"}],"items_purged_floors":[3,39],"is_endless":false,"potions_floor_spawned":[7,13,14,16,19,25,28,29,30,31,33,35,37,40,41,44,46,47,48],"ascension_level":5}}