{"host":"eydwxg59205c3vtl","time":1610126973,"event":{"mods":["2.2 Compatiblity","BaseMod","Colored Map","Colored Powertips","Hubris","Minty Spire (QoL Compilation)","StSLib","The Jungle","The Necromancer"],"gold_per_floor":[117,135,155,172,172,172,200,200,200,200,217,71,85,35,35,134,134,153,169,169,169,181,215,215,215,215,235,235,160,171,23,23,118,118,137,137,103,114,36,54,54,72,144,144,30,57,57,70,70,70],"floor_reached":51,"playtime":1034,"items_purged":["Shame","Strike_R"],"score":797,"play_id":"9de70cf2-7373-49ca-8b4e-3fffec90774a","local_time":"20210108122933","is_ascension_mode":false,"campfire_choices":[{"data":"Iron Wave","floor":6,"key":"SMITH"},{"data":"Sword Boomerang","floor":8,"key":"SMITH"},{"data":"Heavy Blade","floor":15,"key":"SMITH"},{"data":"Defend_R","floor":25,"key":"SMITH"},{"data":"Defend_R","floor":28,"key":"SMITH"},{"data":"Bash","floor":32,"key":"SMITH"},{"data":"Shrug It Off","floor":44,"key":"SMITH"},{"data":"Pummel","floor":49,"key":"SMITH"}],"circlet_count":0,"master_deck":["Strike_R","Strike_R","Strike_R","Strike_R","Defend_R","Defend_R","Defend_R+1","Defend_R+1","Bash+1","Immolate+1","Sword Boomerang+1","Flame Barrier+1","Iron Wave+1","Shrug It Off+1","Heavy Blade+1","Offering+1","Reaper","Impervious","Headbutt","Impervious","Metallicize+1","Inflame+1","Pummel+1","Shrug It Off","Heavy Blade+1"],"relics":["Burning Blood","hubris:IronBody","Frozen Egg 2","Oddly Smooth Stone","Brimstone","Busted Crown","InkBottle","hubris:Icosahedron","Gremlin Horn","Darkstone Periapt","hubris:TerracottaHorce","Eternal Feather","hubris:MysteriousPyramids"],"acts_visited":["Exordium","TheCity","TheBeyond"],"potions_floor_usage":[4,7,11,16,23,33,46,50,50],"damage_taken":[{"damage":6,"enemies":"Cultist","floor":1,"turns":3},{"damage":0,"enemies":"2 Louse","floor":2,"turns":2},{"damage":0,"enemies":"Small Slimes","floor":3,"turns":2},{"damage":0,"enemies":"Looter","floor":4,"turns":2},{"damage":16,"enemies":"Gremlin Nob","floor":7,"turns":4},{"damage":6,"enemies":"Blue Slaver","floor":11,"turns":3},{"damage":2,"enemies":"Exordium Wildlife","floor":13,"turns":2},{"damage":29,"enemies":"Hexaghost","floor":16,"turns":5},{"damage":0,"enemies":"3 Byrds","floor":18,"turns":2},{"damage":6,"enemies":"Chosen","floor":19,"turns":3},{"damage":16,"enemies":"Sentry and Sphere","floor":22,"turns":3},{"damage":30,"enemies":"Slavers","floor":23,"turns":4},{"damage":0,"enemies":"Snake Plant","floor":27,"turns":3},{"damage":9,"enemies":"Shelled Parasite and Fungi","floor":30,"turns":2},{"damage":6,"enemies":"Collector","floor":33,"turns":4},{"damage":6,"enemies":"3 Shapes","floor":35,"turns":2},{"damage":6,"enemies":"Orb Walker","floor":38,"turns":2},{"damage":6,"enemies":"Transient","floor":40,"turns":5},{"damage":10,"enemies":"Jaw Worm Horde","floor":42,"turns":2},{"damage":6,"enemies":"Reptomancer","floor":46,"turns":3},{"damage":0,"enemies":"Spire Growth","floor":48,"turns":3},{"damage":14,"enemies":"Awakened One","floor":50,"turns":8}],"seed_played":"1743580825073396184","potions_obtained":[{"floor":2,"key":"DuplicationPotion"},{"floor":3,"key":"LiquidBronze"},{"floor":7,"key":"Fruit Juice"},{"floor":11,"key":"Fruit Juice"},{"floor":16,"key":"SkillPotion"},{"floor":19,"key":"PowerPotion"},{"floor":27,"key":"DistilledChaos"},{"floor":38,"key":"SmokeBomb"},{"floor":46,"key":"Fire Potion"}],"is_trial":false,"path_per_floor":["M","M","M","M","?","R","E","R","T","?","M","$","M","?","R","B",null,"M","M","?","?","M","E","?","R","T","M","R","$","M","$","R","B",null,"M","?","$","M","$","M","$","M","T","R","$","E","?","M","R","B",null],"character_chosen":"IRONCLAD","items_purchased":["Brimstone","Headbutt","Metallicize+1","Inflame+1","Pummel","Shrug It Off"],"campfire_rested":0,"item_purchase_floors":[12,31,37,39,45,45],"current_hp_per_floor":[80,80,80,80,64,64,59,59,59,59,64,64,68,68,68,45,90,90,90,90,90,80,70,70,70,70,76,76,76,73,73,73,90,90,90,90,90,90,90,90,90,86,86,90,90,90,90,90,90,88],"gold":70,"neow_bonus":"ONE_RANDOM_RARE_CARD","is_daily":false,"chose_seed":false,"campfire_upgraded":8,"win_rate":0.0,"timestamp":1610126973,"path_taken":["M","?","?","M","?","R","E","R","T","?","M","$","M","?","R","BOSS","M","M","?","?","M","E","?","R","T","M","R","?","?","$","R","BOSS","M","?","?","M","?","M","$","M","T","R","$","E","?","M","R","BOSS"],"items_purchased_type":["Relic","Card","Card","Card","Card","Card"],"build_version":"2020-12-22","purchased_purges":2,"victory":true,"max_hp_per_floor":[80,80,80,80,80,80,85,85,85,85,90,90,90,90,90,90,90,90,90,90,90,90,90,90,90,90,90,90,90,90,90,90,90,90,90,90,90,90,90,90,90,90,90,90,90,90,90,90,90,90],"card_choices":[{"not_picked":["Anger","Infernal Blade"],"picked":"Sword Boomerang","floor":1},{"not_picked":["Heavy Blade","Battle Trance"],"picked":"Flame Barrier","floor":2},{"not_picked":["Body Slam","Rampage"],"picked":"Iron Wave","floor":3},{"not_picked":["Rupture","Headbutt"],"picked":"Shrug It Off","floor":4},{"not_picked":["Rupture","hubris:SharpeningStone","Clash"],"picked":"SKIP","floor":7},{"not_picked":["True Grit","Warcry"],"picked":"Heavy Blade","floor":11},{"not_picked":["Disarm","Wild Strike"],"picked":"Offering","floor":13},{"not_picked":["Double Tap","Barricade+1"],"picked":"Reaper","floor":16},{"not_picked":["Anger+1"],"picked":"SKIP","floor":18},{"not_picked":["Anger"],"picked":"SKIP","floor":19},{"not_picked":["Dropkick"],"picked":"SKIP","floor":22},{"not_picked":[],"picked":"Impervious","floor":23},{"not_picked":["Hemokinesis+1"],"picked":"SKIP","floor":27},{"not_picked":["hubris:ReadiedAction"],"picked":"SKIP","floor":30},{"not_picked":[],"picked":"Impervious","floor":33},{"not_picked":["Combust+1"],"picked":"SKIP","floor":35},{"not_picked":["Sword Boomerang"],"picked":"SKIP","floor":38},{"not_picked":["Blood for Blood"],"picked":"SKIP","floor":40},{"not_picked":["Sentinel"],"picked":"SKIP","floor":42},{"not_picked":[],"picked":"Heavy Blade+1","floor":46},{"not_picked":["Rampage+1"],"picked":"SKIP","floor":48}],"player_experience":607622,"relics_obtained":[{"floor":7,"key":"hubris:IronBody"},{"floor":9,"key":"Frozen Egg 2"},{"floor":23,"key":"Gremlin Horn"},{"floor":26,"key":"Darkstone Periapt"},{"floor":43,"key":"Eternal Feather"},{"floor":46,"key":"hubris:MysteriousPyramids"}],"event_choices":[{"damage_healed":0,"gold_gain":0,"player_choice":"Entered Light","damage_taken":16,"max_hp_gain":0,"max_hp_loss":0,"event_name":"Shining Light","floor":5,"gold_loss":0,"cards_upgraded":["Flame Barrier","Immolate"]},{"damage_healed":0,"gold_gain":0,"player_choice":"Box","damage_taken":0,"relics_obtained":["Oddly Smooth Stone"],"max_hp_gain":0,"max_hp_loss":0,"event_name":"Big Fish","floor":10,"gold_loss":0,"cards_obtained":["Regret"]},{"cards_removed":["Regret"],"damage_healed":0,"gold_gain":0,"player_choice":"Card Removal","damage_taken":0,"max_hp_gain":0,"max_hp_loss":0,"event_name":"The Cleric","floor":14,"gold_loss":50},{"damage_healed":0,"gold_gain":0,"player_choice":"Stole Relic","damage_taken":0,"relics_obtained":["InkBottle"],"max_hp_gain":0,"max_hp_loss":0,"event_name":"Addict","floor":20,"gold_loss":0,"cards_obtained":["Shame"]},{"damage_healed":0,"gold_gain":0,"player_choice":"Ignored","damage_taken":0,"max_hp_gain":0,"max_hp_loss":0,"event_name":"Vampires","floor":24,"gold_loss":0},{"damage_healed":0,"gold_gain":0,"player_choice":"Upgraded","damage_taken":0,"max_hp_gain":0,"max_hp_loss":0,"event_name":"Upgrade Shrine","floor":36,"gold_loss":0,"cards_upgraded":["Offering"]},{"damage_healed":0,"gold_gain":0,"player_choice":"Ignored","damage_taken":0,"max_hp_gain":0,"max_hp_loss":0,"event_name":"SecretPortal","floor":47,"gold_loss":0}],"is_beta":false,"boss_relics":[{"not_picked":["Fusion Hammer","Mark of Pain"],"picked":"Busted Crown"},{"not_picked":["hubris:RunicObelisk","Snecko Eye"],"picked":"hubris:TerracottaHorce"}],"items_purged_floors":[29,31],"is_endless":false,"potions_floor_spawned":[2,3,7,11,16,19,27,30,38,46,48],"ascension_level":0}}