{"host":"9l1knhxfturzliqa","time":1610093429,"event":{"mods":["BaseMod","Colored Map","Colored Powertips","DeckTracker","Highlight Path","Keyboard Shortcuts","Minty Spire (QoL Compilation)","Random Character Button"],"gold_per_floor":[109,120,132,307,321,354,202,202,202],"floor_reached":8,"playtime":623,"items_purged":["Strike_G"],"score":93,"play_id":"14e9a6a2-5675-4252-abee-0bd1b4c7493b","local_time":"20210108171029","is_ascension_mode":true,"campfire_choices":[],"circlet_count":0,"master_deck":["AscendersBane","Strike_G","Strike_G","Strike_G","Strike_G","Defend_G","Defend_G","Defend_G","Defend_G","Defend_G","Survivor","Neutralize","Heel Hook","Poisoned Stab","Blade Dance","Doubt","Burst","PiercingWail","Noxious Fumes"],"relics":["Ring of the Snake","Omamori"],"acts_visited":["Exordium"],"potions_floor_usage":[],"damage_taken":[{"damage":0.0,"enemies":"Cultist","floor":1.0,"turns":4.0},{"damage":0.0,"enemies":"2 Louse","floor":2.0,"turns":2.0},{"damage":0.0,"enemies":"Small Slimes","floor":3.0,"turns":3.0},{"damage":0.0,"enemies":"2 Fungi Beasts","floor":5.0,"turns":4.0},{"damage":9.0,"enemies":"Lagavulin","floor":6.0,"turns":6.0},{"damage":52,"enemies":"Gremlin Nob","floor":8,"turns":4}],"seed_played":"3054626911388222676","potions_obtained":[{"floor":1.0,"key":"BlessingOfTheForge"},{"floor":2.0,"key":"Strength Potion"}],"is_trial":false,"path_per_floor":["M","M","M","?","M","E","$","E"],"character_chosen":"THE_SILENT","items_purchased":["Noxious Fumes"],"campfire_rested":0,"item_purchase_floors":[7],"current_hp_per_floor":[45,45,45,45,45,36,36,0,0],"gold":202,"neow_bonus":"RANDOM_COLORLESS_2","is_daily":false,"chose_seed":false,"campfire_upgraded":0,"win_rate":0.0,"timestamp":1610093429,"path_taken":["M","M","M","?","M","E","$","E"],"items_purchased_type":["Card"],"build_version":"2020-12-22","purchased_purges":1,"victory":false,"max_hp_per_floor":[70,70,70,70,70,70,70,70,70],"card_choices":[{"not_picked":["Secret Weapon","Violence"],"picked":"HandOfGreed","floor":0.0},{"not_picked":["Quick Slash","Setup"],"picked":"Heel Hook","floor":1.0},{"not_picked":["Underhanded Strike","Deflect"],"picked":"Poisoned Stab","floor":2.0},{"not_picked":["Prepared","Slice"],"picked":"Blade Dance","floor":3.0},{"not_picked":["Distraction","Caltrops"],"picked":"Burst","floor":5.0},{"not_picked":["Blade Dance","Eviscerate"],"picked":"PiercingWail","floor":6.0}],"player_experience":380800,"relics_obtained":[{"floor":6.0,"key":"Omamori"}],"event_choices":[{"damage_healed":0.0,"max_hp_gain":0.0,"max_hp_loss":0.0,"gold_gain":175.0,"event_name":"Liars Game","player_choice":"AGREE","floor":4.0,"gold_loss":0.0,"damage_taken":0.0,"cards_obtained":["Doubt"]}],"is_beta":false,"boss_relics":[],"items_purged_floors":[7],"is_endless":false,"potions_floor_spawned":[1,2],"killed_by":"Gremlin Nob","ascension_level":12}}