{"host":"kabf61oc9jgfwufg","time":1610119029,"event":{"mods":["AchievementEnabler","Act Like it!","Aspiration","BaseMod","Conspire","GifTheSpireLib","Halation","HexUI Lib","Hubris","Infinite Spire","Melee Mod","Minty Spire (QoL Compilation)","Quick Restart","Rare Cards Sparkle","Replay The Spire","Shop Mod","StSLib","Waifu the Spire"],"gold_per_floor":[119,119,138,138,238,238,265,285,285,297,311,344,355,355,355,450,450,463,463,474,474,474,509,509,528,555,572,592,592,604,632,632,729,729,747,757,768,274,294,294,344,2,29,56,76,76,86,11,11,11,11],"floor_reached":50,"playtime":2573,"items_purged":["BowlingBash+1","WindmillStrike","Conclude"],"score":531,"play_id":"915c7816-bbec-4f22-8102-e94a53c7d5a2","local_time":"20210108151709","is_ascension_mode":false,"campfire_choices":[{"data":"Eruption","floor":6,"key":"SMITH"},{"floor":15,"key":"REST"},{"data":"Crescendo","floor":24,"key":"SMITH"},{"data":"Adaptation","floor":29,"key":"SMITH"},{"floor":49,"key":"DIG"}],"circlet_count":0,"master_deck":["Defend_P","Eruption+1","Vigilance","FollowUp+1","EmptyFist+1","FollowUp","Adaptation+1","EmptyMind+1","Halt+1","DeceiveReality+1","SandsOfTime+1","infinitespire:Collect","FlurryOfBlows","Indignation+1","Crescendo+1","EmptyFist","BattleHymn","FlurryOfBlows+1","Halt+1","infinitespire:Fortify","FollowUp","EmptyFist"],"relics":["Gambling Chip","Whetstone","Replay:PocketPolymizer","Astrolabe","Replay:Bottled Snecko","Strawberry","Tiny Chest","Pear","Sozu","infinitespire:Magic Flask","HolyWater","hubris:Zylophone","MerchantsRug","Unceasing Top","Blue Doll","PreservedInsect","halation:WeightlessCrab","Pet Ghost"],"acts_visited":["Exordium","TheCity","TheBeyond"],"potions_floor_usage":[8,16,33,33,45,47],"damage_taken":[{"damage":0,"enemies":"2 Louse","floor":1,"turns":2},{"damage":0,"enemies":"Cultist","floor":3,"turns":2},{"damage":2,"enemies":"Gremlin Nob","floor":7,"turns":3},{"damage":0,"enemies":"Jaw Worm","floor":8,"turns":1},{"damage":0,"enemies":"2 Fungi Beasts","floor":10,"turns":2},{"damage":20,"enemies":"Exordium Thugs","floor":11,"turns":2},{"damage":10,"enemies":"Replay:BlueRogue","floor":12,"turns":3},{"damage":7,"enemies":"3 Louse","floor":13,"turns":3},{"damage":37,"enemies":"Hexaghost","floor":16,"turns":4},{"damage":9,"enemies":"Shell Parasite","floor":18,"turns":4},{"damage":8,"enemies":"3 Byrds","floor":20,"turns":5},{"damage":7,"enemies":"Gremlin Leader","floor":23,"turns":7},{"damage":3,"enemies":"Cultist and Chosen","floor":25,"turns":3},{"damage":13,"enemies":"conspire:HollyBat","floor":27,"turns":4},{"damage":17,"enemies":"Snake Plant","floor":28,"turns":3},{"damage":4,"enemies":"3 Cultists","floor":30,"turns":3},{"damage":8,"enemies":"conspire:MimicChest","floor":31,"turns":5},{"damage":35,"enemies":"Automaton","floor":33,"turns":6},{"damage":10,"enemies":"Orb Walker","floor":35,"turns":2},{"damage":0,"enemies":"3 Darklings","floor":36,"turns":2},{"damage":16,"enemies":"Jaw Worm Horde","floor":37,"turns":3},{"damage":2,"enemies":"Spire Growth","floor":39,"turns":3},{"damage":0,"enemies":"Mind Bloom Boss Battle","floor":41,"turns":3},{"damage":55,"enemies":"Reptomancer","floor":44,"turns":4},{"damage":0,"enemies":"Maw","floor":45,"turns":6},{"damage":0,"enemies":"Sphere and 2 Shapes","floor":47,"turns":2},{"damage":15,"enemies":"conspire:OrnateMirror","floor":50,"turns":2}],"seed_played":"1750620343849078687","potions_obtained":[{"floor":3,"key":"Fire Potion"},{"floor":8,"key":"Ancient Potion"},{"floor":10,"key":"Regen Potion"},{"floor":16,"key":"Fire Potion"},{"floor":20,"key":"PowerPotion"},{"floor":33,"key":"Venom Potion"}],"is_trial":false,"path_per_floor":["M","?","M","?","?","R","E","M","T","M","M","E","M","?","R","B",null,"M","AVR","M","?","?","E","R","M","T","M","M","R","M","?","R","B",null,"M","M","M","?","M","AVR","?","$","T","E","M","T","M","$","R","B"],"character_chosen":"WATCHER","items_purchased":["MerchantsRug","Unceasing Top"],"campfire_rested":1,"item_purchase_floors":[42,42],"current_hp_per_floor":[72,72,72,72,72,72,70,70,70,70,50,40,33,33,54,26,72,63,63,55,62,62,62,62,59,59,46,29,29,25,27,53,18,89,79,79,63,63,61,61,61,61,61,6,6,6,6,6,6,0,0],"gold":11,"neow_bonus":"THREE_CARDS","is_daily":false,"chose_seed":false,"campfire_upgraded":3,"win_rate":0.0,"timestamp":1610119029,"path_taken":["M","?","?","?","?","R","E","?","T","M","M","E","M","?","R","BOSS","M","AVR","M","?","?","E","R","?","T","M","M","R","M","?","R","BOSS","M","M","M","?","M","AVR","?","$","T","E","M","?","M","?","R","BOSS"],"items_purchased_type":["Relic","Relic"],"build_version":"2020-12-22","purchased_purges":3,"victory":false,"max_hp_per_floor":[72,72,72,72,72,72,72,72,72,72,72,72,72,72,72,72,72,72,72,72,72,72,79,79,79,79,79,79,79,79,89,89,89,89,89,89,89,89,89,89,89,89,89,89,89,89,89,89,89,89,89],"card_choices":[{"not_picked":["Halt","Replay:ManipulateFuture"],"picked":"Crescendo","floor":0},{"not_picked":["EmptyFist","JustLucky"],"picked":"FollowUp","floor":1},{"not_picked":["SashWhip","EmptyBody"],"picked":"Halt","floor":3},{"not_picked":["SandsOfTime","SashWhip"],"picked":"WindmillStrike","floor":7},{"not_picked":["EmptyFist","WheelKick"],"picked":"FollowUp","floor":8},{"not_picked":["MentalFortress","FlyingSleeves"],"picked":"Adaptation","floor":10},{"not_picked":["TalkToTheHand","BowlingBash","Wireheading"],"picked":"SKIP","floor":11},{"not_picked":["Fasting2","JustLucky","Wireheading"],"picked":"SKIP","floor":12},{"not_picked":["InnerPeace","PathToVictory","LessonLearned"],"picked":"SKIP","floor":13},{"not_picked":["Replay:AtTheReady","Crescendo"],"picked":"SandsOfTime+1","floor":18},{"not_picked":["WheelKick+1","FollowUp"],"picked":"FlurryOfBlows","floor":20},{"not_picked":["Fasting2","Perseverance"],"picked":"Indignation+1","floor":23},{"not_picked":["DeceiveReality","WreathOfFlame"],"picked":"Replay:Vibes","floor":25},{"not_picked":["EmptyBody","Consecrate+1","SashWhip+1"],"picked":"SKIP","floor":27},{"not_picked":["BattleHymn","CutThroughFate"],"picked":"EmptyFist","floor":28},{"not_picked":["Prostrate","FearNoEvil"],"picked":"FlurryOfBlows+1","floor":30},{"not_picked":["Replay:Anticipation+1","Protect","ClearTheMind"],"picked":"SKIP","floor":35},{"not_picked":["ReachHeaven+1","CutThroughFate+1"],"picked":"Halt+1","floor":36},{"not_picked":["PathToVictory+1","LikeWater+1","Nirvana+1"],"picked":"SKIP","floor":37},{"not_picked":["ReplayTheSpireMod:Black Plague","infinitespire:Starlight"],"picked":"infinitespire:Fortify","floor":38},{"not_picked":["ReachHeaven+1","Halt+1"],"picked":"FollowUp","floor":39},{"not_picked":["Replay:DivineShield","Consecrate+1","Replay:AllIn"],"picked":"SKIP","floor":44},{"not_picked":["DeceiveReality","PathToVictory","Crescendo+1"],"picked":"SKIP","floor":45},{"not_picked":["Study","CarveReality+1"],"picked":"EmptyFist","floor":47}],"player_experience":88213,"relics_obtained":[{"floor":9,"key":"Gambling Chip"},{"floor":12,"key":"Whetstone"},{"floor":23,"key":"Strawberry"},{"floor":26,"key":"Tiny Chest"},{"floor":31,"key":"Pear"},{"floor":41,"key":"hubris:Zylophone"},{"floor":43,"key":"Blue Doll"},{"floor":44,"key":"PreservedInsect"},{"floor":46,"key":"halation:WeightlessCrab"},{"floor":49,"key":"Pet Ghost"}],"event_choices":[{"cards_removed":["Strike_P"],"damage_healed":0,"gold_gain":0,"player_choice":"Purged","damage_taken":0,"max_hp_gain":0,"max_hp_loss":0,"event_name":"Purifier","floor":2,"gold_loss":0},{"damage_healed":0,"gold_gain":100,"player_choice":"Pray","damage_taken":0,"max_hp_gain":0,"max_hp_loss":0,"event_name":"Golden Shrine","floor":5,"gold_loss":0},{"damage_healed":0,"gold_gain":0,"player_choice":"Searched \u00271\u0027 times","damage_taken":0,"relics_obtained":["Replay:PocketPolymizer"],"max_hp_gain":0,"max_hp_loss":0,"event_name":"Dead Adventurer","floor":14,"gold_loss":0},{"cards_removed":["Crescendo"],"damage_healed":0,"gold_gain":0,"player_choice":"Gave Card","damage_taken":0,"relics_obtained":["Simple Rune"],"max_hp_gain":0,"max_hp_loss":0,"event_name":"WeMeetAgain","floor":22,"gold_loss":0},{"damage_healed":0,"gold_gain":0,"player_choice":"Fight","damage_taken":0,"max_hp_gain":0,"max_hp_loss":0,"event_name":"MindBloom","floor":41,"gold_loss":0}],"is_beta":false,"boss_relics":[{"not_picked":["halation:LoveArrow","Black Star"],"picked":"Astrolabe"},{"not_picked":["halation:Prosthetics","halation:SmartPhone"],"picked":"Sozu"}],"items_purged_floors":[19,40,48],"is_endless":false,"potions_floor_spawned":[3,8,10,16,20,23,30,33,35,37,44,47],"killed_by":"conspire:OrnateMirror","ascension_level":0}}