{"host":"12","time":1610079657,"event":{"mods":["Act Like it!","BaseMod","Colored Powertips","Marisa£®ÏF”Í°°ƒß¿Ì…≥£©","Minty Spire (QoL Compilation)","StSLib","°æπ¶ƒ‹Mod°øªÏ„Á÷Æª∑–ﬁ∏¥≤π∂°"],"gold_per_floor":[115,126,76,76,76,76,95,157,184,184,35,94,159,215,215,251,251],"floor_reached":16,"playtime":527,"items_purged":["Strike_MRS"],"score":120,"play_id":"5d0dee6f-8683-4d16-bd1b-25288f106a01","local_time":"20210108122057","is_ascension_mode":true,"campfire_choices":[{"data":"UpSweep","floor":6.0,"key":"SMITH"},{"data":"Robbery","floor":10.0,"key":"SMITH"},{"data":"Acceleration","floor":15.0,"key":"SMITH"}],"circlet_count":0,"master_deck":["Strike_MRS","Strike_MRS","Defend_MRS","Defend_MRS","Defend_MRS","Defend_MRS","MasterSpark+1","UpSweep+1","ManaConvection","Robbery+1","EnergyFlow","MilkyWay","Acceleration+1"],"relics":["MiniHakkero","Mummified Hand","Toy Ornithopter","Akabeko"],"acts_visited":["Exordium"],"potions_floor_usage":[],"damage_taken":[{"damage":2.0,"enemies":"Jaw Worm","floor":1.0,"turns":3.0},{"damage":0.0,"enemies":"2 Louse","floor":2.0,"turns":2.0},{"damage":5.0,"enemies":"Small Slimes","floor":7.0,"turns":4.0},{"damage":25.0,"enemies":"Lagavulin Event","floor":8.0,"turns":8.0},{"damage":10.0,"enemies":"Looter","floor":12.0,"turns":4.0},{"damage":23.0,"enemies":"Gremlin Nob","floor":13.0,"turns":4.0},{"damage":7.0,"enemies":"2 Fungi Beasts","floor":14.0,"turns":3.0},{"damage":33,"enemies":"Slime Boss","floor":16,"turns":3}],"seed_played":"8847678912769830168","potions_obtained":[{"floor":1.0,"key":"EssenceOfSteel"},{"floor":2.0,"key":"Block Potion"},{"floor":13.0,"key":"Energy Potion"}],"is_trial":false,"path_per_floor":["M","M","?","?","?","R","M","?","T","R","$","M","E","M","R","B"],"character_chosen":"MARISA","items_purchased":["EnergyFlow"],"campfire_rested":0,"item_purchase_floors":[11],"current_hp_per_floor":[73,73,73,78,78,78,73,48,48,48,48,38,15,8,8,0,0],"gold":251,"neow_bonus":"UPGRADE_CARD","is_daily":false,"chose_seed":false,"campfire_upgraded":3,"win_rate":0.0,"timestamp":1610079657,"path_taken":["M","M","?","?","?","R","M","?","T","R","$","M","E","?","R","BOSS"],"items_purchased_type":["Card"],"build_version":"2020-12-18","purchased_purges":1,"victory":false,"max_hp_per_floor":[75,75,75,80,80,80,80,80,80,80,80,80,80,80,80,80,80],"card_choices":[{"not_picked":["SprinkleStarSeal","AsteroidBelt"],"picked":"ManaConvection","floor":1.0},{"not_picked":["GrandCross","SporeBomb","AbsoluteMagnitude"],"picked":"SKIP","floor":2.0},{"not_picked":["DC","DoubleSpark","MysteriousBeam"],"picked":"SKIP","floor":7.0},{"not_picked":["DoubleSpark","DragonMeteor"],"picked":"Robbery","floor":8.0},{"not_picked":["ShootTheMoon","AsteroidBelt"],"picked":"MilkyWay","floor":12.0},{"not_picked":["MilkyWay","CasketOfStar"],"picked":"Acceleration","floor":13.0},{"not_picked":["ShootingEcho","Singularity","DarkSpark"],"picked":"SKIP","floor":14.0}],"player_experience":594206,"relics_obtained":[{"floor":8.0,"key":"Mummified Hand"},{"floor":9.0,"key":"Toy Ornithopter"},{"floor":13.0,"key":"Akabeko"}],"event_choices":[{"cards_removed":["Strike_MRS"],"damage_healed":0.0,"max_hp_gain":0.0,"max_hp_loss":0.0,"gold_gain":0.0,"event_name":"The Cleric","player_choice":"Card Removal","floor":3.0,"gold_loss":50.0,"damage_taken":0.0},{"damage_healed":0.0,"max_hp_gain":5.0,"max_hp_loss":0.0,"gold_gain":0.0,"event_name":"Big Fish","player_choice":"Donut","floor":4.0,"gold_loss":0.0,"damage_taken":0.0},{"damage_healed":0.0,"max_hp_gain":0.0,"max_hp_loss":0.0,"gold_gain":0.0,"event_name":"Liars Game","player_choice":"Ignored","floor":5.0,"gold_loss":0.0,"damage_taken":0.0},{"damage_healed":0.0,"max_hp_gain":0.0,"max_hp_loss":0.0,"gold_gain":0.0,"event_name":"Dead Adventurer","player_choice":"Searched \u00271\u0027 times","floor":8.0,"gold_loss":0.0,"damage_taken":0.0}],"is_beta":true,"boss_relics":[],"items_purged_floors":[11],"is_endless":false,"potions_floor_spawned":[1,2,13],"killed_by":"Slime Boss","ascension_level":4}}