{"host":"sup1rd0ujr5jgopq","time":1610136849,"event":{"mods":["BaseMod","Colored Map","Downfall","Minty Spire (QoL Compilation)","StSLib"],"gold_per_floor":[99,117,133,133,149,149,194,194,204,219,236,236,261,261,281,382,382,382,396,496,513,14,46,46,56,156,170,185,197,213,229,241,343,343,243,262,156,170,170,170,220,235,253,153,168,199,36,36,36],"floor_reached":48,"playtime":5125,"items_purged":["sneckomod:Strike"],"score":567,"play_id":"6e48d524-802b-4100-bf57-e185f8b2abc5","local_time":"20210108151409","is_ascension_mode":false,"campfire_choices":[{"data":"sneckomod:SerpentIdol","floor":8.0,"key":"SMITH"},{"data":"Hologram","floor":18.0,"key":"SMITH"}],"circlet_count":0,"master_deck":["sneckomod:Strike","sneckomod:Defend","sneckomod:Defend","sneckomod:Defend","sneckomod:TailWhip","sneckomod:SnekBite","Guardian:StasisEngine","sneckomod:SerpentIdol+1","sneckomod:UnknownBlock","sneckomod:SerpentIdol+1","sneckomod:UnendingSupply","sneckomod:UnknownCommonSkill","sneckomod:UnknownBlock","Hologram+1","sneckomod:ImprovisedAttack","sneckomod:Unknown1Cost","sneckomod:UnknownCommonSkill","sneckomod:SlitherStrike+1","sneckomod:CheapStock","Metamorphosis","sneckomod:QuickMove+1","sneckomod:UnknownExhaust","sneckomod:SnakeSap","sneckomod:QuickBite","sneckomod:QuickMove","sneckomod:UnknownStrike","sneckomod:UnknownRarePower","bronze:Format","sneckomod:UnknownCommonSkill+1","sneckomod:UnknownCommonSkill+1","Finesse","sneckomod:UnknownRarePower","All For One","sneckomod:Cheat","sneckomod:UnknownDraw","sneckomod:SnekBeam","sneckomod:RainOfDice"],"relics":["sneckomod:SneckoSoul","downfall:ShatteredFragment","Blood Vial","Eternal Feather","Gremlin Horn","SlaversCollar","PreservedInsect","Centennial Puzzle","Ancient Tea Set","White Beast Statue","Busted Crown","downfall:HeartBlessingGreen","downfall:HeartBlessingBlue","Potion Belt"],"acts_visited":["Exordium","TheCity","TheBeyond"],"potions_floor_usage":[46,46,46,46,46,48],"damage_taken":[{"damage":0.0,"enemies":"Small Slimes","floor":2.0,"turns":3.0},{"damage":7.0,"enemies":"Jaw Worm","floor":3.0,"turns":3.0},{"damage":1.0,"enemies":"Cultist","floor":5.0,"turns":3.0},{"damage":0.0,"enemies":"Blue Slaver","floor":9.0,"turns":3.0},{"damage":0.0,"enemies":"Exordium Wildlife","floor":10.0,"turns":3.0},{"damage":4.0,"enemies":"Gremlin Gang","floor":11.0,"turns":5.0},{"damage":5.0,"enemies":"Lagavulin","floor":13.0,"turns":6.0},{"damage":0.0,"enemies":"Lots of Slimes","floor":15.0,"turns":2.0},{"damage":38.0,"enemies":"downfall:Defect","floor":16.0,"turns":13.0},{"damage":6.0,"enemies":"3 Byrds","floor":19.0,"turns":3.0},{"damage":5.0,"enemies":"Shell Parasite","floor":21.0,"turns":5.0},{"damage":5.0,"enemies":"downfall:FleeingMerchant","floor":22.0,"turns":4.0},{"damage":24.0,"enemies":"Slavers","floor":23.0,"turns":5.0},{"damage":5.0,"enemies":"Chosen and Byrds","floor":25.0,"turns":4.0},{"damage":10.0,"enemies":"downfall:LadyInBlue","floor":26.0,"turns":2.0},{"damage":15.0,"enemies":"Centurion and Healer","floor":27.0,"turns":4.0},{"damage":9.0,"enemies":"Shelled Parasite and Fungi","floor":28.0,"turns":4.0},{"damage":16.0,"enemies":"Snake Plant","floor":29.0,"turns":6.0},{"damage":3.0,"enemies":"Centurion and Healer","floor":30.0,"turns":5.0},{"damage":0.0,"enemies":"Snecko","floor":31.0,"turns":4.0},{"damage":8.0,"enemies":"Cultist and Chosen","floor":32.0,"turns":7.0},{"damage":15.0,"enemies":"ArchetypeAct2MushroomsNewAge","floor":33.0,"turns":4.0},{"damage":16.0,"enemies":"Orb Walker","floor":36.0,"turns":4.0},{"damage":0.0,"enemies":"downfall:FleeingMerchant","floor":37.0,"turns":4.0},{"damage":24.0,"enemies":"3 Shapes","floor":38.0,"turns":4.0},{"damage":28.0,"enemies":"3 Darklings","floor":42.0,"turns":6.0},{"damage":25.0,"enemies":"Sphere and 2 Shapes","floor":43.0,"turns":4.0},{"damage":24.0,"enemies":"Writhing Mass","floor":45.0,"turns":6.0},{"damage":8,"enemies":"Reptomancer","floor":46,"turns":4},{"damage":20,"enemies":"downfall:FleeingMerchant","floor":47,"turns":4},{"damage":33,"enemies":"Transient","floor":48,"turns":3}],"seed_played":"-2005665669857657103","potions_obtained":[{"floor":2.0,"key":"Block Potion"},{"floor":5.0,"key":"Guardian:BlockOnCardUsePotion"},{"floor":10.0,"key":"hexamod:SoulburnPotion"},{"floor":23.0,"key":"ColorlessPotion"},{"floor":26.0,"key":"Slimebound:ThreeZeroPotion"},{"floor":26.0,"key":"FearPotion"},{"floor":28.0,"key":"bronze:BurnAndBuffPotion"},{"floor":31.0,"key":"Swift Potion"},{"floor":32.0,"key":"DistilledChaos"},{"floor":33.0,"key":"sneckomod:MuddlingPotion"},{"floor":36.0,"key":"hexamod:SoulburnPotion"},{"floor":37.0,"key":"EntropicBrew"},{"floor":38.0,"key":"Swift Potion"},{"floor":42.0,"key":"DuplicationPotion"},{"floor":43.0,"key":"sneckomod:OffclassReductionPotion"},{"floor":45.0,"key":"Dexterity Potion"},{"floor":46,"key":"sneckomod:MuddlingPotion"},{"floor":47,"key":"Block Potion"}],"is_trial":false,"path_per_floor":["R","M","M","?","M","?","T","R","M","M","M","R","E","?","M","B",null,"R","M","?","M","$","E","T","M","?","M","M","M","M","M","M","B",null,"R","M","$","M","?","?","T","M","M","R","M","E","$","M"],"character_chosen":"THE_SNECKO","items_purchased":["PreservedInsect","sneckomod:CheapStock","Metamorphosis","Finesse","sneckomod:UnknownDraw","sneckomod:SnekBeam","sneckomod:RainOfDice"],"campfire_rested":0,"item_purchase_floors":[22,22,22,37,47,47,47],"current_hp_per_floor":[99,99,92,71,70,70,70,70,72,74,72,72,72,47,49,13,99,99,93,93,90,87,65,65,62,54,41,34,20,19,21,15,2,99,99,83,85,63,87,87,87,63,40,68,46,40,22,0,0],"gold":36,"neow_bonus":"TEN_PERCENT_HP_BONUS","is_daily":false,"chose_seed":false,"campfire_upgraded":2,"win_rate":0.0,"timestamp":1610136849,"path_taken":["R","M","M","?","M","?","T","R","?","M","M","R","E","?","M","BOSS","R","M","?","M","$","E","T","?","?","M","M","M","M","?","M","BOSS","R","M","$","?","?","?","T","?","M","R","M","E","$","M"],"items_purchased_type":["Relic","Card","Card","Card","Card","Card","Card"],"build_version":"2020-12-13","purchased_purges":1,"victory":false,"max_hp_per_floor":[99,99,99,99,99,99,99,99,99,99,99,99,99,99,99,99,99,99,99,99,99,99,99,99,99,99,99,99,99,99,99,99,99,99,99,99,99,99,87,87,87,87,87,97,97,97,97,97,97],"card_choices":[{"not_picked":["sneckomod:Nope","sneckomod:QuickMove"],"picked":"sneckomod:SerpentIdol","floor":2.0},{"not_picked":["sneckomod:UnknownCommonAttack","sneckomod:TrashToTreasure"],"picked":"sneckomod:UnknownBlock","floor":3.0},{"not_picked":["sneckomod:Nope","sneckomod:IronFang"],"picked":"sneckomod:SerpentIdol","floor":5.0},{"not_picked":["sneckomod:Nope","sneckomod:UnknownUncommonPower"],"picked":"sneckomod:UnendingSupply","floor":9.0},{"not_picked":["sneckomod:QuickMove","sneckomod:WideSting"],"picked":"sneckomod:UnknownCommonSkill","floor":10.0},{"not_picked":["sneckomod:UnendingSupply","sneckomod:SnekBeam"],"picked":"sneckomod:UnknownBlock","floor":11.0},{"not_picked":["sneckomod:MasterEye","sneckomod:UnknownClassGUARDIAN"],"picked":"sneckomod:ImprovisedAttack","floor":13.0},{"not_picked":["sneckomod:WideSting","sneckomod:DiceBoulder"],"picked":"sneckomod:Unknown1Cost","floor":15.0},{"not_picked":["sneckomod:UnknownRareSkill","sneckomod:SerpentMind"],"picked":"sneckomod:UnknownRareAttack","floor":16.0},{"not_picked":["sneckomod:DiceCrush+1","sneckomod:IronFang"],"picked":"sneckomod:UnknownCommonSkill","floor":19.0},{"not_picked":["sneckomod:SoulDraw","sneckomod:SoulRoll","sneckomod:IronFang"],"picked":"SKIP","floor":21.0},{"not_picked":["sneckomod:SoulRoll","sneckomod:WideSting"],"picked":"sneckomod:SlitherStrike+1","floor":22.0},{"not_picked":["sneckomod:Unknown1Cost","sneckomod:UnknownCommonSkill"],"picked":"sneckomod:QuickMove+1","floor":23.0},{"not_picked":["sneckomod:UnknownBlock+1","sneckomod:UnknownDraw"],"picked":"sneckomod:UnknownExhaust","floor":25.0},{"not_picked":["sneckomod:SlitherStrike","sneckomod:UnlimitedRolls"],"picked":"sneckomod:UnknownX","floor":26.0},{"not_picked":["sneckomod:UnknownBlock","sneckomod:Nope","sneckomod:WideSting"],"picked":"SKIP","floor":27.0},{"not_picked":["sneckomod:UnknownStrike","sneckomod:SerpentIdol"],"picked":"sneckomod:SnakeSap","floor":28.0},{"not_picked":["sneckomod:QuickMove+1","sneckomod:UnknownCommonSkill"],"picked":"sneckomod:QuickBite","floor":29.0},{"not_picked":["sneckomod:DiceCrush+1","sneckomod:SoulCleanse+1"],"picked":"sneckomod:QuickMove","floor":30.0},{"not_picked":["sneckomod:SoulCleanse","sneckomod:DiceBlock+1"],"picked":"sneckomod:UnknownStrike","floor":31.0},{"not_picked":["sneckomod:QuickMove","sneckomod:DiceCrush","sneckomod:SoulDraw"],"picked":"SKIP","floor":32.0},{"not_picked":["sneckomod:SerpentMind","sneckomod:DangerNoodle"],"picked":"sneckomod:UnknownRarePower","floor":33.0},{"not_picked":[],"picked":"sneckomod:UnknownCommonSkill+1","floor":36.0},{"not_picked":[],"picked":"sneckomod:UnknownCommonSkill+1","floor":37.0},{"not_picked":["sneckomod:Nope"],"picked":"SKIP","floor":38.0},{"not_picked":["sneckomod:SoulRoll"],"picked":"SKIP","floor":42.0},{"not_picked":[],"picked":"sneckomod:UnknownRarePower","floor":43.0},{"not_picked":["sneckomod:IronFang+1"],"picked":"SKIP","floor":45.0},{"not_picked":[],"picked":"sneckomod:Cheat","floor":46},{"not_picked":["sneckomod:IronFang"],"picked":"SKIP","floor":47}],"player_experience":67050,"relics_obtained":[{"floor":7.0,"key":"Blood Vial"},{"floor":13.0,"key":"Eternal Feather"},{"floor":23.0,"key":"Centennial Puzzle"},{"floor":24.0,"key":"Ancient Tea Set"},{"floor":26.0,"key":"White Beast Statue"},{"floor":46,"key":"Potion Belt"}],"event_choices":[{"damage_healed":0.0,"max_hp_gain":0.0,"max_hp_loss":0.0,"gold_gain":0.0,"event_name":"Accursed Blacksmith","player_choice":"Forge","floor":6.0,"gold_loss":0.0,"damage_taken":0.0,"cards_upgraded":["sneckomod:SerpentIdol"]},{"damage_healed":0.0,"max_hp_gain":0.0,"max_hp_loss":0.0,"gold_gain":0.0,"event_name":"Scrap Ooze","player_choice":"Success","floor":14.0,"gold_loss":0.0,"damage_taken":25.0,"relics_obtained":["Gremlin Horn"]}],"is_beta":false,"boss_relics":[{"not_picked":["Fusion Hammer","Runic Pyramid"],"picked":"SlaversCollar"},{"not_picked":["Empty Cage","Cursed Key"],"picked":"Busted Crown"}],"items_purged_floors":[22],"is_endless":false,"potions_floor_spawned":[2,5,10,15,23,27,28,29,30,31,32,33,36,37,38,42,43,45,46,47],"killed_by":"Transient","ascension_level":0}}