{"host":"mydft8i2zzydgggw","time":1610125650,"event":{"mods":["AchievementEnabler","BaseMod","BetterRewards","Colored Map","Colored Powertips","DeckTracker","Keyboard Shortcuts","Minty Spire (QoL Compilation)","Quick Restart","Rare Cards Sparkle","StSLib","SuperFastMode","The Poker Player","everything is the same but u backflip on backflip"],"gold_per_floor":[112,129,129,145,145,171,189,189,216,216,232,232,267,286,286,391,391,405,405,417,342,8,8,34,63,87,102,102,14,33,33,33,33,33],"floor_reached":33,"playtime":612,"items_purged":["Strike_B","Defend_B"],"score":383,"play_id":"2257f257-31e0-4eee-bf29-9454be38026c","local_time":"20210109020730","is_ascension_mode":true,"campfire_choices":[{"data":"Sunder","floor":8.0,"key":"SMITH"},{"floor":10.0,"key":"REST"},{"floor":15.0,"key":"REST"},{"data":"Zap","floor":23,"key":"SMITH"},{"floor":32,"key":"REST"}],"circlet_count":0,"master_deck":["Defend_B","Defend_B","Defend_B","Zap+1","Dualcast","Compile Driver","Sunder+1","Streamline","Chaos","Rainbow","Defragment","Electrodynamics","Leap","Turbo","Bite","Bite","Bite","Bite","Bite","Steam+1"],"relics":["Cracked Core","NeowsBlessing","Boot","Tiny Chest","Smiling Mask","The Courier","Busted Crown","DataDisk","Medical Kit","Art of War","Dream Catcher"],"acts_visited":["Exordium","TheCity"],"potions_floor_usage":[16,16,18,25,25,30,30,33,33],"damage_taken":[{"damage":0.0,"enemies":"Cultist","floor":1.0,"turns":1.0},{"damage":0.0,"enemies":"Jaw Worm","floor":2.0,"turns":1.0},{"damage":0.0,"enemies":"2 Louse","floor":4.0,"turns":1.0},{"damage":34.0,"enemies":"Gremlin Nob","floor":6.0,"turns":4.0},{"damage":0.0,"enemies":"Large Slime","floor":7.0,"turns":4.0},{"damage":11.0,"enemies":"Looter","floor":11.0,"turns":2.0},{"damage":20.0,"enemies":"Lagavulin","floor":13.0,"turns":7.0},{"damage":12.0,"enemies":"3 Louse","floor":14.0,"turns":3.0},{"damage":12,"enemies":"The Guardian","floor":16,"turns":9},{"damage":6,"enemies":"Chosen","floor":18,"turns":2},{"damage":17,"enemies":"2 Thieves","floor":20,"turns":2},{"damage":10,"enemies":"Slavers","floor":25,"turns":2},{"damage":10,"enemies":"Centurion and Healer","floor":27,"turns":5},{"damage":0,"enemies":"Snake Plant","floor":30,"turns":2},{"damage":85,"enemies":"Automaton","floor":33,"turns":6}],"seed_played":"1261571909032136187","potions_obtained":[{"floor":2.0,"key":"Dexterity Potion"},{"floor":4.0,"key":"Ancient Potion"},{"floor":6.0,"key":"ColorlessPotion"},{"floor":14.0,"key":"Fire Potion"},{"floor":16,"key":"DistilledChaos"},{"floor":18,"key":"SteroidPotion"},{"floor":20,"key":"SpeedPotion"},{"floor":27,"key":"DuplicationPotion"},{"floor":30,"key":"Dexterity Potion"}],"is_trial":false,"path_per_floor":["M","M","?","M","?","E","M","R","T","R","M","?","E","M","R","B",null,"M","?","M","?","$","R","T","E","T","M","?","$","M","$","R","B"],"character_chosen":"DEFECT","items_purchased":["DataDisk","Medical Kit","Leap","FocusPotion"],"campfire_rested":3,"item_purchase_floors":[22,22,22,29],"current_hp_per_floor":[68,68,75,75,57,23,23,23,23,45,34,34,14,2,24,12,59,53,39,22,22,22,22,22,12,12,4,4,4,8,8,32,0,0],"gold":33,"neow_bonus":"THREE_ENEMY_KILL","is_daily":false,"chose_seed":false,"campfire_upgraded":2,"win_rate":0.0,"timestamp":1610125650,"path_taken":["M","M","?","?","?","E","M","R","T","R","M","?","E","M","R","BOSS","M","?","M","?","$","R","?","E","T","M","?","$","M","$","R","BOSS"],"items_purchased_type":["Relic","Relic","Card","Potion"],"build_version":"2020-12-22","purchased_purges":2,"victory":false,"max_hp_per_floor":[75,75,75,75,75,75,75,75,75,75,75,75,75,75,75,75,75,75,80,80,80,80,80,80,80,80,80,80,80,80,80,80,80,80],"card_choices":[{"not_picked":["Conserve Battery","Stack","Recycle"],"picked":"SKIP","floor":1.0},{"not_picked":["Conserve Battery","Stack","Recycle"],"picked":"SKIP","floor":1.0},{"not_picked":["Recycle","Skim"],"picked":"Compile Driver","floor":2.0},{"not_picked":["Force Field","White Noise","Loop"],"picked":"SKIP","floor":4.0},{"not_picked":["Sweeping Beam","Steam"],"picked":"Sunder","floor":6.0},{"not_picked":["Thunder Strike","Gash"],"picked":"Streamline","floor":7.0},{"not_picked":["Rebound","Hologram"],"picked":"Chaos","floor":11.0},{"not_picked":["Beam Cell","Stack"],"picked":"Rainbow","floor":13.0},{"not_picked":["Rebound","Recycle"],"picked":"Defragment","floor":14.0},{"not_picked":["Seek","Amplify"],"picked":"Electrodynamics","floor":16},{"not_picked":["Static Discharge"],"picked":"SKIP","floor":18},{"not_picked":["Compile Driver"],"picked":"SKIP","floor":20},{"not_picked":[],"picked":"Turbo","floor":25},{"not_picked":["Streamline"],"picked":"SKIP","floor":27},{"not_picked":[],"picked":"Steam+1","floor":30}],"player_experience":137999,"relics_obtained":[{"floor":6.0,"key":"Tiny Chest"},{"floor":9.0,"key":"Smiling Mask"},{"floor":13.0,"key":"The Courier"},{"floor":24,"key":"Art of War"},{"floor":25,"key":"Blood Vial"},{"floor":26,"key":"Dream Catcher"}],"event_choices":[{"damage_healed":7.0,"max_hp_gain":0.0,"max_hp_loss":0.0,"gold_gain":0.0,"event_name":"Wheel of Change","player_choice":"Full Heal","floor":3.0,"gold_loss":0.0,"damage_taken":0.0},{"damage_healed":0.0,"max_hp_gain":0.0,"max_hp_loss":0.0,"gold_gain":0.0,"event_name":"Scrap Ooze","player_choice":"Success","floor":5.0,"gold_loss":0.0,"damage_taken":18.0,"relics_obtained":["Boot"]},{"damage_healed":0.0,"max_hp_gain":0.0,"max_hp_loss":0.0,"gold_gain":0.0,"event_name":"Shining Light","player_choice":"Ignored","floor":12.0,"gold_loss":0.0,"damage_taken":0.0},{"damage_healed":0,"gold_gain":0,"player_choice":"Shed Blood","damage_taken":19,"max_hp_gain":5,"max_hp_loss":0,"event_name":"Forgotten Altar","floor":19,"gold_loss":0},{"cards_removed":["Strike_B"],"damage_healed":0,"gold_gain":0,"player_choice":"Gave Gold","damage_taken":0,"max_hp_gain":0,"max_hp_loss":0,"event_name":"Beggar","floor":21,"gold_loss":75},{"damage_healed":0,"gold_gain":0,"player_choice":"Became a vampire (Vial)","damage_taken":0,"max_hp_gain":0,"max_hp_loss":0,"event_name":"Vampires","floor":28,"relics_lost":["Blood Vial"],"gold_loss":0,"cards_obtained":["Bite","Bite","Bite","Bite","Bite"]}],"is_beta":false,"boss_relics":[{"not_picked":["Runic Dome","Velvet Choker"],"picked":"Busted Crown"}],"items_purged_floors":[22,29],"is_endless":false,"potions_floor_spawned":[2,4,6,14,16,18,20,27,30],"killed_by":"Automaton","ascension_level":6}}