{"host":"yj58v26tds9tnoyc","time":1610125574,"event":{"mods":["ATMod(°¢èªMod)","AchievementEnabler","Act Like it!","BaseMod","Colored Map","Colored Powertips","Highlight Path","Marisa£¨ìFÓê¡¡Ä§ÀíÉ³£©","Minty Spire (QoL Compilation)","Quick Restart","RumiaBox-Â¶Ã×æ«µÄÉñÃØºÐ×Ó","Shop Mod","StSLib","SuperFastMode","¡¾¹¦ÄÜMod¡¿»ìãçÖ®»·ÐÞ¸´²¹¶¡"],"gold_per_floor":[109,121,296,313,313,313,356,306,306,381,400,95,95,21,21,21,21],"floor_reached":16,"playtime":599,"items_purged":["Defend_MRS","Defend_MRS"],"score":98,"play_id":"8bbea9ed-66fd-4b68-8ee4-74910ea82797","local_time":"20210109010614","is_ascension_mode":false,"campfire_choices":[{"data":"StarBarrage","floor":6,"key":"SMITH"},{"data":"Orbital","floor":13,"key":"SMITH"},{"data":"UpSweep","floor":15,"key":"SMITH"}],"circlet_count":0,"master_deck":["Strike_MRS","Strike_MRS","Strike_MRS","Strike_MRS","Defend_MRS","Defend_MRS","MasterSpark","UpSweep+1","StarBarrage+1","Orbital+1"],"relics":["MiniHakkero","AT_ATBox","Golden Idol","AT_Manta","Incense Burner","MerchantsRug","Orichalcum"],"acts_visited":["Exordium"],"potions_floor_usage":[],"damage_taken":[{"damage":1,"enemies":"2 Louse","floor":1,"turns":3},{"damage":3,"enemies":"Small Slimes","floor":2,"turns":3},{"damage":6,"enemies":"Jaw Worm","floor":4,"turns":3},{"damage":33,"enemies":"3 Sentries","floor":7,"turns":9},{"damage":4,"enemies":"Blue Slaver","floor":11,"turns":3},{"damage":27,"enemies":"Slime Boss","floor":16,"turns":8}],"seed_played":"3703154953891402504","potions_obtained":[{"floor":4,"key":"SneckoOil"},{"floor":7,"key":"Ancient Potion"},{"floor":11,"key":"DistilledChaos"}],"is_trial":false,"path_per_floor":["M","M","?","M","?","R","E","?","T","?","M","$","R","$","R","B"],"character_chosen":"MARISA","items_purchased":["MerchantsRug","Orichalcum"],"campfire_rested":0,"item_purchase_floors":[12,12],"current_hp_per_floor":[81,78,78,72,72,72,39,39,39,28,24,24,24,24,24,0,0],"gold":21,"neow_bonus":"TEN_PERCENT_HP_BONUS","is_daily":false,"chose_seed":false,"campfire_upgraded":3,"win_rate":0.0,"timestamp":1610125574,"path_taken":["M","M","?","M","?","R","E","?","T","?","M","$","R","$","R","BOSS"],"items_purchased_type":["Relic","Relic"],"build_version":"2020-12-22","purchased_purges":2,"victory":false,"max_hp_per_floor":[82,82,82,82,76,76,76,76,76,76,76,76,76,76,76,76,76],"card_choices":[{"not_picked":["6A","GravityBeat"],"picked":"StarBarrage","floor":1},{"not_picked":["SporeBomb","MeteoricShower","IllusionStar"],"picked":"SKIP","floor":2},{"not_picked":["SprinkleStarSeal","DragonMeteor"],"picked":"Orbital","floor":4},{"not_picked":["ManaConvection","MysteriousBeam","SatelliteIllusion"],"picked":"SKIP","floor":7},{"not_picked":["DC","NonDirectionalLaser","ManaConvection"],"picked":"SKIP","floor":11}],"player_experience":2695,"relics_obtained":[{"floor":7,"key":"AT_Manta"},{"floor":9,"key":"Incense Burner"}],"event_choices":[{"damage_healed":0,"gold_gain":175,"player_choice":"AGREE","damage_taken":0,"max_hp_gain":0,"max_hp_loss":0,"event_name":"Liars Game","floor":3,"gold_loss":0,"cards_obtained":["Doubt"]},{"damage_healed":0,"gold_gain":0,"player_choice":"Lose Max HP","damage_taken":0,"relics_obtained":["Golden Idol"],"max_hp_gain":0,"max_hp_loss":6,"event_name":"Golden Idol","floor":5,"gold_loss":0},{"cards_removed":["Doubt"],"damage_healed":0,"gold_gain":0,"player_choice":"Card Removal","damage_taken":0,"max_hp_gain":0,"max_hp_loss":0,"event_name":"The Cleric","floor":8,"gold_loss":50},{"damage_healed":0,"gold_gain":75,"player_choice":"Gather Gold","damage_taken":11,"max_hp_gain":0,"max_hp_loss":0,"event_name":"World of Goop","floor":10,"gold_loss":0}],"is_beta":false,"boss_relics":[],"items_purged_floors":[12,14],"is_endless":false,"potions_floor_spawned":[4,7,11],"killed_by":"Slime Boss","ascension_level":0}}