{"host":"nwjumqsw655htf7s","time":1610104038,"event":{"mods":["BaseMod","Best Route Mod","Bestiary","Better Altar","Better Match","Better Note","Better Sensory Stone","Better Skull","Better Third Choice","Block Reminder","Colored Map","Colored Powertips","Curses Come First","Dark Map","DeckTracker","Minty Spire (QoL Compilation)","StSLib"],"gold_per_floor":[114,5,18,18,18,18,18,18,18,50,76,76,0,28,28,126,126,136,136,151,161,175,175,175],"floor_reached":23,"playtime":3183,"items_purged":[],"score":321,"play_id":"b40d245e-a210-4b96-8ad8-d18f388a401c","local_time":"20210108030718","is_ascension_mode":true,"campfire_choices":[{"data":"Eruption","floor":6,"key":"SMITH"},{"data":"BattleHymn","floor":8,"key":"SMITH"},{"data":"EmptyFist","floor":12,"key":"SMITH"},{"data":"Enlightenment","floor":15,"key":"SMITH"}],"circlet_count":0,"master_deck":["Strike_P","Strike_P","Strike_P","Strike_P","Defend_P","Defend_P","Defend_P","Defend_P+1","Eruption+1","Vigilance+1","EmptyFist+1","BattleHymn+1","ReachHeaven","ReachHeaven","Protect","Enlightenment+1","Sanctity","Scrawl","Tantrum","MentalFortress","Conclude","EmptyFist+1"],"relics":["PureWater","NeowsBlessing","StrikeDummy","Blood Vial","Darkstone Periapt","Philosopher\u0027s Stone","Nloth\u0027s Gift"],"acts_visited":["Exordium","TheCity"],"potions_floor_usage":[14,16,18,21],"damage_taken":[{"damage":0,"enemies":"Small Slimes","floor":1,"turns":1},{"damage":0,"enemies":"2 Louse","floor":3,"turns":1},{"damage":0,"enemies":"Lagavulin","floor":10,"turns":1},{"damage":0,"enemies":"The Mushroom Lair","floor":11,"turns":3},{"damage":0,"enemies":"Gremlin Nob","floor":14,"turns":2},{"damage":41,"enemies":"Hexaghost","floor":16,"turns":7},{"damage":7,"enemies":"3 Byrds","floor":18,"turns":4},{"damage":14,"enemies":"Spheric Guardian","floor":20,"turns":3},{"damage":11,"enemies":"Snecko","floor":21,"turns":3},{"damage":25,"enemies":"Sentry and Sphere","floor":22,"turns":4},{"damage":17,"enemies":"Gremlin Leader","floor":23,"turns":2}],"seed_played":"-2700793071457573780","potions_obtained":[{"floor":3,"key":"StancePotion"},{"floor":14,"key":"ColorlessPotion"},{"floor":16,"key":"Swift Potion"},{"floor":18,"key":"Energy Potion"}],"is_trial":false,"path_per_floor":["M","$","M","$","?","R","$","R","T","E","?","R","?","E","R","B",null,"M","?","M","M","M","E"],"character_chosen":"WATCHER","items_purchased":["BattleHymn","ReachHeaven"],"campfire_rested":0,"item_purchase_floors":[2,2],"current_hp_per_floor":[65,65,65,65,51,51,51,51,51,51,53,53,59,61,61,22,64,59,59,47,38,15,0,0],"gold":175,"neow_bonus":"THREE_ENEMY_KILL","is_daily":false,"chose_seed":false,"campfire_upgraded":4,"win_rate":0.0,"timestamp":1610104038,"path_taken":["M","$","M","$","?","R","$","R","T","E","?","R","?","E","R","BOSS","M","?","?","M","M","E"],"items_purchased_type":["Card","Card"],"build_version":"2020-12-22","purchased_purges":0,"victory":false,"max_hp_per_floor":[72,72,72,72,72,72,72,72,72,72,72,72,78,78,78,78,78,78,78,78,78,78,78,78],"card_choices":[{"not_picked":["FollowUp","ForeignInfluence"],"picked":"EmptyFist","floor":1},{"not_picked":["EmptyMind","Prostrate","PathToVictory"],"picked":"SKIP","floor":3},{"not_picked":["Crescendo","Swivel"],"picked":"ReachHeaven","floor":10},{"not_picked":["FlyingSleeves","WreathOfFlame"],"picked":"Protect","floor":11},{"not_picked":["FlyingSleeves","WreathOfFlame"],"picked":"Sanctity","floor":14},{"not_picked":["Omniscience","Judgement"],"picked":"Scrawl","floor":16},{"not_picked":["CutThroughFate+1","CrushJoints"],"picked":"Tantrum","floor":18},{"not_picked":["Prostrate","Protect+1"],"picked":"MentalFortress","floor":20},{"not_picked":["DeceiveReality","Devotion"],"picked":"Conclude","floor":21},{"not_picked":["WreathOfFlame","Nirvana+1"],"picked":"EmptyFist+1","floor":22}],"player_experience":1009986,"relics_obtained":[{"floor":9,"key":"StrikeDummy"},{"floor":10,"key":"Blood Vial"},{"floor":11,"key":"Odd Mushroom"},{"floor":14,"key":"Darkstone Periapt"}],"event_choices":[{"damage_healed":65,"gold_gain":0,"player_choice":"Upgrade","damage_taken":14,"max_hp_gain":0,"max_hp_loss":72,"event_name":"betterThird:BetterShining","floor":5,"gold_loss":0,"cards_upgraded":["Defend_P","Vigilance"]},{"damage_healed":0,"gold_gain":0,"player_choice":"Fought Mushrooms","damage_taken":0,"max_hp_gain":0,"max_hp_loss":0,"event_name":"Mushrooms","floor":11,"gold_loss":0},{"damage_healed":0,"gold_gain":0,"player_choice":"RENOUNCE","damage_taken":76,"max_hp_gain":0,"max_hp_loss":0,"event_name":"betterThird:BetterSerpent","floor":13,"gold_loss":76,"cards_obtained":["Enlightenment"]},{"damage_healed":0,"gold_gain":0,"player_choice":"Traded Relic","damage_taken":0,"relics_obtained":["Nloth\u0027s Gift"],"max_hp_gain":0,"max_hp_loss":0,"event_name":"N\u0027loth","floor":19,"relics_lost":["Odd Mushroom"],"gold_loss":0}],"is_beta":false,"boss_relics":[{"not_picked":["Fusion Hammer","Pandora\u0027s Box"],"picked":"Philosopher\u0027s Stone"}],"items_purged_floors":[],"is_endless":false,"potions_floor_spawned":[3,14,16,18],"killed_by":"Gremlin Leader","ascension_level":6}}