{"host":"ockkdcgl3b18tfz9","time":1610099620,"event":{"mods":["2.2 Compatiblity","BaseMod","Better Skull","Better Third Choice","BetterRewards","Hermit","Minty Spire (QoL Compilation)","Quick Restart","Replay The Spire","Spicy Shops","StSLib","SuperFastMode","The Jungle"],"gold_per_floor":[118,118,128,128,141,175,225,46,46,72,91,366,395,407,407,511,511,530,530,16,25,25,25,60,60,60,60,60,13,46,62,62,62,62],"floor_reached":33,"playtime":772,"items_purged":["Regret","Regret"],"score":524,"play_id":"e58cdee3-3579-40dc-99a9-6f29f6e22d34","local_time":"20210108165340","is_ascension_mode":true,"campfire_choices":[{"floor":15.0,"key":"REST"},{"data":"Blade Dance","floor":23.0,"key":"SMITH"},{"floor":25,"key":"REST"},{"data":"ReplayTheSpireMod:Scrap Shanks","floor":27,"key":"SMITH"},{"floor":32,"key":"RECALL"}],"circlet_count":0,"master_deck":["Strike_G","Strike_G","Strike_G","Strike_G","Defend_G","Defend_G","Defend_G","Defend_G","Defend_G","Survivor","Neutralize+1","Acrobatics","Caltrops","ReplayTheSpireMod:Shiv Toss","Blade Dance+1","Prepared","Delirium","Blade Dance+1","Blade Dance+1","ReplayTheSpireMod:Scrap Shanks+1","Tactician","ReplayTheSpireMod:Splinters","Decay","Leg Sweep","Backflip","Night Terror","Footwork","Underhanded Strike","Heel Hook+1","Parasite","Pain","Noxious Fumes"],"relics":["Ring of the Snake","NeowsBlessing","Shuriken","ReplayTheSpireMod:Ring of Collecting","Ring of Greed","MealTicket","Tiny Chest","Lee\u0027s Waffle","ReplayTheSpireMod:Ring of Exchange","HornCleat","Bronze Scales","Orichalcum","OrangePellets","Ring of Fury","ReplayTheSpireMod:Lightbulb","TungstenRod","Strange Spoon","Happy Flower","Ring of Panic","Replay:Bottled Eggs","Ring of Peace","Replay:Bottled Snecko","ReplayTheSpireMod:CursedCoin","Vampiric Spirits"],"acts_visited":["Exordium","TheCity"],"potions_floor_usage":[30,31,33],"damage_taken":[{"damage":0.0,"enemies":"2 Louse","floor":1.0,"turns":1.0},{"damage":0.0,"enemies":"Jaw Worm","floor":3.0,"turns":1.0},{"damage":0.0,"enemies":"Cultist","floor":5.0,"turns":1.0},{"damage":28.0,"enemies":"Gremlin Nob","floor":6.0,"turns":4.0},{"damage":11.0,"enemies":"Lagavulin","floor":10.0,"turns":4.0},{"damage":1.0,"enemies":"Looter","floor":11.0,"turns":3.0},{"damage":18.0,"enemies":"3 Sentries","floor":13.0,"turns":6.0},{"damage":12.0,"enemies":"Large Slime","floor":14.0,"turns":6.0},{"damage":10.0,"enemies":"Slime Boss","floor":16.0,"turns":5.0},{"damage":11.0,"enemies":"3 Byrds","floor":18.0,"turns":4.0},{"damage":2.0,"enemies":"2 Thieves","floor":21.0,"turns":4.0},{"damage":29,"enemies":"Slavers","floor":24,"turns":6},{"damage":0,"enemies":"Gremlin Leader","floor":30,"turns":4},{"damage":18,"enemies":"Snake Plant","floor":31,"turns":4},{"damage":203,"enemies":"Collector","floor":33,"turns":9}],"seed_played":"-2374952106832332424","potions_obtained":[{"floor":3.0,"key":"Milkshake"},{"floor":10.0,"key":"SpeedPotion"},{"floor":13.0,"key":"Elixir"},{"floor":16.0,"key":"EssenceOfSteel"}],"is_trial":false,"path_per_floor":["M","?","M","?","M","E","?","$","T","E","M","?","E","M","R","B",null,"M","T","$","M","?","R","E","R","T","R","T","$","E","M","R","B"],"character_chosen":"THE_SILENT","items_purchased":["Lee\u0027s Waffle","Blade Dance","TungstenRod","Strange Spoon","ReplayTheSpireMod:CursedCoin","Noxious Fumes"],"campfire_rested":2,"item_purchase_floors":[8,8,20,20,29,29],"current_hp_per_floor":[63,63,63,63,63,35,35,77,77,66,65,65,47,35,58,48,70,59,59,74,72,72,72,43,66,66,66,66,77,77,59,59,0,0],"gold":62,"neow_bonus":"THREE_ENEMY_KILL","is_daily":false,"chose_seed":false,"campfire_upgraded":2,"win_rate":0.0,"timestamp":1610099620,"path_taken":["M","?","M","?","?","E","?","$","T","E","M","?","E","M","R","BOSS","M","?","$","M","?","R","E","R","T","R","?","$","E","M","R","BOSS"],"items_purchased_type":["Relic","Card","Relic","Relic","Relic","Card"],"build_version":"2020-12-22","purchased_purges":2,"victory":false,"max_hp_per_floor":[70,70,70,70,70,70,70,77,77,77,77,77,77,77,77,77,77,77,77,77,77,77,77,77,77,77,77,77,77,77,77,77,77,77],"card_choices":[{"not_picked":["PiercingWail","Flying Knee"],"picked":"Acrobatics","floor":1.0},{"not_picked":["Flying Knee","Dodge and Roll"],"picked":"Caltrops","floor":3.0},{"not_picked":["PiercingWail","Underhanded Strike"],"picked":"Blade Dance","floor":5.0},{"not_picked":["Noxious Fumes","Concentrate"],"picked":"Prepared","floor":6.0},{"not_picked":["Acrobatics","Burst"],"picked":"ReplayTheSpireMod:Scrap Shanks","floor":10.0},{"not_picked":["Poisoned Stab","Hidden Blade"],"picked":"Tactician","floor":11.0},{"not_picked":["ReplayTheSpireMod:Scrap Shanks","ReplayTheSpireMod:Tripwire"],"picked":"Leg Sweep","floor":13.0},{"not_picked":["Hidden Blade","Deadly Poison"],"picked":"Backflip","floor":14.0},{"not_picked":["Unload","Phantasmal Killer"],"picked":"Night Terror","floor":16.0},{"not_picked":["Acrobatics+1","Dagger Spray"],"picked":"Footwork","floor":18.0},{"not_picked":["Eviscerate","Sucker Punch+1"],"picked":"Underhanded Strike","floor":21.0},{"not_picked":["Phantasmal Killer","Underhanded Strike"],"picked":"Heel Hook+1","floor":24},{"not_picked":["Acrobatics","Sucker Punch","Dodge and Roll"],"picked":"SKIP","floor":30},{"not_picked":["Flying Knee","Catalyst","Expertise+1"],"picked":"SKIP","floor":31}],"player_experience":254118,"relics_obtained":[{"floor":6.0,"key":"Shuriken"},{"floor":7.0,"key":"ReplayTheSpireMod:Ring of Collecting"},{"floor":7.0,"key":"Ring of Greed"},{"floor":7.0,"key":"MealTicket"},{"floor":7.0,"key":"Tiny Chest"},{"floor":9.0,"key":"ReplayTheSpireMod:Ring of Exchange"},{"floor":9.0,"key":"HornCleat"},{"floor":10.0,"key":"Bronze Scales"},{"floor":13.0,"key":"Orichalcum"},{"floor":19.0,"key":"Ring of Fury"},{"floor":19.0,"key":"ReplayTheSpireMod:Lightbulb"},{"floor":24,"key":"Happy Flower"},{"floor":26,"key":"Ring of Panic"},{"floor":26,"key":"Replay:Bottled Eggs"},{"floor":28,"key":"Ring of Peace"},{"floor":28,"key":"Replay:Bottled Snecko"},{"floor":30,"key":"Vampiric Spirits"}],"event_choices":[{"damage_healed":0.0,"max_hp_gain":0.0,"max_hp_loss":0.0,"gold_gain":0.0,"event_name":"Living Wall","player_choice":"Grow","floor":2.0,"gold_loss":0.0,"damage_taken":0.0,"cards_upgraded":["Neutralize"]},{"damage_healed":0.0,"max_hp_gain":0.0,"max_hp_loss":0.0,"gold_gain":0.0,"cards_transformed":["Strike_G"],"event_name":"Transmorgrifier","player_choice":"Transformed","floor":4.0,"gold_loss":0.0,"damage_taken":0.0,"cards_obtained":["ReplayTheSpireMod:Shiv Toss"]},{"damage_healed":0.0,"max_hp_gain":0.0,"max_hp_loss":0.0,"gold_gain":275.0,"event_name":"Golden Shrine","player_choice":"Desecrate","floor":12.0,"gold_loss":0.0,"damage_taken":0.0,"cards_obtained":["Regret"]}],"is_beta":false,"boss_relics":[{"not_picked":["Astrolabe","Sozu"],"picked":"OrangePellets"}],"items_purged_floors":[20,29],"is_endless":false,"potions_floor_spawned":[3,10,13,16,18],"killed_by":"Collector","ascension_level":6}}