{"host":"bzg9y3flbaqjj1j7","time":1610139712,"event":{"mods":["100% Spire Juice","AchievementEnabler","Act Like it!","Aspiration","Astrologer","BaseMod","Better Third Choice","CCEM","Challenge The Spire","Dark Map","Elementarium","Gensokyo","Hallownest","Hubris","Infinite Spire","Lobotomy","LobotomyExtend","Marisa????????","Marked Mod","Minty Spire (QoL Compilation)","Permanent Neow","Quick Restart","Rare Cards Sparkle","Reimu??????","Remilia??????","Replay The Spire","RumiaBox-????????","Shop Mod","Spicy Shops","StSLib","The Animator","The Blue Laboratory","The Bug Knight","Waifu the Spire","vexMod"],"gold_per_floor":[145,190,138,63,63,153,153,153,178,178,223,223,26,386,386,386,386],"floor_reached":16,"playtime":1025,"items_purged":[],"score":123,"play_id":"c836f4ab-097d-4581-b554-f1dfb0206b8a","local_time":"20210108173152","daily_mods":["Draft","Vintage","Midas"],"is_ascension_mode":false,"campfire_choices":[],"circlet_count":0,"master_deck":["ExtractionCode","DisciplinaryCode","ControlCode","Moonlight","CherryBlossom","SolemnVow","Penitence","ScreamingWedge","FourthMatchFlame","Logging","Moonlight","CUTE","Regret_ego","FourthMatchFlame","Gaze","FrostShard","FourthMatchFlame","Regret_ego","MagicBullet","MagicBullet","Hallownest:skillGreenpathMap","HeroicMonk","Twilight","TrainingCode","SecurityCode","Languid","FourthMatchFlame","BigBadWolf","RecordCode"],"relics":["CogitoBucket","LetterFromLob","GodSword4","Baka","Mummified Hand","hubris:Towel","Vajra","infinitespire:PuzzleCube","Ring of Hypnosis","ReplayTheSpireMod:Ring of Challenge","CCEMRelics:JestersCrown","Old Coin"],"acts_visited":["Exordium"],"potions_floor_usage":[],"damage_taken":[{"damage":4.0,"enemies":"2_ Uuma","floor":1.0,"turns":4.0},{"damage":0.0,"enemies":"Hallownest:2_Baldur","floor":2.0,"turns":1.0},{"damage":5.0,"enemies":"Hallownest:eliteCrystalGuardian","floor":6.0,"turns":4.0},{"damage":3.0,"enemies":"Hallownest:2_Tiktiks_and_1_Crawlid","floor":11.0,"turns":1.0},{"damage":7.0,"enemies":"Hallownest:monsterFoolEater","floor":14.0,"turns":3.0},{"damage":30,"enemies":"Hallownest:BossFalseKnight","floor":16,"turns":2}],"seed_played":"-6062085814737979882","potions_obtained":[{"floor":1.0,"key":"blueLaboratory:BubblePotion"},{"floor":6.0,"key":"Explosive Potion"},{"floor":14.0,"key":"Venom Potion"}],"is_trial":false,"path_per_floor":["M","M","$","?","?","E","R","?","T","$","M","?","$","M","R","B"],"character_chosen":"Angela","items_purchased":["MagicBullet","FourthMatchFlame","CCEMRelics:JestersCrown"],"campfire_rested":0,"item_purchase_floors":[3,13,13],"current_hp_per_floor":[1,7,7,7,7,8,8,8,8,8,14,14,14,18,18,0,0],"gold":386,"neow_bonus":"","is_daily":true,"chose_seed":false,"campfire_upgraded":0,"win_rate":0.0,"timestamp":1610139712,"path_taken":["M","M","$","?","?","E","R","?","T","?","M","?","$","M","R","BOSS"],"items_purchased_type":["Card","Card","Relic"],"build_version":"2020-12-22","purchased_purges":0,"victory":false,"max_hp_per_floor":[1,7,7,7,7,13,13,13,13,13,22,22,22,25,25,25,25],"card_choices":[{"not_picked":["Tough","Logging"],"picked":"Moonlight","floor":0.0},{"not_picked":["CUTE","CrimsonScar"],"picked":"CherryBlossom","floor":0.0},{"not_picked":["CUTE","Wingbeat"],"picked":"SolemnVow","floor":0.0},{"not_picked":["Reverberation","RapturousDream"],"picked":"Penitence","floor":0.0},{"not_picked":["RapturousDream","Soda"],"picked":"ScreamingWedge","floor":0.0},{"not_picked":["Heaven","RapturousDream"],"picked":"FourthMatchFlame","floor":0.0},{"not_picked":["Wingbeat","Harmony"],"picked":"Logging","floor":0.0},{"not_picked":["Horn","Harvest"],"picked":"Moonlight","floor":0.0},{"not_picked":["Beak","Logging"],"picked":"CUTE","floor":0.0},{"not_picked":["Loneliness","Tough"],"picked":"Regret_ego","floor":0.0},{"not_picked":["Noise","Regret_ego"],"picked":"FourthMatchFlame","floor":0.0},{"not_picked":["Lantern","RedEyes"],"picked":"Gaze","floor":0.0},{"not_picked":["Reverberation","BearPaw"],"picked":"FrostShard","floor":0.0},{"not_picked":["Wingbeat","RedEyes"],"picked":"FourthMatchFlame","floor":0.0},{"not_picked":["Soda","Pleasure"],"picked":"Regret_ego","floor":0.0},{"not_picked":["RedShoes","BeautyBeast"],"picked":"HeroicMonk","floor":6.0},{"not_picked":["MagicBullet"],"picked":"Twilight","floor":6.0},{"not_picked":["BeautyBeast","DreamingCurrent"],"picked":"BigBadWolf","floor":14.0}],"player_experience":165728,"relics_obtained":[{"floor":1.0,"key":"LetterFromLob"},{"floor":1.0,"key":"GodSword4"},{"floor":1.0,"key":"Baka"},{"floor":2.0,"key":"Mummified Hand"},{"floor":9.0,"key":"Vajra"},{"floor":11.0,"key":"infinitespire:PuzzleCube"},{"floor":12.0,"key":"Ring of Hypnosis"},{"floor":12.0,"key":"ReplayTheSpireMod:Ring of Challenge"},{"floor":14.0,"key":"Old Coin"}],"event_choices":[],"is_beta":false,"boss_relics":[],"items_purged_floors":[],"is_endless":false,"potions_floor_spawned":[1,6,14],"killed_by":"Hallownest:BossFalseKnight","ascension_level":0}}