{"host":"3y2rtlgteqp2nuo3","time":1610116070,"event":{"mods":["2.2 Compatiblity","AchievementEnabler","BaseMod","Colored Map","DeckTracker","Highlight Path","Keyboard Shortcuts","Minty Spire (QoL Compilation)","Permanent Neow","Quick Restart","StSLib","SuperFastMode","everything is the same but u backflip on backflip"],"gold_per_floor":[117,117,117,136,149,149,162,162,162,190,207,207,220,245,245,323,323,340,255,195,48,67,67,67,67],"floor_reached":24,"playtime":459,"items_purged":["Strike_B"],"score":381,"play_id":"ef3ce3ef-f04f-4699-9e17-bb40875e4e36","local_time":"20210108232750","is_ascension_mode":true,"campfire_choices":[{"data":"Beam Cell","floor":6.0,"key":"SMITH"},{"floor":8.0,"key":"REST"},{"data":"Dualcast","floor":12.0,"key":"SMITH"},{"data":"Rip and Tear","floor":15.0,"key":"SMITH"},{"floor":23.0,"key":"REST"}],"circlet_count":0,"master_deck":["AscendersBane","Strike_B","Defend_B","Defend_B","Defend_B","Defend_B","Zap+1","Dualcast+1","Rip and Tear+1","Glacier","Beam Cell+1","Rip and Tear+1","Ball Lightning","Skim","Electrodynamics","Self Repair","BootSequence"],"relics":["Cracked Core","Omamori","Singing Bowl","Kunai","Black Star","Orichalcum"],"acts_visited":["Exordium","TheCity"],"potions_floor_usage":[24],"damage_taken":[{"damage":0.0,"enemies":"Small Slimes","floor":1.0,"turns":2.0},{"damage":0.0,"enemies":"2 Louse","floor":4.0,"turns":3.0},{"damage":0.0,"enemies":"Cultist","floor":5.0,"turns":3.0},{"damage":45.0,"enemies":"Gremlin Gang","floor":7.0,"turns":4.0},{"damage":7.0,"enemies":"3 Sentries","floor":10.0,"turns":8.0},{"damage":0.0,"enemies":"Exordium Wildlife","floor":11.0,"turns":3.0},{"damage":3.0,"enemies":"Blue Slaver","floor":13.0,"turns":3.0},{"damage":0.0,"enemies":"Gremlin Nob","floor":14.0,"turns":2.0},{"damage":20.0,"enemies":"The Guardian","floor":16.0,"turns":8.0},{"damage":29.0,"enemies":"2 Thieves","floor":18.0,"turns":3.0},{"damage":1.0,"enemies":"Chosen","floor":22.0,"turns":4.0},{"damage":62,"enemies":"Slavers","floor":24,"turns":4}],"seed_played":"3099063047678425619","potions_obtained":[{"floor":7.0,"key":"Weak Potion"},{"floor":11.0,"key":"FearPotion"}],"is_trial":false,"path_per_floor":["M","?","?","M","M","R","M","R","T","E","M","R","M","E","R","B",null,"M","?","?","$","M","R","E"],"character_chosen":"DEFECT","items_purchased":["Self Repair"],"campfire_rested":2,"item_purchase_floors":[21],"current_hp_per_floor":[68,61,61,61,61,61,16,38,38,31,31,31,30,30,30,10,60,33,33,33,33,39,62,0,0],"gold":67,"neow_bonus":"UPGRADE_CARD","is_daily":false,"chose_seed":false,"campfire_upgraded":3,"win_rate":0.0,"timestamp":1610116070,"path_taken":["M","?","?","M","M","R","?","R","T","E","?","R","M","E","R","BOSS","M","?","?","$","?","R","E"],"items_purchased_type":["Card"],"build_version":"2020-12-22","purchased_purges":1,"victory":false,"max_hp_per_floor":[75,75,75,75,75,75,75,75,75,75,75,75,77,77,77,77,77,79,79,79,79,79,79,79,79],"card_choices":[{"not_picked":["Sweeping Beam","Turbo"],"picked":"Rip and Tear","floor":1.0},{"not_picked":["Lockon","Go for the Eyes"],"picked":"Glacier","floor":4.0},{"not_picked":["Rip and Tear","Coolheaded"],"picked":"Beam Cell","floor":5.0},{"not_picked":["Fusion","Reinforced Body","Recycle"],"picked":"SKIP","floor":7.0},{"not_picked":["Conserve Battery","Steam"],"picked":"Rip and Tear","floor":10.0},{"not_picked":["Reprogram","Amplify"],"picked":"Ball Lightning","floor":11.0},{"not_picked":["Steam","Redo","Undo"],"picked":"Singing Bowl","floor":13.0},{"not_picked":["Sweeping Beam","White Noise"],"picked":"Skim","floor":14.0},{"not_picked":["Reboot","Meteor Strike"],"picked":"Electrodynamics","floor":16.0},{"not_picked":["Beam Cell","Darkness","Steam"],"picked":"Singing Bowl","floor":18.0},{"not_picked":["Beam Cell","Barrage"],"picked":"BootSequence","floor":22.0}],"player_experience":643170,"relics_obtained":[{"floor":9.0,"key":"Omamori"},{"floor":10.0,"key":"Singing Bowl"},{"floor":14.0,"key":"Kunai"}],"event_choices":[{"cards_removed":["Strike_B"],"damage_healed":0.0,"max_hp_gain":0.0,"max_hp_loss":0.0,"gold_gain":0.0,"event_name":"Golden Wing","player_choice":"Card Removal","floor":2.0,"gold_loss":0.0,"damage_taken":7.0},{"damage_healed":0.0,"max_hp_gain":0.0,"max_hp_loss":0.0,"gold_gain":0.0,"event_name":"Upgrade Shrine","player_choice":"Upgraded","floor":3.0,"gold_loss":0.0,"damage_taken":0.0,"cards_upgraded":["Rip and Tear"]},{"damage_healed":0.0,"max_hp_gain":0.0,"max_hp_loss":0.0,"gold_gain":0.0,"event_name":"Addict","player_choice":"Obtained Relic","floor":19.0,"gold_loss":85.0,"damage_taken":0.0,"relics_obtained":["Orichalcum"]},{"cards_removed":["Strike_B"],"damage_healed":0.0,"max_hp_gain":0.0,"max_hp_loss":0.0,"gold_gain":0.0,"event_name":"Designer","player_choice":"Single Remove","floor":20.0,"gold_loss":60.0,"damage_taken":0.0}],"is_beta":false,"boss_relics":[{"not_picked":["Ectoplasm","Nuclear Battery"],"picked":"Black Star"}],"items_purged_floors":[21],"is_endless":false,"potions_floor_spawned":[7,11,14,16,22],"killed_by":"Slavers","ascension_level":13}}