{"host":"66qk2d5itigvi6zt","time":1610072374,"event":{"mods":["Aspiration","BaseMod","Better Third Choice","Conspire","Minty Spire (QoL Compilation)","Replay The Spire","StSLib","Td1madao Mod","The Administrix","The Alterego","UnlockEverythingMod","Waifu the Spire","everything is the same but u backflip on backflip"],"gold_per_floor":[111,111,128,128,209,244,244,11,82,82,82,100,132,147,147,147,147],"floor_reached":16,"playtime":1091,"items_purged":[],"score":108,"play_id":"8bca5bb0-af46-477f-aa91-01c53056d44a","local_time":"20210107181934","daily_mods":["Heirloom"],"is_ascension_mode":false,"campfire_choices":[{"data":"alterego_mod:Defend","floor":7,"key":"PURGE"},{"floor":11,"key":"REST"},{"data":"Apotheosis","floor":15,"key":"SMITH"}],"circlet_count":0,"master_deck":["alterego_mod:Strike","alterego_mod:Strike","alterego_mod:Strike","alterego_mod:Defend","alterego_mod:Defend","alterego_mod:Defend","alterego_mod:Impale","alterego_mod:BigMeatyClaws","alterego_mod:BrynhildrsRune","alterego_mod:PurpleHair","alterego_mod:Bloomers","alterego_mod:Birthday","alterego_mod:Rip","alterego_mod:Punishment+1","Apotheosis+1","alterego_mod:Punishment","alterego_mod:Birthday"],"relics":["alterego_mod:MasochisticConstitution","Peace Pipe","Ring of Searing","Blue Candle","Smiling Mask","conspire:Flyswatter","Anchor"],"acts_visited":["Exordium"],"potions_floor_usage":[12,13],"damage_taken":[{"damage":0,"enemies":"Small Slimes","floor":1,"turns":3},{"damage":6,"enemies":"Cultist","floor":3,"turns":4},{"damage":48,"enemies":"3 Sentries","floor":6,"turns":9},{"damage":9,"enemies":"Jaw Worm","floor":12,"turns":3},{"damage":23,"enemies":"Lagavulin","floor":13,"turns":5},{"damage":5,"enemies":"conspire:2 RoseBushes","floor":14,"turns":4},{"damage":42,"enemies":"The Guardian","floor":16,"turns":6}],"seed_played":"-3685912402341856974","potions_obtained":[{"floor":1,"key":"Elixir"},{"floor":3,"key":"Weak Potion"},{"floor":10,"key":"CultistPotion"},{"floor":10,"key":"FairyPotion"}],"is_trial":true,"path_per_floor":["M","?","M","?","T","E","R","$","T","?","R","M","E","M","R","B"],"character_chosen":"The_Alterego","items_purchased":["alterego_mod:Punishment+1","Apotheosis"],"campfire_rested":1,"item_purchase_floors":[8,8],"current_hp_per_floor":[70,70,65,65,65,20,20,20,20,20,41,35,15,14,14,0,0],"gold":147,"neow_bonus":"","is_daily":false,"chose_seed":false,"campfire_upgraded":1,"win_rate":0.0,"timestamp":1610072374,"path_taken":["M","?","?","?","?","E","R","$","T","?","R","M","E","M","R","BOSS"],"items_purchased_type":["Card","Card"],"build_version":"2020-12-22","purchased_purges":0,"victory":false,"max_hp_per_floor":[70,70,71,71,71,72,72,72,72,72,72,73,74,75,75,75,75],"card_choices":[{"not_picked":["alterego_mod:HighServant","alterego_mod:Maid"],"picked":"alterego_mod:PurpleHair","floor":1},{"not_picked":["alterego_mod:PurpleHair","alterego_mod:Maid"],"picked":"alterego_mod:Birthday","floor":3},{"not_picked":["alterego_mod:SakuraPetals","alterego_mod:GachaTicket"],"picked":"alterego_mod:Rip","floor":6},{"not_picked":["alterego_mod:Jiggle","alterego_mod:Bunnysuit"],"picked":"alterego_mod:Punishment","floor":12},{"not_picked":["alterego_mod:Jiggle","alterego_mod:SakuraLabyrinth","alterego_mod:PerceptionDisorder"],"picked":"SKIP","floor":13},{"not_picked":["alterego_mod:MagicResistance","alterego_mod:Pet"],"picked":"alterego_mod:Birthday","floor":14}],"player_experience":55196,"relics_obtained":[{"floor":4,"key":"Ring of Searing"},{"floor":5,"key":"Blue Candle"},{"floor":6,"key":"Smiling Mask"},{"floor":9,"key":"conspire:Flyswatter"},{"floor":13,"key":"Anchor"}],"event_choices":[{"damage_healed":0,"gold_gain":0,"cards_transformed":["alterego_mod:Strike"],"player_choice":"Transformed","damage_taken":0,"max_hp_gain":0,"max_hp_loss":0,"event_name":"Transmorgrifier","floor":2,"gold_loss":0,"cards_obtained":["alterego_mod:Bloomers"]},{"damage_healed":0,"gold_gain":0,"player_choice":"Got Potions","damage_taken":0,"max_hp_gain":0,"max_hp_loss":0,"event_name":"Lab","floor":10,"gold_loss":0}],"is_beta":false,"boss_relics":[],"items_purged_floors":[],"is_endless":true,"potions_floor_spawned":[1,3],"killed_by":"The Guardian","ascension_level":0}}