{"host":"ppgxiu8l5yxvf2gn","time":1610083373,"event":{"mods":["BaseMod","Koishi","Marisa£¨Ùöéë¡¡Øª×âÞÞ£©","Minty Spire (QoL Compilation)","StSLib","Td1madao Mod","The Gatherer","WarShipGirlsR/??á´Ò³R mod"],"gold_per_floor":[109,109,109,129,12005,12038,12056,12009,12035,12052,12065,12065,11608,11625,11625,11720,11720,11735,11735,11650,11650,11650,11650,11677,11115,11415,11415,11425,11452,10865,10883,10883,10981,10981,11000,11016,11035,10675,10689,10723,10723,10758,10826,10860,10878,10928,10928,10953,10953,10953,10953,10953,10357,10391,10391],"floor_reached":56,"playtime":3620,"items_purged":["Regret","rmod:fuelsupply","Normality"],"score":1584,"play_id":"0d9925e4-ebc8-4081-ad73-3a770ce5fad4","local_time":"20210108142253","is_ascension_mode":true,"campfire_choices":[{"floor":12.0,"key":"RECALL"},{"floor":15.0,"key":"REST"},{"data":"Master of Strategy","floor":23.0,"key":"SMITH"},{"data":"Jack Of All Trades","floor":27,"key":"SMITH"},{"floor":32,"key":"REST"},{"floor":41,"key":"REST"},{"floor":49,"key":"REST"},{"data":"rmod:expedition+1","floor":52,"key":"SMITH"}],"circlet_count":0,"master_deck":["rmod:strick+1","rmod:strick","rmod:defend","rmod:defend+1","rmod:defend+1","rmod:defend","rmod:basicallowance","rmod:maingunfire","Apotheosis+1","rmod:fuelsupply","Master of Strategy+1","rmod:firesupport","rmod:steelsupply","rmod:mineteam","Finesse+1","rmod:luckystar+1","rmod:diaomin+1","rmod:wolves","rmod:intelligenceanalysis","rmod:overbreakdown","Blind","rmod:steelsupply","rmod:unsinkable","rmod:tearstotiara","rmod:wasp","rmod:punchline","rmod:expeditionaryescort","rmod:overbreakdown","rmod:auspiciousomen","rmod:generalist","rmod:luckystar","rmod:mineteam+1","rmod:tearstotiara","Jack Of All Trades+1","Transmutation","rmod:luckystar","rmod:fuelsupply+1","rmod:chargemoney+1","rmod:firesupport","rmod:bulid","Chrysalis","Impatience","rmod:generalist","rmod:diaomin","rmod:seals+1","rmod:generalist+1","rmod:firesupport+1","rmod:victimresponsibility","Jack Of All Trades","Chrysalis","rmod:lastglory","rmod:rockthrower","rmod:expedition+2","rmod:desperatesituation+1","rmod:acesubmarine","rmod:fuelsupply","rmod:windflower","rmod:fuelsupply+1","rmod:goodfighter+1","rmod:aggressivemary+1","rmod:maintain+1","Madness+1","Madness+1","rmod:ammunitionsupply+1","rmod:wasp+1","Jack Of All Trades+1","Metamorphosis+1","rmod:fletcherpendant","rmod:wolves","Bloodletting+1"],"relics":["rmod:firstchargereward","Membership Card","Oddly Smooth Stone","Question Card","Happy Flower","Blood Vial","Ornamental Fan","Frozen Eye","Cursed Key","Mercury Hourglass","StoneCalendar","Frozen Egg 2","Lee\u0027s Waffle","InkBottle","Gambling Chip","Old Coin","Unceasing Top","Pantograph","Regal Pillow","Medical Kit","Black Star","War Paint","Bag of Marbles","Orrery","Omamori","Whetstone","TungstenRod","Toxic Egg 2","rmod:equipmentrecovery","Letter Opener","Ice Cream","Incense Burner","Gremlin Horn","Vajra","Lantern","Toy Ornithopter","PrismaticShard","Centennial Puzzle","Bird Faced Urn"],"acts_visited":["Exordium","TheCity","TheBeyond","TheEnding"],"potions_floor_usage":[33,36,42,45,45,55,55],"damage_taken":[{"damage":5.0,"enemies":"Jaw Worm","floor":1.0,"turns":3.0},{"damage":7.0,"enemies":"2 Louse","floor":4.0,"turns":3.0},{"damage":0.0,"enemies":"Lagavulin","floor":6.0,"turns":5.0},{"damage":0.0,"enemies":"Small Slimes","floor":7.0,"turns":2.0},{"damage":3.0,"enemies":"Looter","floor":10.0,"turns":3.0},{"damage":26.0,"enemies":"Gremlin Gang","floor":11.0,"turns":4.0},{"damage":4.0,"enemies":"2 Fungi Beasts","floor":14.0,"turns":4.0},{"damage":25.0,"enemies":"The Guardian","floor":16.0,"turns":7.0},{"damage":2.0,"enemies":"Spheric Guardian","floor":18.0,"turns":4.0},{"damage":3.0,"enemies":"Book of Stabbing","floor":24.0,"turns":4.0},{"damage":0,"enemies":"3 Byrds","floor":28,"turns":4},{"damage":18,"enemies":"Gremlin Leader","floor":29,"turns":6},{"damage":52,"enemies":"Snecko","floor":31,"turns":7},{"damage":51,"enemies":"Automaton","floor":33,"turns":9},{"damage":17,"enemies":"3 Shapes","floor":35,"turns":3},{"damage":13,"enemies":"Orb Walker","floor":36,"turns":3},{"damage":0,"enemies":"4 Shapes","floor":37,"turns":3},{"damage":2,"enemies":"Spire Growth","floor":39,"turns":3},{"damage":1,"enemies":"Giant Head","floor":40,"turns":5},{"damage":12,"enemies":"Reptomancer","floor":42,"turns":3},{"damage":0,"enemies":"Giant Head","floor":44,"turns":5},{"damage":22,"enemies":"Transient","floor":45,"turns":5},{"damage":0,"enemies":"Mind Bloom Boss Battle","floor":46,"turns":5},{"damage":32,"enemies":"Reptomancer","floor":48,"turns":4},{"damage":42,"enemies":"Awakened One","floor":50,"turns":6},{"damage":23,"enemies":"Shield and Spear","floor":54,"turns":4},{"damage":2,"enemies":"The Heart","floor":55,"turns":5}],"seed_played":"5621059248566083048","potions_obtained":[{"floor":7.0,"key":"Strength Potion"},{"floor":11.0,"key":"Fruit Juice"},{"floor":14.0,"key":"SteroidPotion"},{"floor":18.0,"key":"PowerPotion"},{"floor":28,"key":"SpeedPotion"},{"floor":35,"key":"Explosive Potion"},{"floor":37,"key":"Weak Potion"}],"is_trial":false,"path_per_floor":["M","?","?","M","$","E","M","?","T","M","M","R","$","M","R","B",null,"M","?","?","?","?","R","E","$","T","R","M","E","$","M","R","B",null,"M","M","M","$","M","E","R","E","T","E","M","?","?","E","R","B",null,"R","$","E","B",null],"character_chosen":"PRAEFECT","items_purchased":["Master of Strategy","rmod:firesupport","rmod:steelsupply","rmod:mineteam","Finesse","Membership Card","Oddly Smooth Stone","Question Card","rmod:luckystar","Blind","rmod:steelsupply","rmod:unsinkable","rmod:tearstotiara","rmod:wasp","Blood Vial","Ornamental Fan","Frozen Eye","Lee\u0027s Waffle","InkBottle","Gambling Chip","rmod:mineteam+1","rmod:tearstotiara","Jack Of All Trades","Transmutation","SkillPotion","rmod:chargemoney+1","rmod:firesupport","rmod:bulid","Pantograph","Regal Pillow","Medical Kit","Chrysalis","Impatience","rmod:generalist","Jack Of All Trades","Chrysalis","War Paint","Bag of Marbles","Orrery","rmod:wasp+1","Lantern","Toy Ornithopter","PrismaticShard","Jack Of All Trades+1","Metamorphosis+1","FairyPotion","DistilledChaos","DistilledChaos","rmod:fletcherpendant","rmod:wolves"],"campfire_rested":4,"item_purchase_floors":[5,5,5,5,5,5,5,5,5,13,13,13,13,13,13,13,13,25,25,25,25,25,25,25,25,30,30,30,30,30,30,30,30,30,38,38,38,38,38,53,53,53,53,53,53,53,53,53,53,53],"current_hp_per_floor":[70,55,55,48,48,48,48,48,48,45,24,24,24,22,46,23,80,78,78,78,78,78,78,77,87,87,87,87,69,69,19,60,36,87,70,59,61,61,61,62,87,75,75,77,57,84,74,44,85,45,87,87,87,64,87],"gold":10391,"neow_bonus":"RANDOM_COLORLESS_2","is_daily":false,"chose_seed":false,"campfire_upgraded":3,"win_rate":0.0,"timestamp":1610083373,"path_taken":["M","?","?","?","$","E","M","?","T","M","M","R","$","M","R","BOSS","M","?","?","?","?","R","E","?","T","R","M","E","$","?","R","BOSS","M","M","M","$","M","E","R","E","T","E","M","?","?","E","R","BOSS","R","$","E","BOSS"],"items_purchased_type":["Card","Card","Card","Card","Card","Relic","Relic","Relic","Card","Card","Card","Card","Card","Card","Relic","Relic","Relic","Relic","Relic","Relic","Card","Card","Card","Card","Potion","Card","Card","Card","Relic","Relic","Relic","Card","Card","Card","Card","Card","Relic","Relic","Relic","Card","Relic","Relic","Relic","Card","Card","Potion","Potion","Potion","Card","Card"],"build_version":"2020-12-22","purchased_purges":3,"victory":true,"max_hp_per_floor":[75,75,75,75,75,75,75,75,75,75,80,80,80,80,80,80,80,80,80,80,80,80,80,80,87,87,87,87,87,87,87,87,87,87,87,87,87,87,87,87,87,87,87,87,87,87,87,87,87,87,87,87,87,87,87],"card_choices":[{"not_picked":["Transmutation","Sadistic Nature"],"picked":"Apotheosis","floor":0.0},{"not_picked":["rmod:luckystar","rmod:combined"],"picked":"rmod:fuelsupply","floor":1.0},{"not_picked":["rmod:luckystar","rmod:stealaluminum"],"picked":"rmod:fuelsupply","floor":4.0},{"not_picked":["rmod:diamondstrike","rmod:guardianhero","rmod:combined"],"picked":"rmod:diaomin","floor":6.0},{"not_picked":["rmod:lonelyqueen","rmod:supportescort","rmod:auspiciousomen"],"picked":"rmod:wolves","floor":7.0},{"not_picked":["rmod:aviationdawn","rmod:wolves","rmod:fuelsupply"],"picked":"rmod:intelligenceanalysis","floor":10.0},{"not_picked":["rmod:supportescort","rmod:fletcherpendant","rmod:firesupport"],"picked":"rmod:overbreakdown","floor":11.0},{"not_picked":["rmod:circuitoustactics","rmod:rockthrower","rmod:fuelsupply"],"picked":"rmod:punchline","floor":14.0},{"not_picked":["rmod:auspiciousomen","rmod:windflower","rmod:stealaluminum"],"picked":"rmod:expeditionaryescort","floor":16.0},{"not_picked":["rmod:aluminumsupply","rmod:tearstotiara","rmod:firesupport"],"picked":"rmod:overbreakdown","floor":18.0},{"not_picked":["rmod:aviationdawn","rmod:garrisonisland+1","rmod:circuitoustactics"],"picked":"rmod:luckystar","floor":24.0},{"not_picked":["rmod:supportescort","rmod:concentratefire","rmod:fuelsupply"],"picked":"rmod:luckystar","floor":28},{"not_picked":["rmod:aggressivemary+1","rmod:salvage","rmod:tearstotiara"],"picked":"rmod:fuelsupply+1","floor":29},{"not_picked":["rmod:goodfighter","rmod:victimresponsibility+1","rmod:intelligenceanalysis"],"picked":"rmod:diaomin","floor":31},{"not_picked":["rmod:ridicule","rmod:acesubmarine","rmod:saltedfish"],"picked":"rmod:seals+1","floor":33},{"not_picked":["rmod:supportescort+1","rmod:advancebysurprise","rmod:aviationdawn"],"picked":"rmod:generalist+1","floor":35},{"not_picked":["rmod:gendarmerie+1","rmod:steelsupply+1","rmod:combined"],"picked":"rmod:firesupport+1","floor":36},{"not_picked":["rmod:firesupport","rmod:circuitoustactics+1","rmod:supportescort+1"],"picked":"rmod:victimresponsibility","floor":37},{"not_picked":["rmod:overbreakdown","rmod:steelsupply","rmod:combined"],"picked":"rmod:lastglory","floor":38},{"not_picked":["rmod:victimresponsibility+1","rmod:luckystar+1","rmod:firesupport+1"],"picked":"rmod:rockthrower","floor":38},{"not_picked":["rmod:diamondstrike","rmod:wife","rmod:generalist+1"],"picked":"rmod:expedition+1","floor":38},{"not_picked":["rmod:ammunitionsupply+1","rmod:supportescort","rmod:fletcherpendant+1"],"picked":"rmod:desperatesituation+1","floor":38},{"not_picked":["rmod:combined","rmod:ammunitionsupply+1","rmod:aviationdawn+1"],"picked":"rmod:acesubmarine","floor":38},{"not_picked":["rmod:garrisonisland+1","rmod:chargemoney+1","rmod:goodfighter+1"],"picked":"rmod:fuelsupply","floor":39},{"not_picked":["rmod:aviationdawn+1","rmod:chargemoney+1","rmod:overbreakdown"],"picked":"rmod:windflower","floor":40},{"not_picked":["rmod:diamondstrike","rmod:goodsister+1","rmod:shuttlebombing+1"],"picked":"rmod:fuelsupply+1","floor":42},{"not_picked":["rmod:shuttlebombing+1","rmod:circuitoustactics+1","rmod:advancebysurprise+1"],"picked":"rmod:goodfighter+1","floor":44},{"not_picked":["rmod:chargemoney+1","rmod:diaomin+1","rmod:unsinkable+1"],"picked":"rmod:aggressivemary+1","floor":45},{"not_picked":["rmod:slowdown+1","rmod:guardianhero+1","rmod:tearstotiara+1"],"picked":"rmod:maintain+1","floor":46},{"not_picked":["rmod:abidefaith+1","rmod:saltedfish+1","rmod:mineteam+1"],"picked":"rmod:ammunitionsupply+1","floor":48},{"not_picked":["Conclude+1","Koishi:ApparitionsStalkTheNight+1","Sudden Beat+1"],"picked":"Bloodletting+1","floor":54}],"player_experience":81919,"relics_obtained":[{"floor":6.0,"key":"Happy Flower"},{"floor":24.0,"key":"Frozen Egg 2"},{"floor":26,"key":"Old Coin"},{"floor":29,"key":"Unceasing Top"},{"floor":40,"key":"Omamori"},{"floor":40,"key":"Whetstone"},{"floor":42,"key":"TungstenRod"},{"floor":42,"key":"Toxic Egg 2"},{"floor":43,"key":"rmod:equipmentrecovery"},{"floor":44,"key":"Letter Opener"},{"floor":44,"key":"Ice Cream"},{"floor":46,"key":"Incense Burner"},{"floor":48,"key":"Gremlin Horn"},{"floor":48,"key":"Vajra"},{"floor":54,"key":"Centennial Puzzle"},{"floor":54,"key":"Bird Faced Urn"}],"event_choices":[{"damage_healed":0.0,"max_hp_gain":0.0,"max_hp_loss":0.0,"gold_gain":0.0,"event_name":"Shining Light","player_choice":"Entered Light","floor":2.0,"gold_loss":0.0,"damage_taken":15.0,"cards_upgraded":["rmod:defend","rmod:defend"]},{"damage_healed":0.0,"max_hp_gain":0.0,"max_hp_loss":0.0,"gold_gain":0.0,"event_name":"Living Wall","player_choice":"Grow","floor":3.0,"gold_loss":0.0,"damage_taken":0.0,"cards_upgraded":["Apotheosis"]},{"damage_healed":0.0,"max_hp_gain":0.0,"max_hp_loss":0.0,"gold_gain":0.0,"event_name":"World of Goop","player_choice":"Left Gold","floor":8.0,"gold_loss":47.0,"damage_taken":0.0},{"damage_healed":0.0,"max_hp_gain":0.0,"max_hp_loss":0.0,"gold_gain":0.0,"event_name":"Vampires","player_choice":"Ignored","floor":19.0,"gold_loss":0.0,"damage_taken":0.0},{"damage_healed":0.0,"max_hp_gain":0.0,"max_hp_loss":0.0,"gold_gain":0.0,"event_name":"Addict","player_choice":"Obtained Relic","floor":20.0,"gold_loss":85.0,"damage_taken":0.0,"relics_obtained":["Mercury Hourglass"]},{"damage_healed":0.0,"max_hp_gain":0.0,"max_hp_loss":0.0,"gold_gain":0.0,"cards_transformed":["rmod:strick","rmod:strick"],"event_name":"Drug Dealer","player_choice":"Became Test Subject","floor":21.0,"gold_loss":0.0,"damage_taken":0.0,"cards_obtained":["rmod:auspiciousomen","rmod:generalist"]},{"damage_healed":0.0,"max_hp_gain":0.0,"max_hp_loss":0.0,"gold_gain":0.0,"event_name":"The Mausoleum","player_choice":"Opened","floor":22.0,"gold_loss":0.0,"damage_taken":0.0,"relics_obtained":["StoneCalendar"]},{"damage_healed":0,"gold_gain":0,"player_choice":"Fight","damage_taken":0,"max_hp_gain":0,"max_hp_loss":0,"event_name":"MindBloom","floor":46,"gold_loss":0},{"damage_healed":0,"gold_gain":0,"player_choice":"Embrace Madness","damage_taken":11,"max_hp_gain":0,"max_hp_loss":0,"event_name":"Winding Halls","floor":47,"gold_loss":0,"cards_obtained":["Madness","Madness"]}],"is_beta":false,"boss_relics":[{"not_picked":["Astrolabe","Philosopher\u0027s Stone"],"picked":"Cursed Key"},{"not_picked":["Velvet Choker","Tiny House"],"picked":"Black Star"}],"items_purged_floors":[5,13,30],"is_endless":false,"potions_floor_spawned":[7,11,14,18,28,31,35,37,40],"ascension_level":1}}