{"host":"tw7a6rmo9h75ssrt","time":1610098547,"event":{"mods":["AchievementEnabler","Act Like it!","BaseMod","Colored Map","Highlight Path","Minty Spire (QoL Compilation)","Permanent Neow","Quick Restart","Relic Stats","SuperFastMode"],"gold_per_floor":[118,118,68,68,68,68,86,86,131,166,166,191,191,222,222,297,297,316,241,241,254,254,268,268,268,268,168,187,200,218,218,218,295,295,310,325,325,344,344,344,33,33,59,78,97,97,122,137,137,137],"floor_reached":51,"playtime":1354,"items_purged":["Strike_R+1","Defend_R"],"score":1284,"play_id":"033b5264-9d99-49eb-872b-76419a47d1cf","local_time":"20210108173547","is_ascension_mode":true,"campfire_choices":[{"data":"Bludgeon","floor":6.0,"key":"SMITH"},{"data":"Bash","floor":8.0,"key":"SMITH"},{"data":"Fire Breathing","floor":11.0,"key":"SMITH"},{"floor":15.0,"key":"REST"},{"floor":25.0,"key":"REST"},{"data":"Double Tap","floor":32.0,"key":"SMITH"},{"floor":40.0,"key":"REST"},{"floor":42.0,"key":"DIG"},{"floor":46,"key":"DIG"},{"floor":49,"key":"DIG"}],"circlet_count":0,"master_deck":["AscendersBane","Defend_R","Defend_R","Defend_R","Bash+1","Bludgeon+1","Dark Embrace","Fire Breathing+1","Brutality","Double Tap+1","Impervious","Fire Breathing+1"],"relics":["Snecko Eye","Whetstone","Charon\u0027s Ashes","Bag of Marbles","Oddly Smooth Stone","Philosopher\u0027s Stone","MutagenicStrength","Omamori","Velvet Choker","Mercury Hourglass","Shovel","Blood Vial","Anchor","Nunchaku","Torii","Kunai"],"acts_visited":["Exordium","TheCity","TheBeyond"],"potions_floor_usage":[48,50],"damage_taken":[{"damage":0.0,"enemies":"Small Slimes","floor":1.0,"turns":3.0},{"damage":6.0,"enemies":"2 Louse","floor":7.0,"turns":2.0},{"damage":0.0,"enemies":"Gremlin Nob","floor":10.0,"turns":2.0},{"damage":20.0,"enemies":"3 Sentries","floor":12.0,"turns":3.0},{"damage":0.0,"enemies":"Lagavulin","floor":14.0,"turns":2.0},{"damage":0.0,"enemies":"Slime Boss","floor":16.0,"turns":3.0},{"damage":3.0,"enemies":"Chosen","floor":18.0,"turns":2.0},{"damage":0.0,"enemies":"Spheric Guardian","floor":21.0,"turns":2.0},{"damage":9.0,"enemies":"Snake Plant","floor":23.0,"turns":2.0},{"damage":0.0,"enemies":"Slavers","floor":24.0,"turns":1.0},{"damage":0.0,"enemies":"Sentry and Sphere","floor":28.0,"turns":3.0},{"damage":0.0,"enemies":"Shelled Parasite and Fungi","floor":29.0,"turns":2.0},{"damage":5.0,"enemies":"Centurion and Healer","floor":30.0,"turns":2.0},{"damage":54.0,"enemies":"Automaton","floor":33.0,"turns":6.0},{"damage":4.0,"enemies":"3 Darklings","floor":35.0,"turns":5.0},{"damage":2.0,"enemies":"Orb Walker","floor":36.0,"turns":3.0},{"damage":2.0,"enemies":"Spire Growth","floor":38.0,"turns":3.0},{"damage":4.0,"enemies":"3 Darklings","floor":44.0,"turns":4.0},{"damage":4,"enemies":"Maw","floor":45,"turns":4},{"damage":19,"enemies":"Mind Bloom Boss Battle","floor":47,"turns":3},{"damage":1,"enemies":"4 Shapes","floor":48,"turns":4},{"damage":45,"enemies":"Donu and Deca","floor":50,"turns":5}],"seed_played":"-6858612077763635363","potions_obtained":[{"floor":12.0,"key":"SmokeBomb"},{"floor":14.0,"key":"AttackPotion"},{"floor":18.0,"key":"Strength Potion"},{"floor":23.0,"key":"GamblersBrew"},{"floor":28.0,"key":"SpeedPotion"},{"floor":33.0,"key":"SpeedPotion"},{"floor":35.0,"key":"ElixirPotion"},{"floor":45,"key":"BloodPotion"},{"floor":48,"key":"BloodPotion"}],"is_trial":false,"path_per_floor":["M","?","?","?","?","R","M","R","T","E","R","E","?","E","R","B",null,"M","$","?","M","?","M","E","R","T","$","M","M","M","?","R","B",null,"M","M","T","M","?","R","$","R","T","M","M","R","?","M","R","B",null],"character_chosen":"IRONCLAD","items_purchased":["Shovel"],"campfire_rested":3,"item_purchase_floors":[41],"current_hp_per_floor":[72,65,65,65,65,65,59,59,59,59,59,39,39,39,63,63,76,73,73,58,58,58,49,49,74,74,74,74,74,69,63,63,9,66,62,60,60,58,58,83,83,83,83,81,79,79,62,80,80,54],"gold":137,"neow_bonus":"BOSS_RELIC","is_daily":false,"chose_seed":false,"campfire_upgraded":4,"win_rate":0.0,"timestamp":1610098547,"path_taken":["M","?","?","?","?","R","?","R","T","E","R","E","?","E","R","BOSS","M","?","?","M","?","M","E","R","T","$","?","M","?","?","R","BOSS","M","M","?","M","?","R","$","R","T","M","?","R","?","M","R","BOSS"],"items_purchased_type":["Relic"],"build_version":"2020-12-22","purchased_purges":2,"victory":true,"max_hp_per_floor":[80,80,80,80,80,80,80,80,80,80,80,80,80,80,80,80,80,80,80,85,85,85,85,85,85,85,85,85,85,85,85,85,85,85,85,85,85,85,85,85,85,85,85,85,85,85,85,85,85,85],"relic_stats":{"Blood Vial":10,"Nunchaku":[2],"Shovel":3,"Torii":2,"counters":[22,66],"Snecko Eye":[110,105,107,108],"Charon\u0027s Ashes":[123],"Whetstone":["Strike_R","Strike_R"],"Kunai":[2],"obtain_stats":[{"Torii":47,"Oddly Smooth Stone":14,"Velvet Choker":34,"Charon\u0027s Ashes":10,"Omamori":26,"Whetstone":9,"Burning Blood":0,"Mercury Hourglass":37,"Blood Vial":42,"Anchor":43,"Nunchaku":46,"Shovel":41,"MutagenicStrength":22,"Snecko Eye":0,"Philosopher\u0027s Stone":17,"Bag of Marbles":12,"Kunai":49},{"Torii":20,"Oddly Smooth Stone":5,"Velvet Choker":14,"Charon\u0027s Ashes":3,"Omamori":10,"Whetstone":2,"Burning Blood":0,"Mercury Hourglass":16,"Blood Vial":17,"Anchor":17,"Nunchaku":19,"Shovel":17,"MutagenicStrength":8,"Snecko Eye":0,"Philosopher\u0027s Stone":6,"Bag of Marbles":4,"Kunai":21},{"Torii":57,"Oddly Smooth Stone":12,"Velvet Choker":35,"Charon\u0027s Ashes":7,"Omamori":22,"Whetstone":5,"Burning Blood":0,"Mercury Hourglass":43,"Blood Vial":46,"Anchor":46,"Nunchaku":54,"Shovel":46,"MutagenicStrength":19,"Snecko Eye":0,"Philosopher\u0027s Stone":15,"Bag of Marbles":10,"Kunai":61}],"Mercury Hourglass":[99]},"card_choices":[{"not_picked":["Body Slam","Thunderclap","Wild Strike"],"picked":"SKIP","floor":1.0},{"not_picked":["Clash","Combust"],"picked":"Dark Embrace","floor":7.0},{"not_picked":["Headbutt","Clothesline"],"picked":"Fire Breathing","floor":10.0},{"not_picked":["Heavy Blade","True Grit","Seeing Red"],"picked":"SKIP","floor":12.0},{"not_picked":["Clothesline","Warcry"],"picked":"Brutality","floor":14.0},{"not_picked":["Offering","Limit Break"],"picked":"Double Tap","floor":16.0},{"not_picked":["Perfected Strike","Pommel Strike","Headbutt"],"picked":"SKIP","floor":18.0},{"not_picked":["Clash","Twin Strike","Perfected Strike"],"picked":"SKIP","floor":21.0},{"not_picked":["Havoc","Battle Trance+1","Fire Breathing"],"picked":"SKIP","floor":23.0},{"not_picked":["Thunderclap","Perfected Strike","Intimidate"],"picked":"SKIP","floor":28.0},{"not_picked":["Body Slam","Twin Strike","Wild Strike"],"picked":"SKIP","floor":29.0},{"not_picked":["Armaments","Flex","Uppercut"],"picked":"SKIP","floor":30.0},{"not_picked":["Double Tap","Fiend Fire"],"picked":"Impervious","floor":33.0},{"not_picked":["Warcry+1","Wild Strike+1","Blood for Blood"],"picked":"SKIP","floor":35.0},{"not_picked":["Ghostly Armor+1","Metallicize"],"picked":"Fire Breathing+1","floor":36.0},{"not_picked":["Flex+1","Anger+1","Pommel Strike+1"],"picked":"SKIP","floor":38.0},{"not_picked":["Hemokinesis","Clash","Rupture+1"],"picked":"SKIP","floor":44.0},{"not_picked":["Carnage","Power Through","Havoc"],"picked":"SKIP","floor":45},{"not_picked":["Flex","Perfected Strike","True Grit"],"picked":"SKIP","floor":48}],"player_experience":110144,"relics_obtained":[{"floor":9.0,"key":"Whetstone"},{"floor":10.0,"key":"Charon\u0027s Ashes"},{"floor":12.0,"key":"Bag of Marbles"},{"floor":14.0,"key":"Oddly Smooth Stone"},{"floor":26.0,"key":"Omamori"},{"floor":37.0,"key":"Mercury Hourglass"},{"floor":42.0,"key":"Blood Vial"},{"floor":43.0,"key":"Anchor"},{"floor":46,"key":"Nunchaku"},{"floor":47,"key":"Torii"},{"floor":49,"key":"Kunai"}],"event_choices":[{"cards_removed":["Strike_R"],"damage_healed":0.0,"max_hp_gain":0.0,"max_hp_loss":0.0,"gold_gain":0.0,"event_name":"Golden Wing","player_choice":"Card Removal","floor":2.0,"gold_loss":0.0,"damage_taken":7.0},{"cards_removed":["Strike_R"],"damage_healed":0.0,"max_hp_gain":0.0,"max_hp_loss":0.0,"gold_gain":0.0,"event_name":"The Cleric","player_choice":"Card Removal","floor":3.0,"gold_loss":50.0,"damage_taken":0.0},{"cards_removed":["Strike_R"],"damage_healed":0.0,"max_hp_gain":0.0,"max_hp_loss":0.0,"gold_gain":0.0,"event_name":"Living Wall","player_choice":"Forget","floor":4.0,"gold_loss":0.0,"damage_taken":0.0},{"damage_healed":0.0,"max_hp_gain":0.0,"max_hp_loss":0.0,"gold_gain":0.0,"event_name":"Match and Keep!","player_choice":"1 cards matched","floor":5.0,"gold_loss":0.0,"damage_taken":0.0,"cards_obtained":["Bludgeon"]},{"cards_removed":["Strike_R"],"damage_healed":0.0,"max_hp_gain":0.0,"max_hp_loss":0.0,"gold_gain":0.0,"event_name":"Bonfire Elementals","player_choice":"Offered Basic","floor":13.0,"gold_loss":0.0,"damage_taken":0.0},{"damage_healed":0.0,"max_hp_gain":5.0,"max_hp_loss":0.0,"gold_gain":0.0,"event_name":"Forgotten Altar","player_choice":"Shed Blood","floor":20.0,"gold_loss":0.0,"damage_taken":20.0},{"damage_healed":0.0,"max_hp_gain":0.0,"max_hp_loss":0.0,"gold_gain":0.0,"event_name":"Drug Dealer","player_choice":"Inject Mutagens","floor":22.0,"gold_loss":0.0,"damage_taken":0.0,"relics_obtained":["MutagenicStrength"]},{"damage_healed":0.0,"max_hp_gain":0.0,"max_hp_loss":0.0,"gold_gain":0.0,"event_name":"Knowing Skull","player_choice":"","floor":31.0,"potions_obtained":[],"gold_loss":0.0,"damage_taken":6.0,"cards_obtained":[]},{"damage_healed":0.0,"max_hp_gain":0.0,"max_hp_loss":0.0,"gold_gain":0.0,"event_name":"Match and Keep!","player_choice":"0 cards matched","floor":39.0,"gold_loss":0.0,"damage_taken":0.0,"cards_obtained":[]},{"damage_healed":0,"gold_gain":0,"player_choice":"Fight","damage_taken":0,"max_hp_gain":0,"max_hp_loss":0,"event_name":"MindBloom","floor":47,"gold_loss":0}],"is_beta":false,"boss_relics":[{"not_picked":["Cursed Key","Calling Bell"],"picked":"Philosopher\u0027s Stone"},{"not_picked":["Runic Cube","SacredBark"],"picked":"Velvet Choker"}],"items_purged_floors":[19,27],"is_endless":false,"potions_floor_spawned":[12,14,18,23,28,33,35,44,45,48],"ascension_level":13}}