{"host":"jgyoyy5iuhtvyvtg","time":1610094841,"event":{"mods":["2.2 Compatiblity","BaseMod","Challenge The Spire","Colored Map","Conspire","Dark Map","Downfall","Hermit","Highlight Path","Infinite Spire","Lobotomy","LobotomyExtend","Minty Spire (QoL Compilation)","Quick Restart","Replay The Spire","Spikes Relics","StSLib","The Construct","The Disciple","The Jungle","Yuri Mod"],"gold_per_floor":[110,110,128,141,159,187,187,187,487,487,487,503,566,598,598,703,703,717,95,111,124,140,169,189,206,280,280,400,419,449,466,466,567,567,567,579,175,175,193,193,215,215,215,215,293,293,311,311,311,311,311],"floor_reached":52,"playtime":3793,"items_purged":["BigBird","PunishingBird"],"score":829,"play_id":"89f77e33-aa80-4e76-8aeb-538f2ef59100","local_time":"20210108003401","is_ascension_mode":false,"campfire_choices":[{"floor":7,"key":"REST"},{"data":"hermit:Maintenance","floor":7,"key":"SMITH"},{"floor":10,"key":"REST"},{"data":"hermit:Showdown","floor":10,"key":"SMITH"},{"data":"hermit:GoldenBullet","floor":15,"key":"SMITH"},{"data":"hermit:Maintenance","floor":27,"key":"SMITH"},{"floor":32,"key":"REST"},{"data":"hermit:HighCaliber","floor":32,"key":"SMITH"},{"floor":40,"key":"REST"},{"data":"hermit:Gestalt","floor":40,"key":"SMITH"},{"data":"infinitespire:SevenWalls","floor":44,"key":"SMITH"},{"data":"hermit:HeroicBravado","floor":46,"key":"SMITH"},{"data":"hermit:Shortfuse","floor":49,"key":"SMITH"}],"circlet_count":0,"master_deck":["ApocalypseBird","LongBird","Funeral","hermit:Strike_Hermit","hermit:Strike_Hermit","hermit:Strike_Hermit","hermit:Defend_Hermit","hermit:Defend_Hermit","hermit:Defend_Hermit","hermit:Defend_Hermit","hermit:Snapshot+1","hermit:Covet","UniverseFragment","hermit:Maintenance+1","hermit:Showdown+1","hermit:HeroicBravado+1","hermit:HighCaliber+1","hermit:Maintenance+1","Woodsman","Mercenary","hermit:FullyLoaded","hermit:WideOpen+1","CENSORED","hermit:Deadeye","hermit:FlashPowder+1","hermit:Shortfuse+1","hermit:FlashPowder+1","hermit:Scavenge+1","hermit:Determination+1","hermit:Determination+1","hermit:Maintenance+1","hermit:FlashPowder+1","expansioncontent:DefensiveStance+1","hermit:Gestalt+1","BlackArmy","infinitespire:SevenWalls+1","hermit:HighCaliber+1"],"relics":["hermit:Momento","CogitoBucket","LetterFromLob","infinitespire:Magic Flask","Old Coin","BackwardClock","ReplayTheSpireMod:Ninjato","infinitespire:Eraser","hermit:Momento","CogitoBucket","LetterFromLob","infinitespire:Magic Flask","Old Coin","ReplayTheSpireMod:Ninjato","infinitespire:Eraser","hermit:DentedPlate","hermit:PetGhost","Blue Doll","Golden Egg","AspirationHeart","SolemnVow_r","Pondfish Scales","Justitia_r","BehaviorAdjustment","AtMidnight","ShockBauble","Centennial Puzzle","Philosopher\u0027s Stone","Twilight","DollysMirror","infinitespire:Cupcake","Replay:WaspNest","Sundial","Gremlin Horn"],"acts_visited":["Exordium","Exordium","TheBeyond"],"potions_floor_usage":[20,20,20,20,20,20,20,20,20,20,20,20,20,23,24,24,24,24,35,35,35,35,50,50,50,50],"damage_taken":[{"damage":6.0,"enemies":"Jaw Worm","floor":1.0,"turns":5.0},{"damage":0.0,"enemies":"conspire:RoseBush","floor":3.0,"turns":5.0},{"damage":2,"enemies":"2 Louse","floor":4,"turns":3},{"damage":0,"enemies":"2 Fungi Beasts","floor":5,"turns":5},{"damage":46,"enemies":"Gremlin Nob","floor":6,"turns":6},{"damage":7,"enemies":"Looter","floor":12,"turns":5},{"damage":12,"enemies":"Lagavulin Event","floor":13,"turns":6},{"damage":15,"enemies":"3 Sentries","floor":14,"turns":7},{"damage":4,"enemies":"The Guardian","floor":16,"turns":11},{"damage":4,"enemies":"theJungle:MUSHROOMGANG","floor":18,"turns":6},{"damage":61,"enemies":"theJungle:GiantWrat","floor":20,"turns":9},{"damage":41,"enemies":"theJungle:JungleHuntersEncounter","floor":21,"turns":7},{"damage":25,"enemies":"theJungle:SlimyTreeVines","floor":22,"turns":7},{"damage":6,"enemies":"theJungle:MamaSnecko","floor":23,"turns":3},{"damage":324,"enemies":"theJungle:Lyon","floor":24,"turns":51},{"damage":8,"enemies":"theJungle:Snecko_Cultist_And_Trap","floor":25,"turns":4},{"damage":21,"enemies":"theJungle:JungleHuntersEncounter","floor":29,"turns":5},{"damage":95,"enemies":"theJungle:Cassacara","floor":30,"turns":8},{"damage":14,"enemies":"theJungle:2_Snecko_Cultists","floor":31,"turns":4},{"damage":148,"enemies":"theJungle:TotemBoss","floor":33,"turns":13},{"damage":82,"enemies":"3 Darklings","floor":35,"turns":12},{"damage":4,"enemies":"3 Darklings","floor":36,"turns":2},{"damage":3,"enemies":"Orb Walker","floor":39,"turns":3},{"damage":14,"enemies":"4 Shapes","floor":41,"turns":5},{"damage":2,"enemies":"Writhing Mass","floor":47,"turns":3},{"damage":139,"enemies":"Replay:Hell Engine","floor":50,"turns":9}],"seed_played":"8921629063567103348","potions_obtained":[{"floor":4,"key":"PowerPotion"},{"floor":6,"key":"hermit:Tonic"},{"floor":14,"key":"Elixir"},{"floor":16,"key":"FearPotion"},{"floor":21,"key":"Guardian:BlockOnCardUsePotion"},{"floor":23,"key":"Milkshake"},{"floor":24,"key":"DuplicationPotion"},{"floor":39,"key":"Swift Potion"},{"floor":41,"key":"SteroidPotion"},{"floor":48,"key":"DistilledChaos"},{"floor":48,"key":"DuplicationPotion"}],"is_trial":false,"path_per_floor":["M","?","M","M","M","E","R","?","T","R","?","M","?","E","R","B",null,"M","$","M","M","M","E","M","M","T","R","?","M","E","M","R","B",null,"M","M","$","?","M","R","M","AVR","T","R","T","R","M","?","R","B",null,null],"character_chosen":"HERMIT","items_purchased":["hermit:Maintenance","hermit:PetGhost","Blue Doll","Golden Egg","hermit:Determination","DollysMirror","hermit:FlashPowder+1","expansioncontent:DefensiveStance"],"campfire_rested":4,"item_purchase_floors":[19,19,19,19,37,37,37,37],"current_hp_per_floor":[69,73,73,71,71,25,47,47,47,69,69,62,50,35,35,31,63,59,59,62,33,27,46,117,117,117,117,100,98,82,88,117,74,74,33,49,49,49,64,99,112,112,112,112,112,112,117,117,117,30,30],"gold":311,"neow_bonus":"","is_daily":false,"chose_seed":false,"campfire_upgraded":9,"win_rate":0.0,"timestamp":1610094841,"path_taken":["M","?","M","M","M","E","R","?","T","R","?","M","?","E","R","BOSS","M","$","M","M","M","E","M","M","T","R","?","M","E","M","R","BOSS","M","M","$","?","M","R","?","AVR","T","R","?","R","M","?","R","BOSS"],"items_purchased_type":["Card","Relic","Relic","Relic","Card","Relic","Card","Card"],"build_version":"2020-12-22","purchased_purges":2,"victory":true,"max_hp_per_floor":[75,75,75,75,75,75,75,75,75,75,75,75,75,75,75,75,107,107,107,117,117,117,117,117,117,117,117,117,117,117,117,117,117,117,117,117,117,117,117,117,117,117,117,117,117,117,117,117,117,117,117],"card_choices":[{"not_picked":["DespairKnight","Laetitia","OSAHOGD"],"picked":"Singing Bowl","floor":1.0},{"not_picked":["Yin","ShyLook"],"picked":"UniverseFragment","floor":1.0},{"not_picked":["hermit:LoneWolf","hermit:Ricochet","hermit:TrackingShot"],"picked":"SKIP","floor":1.0},{"not_picked":["hermit:Showdown","hermit:LowProfile"],"picked":"hermit:Maintenance","floor":3},{"not_picked":["VoidDream","CherryBlossoms","OSAHOGD"],"picked":"Singing Bowl","floor":4},{"not_picked":["hermit:Headshot","hermit:Feint","hermit:Dive"],"picked":"SKIP","floor":4},{"not_picked":["Wellcheers","SpiderBud","OSAHOGD"],"picked":"Singing Bowl","floor":5},{"not_picked":["hermit:FlashPowder","hermit:Snipe"],"picked":"hermit:Showdown","floor":5},{"not_picked":["MeatLantern","Bloodbath","Variant"],"picked":"Singing Bowl","floor":6},{"not_picked":["hermit:Midnight","hermit:LoneWolf","hermit:FatalDesire"],"picked":"SKIP","floor":6},{"not_picked":["LittleHelper","DreamingCurrent","Bloodbath"],"picked":"Singing Bowl","floor":12},{"not_picked":["hermit:Glare","hermit:Coalescence"],"picked":"hermit:GoldenBullet","floor":12},{"not_picked":["GreedKing","SpiderBud","OldLady"],"picked":"Singing Bowl","floor":13},{"not_picked":["Freischutz","WallGazer","OSAHOGD"],"picked":"Singing Bowl","floor":14},{"not_picked":["hermit:ShadowCloak","hermit:Dive","hermit:Midnight"],"picked":"SKIP","floor":14},{"not_picked":["FieryBird","HeroicMonk","Scorched"],"picked":"Singing Bowl","floor":16},{"not_picked":["hermit:Magnum","hermit:Adapt"],"picked":"hermit:HeroicBravado","floor":16},{"not_picked":["Murderer","SpiderBud"],"picked":"LongBird","floor":18},{"not_picked":["hermit:Virtue","hermit:NoHoldsBarred"],"picked":"hermit:HighCaliber","floor":18},{"not_picked":["WallGazer","Wellcheers"],"picked":"Woodsman","floor":20},{"not_picked":["MeatLantern","NakedNest"],"picked":"Mercenary","floor":20},{"not_picked":["hermit:Misfire+1","hermit:TakeAim","hermit:SprayPray"],"picked":"SKIP","floor":20},{"not_picked":["OldLady","Laetitia"],"picked":"Funeral","floor":21},{"not_picked":["MeatLantern","Porccubus"],"picked":"PunishingBird","floor":21},{"not_picked":["hermit:BigShot","hermit:FlashPowder"],"picked":"hermit:FullyLoaded","floor":21},{"not_picked":["VoidDream","Rudolta","Murderer"],"picked":"Singing Bowl","floor":22},{"not_picked":["hermit:EyeOfTheStorm","hermit:Misfire"],"picked":"hermit:WideOpen+1","floor":22},{"not_picked":["HappyTeddy","ShyLook"],"picked":"CENSORED","floor":23},{"not_picked":["VoidDream","BlackSwan","WhitesApple"],"picked":"Singing Bowl","floor":23},{"not_picked":["hermit:Vantage","hermit:DeadOrAlive"],"picked":"hermit:Deadeye","floor":23},{"not_picked":["BodiesMountain","MeatLantern","Variant"],"picked":"Singing Bowl","floor":24},{"not_picked":["hermit:Dive","hermit:Coalescence","hermit:Vantage"],"picked":"SKIP","floor":24},{"not_picked":["BeautyBeast","ShyLook","VoidDream"],"picked":"Singing Bowl","floor":25},{"not_picked":["hermit:LuckOfTheDraw+1","hermit:Grudge+1","hermit:Misfire"],"picked":"SKIP","floor":25},{"not_picked":["BeautyBeast","BigBadWolf","SnowQueen"],"picked":"Singing Bowl","floor":29},{"not_picked":["hermit:Glare+1","hermit:Dive","hermit:Grudge+1"],"picked":"SKIP","floor":29},{"not_picked":["OSAHOGD","Rudolta","DreamingCurrent"],"picked":"Singing Bowl","floor":30},{"not_picked":["hermit:Purgatory","hermit:SprayPray+1"],"picked":"hermit:FlashPowder+1","floor":30},{"not_picked":["Variant","Laetitia"],"picked":"BigBird","floor":31},{"not_picked":["HeroicMonk","MHz","Alriune"],"picked":"Singing Bowl","floor":31},{"not_picked":["hermit:GhostlyPresence","hermit:Snipe"],"picked":"hermit:Shortfuse","floor":31},{"not_picked":["FairyFestival","MeltingLove","FieryBird"],"picked":"Singing Bowl","floor":33},{"not_picked":["FairyFestival","BeautyBeast","Wellcheers"],"picked":"Singing Bowl","floor":35},{"not_picked":["hermit:Deadeye","hermit:ShadowCloak+1"],"picked":"hermit:FlashPowder+1","floor":35},{"not_picked":["Freischutz","DespairKnight","QueenBee"],"picked":"Singing Bowl","floor":36},{"not_picked":["hermit:Dive","hermit:Ricochet"],"picked":"hermit:Scavenge+1","floor":36},{"not_picked":["HeroicMonk","Scarecrow","NakedNest"],"picked":"Singing Bowl","floor":39},{"not_picked":["hermit:Snipe","hermit:ItchyTrigger+1","hermit:SprayPray"],"picked":"SKIP","floor":39},{"not_picked":["LaLuna","FairyFestival","QueenBee"],"picked":"Singing Bowl","floor":41},{"not_picked":["BigBird","BlueStar"],"picked":"BlackArmy","floor":41},{"not_picked":["hermit:BigShot+1","hermit:Feint+1","hermit:Manifest"],"picked":"SKIP","floor":41},{"not_picked":["HappyTeddy","QueenOfHatred","LittlePrince"],"picked":"Singing Bowl","floor":47},{"not_picked":["hermit:Roulette+1","hermit:LuckOfTheDraw"],"picked":"hermit:HighCaliber+1","floor":47}],"player_experience":3199108,"relics_obtained":[{"floor":1.0,"key":"LetterFromLob"},{"floor":6,"key":"infinitespire:Magic Flask"},{"floor":9,"key":"Old Coin"},{"floor":13,"key":"ReplayTheSpireMod:Ninjato"},{"floor":14,"key":"infinitespire:Eraser"},{"floor":23,"key":"Pondfish Scales"},{"floor":24,"key":"AtMidnight"},{"floor":26,"key":"ShockBauble"},{"floor":30,"key":"Centennial Puzzle"},{"floor":35,"key":"Twilight"},{"floor":43,"key":"Sundial"},{"floor":45,"key":"Gremlin Horn"}],"event_choices":[{"damage_healed":0,"gold_gain":0,"player_choice":"Fought Mushrooms","damage_taken":0,"max_hp_gain":0,"max_hp_loss":0,"event_name":"Mushrooms","floor":8,"gold_loss":0},{"damage_healed":0,"gold_gain":0,"player_choice":"Grow","damage_taken":0,"max_hp_gain":0,"max_hp_loss":0,"event_name":"Living Wall","floor":11,"gold_loss":0,"cards_upgraded":["hermit:Snapshot"]},{"damage_healed":0,"gold_gain":0,"player_choice":"Searched \u00271\u0027 times","damage_taken":0,"max_hp_gain":0,"max_hp_loss":0,"event_name":"Dead Adventurer","floor":13,"gold_loss":0},{"damage_healed":0,"gold_gain":0,"player_choice":"1 cards matched","damage_taken":0,"max_hp_gain":0,"max_hp_loss":0,"event_name":"Match and Keep!","floor":38,"gold_loss":0,"cards_obtained":["hermit:Gestalt"]},{"damage_healed":0,"gold_gain":0,"player_choice":"Got Potions","damage_taken":0,"max_hp_gain":0,"max_hp_loss":0,"event_name":"Lab","floor":48,"gold_loss":0}],"is_beta":false,"boss_relics":[{"not_picked":["Astrolabe","Replay:Wanted Poster"],"picked":"hermit:DentedPlate"},{"not_picked":["Honey Jar","Replay:Drink Me"],"picked":"Philosopher\u0027s Stone"}],"items_purged_floors":[37,42],"is_endless":false,"potions_floor_spawned":[4,6,14,16,21,23,24,25,29,31,39,41],"ascension_level":0}}