{"host":"96dqtlax74dz00hw","time":1610079488,"event":{"mods":["Bard","BaseMod","Colored Powertips","Minty Spire (QoL Compilation)","Permanent Neow","Rare Cards Sparkle","StSLib","The Cursed","The Disciple","The IronCluck","The Problem Sleuth"],"gold_per_floor":[366,382,183,183,193,193,222,206,206,231,246,246,261,261,261,364,364,376,291,305,323,223,223,251,271,271,271,271,271,271,288,288,390,390,406,419,6,6,18,46,46,61,61,61,71,88,138,153,153,153],"floor_reached":51,"playtime":4574,"items_purged":["theSleuth:ClubClubClub","theSleuth:Strike"],"score":661,"play_id":"71df29fd-3387-4615-bbe1-dd9ea61f7d8a","local_time":"20210107201808","is_ascension_mode":false,"campfire_choices":[{"data":"theSleuth:TakeInventory","floor":6,"key":"SMITH"},{"data":"theSleuth:ThinkAhead","floor":12,"key":"SMITH"},{"floor":15,"key":"REST"},{"data":"theSleuth:LeverageHeight","floor":23,"key":"SMITH"},{"data":"theSleuth:ThinkAhead","floor":28,"key":"SMITH"},{"floor":30,"key":"REST"},{"data":"theSleuth:GummyWormZombie","floor":32,"key":"SMITH"},{"data":"Apotheosis","floor":41,"key":"SMITH"},{"data":"theSleuth:CandyCornVampire","floor":44,"key":"SMITH"},{"floor":49,"key":"REST"}],"circlet_count":0,"master_deck":["theSleuth:Defend+1","theSleuth:Defend+1","theSleuth:Defend+1","theSleuth:KeyHandgun","theSleuth:TakeInventory+1","theSleuth:Diplomacy","theSleuth:CharismaBlast","theSleuth:FairShake","theSleuth:Ogle","theSleuth:ForceDeck","theSleuth:ThinkAhead+1","theSleuth:WilsonBust","theSleuth:GummyWormZombie","theSleuth:CharismaBlast","theSleuth:PezUzi","theSleuth:GummyWormZombie+1","theSleuth:Embarrass+1","theSleuth:ThinkAhead+1","theSleuth:LeverageHeight+1","theSleuth:Taze+1","theSleuth:TruffleShuffle+1","theSleuth:CandyCornVampire+1","theSleuth:ThinkAhead+1","theSleuth:Ignore+1","Apotheosis+1","theSleuth:FairShake","theSleuth:HitTheMattresses","theSleuth:CandyCornVampire","theSleuth:KeyringTommygun+1","theSleuth:WilsonBust","theSleuth:CandyCornVampire"],"relics":["theSleuth:Typewriter","Omamori","Dream Catcher","HornCleat","Empty Cage","Pen Nib","White Beast Statue","The Courier","Letter Opener","SacredBark","Orichalcum","Sundial","Unceasing Top"],"acts_visited":["Exordium","TheCity","TheBeyond"],"potions_floor_usage":[7,24,31,33,39,39,40,40,45,50,50,50],"damage_taken":[{"damage":0,"enemies":"Small Slimes","floor":1,"turns":4},{"damage":0,"enemies":"Cultist","floor":2,"turns":3},{"damage":0,"enemies":"2 Louse","floor":5,"turns":4},{"damage":23,"enemies":"Gremlin Nob","floor":7,"turns":5},{"damage":2,"enemies":"Exordium Thugs","floor":8,"turns":6},{"damage":33,"enemies":"3 Sentries","floor":10,"turns":11},{"damage":9,"enemies":"Large Slime","floor":11,"turns":8},{"damage":0,"enemies":"Blue Slaver","floor":13,"turns":5},{"damage":26,"enemies":"Slime Boss","floor":16,"turns":10},{"damage":19,"enemies":"Chosen","floor":18,"turns":5},{"damage":0,"enemies":"3 Byrds","floor":20,"turns":6},{"damage":8,"enemies":"Snake Plant","floor":21,"turns":5},{"damage":14,"enemies":"Slavers","floor":24,"turns":6},{"damage":13,"enemies":"Shelled Parasite and Fungi","floor":25,"turns":5},{"damage":12,"enemies":"Cultist and Chosen","floor":31,"turns":4},{"damage":24,"enemies":"Champ","floor":33,"turns":16},{"damage":0,"enemies":"Orb Walker","floor":35,"turns":4},{"damage":0,"enemies":"3 Shapes","floor":36,"turns":5},{"damage":6,"enemies":"Writhing Mass","floor":39,"turns":8},{"damage":37,"enemies":"Reptomancer","floor":40,"turns":7},{"damage":2,"enemies":"Jaw Worm Horde","floor":42,"turns":5},{"damage":7,"enemies":"Sphere and 2 Shapes","floor":45,"turns":4},{"damage":0,"enemies":"3 Darklings","floor":46,"turns":5},{"damage":0,"enemies":"Mind Bloom Boss Battle","floor":47,"turns":4},{"damage":14,"enemies":"4 Shapes","floor":48,"turns":4},{"damage":23,"enemies":"Awakened One","floor":50,"turns":16}],"seed_played":"-3134402502998644628","potions_obtained":[{"floor":1,"key":"Fire Potion"},{"floor":8,"key":"FairyPotion"},{"floor":16,"key":"Block Potion"},{"floor":24,"key":"SpeedPotion"},{"floor":25,"key":"FearPotion"},{"floor":31,"key":"Fire Potion"},{"floor":33,"key":"Block Potion"},{"floor":35,"key":"SpeedPotion"},{"floor":36,"key":"Weak Potion"},{"floor":39,"key":"Weak Potion"},{"floor":40,"key":"SneckoOil"},{"floor":42,"key":"Ancient Potion"},{"floor":45,"key":"LiquidBronze"},{"floor":46,"key":"SkillPotion"},{"floor":47,"key":"SkillPotion"}],"is_trial":false,"path_per_floor":["M","M","$","?","M","R","E","M","T","E","M","R","M","?","R","B",null,"M","?","M","M","$","R","E","M","T","?","R","?","R","M","R","B",null,"M","M","$","?","M","E","R","M","T","R","M","M","?","M","R","B",null],"character_chosen":"THE_sleuth","items_purchased":["theSleuth:FairShake","theSleuth:Ogle","Fruit Juice","Apotheosis","theSleuth:FairShake","theSleuth:HitTheMattresses"],"campfire_rested":3,"item_purchase_floors":[3,3,37,37,37,37],"current_hp_per_floor":[52,52,52,52,52,52,29,27,27,21,12,12,12,12,33,7,73,54,54,54,46,46,46,32,19,19,19,19,19,40,28,28,4,73,73,73,73,73,77,40,40,38,38,38,31,31,31,17,41,18],"gold":153,"neow_bonus":"TWO_FIFTY_GOLD","is_daily":false,"chose_seed":false,"campfire_upgraded":7,"win_rate":0.0,"timestamp":1610079488,"path_taken":["M","M","$","?","M","R","E","M","T","E","M","R","M","?","R","BOSS","M","?","M","M","$","R","E","M","T","?","R","?","R","M","R","BOSS","M","M","$","?","M","E","R","M","T","R","M","M","?","M","R","BOSS"],"items_purchased_type":["Card","Card","Potion","Card","Card","Card"],"build_version":"2020-12-22","purchased_purges":2,"victory":true,"max_hp_per_floor":[73,73,73,73,73,73,73,73,73,73,73,73,73,73,73,73,73,73,73,73,73,73,73,73,73,73,73,73,73,73,73,73,73,73,73,73,73,73,83,83,83,83,83,83,83,83,83,83,83,83],"card_choices":[{"not_picked":["theSleuth:RetainReturn","theSleuth:BellyOTheWhale"],"picked":"theSleuth:ClubClubClub","floor":1},{"not_picked":["theSleuth:FlaskOfWhiskey","theSleuth:BenStillerBust"],"picked":"theSleuth:CharismaBlast","floor":2},{"not_picked":["theSleuth:HeartStab","theSleuth:Fortify"],"picked":"theSleuth:Ogle","floor":5},{"not_picked":["theSleuth:CandyCane","theSleuth:Treaty"],"picked":"theSleuth:ForceDeck","floor":7},{"not_picked":["theSleuth:Ogle","theSleuth:Tootshotgun"],"picked":"theSleuth:ThinkAhead","floor":8},{"not_picked":["theSleuth:BenStillerBust","theSleuth:CharismaBlast"],"picked":"theSleuth:WilsonBust","floor":10},{"not_picked":["theSleuth:FlaskOfWhiskey","theSleuth:Fortify"],"picked":"theSleuth:GummyWormZombie","floor":11},{"not_picked":["theSleuth:FlaskOfWhiskey","theSleuth:WilsonBust"],"picked":"theSleuth:CharismaBlast","floor":13},{"not_picked":["theSleuth:Ignore","theSleuth:FlaskOfWhiskey"],"picked":"theSleuth:PezUzi","floor":15},{"not_picked":["theSleuth:MobRule","theSleuth:RollBoxcars"],"picked":"theSleuth:GummyWormZombie","floor":16},{"not_picked":["theSleuth:OpportunityCost+1","theSleuth:Ignore+1"],"picked":"theSleuth:Embarrass+1","floor":18},{"not_picked":["theSleuth:Ogle","theSleuth:ForceDeck+1"],"picked":"theSleuth:ThinkAhead","floor":20},{"not_picked":["theSleuth:PezUzi+1","theSleuth:Unscale+1"],"picked":"theSleuth:LeverageHeight","floor":21},{"not_picked":["theSleuth:Unscale","theSleuth:ThinkAhead","theSleuth:HeartStab"],"picked":"SKIP","floor":24},{"not_picked":["theSleuth:Fortify","theSleuth:CandyMech"],"picked":"theSleuth:Taze+1","floor":25},{"not_picked":["theSleuth:Fortify","theSleuth:TruffleTrouble"],"picked":"theSleuth:TruffleShuffle+1","floor":30},{"not_picked":["theSleuth:SpadeDig","theSleuth:SnoopDoggBust","theSleuth:CandyCorn"],"picked":"SKIP","floor":31},{"not_picked":["theSleuth:HairpinMachinegun","theSleuth:Diabeatdown"],"picked":"theSleuth:CandyCornVampire","floor":33},{"not_picked":["theSleuth:Ignore","theSleuth:ClubClubClub+1"],"picked":"theSleuth:ThinkAhead+1","floor":35},{"not_picked":["theSleuth:Tootshotgun+1","theSleuth:FoolPlate+1"],"picked":"theSleuth:Ignore+1","floor":36},{"not_picked":["theSleuth:Fortify","theSleuth:Leer+1","theSleuth:BellyOTheWhale"],"picked":"SKIP","floor":39},{"not_picked":["theSleuth:WilsonBust","theSleuth:TheZillyhammer","theSleuth:Tootshotgun+1"],"picked":"SKIP","floor":40},{"not_picked":["theSleuth:BellyOTheWhale","theSleuth:Fortify","theSleuth:Frijolaegis+1"],"picked":"SKIP","floor":42},{"not_picked":["theSleuth:Fortify","theSleuth:FudgeDeck","theSleuth:Appropriate"],"picked":"SKIP","floor":45},{"not_picked":["theSleuth:Fortify","theSleuth:FudgeDeck"],"picked":"theSleuth:CandyCornVampire","floor":46},{"not_picked":["theSleuth:Tootshotgun","theSleuth:CharismaBlast+1"],"picked":"theSleuth:KeyringTommygun+1","floor":47},{"not_picked":["theSleuth:ThinkAhead","theSleuth:WilsonBust","theSleuth:ThrowHat+1"],"picked":"SKIP","floor":48},{"not_picked":["theSleuth:ThinkAhead","theSleuth:ThrowHat+1"],"picked":"theSleuth:WilsonBust","floor":48},{"not_picked":["theSleuth:Pepperminthryl+1","theSleuth:BenStillerBust+1"],"picked":"theSleuth:CandyCornVampire","floor":49}],"player_experience":855422,"relics_obtained":[{"floor":7,"key":"Omamori"},{"floor":9,"key":"Dream Catcher"},{"floor":10,"key":"HornCleat"},{"floor":24,"key":"White Beast Statue"},{"floor":26,"key":"The Courier"},{"floor":40,"key":"Orichalcum"},{"floor":43,"key":"Sundial"},{"floor":47,"key":"Unceasing Top"}],"event_choices":[{"cards_removed":["theSleuth:Strike"],"damage_healed":0,"gold_gain":0,"player_choice":"Forget","damage_taken":0,"max_hp_gain":0,"max_hp_loss":0,"event_name":"Living Wall","floor":4,"gold_loss":0},{"damage_healed":0,"gold_gain":0,"player_choice":"Ignored","damage_taken":0,"max_hp_gain":0,"max_hp_loss":0,"event_name":"Liars Game","floor":14,"gold_loss":0},{"damage_healed":0,"gold_gain":0,"player_choice":"Obtained Relic","damage_taken":0,"relics_obtained":["Pen Nib"],"max_hp_gain":0,"max_hp_loss":0,"event_name":"Addict","floor":19,"gold_loss":85},{"damage_healed":0,"gold_gain":0,"player_choice":"Simplicity","damage_taken":0,"max_hp_gain":0,"max_hp_loss":0,"event_name":"Back to Basics","floor":27,"gold_loss":0,"cards_upgraded":["theSleuth:Defend","theSleuth:Defend","theSleuth:Defend"]},{"damage_healed":0,"gold_gain":0,"player_choice":"Opened","damage_taken":0,"relics_obtained":["Letter Opener"],"max_hp_gain":0,"max_hp_loss":0,"event_name":"The Mausoleum","floor":29,"gold_loss":0,"cards_obtained":["Writhe"]},{"cards_removed":["theSleuth:Ogle"],"damage_healed":0,"gold_gain":0,"player_choice":"Removed Attack","damage_taken":0,"max_hp_gain":0,"max_hp_loss":0,"event_name":"Falling","floor":38,"gold_loss":0},{"damage_healed":0,"gold_gain":0,"player_choice":"Fight","damage_taken":0,"max_hp_gain":0,"max_hp_loss":0,"event_name":"MindBloom","floor":47,"gold_loss":0}],"is_beta":false,"boss_relics":[{"not_picked":["Velvet Choker","Tiny House"],"picked":"Empty Cage"},{"not_picked":["Calling Bell","Philosopher\u0027s Stone"],"picked":"SacredBark"}],"items_purged_floors":[3,22],"is_endless":false,"potions_floor_spawned":[1,8,16,24,25,31,33,35,36,39,40,42,45,46,47,48],"ascension_level":0}}