{"host":"91kqwblrqvon3fcz","time":1610136479,"event":{"mods":["Act Like it!","BaseMod","Elementarium","Hermit","Minty Spire (QoL Compilation)","Quick Restart","StSLib"],"gold_per_floor":[16,16,33,48,48,48,48,48,72,89,89,124,124,52,52,152,152,167,167,17,17,29,29,55,55,82,95,59,74,93,93,93],"floor_reached":31,"playtime":1204,"items_purged":[],"score":301,"play_id":"97deac63-89d1-4219-ba13-d8f245ea1651","local_time":"20210108120759","is_ascension_mode":true,"campfire_choices":[{"floor":6.0,"key":"RECALL"},{"floor":13.0,"key":"REST"},{"data":"hermit:Maintenance","floor":15.0,"key":"SMITH"},{"floor":23.0,"key":"REST"}],"circlet_count":0,"master_deck":["hermit:Strike_Hermit","hermit:Strike_Hermit","hermit:Strike_Hermit","hermit:Strike_Hermit","hermit:Defend_Hermit","hermit:Defend_Hermit","hermit:Defend_Hermit","hermit:Defend_Hermit","hermit:Snapshot","hermit:Covet","hermit:FlashPowder","Decay","hermit:Headshot","hermit:Roulette","hermit:EyeOfTheStorm","hermit:Dissolve","hermit:Maintenance+1","hermit:Magnum","hermit:Combo","Elementarium:WindblessedBlade","hermit:Determination","hermit:Glare","hermit:TakeAim","hermit:Combo"],"relics":["hermit:Momento","Mango","Singing Bowl","MealTicket","Toy Ornithopter","Philosopher\u0027s Stone","hermit:PetGhost","Art of War"],"acts_visited":["Elementarium:Elementarium"],"potions_floor_usage":[31],"damage_taken":[{"damage":0.0,"enemies":"2 Louse","floor":1.0,"turns":2.0},{"damage":1.0,"enemies":"Cultist","floor":3.0,"turns":3.0},{"damage":7.0,"enemies":"Jaw Worm","floor":4.0,"turns":4.0},{"damage":20.0,"enemies":"Large Slime","floor":10.0,"turns":7.0},{"damage":37.0,"enemies":"Lagavulin","floor":12.0,"turns":8.0},{"damage":56.0,"enemies":"Slime Boss","floor":16.0,"turns":17.0},{"damage":22.0,"enemies":"Elementarium:2_ELEMENTALS","floor":18.0,"turns":4.0},{"damage":41.0,"enemies":"Elementarium:Cyclone","floor":22.0,"turns":8.0},{"damage":32.0,"enemies":"Elementarium:FIRE_NOBILITY","floor":24.0,"turns":9.0},{"damage":34.0,"enemies":"Elementarium:VOID_CORRUPTION_AND_ORB_OF_FIRE","floor":27.0,"turns":8.0},{"damage":23.0,"enemies":"Elementarium:STONE_GOLEMS","floor":29.0,"turns":7.0},{"damage":12.0,"enemies":"Elementarium:CYCLONE_AND_LIVING_STORMCLOUD","floor":30.0,"turns":8.0},{"damage":100024,"enemies":"Elementarium:RubyGolem","floor":31,"turns":3}],"seed_played":"7717274969081041545","potions_obtained":[{"floor":10.0,"key":"Explosive Potion"},{"floor":16.0,"key":"ColorlessPotion"},{"floor":24.0,"key":"hermit:Eclipse"},{"floor":29.0,"key":"hermit:Tonic"},{"floor":30.0,"key":"Block Potion"}],"is_trial":false,"path_per_floor":["M","?","M","M","$","R","?","?","T","M","$","E","R","$","R","B",null,"M","?","$","?","M","R","E","?","T","M","$","M","M","M"],"character_chosen":"HERMIT","items_purchased":["hermit:Maintenance","hermit:PetGhost","hermit:Combo"],"campfire_rested":2,"item_purchase_floors":[14,20,28],"current_hp_per_floor":[89,89,88,81,81,81,81,69,69,49,64,27,53,68,68,17,89,67,67,82,82,43,70,43,47,47,13,28,12,7,0,0],"gold":93,"neow_bonus":"ONE_RARE_RELIC","is_daily":false,"chose_seed":false,"campfire_upgraded":1,"win_rate":0.0,"timestamp":1610136479,"path_taken":["M","?","?","M","?","R","?","?","T","?","$","E","R","$","R","BOSS","M","?","$","?","M","R","E","?","T","?","$","M","M","M"],"items_purchased_type":["Card","Relic","Card"],"build_version":"2020-12-22","purchased_purges":0,"victory":false,"max_hp_per_floor":[89,89,89,89,89,89,89,89,89,89,89,89,89,89,89,89,89,89,89,89,89,91,91,91,95,95,95,95,97,99,99,99],"card_choices":[{"not_picked":["hermit:CalledShot","hermit:Manifest"],"picked":"hermit:FlashPowder","floor":1.0},{"not_picked":["hermit:LowProfile","hermit:Maintenance"],"picked":"hermit:Headshot","floor":3.0},{"not_picked":["hermit:Scavenge","hermit:PistolWhip"],"picked":"hermit:Roulette","floor":4.0},{"not_picked":["hermit:Virtue","hermit:Feint"],"picked":"hermit:EyeOfTheStorm","floor":10.0},{"not_picked":["hermit:Maintenance","hermit:Spite"],"picked":"hermit:Dissolve","floor":12.0},{"not_picked":["hermit:EternalForm","hermit:OverwhelmingPower"],"picked":"hermit:Magnum","floor":16.0},{"not_picked":["hermit:Glare","hermit:Determination"],"picked":"hermit:Combo","floor":18.0},{"not_picked":["hermit:CalledShot","hermit:Showdown","hermit:Quickdraw"],"picked":"Singing Bowl","floor":22.0},{"not_picked":["hermit:FullyLoaded","hermit:Vantage"],"picked":"hermit:Glare","floor":24.0},{"not_picked":["Purity","Dark Shackles","Thinking Ahead"],"picked":"Singing Bowl","floor":25.0},{"not_picked":["Violence","Panacea","Enlightenment"],"picked":"Singing Bowl","floor":25.0},{"not_picked":["hermit:PistolWhip","hermit:Grudge"],"picked":"hermit:TakeAim","floor":27.0},{"not_picked":["hermit:LowProfile","hermit:SprayPray+1","hermit:GoldenBullet"],"picked":"Singing Bowl","floor":29.0},{"not_picked":["hermit:Grudge","hermit:ShadowCloak","hermit:Vantage"],"picked":"Singing Bowl","floor":30.0}],"player_experience":407114,"relics_obtained":[{"floor":9.0,"key":"MealTicket"},{"floor":12.0,"key":"Toy Ornithopter"},{"floor":24.0,"key":"Art of War"}],"event_choices":[{"damage_healed":0.0,"max_hp_gain":0.0,"max_hp_loss":0.0,"gold_gain":0.0,"event_name":"Wheel of Change","player_choice":"Cursed","floor":2.0,"gold_loss":0.0,"damage_taken":0.0,"cards_obtained":["Decay"]},{"damage_healed":0.0,"max_hp_gain":0.0,"max_hp_loss":0.0,"gold_gain":0.0,"event_name":"The Cleric","player_choice":"Leave","floor":7.0,"gold_loss":0.0,"damage_taken":0.0},{"damage_healed":0.0,"max_hp_gain":0.0,"max_hp_loss":0.0,"gold_gain":0.0,"event_name":"Scrap Ooze","player_choice":"Success","floor":8.0,"gold_loss":0.0,"damage_taken":12.0,"relics_obtained":["Singing Bowl"]},{"damage_healed":0.0,"max_hp_gain":0.0,"max_hp_loss":0.0,"gold_gain":0.0,"event_name":"Elementarium:BladeSeller","player_choice":"Take","floor":19.0,"gold_loss":0.0,"damage_taken":0.0,"cards_obtained":["Elementarium:WindblessedBlade"]},{"damage_healed":0.0,"max_hp_gain":0.0,"max_hp_loss":0.0,"gold_gain":0.0,"event_name":"Elementarium:LostScrolls","player_choice":"Read","floor":21.0,"gold_loss":0.0,"damage_taken":0.0,"cards_obtained":["hermit:Determination"]},{"damage_healed":0.0,"max_hp_gain":0.0,"max_hp_loss":0.0,"gold_gain":0.0,"event_name":"Elementarium:IncubationChamber","player_choice":"Machinery","floor":25.0,"gold_loss":0.0,"damage_taken":0.0}],"is_beta":false,"boss_relics":[{"not_picked":["Fusion Hammer","Tiny House"],"picked":"Philosopher\u0027s Stone"}],"items_purged_floors":[],"is_endless":false,"potions_floor_spawned":[10,16,24,29,30],"killed_by":"Elementarium:RubyGolem","ascension_level":2}}