{"host":"f5n4tidiz2n5sooh","time":1610098290,"event":{"mods":["BaseMod","Colored Map","Minty Spire (QoL Compilation)","Relic Stats","StSLib"],"gold_per_floor":[109,129,146,156,174,174,154,181,232,244,23,23,54,72,72,72,72],"floor_reached":16,"playtime":539,"items_purged":[],"score":228,"play_id":"7ec8e6c5-2aaf-40f8-86a6-c08034449cd3","local_time":"20210108033130","is_ascension_mode":true,"campfire_choices":[{"data":"Doom and Gloom","floor":6,"key":"SMITH"},{"floor":12,"key":"REST"},{"floor":15,"key":"REST"}],"circlet_count":0,"master_deck":["AscendersBane","Strike_B","Strike_B","Strike_B","Strike_B","Defend_B","Defend_B","Defend_B","Defend_B","Zap","Dualcast","Amplify","Sweeping Beam","Go for the Eyes","Doom and Gloom+1","Steam Power","Auto Shields","Cold Snap","Seek","Stack"],"relics":["Cracked Core","Vajra","Runic Capacitor","Shuriken"],"acts_visited":["Exordium"],"potions_floor_usage":[8,10,10,13,16],"damage_taken":[{"damage":1,"enemies":"Cultist","floor":1,"turns":4},{"damage":0,"enemies":"Small Slimes","floor":2,"turns":2},{"damage":5,"enemies":"2 Louse","floor":3,"turns":2},{"damage":16,"enemies":"Exordium Wildlife","floor":4,"turns":6},{"damage":12,"enemies":"Blue Slaver","floor":5,"turns":3},{"damage":25,"enemies":"Lagavulin","floor":8,"turns":6},{"damage":0,"enemies":"3 Louse","floor":10,"turns":2},{"damage":10,"enemies":"3 Sentries","floor":13,"turns":4},{"damage":0,"enemies":"Looter","floor":14,"turns":3},{"damage":40,"enemies":"Slime Boss","floor":16,"turns":5}],"seed_played":"559441020899281421","potions_obtained":[{"floor":3,"key":"DuplicationPotion"},{"floor":5,"key":"Fire Potion"},{"floor":8,"key":"EssenceOfDarkness"},{"floor":10,"key":"EssenceOfDarkness"},{"floor":14,"key":"Block Potion"}],"is_trial":false,"path_per_floor":["M","M","M","M","M","R","?","E","T","M","$","R","E","M","R","B"],"character_chosen":"DEFECT","items_purchased":["Runic Capacitor","Cold Snap"],"campfire_rested":2,"item_purchase_floors":[11,11],"current_hp_per_floor":[63,63,58,42,30,30,30,5,5,5,5,26,16,16,37,0,0],"gold":72,"neow_bonus":"ONE_RANDOM_RARE_CARD","is_daily":false,"chose_seed":false,"campfire_upgraded":1,"win_rate":0.0,"timestamp":1610098290,"path_taken":["M","M","M","?","M","R","?","E","T","M","$","R","E","M","R","BOSS"],"items_purchased_type":["Relic","Card"],"build_version":"2020-12-22","purchased_purges":0,"victory":false,"max_hp_per_floor":[71,71,71,71,71,71,71,71,71,71,71,71,71,71,71,71,71],"relic_stats":{"counters":[10,37],"Shuriken":[2],"obtain_stats":[{"Shuriken":13,"Vajra":9,"Runic Capacitor":11,"Cracked Core":0},{"Shuriken":8,"Vajra":6,"Runic Capacitor":7,"Cracked Core":0},{"Shuriken":29,"Vajra":23,"Runic Capacitor":25,"Cracked Core":0}]},"card_choices":[{"not_picked":["Stack","FTL"],"picked":"Sweeping Beam","floor":1},{"not_picked":["Skim","Sweeping Beam","Redo"],"picked":"SKIP","floor":2},{"not_picked":["Barrage","Double Energy"],"picked":"Go for the Eyes","floor":3},{"not_picked":["Turbo","Go for the Eyes"],"picked":"Doom and Gloom","floor":4},{"not_picked":["Melter","Go for the Eyes","Barrage"],"picked":"SKIP","floor":5},{"not_picked":["Rip and Tear","Recycle"],"picked":"Steam Power","floor":8},{"not_picked":["Rebound","Multi-Cast"],"picked":"Auto Shields","floor":10},{"not_picked":["Gash","Tempest"],"picked":"Seek","floor":13},{"not_picked":["Compile Driver","Go for the Eyes"],"picked":"Stack","floor":14}],"player_experience":1981513,"relics_obtained":[{"floor":9,"key":"Vajra"},{"floor":13,"key":"Shuriken"}],"event_choices":[{"damage_healed":0,"gold_gain":0,"player_choice":"Bought 1 Potion","damage_taken":0,"max_hp_gain":0,"max_hp_loss":0,"event_name":"The Woman in Blue","floor":7,"gold_loss":0}],"is_beta":false,"boss_relics":[],"items_purged_floors":[],"is_endless":false,"potions_floor_spawned":[3,5,8,10,14],"killed_by":"Slime Boss","ascension_level":20}}