{"host":"irwdypew7j0recua","time":1610075733,"event":{"mods":["BaseMod","Better Vampires","Custom Start","Downfall","Googly Eyes","Hermit","Infinite Spire","Marisa????????","Minty Spire (QoL Compilation)","READ ME - Snecko Mod","Replay The Spire","Reworked Bosses","Shop Mod","StSLib","The Animator","The Cursed","The Necromancer","The Servant 0.9.4","The Wild Card"],"gold_per_floor":[99,119,137,137,47,57,106,141,141,156,169,204,204,220,240,345,345,345,356,369,369,386,386,410,429,447,480,480,480,564,582,594,694,694,694,705,721,731,748,830,910,910,923,923,949,969,302,335,346,346],"floor_reached":51,"playtime":3025,"items_purged":["Defend_B","Go for the Eyes","ReplayTheSpireMod:System Scan"],"score":797,"play_id":"2cee39dd-b55a-4b64-a972-bfe8985bf43d","local_time":"20210108011533","is_ascension_mode":false,"campfire_choices":[{"floor":1,"key":"DIG"},{"data":"Fusion","floor":9,"key":"SMITH"},{"floor":13,"key":"REST"},{"data":"Capacitor","floor":18,"key":"SMITH"},{"data":"Multi-Cast","floor":23,"key":"SMITH"},{"data":"Coolheaded","floor":35,"key":"SMITH"},{"floor":44,"key":"RECALL"}],"circlet_count":0,"master_deck":["Zap","Dualcast+1","Biased Cognition+1","Fusion+1","Coolheaded+1","Ball Lightning","Biased Cognition+1","Force Field","Ball Lightning","Capacitor+1","Turbo","Defragment","Double Energy","Biased Cognition+1","Multi-Cast+1","Self Repair","Ball Lightning","Stack+1","Rainbow","ReplayTheSpireMod:Omega Cannon","Defragment+1","Lockon","Panic Button","Machine Learning","Redo","Redo+1","Multi-Cast","Storm","Rainbow+1","Compile Driver","Crow Ritual","Coolheaded+1"],"relics":["Cracked Core","Replay:Bottled Eggs","Prayer Wheel","Pet Ghost","Ice Cream","Busted Crown","Gremlin Food","Orichalcum","infinitespire:CheckeredPen","Bag of Marbles","Philosopher\u0027s Stone","Meat on the Bone","Carrot","Pandora\u0027s Box","Garlic","infinitespire:Lychee Nut","Raider\u0027s Mask","infinitespire:Lucky Rock"],"acts_visited":["Exordium","TheCity","TheBeyond"],"potions_floor_usage":[],"damage_taken":[{"damage":3,"enemies":"Small Slimes","floor":2,"turns":3},{"damage":0,"enemies":"Cultist","floor":3,"turns":3},{"damage":0,"enemies":"downfall:FleeingMerchant","floor":5,"turns":4},{"damage":6,"enemies":"Jaw Worm","floor":6,"turns":2},{"damage":26,"enemies":"Lagavulin","floor":8,"turns":6},{"damage":16,"enemies":"Large Slime","floor":10,"turns":2},{"damage":2,"enemies":"Blue Slaver","floor":11,"turns":3},{"damage":5,"enemies":"3 Sentries","floor":12,"turns":3},{"damage":8,"enemies":"Red Slaver","floor":14,"turns":2},{"damage":0,"enemies":"2 Fungi Beasts","floor":15,"turns":2},{"damage":3,"enemies":"The Guardian","floor":16,"turns":6},{"damage":3,"enemies":"Spheric Guardian","floor":19,"turns":3},{"damage":17,"enemies":"3 Cultists","floor":20,"turns":5},{"damage":5,"enemies":"Cultist and Chosen","floor":22,"turns":4},{"damage":3,"enemies":"Snecko","floor":25,"turns":3},{"damage":5,"enemies":"Sentry and Sphere","floor":26,"turns":4},{"damage":44,"enemies":"Slavers","floor":27,"turns":4},{"damage":2,"enemies":"3 Cultists","floor":31,"turns":3},{"damage":5,"enemies":"Centurion and Healer","floor":32,"turns":4},{"damage":4,"enemies":"downfall:Ironclad","floor":33,"turns":5},{"damage":3,"enemies":"3 Darklings","floor":36,"turns":4},{"damage":15,"enemies":"Orb Walker","floor":37,"turns":3},{"damage":12,"enemies":"Jaw Worm Horde","floor":38,"turns":4},{"damage":0,"enemies":"Spire Growth","floor":39,"turns":3},{"damage":5,"enemies":"Maw","floor":43,"turns":4},{"damage":2,"enemies":"R_Hoarder","floor":45,"turns":4},{"damage":0,"enemies":"Transient","floor":46,"turns":5},{"damage":3,"enemies":"downfall:FleeingMerchant","floor":47,"turns":4},{"damage":8,"enemies":"Reptomancer","floor":48,"turns":4},{"damage":0,"enemies":"Sphere and 2 Shapes","floor":49,"turns":3},{"damage":49,"enemies":"downfall:Silent","floor":50,"turns":4}],"seed_played":"-7840459021343595689","potions_obtained":[{"floor":6,"key":"LiquidBronze"},{"floor":8,"key":"Regen Potion"},{"floor":10,"key":"SpeedPotion"},{"floor":11,"key":"Adrenaline Potion"},{"floor":19,"key":"Cursed Concoction"},{"floor":29,"key":"CultistPotion"}],"is_trial":false,"path_per_floor":["R","M","M","?","$","M","T","E","R","M","M","E","R","M","M","B",null,"R","M","M","?","M","R","T","M","M","E","T","?","?","M","M","B",null,"R","M","M","M","M","?","T","AVR","M","R","E","M","$","E","M","B",null],"character_chosen":"DEFECT","items_purchased":["Storm","Rainbow+1","Raider\u0027s Mask","Compile Driver","Crow Ritual"],"campfire_rested":1,"item_purchase_floors":[47,47,47,47,47],"current_hp_per_floor":[68,65,65,65,65,59,59,33,33,17,15,10,30,22,22,19,68,68,65,48,78,73,73,73,70,65,28,28,28,9,14,16,12,78,78,75,67,62,62,62,62,62,64,64,58,58,58,51,58,24],"gold":346,"neow_bonus":"TRANSFORM_TWO_CARDS","is_daily":false,"chose_seed":false,"campfire_upgraded":4,"win_rate":0.0,"timestamp":1610075733,"path_taken":["R","M","M","?","$","M","T","E","R","M","?","E","R","M","M","BOSS","R","M","M","?","M","R","T","?","M","E","?","?","?","?","M","BOSS","R","M","M","M","M","?","T","AVR","M","R","E","M","$","E","M","BOSS"],"items_purchased_type":["Card","Card","Relic","Card","Card"],"build_version":"2020-12-22","purchased_purges":3,"victory":true,"max_hp_per_floor":[68,68,68,68,68,68,68,68,68,68,68,68,68,68,68,68,68,68,68,68,78,78,78,78,78,78,78,78,78,78,78,78,78,78,78,78,78,78,78,78,78,78,78,78,58,58,58,58,58,58],"card_choices":[{"not_picked":["Go for the Eyes","Leap"],"picked":"Coolheaded","floor":2},{"not_picked":["Conserve Battery","Turbo"],"picked":"Ball Lightning","floor":3},{"not_picked":["Hello World","Leap","Sunder"],"picked":"SKIP","floor":5},{"not_picked":["Beam Cell","Hologram"],"picked":"ReplayTheSpireMod:Fabricate Wheel","floor":6},{"not_picked":["Sweeping Beam","Chill"],"picked":"Biased Cognition","floor":8},{"not_picked":["Hologram","BasicCrystalCard"],"picked":"Force Field","floor":10},{"not_picked":["Panic Button","BasicCrystalCard"],"picked":"Ball Lightning","floor":10},{"not_picked":["ReplayTheSpireMod:Reroute Power","ReplayTheSpireMod:System Scan"],"picked":"Capacitor","floor":11},{"not_picked":["Leap","Redo","Barrage"],"picked":"SKIP","floor":11},{"not_picked":["Capacitor","Cold Snap"],"picked":"Turbo","floor":12},{"not_picked":["Doom and Gloom","Scrape"],"picked":"Rainbow","floor":14},{"not_picked":["Turbo","Go for the Eyes","Rebound"],"picked":"SKIP","floor":14},{"not_picked":["Stack","Turbo"],"picked":"Defragment","floor":15},{"not_picked":["Time Bomb","Static Discharge"],"picked":"Double Energy","floor":15},{"not_picked":["Thunder Strike","Hyperbeam"],"picked":"Biased Cognition","floor":16},{"not_picked":["Gash"],"picked":"SKIP","floor":19},{"not_picked":["Beam Cell"],"picked":"SKIP","floor":19},{"not_picked":["Aggregate"],"picked":"SKIP","floor":20},{"not_picked":["Steam"],"picked":"SKIP","floor":20},{"not_picked":[],"picked":"Multi-Cast","floor":22},{"not_picked":["ReplayTheSpireMod:Calculation Training"],"picked":"SKIP","floor":22},{"not_picked":["Streamline"],"picked":"SKIP","floor":25},{"not_picked":["Rebound+1"],"picked":"SKIP","floor":25},{"not_picked":[],"picked":"Self Repair","floor":26},{"not_picked":["Auto Shields"],"picked":"SKIP","floor":26},{"not_picked":[],"picked":"Ball Lightning","floor":27},{"not_picked":["Steam"],"picked":"SKIP","floor":31},{"not_picked":["Cold Snap"],"picked":"SKIP","floor":31},{"not_picked":[],"picked":"Stack+1","floor":32},{"not_picked":[],"picked":"Rainbow","floor":32},{"not_picked":[],"picked":"ReplayTheSpireMod:Omega Cannon","floor":33},{"not_picked":["Compile Driver"],"picked":"SKIP","floor":36},{"not_picked":["ReplayTheSpireMod:GoodbyeWorld"],"picked":"SKIP","floor":36},{"not_picked":[],"picked":"Defragment+1","floor":37},{"not_picked":["Beam Cell"],"picked":"SKIP","floor":37},{"not_picked":["Cold Snap"],"picked":"SKIP","floor":38},{"not_picked":["ReplayTheSpireMod:Reroute Power"],"picked":"SKIP","floor":38},{"not_picked":[],"picked":"Lockon","floor":39},{"not_picked":["Steam"],"picked":"SKIP","floor":39},{"not_picked":["Steam"],"picked":"SKIP","floor":39},{"not_picked":["Gash"],"picked":"SKIP","floor":43},{"not_picked":["ReplayTheSpireMod:System Scan+1"],"picked":"SKIP","floor":43},{"not_picked":[],"picked":"Redo+1","floor":45},{"not_picked":[],"picked":"Multi-Cast","floor":46},{"not_picked":["Genetic Algorithm+1"],"picked":"SKIP","floor":46},{"not_picked":["ReplayTheSpireMod:Repulse+1"],"picked":"SKIP","floor":47},{"not_picked":["ReplayTheSpireMod:Repulse+1"],"picked":"SKIP","floor":48},{"not_picked":[],"picked":"Coolheaded+1","floor":49},{"not_picked":["Force Field"],"picked":"SKIP","floor":49}],"player_experience":150849,"relics_obtained":[{"floor":1,"key":"Replay:Bottled Eggs"},{"floor":8,"key":"Pet Ghost"},{"floor":12,"key":"Ice Cream"},{"floor":24,"key":"Gremlin Food"},{"floor":27,"key":"Orichalcum"},{"floor":28,"key":"infinitespire:CheckeredPen"},{"floor":30,"key":"Bag of Marbles"},{"floor":40,"key":"Meat on the Bone"},{"floor":41,"key":"Carrot"},{"floor":45,"key":"infinitespire:Lychee Nut"},{"floor":48,"key":"infinitespire:Lucky Rock"}],"event_choices":[{"damage_healed":0,"gold_gain":0,"player_choice":"Upgraded","damage_taken":0,"max_hp_gain":0,"max_hp_loss":0,"event_name":"Upgrade Shrine","floor":4,"gold_loss":0,"cards_upgraded":["Dualcast"]},{"cards_removed":["Rainbow"],"damage_healed":20,"gold_gain":0,"player_choice":"Offered Rare","damage_taken":0,"max_hp_gain":10,"max_hp_loss":0,"event_name":"Bonfire Elementals","floor":21,"gold_loss":0}],"is_beta":false,"boss_relics":[{"not_picked":["ReplayTheSpireMod:DimensionalGlitch","Replay:Grab Bag"],"picked":"Busted Crown"},{"not_picked":["Ring of Chaos","Replay:Drink Me"],"picked":"Philosopher\u0027s Stone"}],"items_purged_floors":[5,42,47],"is_endless":false,"potions_floor_spawned":[6,8,10,11,19,20,32,36,43,46,48],"ascension_level":0}}