{"host":"qhn6g0owdgjb77rz","time":1610121900,"event":{"mods":["BaseMod","BetterRewards","Colored Map","Minty Spire (QoL Compilation)","Relic Sorter","Replay The Spire","StSLib"],"gold_per_floor":[114,114,130,141,66,66,82,101,101,101,128,128,158,176,176,250,250,270,270,320,341,411,452,452,533,560,560,189,189,189,210,210,306,306,376,400,424,473,511,511,545,597,597,597,704,764,814,862,862,798],"floor_reached":51,"playtime":3237,"items_purged":["Strike_G"],"score":2066,"play_id":"7c8d666d-8a4c-4744-9ed8-df4aa191a4ce","local_time":"20210109010500","is_ascension_mode":true,"campfire_choices":[{"data":"Footwork","floor":6.0,"key":"SMITH"},{"data":"Terror","floor":10.0,"key":"SMITH"},{"data":"Blade Dance","floor":10.0,"key":"SMITH"},{"data":"Dagger Spray","floor":12.0,"key":"SMITH"},{"data":"Blade Dance","floor":12.0,"key":"SMITH"},{"data":"Finisher","floor":15.0,"key":"SMITH"},{"data":"Finisher","floor":15.0,"key":"SMITH"},{"data":"Pot Of Greed","floor":24.0,"key":"SMITH"},{"data":"Pot Of Greed","floor":24.0,"key":"SMITH"},{"data":"Pot Of Greed","floor":27.0,"key":"SMITH"},{"data":"After Image","floor":27.0,"key":"SMITH"},{"data":"Infinite Blades","floor":29.0,"key":"SMITH"},{"data":"Thinking Ahead","floor":29.0,"key":"SMITH"},{"data":"ReplayTheSpireMod:Speed Training","floor":32.0,"key":"SMITH"},{"data":"Survivor","floor":32.0,"key":"SMITH"},{"data":"Pot Of Greed","floor":40,"key":"SMITH"},{"data":"Underhanded Strike","floor":40,"key":"SMITH"},{"floor":44,"key":"DIG"},{"floor":49,"key":"DIG"}],"circlet_count":0,"master_deck":["AscendersBane","Strike_G","Strike_G+1","Strike_G","Strike_G","Defend_G","Defend_G","Defend_G","Defend_G","Defend_G","Survivor+1","Neutralize+1","Dagger Spray+1","Blade Dance+1","Footwork+1","Finisher+1","Thinking Ahead+1","Blade Dance+1","Terror+1","ReplayTheSpireMod:Speed Training+1","Sneak Up","Finisher+1","Delirium","CommonCold","ReplayTheSpireMod:Shiv Toss+1","ReplayTheSpireMod:Doomed","Decay","Sickly","CommonCold","Pot Of Greed+1","Pot Of Greed+1","Pot Of Greed+1","After Image+1","Infinite Blades+1","Prepared+1","Underhanded Strike+1","Amnesia","CurseOfTheBell","Regret","Looming Evil","Pot Of Greed+1","ReplayTheSpireMod:Splinters","ReplayTheSpireMod:The Works","Slice","Parasite","Deflect+1","CommonCold","ReplayTheSpireMod:Faulty Equipment","Reflex","Blur"],"relics":["Ring of the Snake","ReplayTheSpireMod:Ring of Challenge","Vampiric Spirits","TwistedFunnel","StoneCalendar","Torii","Sling","Mango","Replay:Multitool","Replay:Arrowhead","FossilizedHelix","Snack Pack","Snecko Scales","Ring of Greed","Golden Idol","Smiling Mask","Grinning Jar","Tiny Chest","Whetstone","Quantum Egg","Calling Bell","PreservedInsect","Divine Protection","Calipers","Juzu Bracelet","Mummified Hand","Replay:Bandana","Bottled Lightning","Pondfish Scales","Tingsha","Pen Nib","ReplayFunnel"],"acts_visited":["Exordium","TheCity","TheBeyond"],"potions_floor_usage":[45,47,50],"damage_taken":[{"damage":0.0,"enemies":"Small Slimes","floor":1.0,"turns":1.0},{"damage":0.0,"enemies":"Cultist","floor":3.0,"turns":2.0},{"damage":0.0,"enemies":"2 Louse","floor":4.0,"turns":1.0},{"damage":1.0,"enemies":"Looter","floor":7.0,"turns":3.0},{"damage":0.0,"enemies":"2 Fungi Beasts","floor":8.0,"turns":3.0},{"damage":0.0,"enemies":"Gremlin Nob","floor":11.0,"turns":2.0},{"damage":0.0,"enemies":"Lagavulin","floor":13.0,"turns":2.0},{"damage":0.0,"enemies":"Blue Slaver","floor":14.0,"turns":3.0},{"damage":29.0,"enemies":"The Guardian","floor":16.0,"turns":7.0},{"damage":0.0,"enemies":"Shell Parasite","floor":18.0,"turns":2.0},{"damage":0.0,"enemies":"Chosen","floor":21.0,"turns":2.0},{"damage":0.0,"enemies":"Sentry and Sphere","floor":22.0,"turns":6.0},{"damage":13.0,"enemies":"Book of Stabbing","floor":23.0,"turns":4.0},{"damage":59.0,"enemies":"Slavers","floor":25.0,"turns":7.0},{"damage":9.0,"enemies":"Centurion and Healer","floor":31.0,"turns":4.0},{"damage":19.0,"enemies":"Champ","floor":33.0,"turns":5.0},{"damage":53,"enemies":"3 Darklings","floor":35,"turns":3},{"damage":0,"enemies":"3 Shapes","floor":36,"turns":3},{"damage":0,"enemies":"3 Darklings","floor":37,"turns":4},{"damage":9,"enemies":"Writhing Mass","floor":39,"turns":7},{"damage":0,"enemies":"Nemesis","floor":41,"turns":5},{"damage":0,"enemies":"4 Shapes","floor":42,"turns":4},{"damage":0,"enemies":"2 Orb Walkers","floor":45,"turns":3},{"damage":0,"enemies":"R_Hoarder","floor":46,"turns":4},{"damage":0,"enemies":"Spire Growth","floor":47,"turns":3},{"damage":0,"enemies":"Sphere and 2 Shapes","floor":48,"turns":3},{"damage":57,"enemies":"Time Eater","floor":50,"turns":12}],"seed_played":"2372181236285409959","potions_obtained":[{"floor":7.0,"key":"Strength Potion"},{"floor":11.0,"key":"Fire Potion"},{"floor":13.0,"key":"Explosive Potion"},{"floor":23.0,"key":"Ancient Potion"},{"floor":25.0,"key":"Strength Potion"},{"floor":35,"key":"PowerPotion"},{"floor":42,"key":"Elixir"},{"floor":46,"key":"PowerPotion"},{"floor":47,"key":"Fruit Juice"}],"is_trial":false,"path_per_floor":["M","?","M","M","$","R","M","M","T","R","E","R","E","M","R","B",null,"M","?","?","M","M","E","R","E","T","R","$","R","?","M","R","B",null,"M","M","M","T","M","R","E","M","T","R","?","E","M","M","R","B",null],"character_chosen":"THE_SILENT","items_purchased":["Dagger Spray","Blade Dance","TwistedFunnel","StoneCalendar","Torii","Sling","Footwork","Finisher","Replay:Multitool","Thinking Ahead","Toxic Potion","Quantum Egg","Infinite Blades","Prepared+1"],"campfire_rested":0,"item_purchase_floors":[0,0,0,0,0,0,0,0,0,0,0,28,28,28],"current_hp_per_floor":[80,76,78,80,80,80,79,80,80,80,80,80,80,80,80,57,74,80,80,80,80,80,67,67,18,18,18,18,18,18,21,21,24,66,25,29,39,39,42,42,56,63,63,63,80,80,85,85,85,36],"gold":798,"neow_bonus":"","is_daily":false,"chose_seed":false,"campfire_upgraded":17,"win_rate":0.0,"timestamp":1610121900,"path_taken":["M","?","?","M","$","R","M","M","T","R","E","R","E","M","R","BOSS","M","?","?","M","M","E","R","E","T","R","$","R","?","?","R","BOSS","M","?","M","?","M","R","E","M","T","R","?","E","M","M","R","BOSS"],"items_purchased_type":["Card","Card","Relic","Relic","Relic","Relic","Card","Card","Relic","Card","Potion","Relic","Card","Card"],"build_version":"2020-12-22","purchased_purges":1,"victory":true,"max_hp_per_floor":[80,80,80,80,80,80,80,80,80,80,80,80,80,80,80,80,80,80,80,80,80,80,80,80,80,80,80,80,80,80,80,80,80,80,80,80,80,80,80,80,80,80,80,80,80,80,85,85,85,85],"card_choices":[{"not_picked":["Dagger Spray","Flying Knee"],"picked":"Blade Dance","floor":1.0},{"not_picked":["Poisoned Stab","Slice"],"picked":"Terror","floor":3.0},{"not_picked":["Flechettes","Flying Knee","PiercingWail"],"picked":"SKIP","floor":4.0},{"not_picked":["Slice","Cloak And Dagger"],"picked":"ReplayTheSpireMod:Speed Training","floor":7.0},{"not_picked":["Reflex","Outmaneuver","Catalyst"],"picked":"SKIP","floor":8.0},{"not_picked":["Dodge and Roll","Night Terror","Bouncing Flask"],"picked":"SKIP","floor":11.0},{"not_picked":["Dodge and Roll","Dagger Throw"],"picked":"Sneak Up","floor":13.0},{"not_picked":["Quick Slash","Calculated Gamble"],"picked":"Finisher","floor":14.0},{"not_picked":["Concentrate","Dodge and Roll","Choke+1"],"picked":"SKIP","floor":18.0},{"not_picked":["Toxin Wave","Poisoned Stab+1"],"picked":"ReplayTheSpireMod:Shiv Toss+1","floor":21.0},{"not_picked":["Deadly Poison","Prepared","Choke"],"picked":"SKIP","floor":22.0},{"not_picked":["Fluid Movement","Leg Sweep","Terror"],"picked":"SKIP","floor":23.0},{"not_picked":["Flying Knee","A Thousand Cuts"],"picked":"After Image","floor":25.0},{"not_picked":["ReplayTheSpireMod:Shiv Toss+1","Backflip","Outmaneuver"],"picked":"SKIP","floor":31.0},{"not_picked":["Poisoned Stab","Heel Hook","Dodge and Roll"],"picked":"SKIP","floor":35},{"not_picked":["Dodge and Roll","Choke+1"],"picked":"ReplayTheSpireMod:The Works","floor":36},{"not_picked":["Setup","Cloak And Dagger"],"picked":"Slice","floor":37},{"not_picked":["Sneak Up","Quick Slash"],"picked":"Deflect+1","floor":39},{"not_picked":["Dagger Throw","Wraith Form v2","Bane"],"picked":"SKIP","floor":41},{"not_picked":["Bane","Hidden Blade","Caltrops"],"picked":"SKIP","floor":42},{"not_picked":["Backstab","Fluid Movement"],"picked":"Reflex","floor":46},{"not_picked":["Blade Dance","Concentrate","Blur"],"picked":"SKIP","floor":47},{"not_picked":["Blade Dance","Concentrate"],"picked":"Blur","floor":47},{"not_picked":["Bane","Sucker Punch","Blade Dance+1"],"picked":"SKIP","floor":48}],"player_experience":435594,"relics_obtained":[{"floor":9.0,"key":"Replay:Arrowhead"},{"floor":11.0,"key":"FossilizedHelix"},{"floor":13.0,"key":"Snack Pack"},{"floor":20.0,"key":"Ring of Greed"},{"floor":20.0,"key":"Golden Idol"},{"floor":20.0,"key":"Smiling Mask"},{"floor":20.0,"key":"ReplayTheSpireMod:Ring of Challenge"},{"floor":23.0,"key":"Grinning Jar"},{"floor":25.0,"key":"Tiny Chest"},{"floor":26.0,"key":"Whetstone"},{"floor":34.0,"key":"PreservedInsect"},{"floor":34.0,"key":"Divine Protection"},{"floor":34.0,"key":"Calipers"},{"floor":38,"key":"Juzu Bracelet"},{"floor":39,"key":"Mummified Hand"},{"floor":41,"key":"Replay:Bandana"},{"floor":43,"key":"Bottled Lightning"},{"floor":44,"key":"Pondfish Scales"},{"floor":45,"key":"Tingsha"},{"floor":46,"key":"Pen Nib"},{"floor":49,"key":"ReplayFunnel"}],"event_choices":[{"damage_healed":0.0,"max_hp_gain":0.0,"max_hp_loss":0.0,"gold_gain":0.0,"event_name":"The Woman in Blue","player_choice":"Bought 0 Potions","floor":2.0,"gold_loss":0.0,"damage_taken":0.0},{"damage_healed":0.0,"max_hp_gain":0.0,"max_hp_loss":0.0,"gold_gain":0.0,"event_name":"The Library","player_choice":"Read","floor":30.0,"gold_loss":0.0,"damage_taken":0.0,"cards_obtained":["Underhanded Strike"]},{"damage_healed":0,"gold_gain":0,"player_choice":"Fight","damage_taken":0,"max_hp_gain":0,"max_hp_loss":0,"event_name":"Mysterious Sphere","floor":45,"gold_loss":0}],"is_beta":false,"boss_relics":[{"not_picked":["HoveringKite","ChewingGum"],"picked":"Snecko Scales"},{"not_picked":["Cursed Key","Painkiller Herb"],"picked":"Calling Bell"}],"items_purged_floors":[5],"is_endless":false,"potions_floor_spawned":[7,8,11,13,16,23,25,35,37,41,42,46,47],"ascension_level":15}}