{"host":"wha9hktbkslqvblg","time":1610110530,"event":{"mods":["BaseMod","Colored Map","Minty Spire (QoL Compilation)","Relic Stats","SuperFastMode","everything is the same but u backflip on backflip"],"gold_per_floor":[114,114,39,9,9,39,39,67,90,100,119,24,43,61,61,133,133,144,144,144],"floor_reached":19,"playtime":415,"items_purged":["Strike_R"],"score":454,"play_id":"0ecdde60-ad53-4bb2-aa84-4e4999ee87b8","local_time":"20210108215530","is_ascension_mode":true,"campfire_choices":[{"data":"Body Slam","floor":7.0,"key":"SMITH"},{"data":"Entrench","floor":15.0,"key":"SMITH"}],"circlet_count":0,"master_deck":["AscendersBane","Strike_R","Strike_R","Strike_R","Defend_R","Defend_R","Defend_R","Bash","Entrench+1","Warcry","Body Slam+1","Second Wind","True Grit","Power Through"],"relics":["Burning Blood","NeowsBlessing","Turnip","Toy Ornithopter","Smiling Mask","SlaversCollar"],"acts_visited":["Exordium","TheCity"],"potions_floor_usage":[],"damage_taken":[{"damage":0.0,"enemies":"Small Slimes","floor":1.0,"turns":1.0},{"damage":0.0,"enemies":"3 Sentries","floor":6.0,"turns":2.0},{"damage":0.0,"enemies":"Gremlin Nob","floor":8.0,"turns":1.0},{"damage":5.0,"enemies":"2 Louse","floor":10.0,"turns":4.0},{"damage":0.0,"enemies":"Cultist","floor":11.0,"turns":3.0},{"damage":23.0,"enemies":"Red Slaver","floor":13.0,"turns":5.0},{"damage":23.0,"enemies":"Large Slime","floor":14.0,"turns":6.0},{"damage":51.0,"enemies":"The Guardian","floor":16.0,"turns":19.0},{"damage":57,"enemies":"Chosen","floor":18,"turns":9},{"damage":0,"enemies":"2 Thieves","floor":19,"turns":1}],"seed_played":"-8288393801108258032","potions_obtained":[{"floor":1.0,"key":"GamblersBrew"},{"floor":5.0,"key":"Regen Potion"},{"floor":5.0,"key":"DuplicationPotion"},{"floor":11.0,"key":"BloodPotion"}],"is_trial":false,"path_per_floor":["M","?","?","$","?","E","R","E","T","M","M","$","M","M","R","B",null,"M","M"],"character_chosen":"IRONCLAD","items_purchased":["Body Slam","Power Through"],"campfire_rested":0,"item_purchase_floors":[4,12],"current_hp_per_floor":[74,74,74,74,74,75,75,75,75,75,75,75,58,46,46,21,62,11,11,11],"gold":144,"neow_bonus":"THREE_ENEMY_KILL","is_daily":false,"chose_seed":false,"campfire_upgraded":2,"win_rate":0.0,"timestamp":1610110530,"path_taken":["M","?","?","$","?","E","R","E","T","M","M","$","M","?","R","BOSS","M","M"],"items_purchased_type":["Card","Card"],"build_version":"2020-12-22","purchased_purges":1,"victory":false,"max_hp_per_floor":[75,75,75,75,75,75,75,75,75,75,75,75,75,75,75,75,75,75,75,75],"relic_stats":{"counters":[10,51],"Turnip":[0],"Smiling Mask":25,"obtain_stats":[{"SlaversCollar":17,"NeowsBlessing":0,"Turnip":6,"Smiling Mask":9,"Burning Blood":0,"Toy Ornithopter":8},{"SlaversCollar":8,"NeowsBlessing":0,"Turnip":2,"Smiling Mask":3,"Burning Blood":0,"Toy Ornithopter":3},{"SlaversCollar":41,"NeowsBlessing":0,"Turnip":3,"Smiling Mask":4,"Burning Blood":0,"Toy Ornithopter":4}],"Burning Blood":36,"Toy Ornithopter":10},"card_choices":[{"not_picked":["Cleave","Burning Pact"],"picked":"Entrench","floor":1.0},{"not_picked":["Sever Soul","Heavy Blade","Dual Wield"],"picked":"SKIP","floor":6.0},{"not_picked":["Dual Wield","Armaments"],"picked":"Second Wind","floor":8.0},{"not_picked":["Bloodletting","Headbutt"],"picked":"True Grit","floor":10.0},{"not_picked":["Clash","Rupture","Whirlwind"],"picked":"SKIP","floor":11.0},{"not_picked":["Clash","Rupture","Whirlwind"],"picked":"SKIP","floor":11.0},{"not_picked":["Searing Blow","Sentinel","Spot Weakness"],"picked":"SKIP","floor":13.0},{"not_picked":["Dropkick","Perfected Strike","Hemokinesis"],"picked":"SKIP","floor":14.0},{"not_picked":["Flame Barrier","Metallicize","Pommel Strike"],"picked":"SKIP","floor":18}],"player_experience":944474,"relics_obtained":[{"floor":6.0,"key":"Turnip"},{"floor":8.0,"key":"Toy Ornithopter"},{"floor":9.0,"key":"Smiling Mask"}],"event_choices":[{"damage_healed":0.0,"max_hp_gain":0.0,"max_hp_loss":0.0,"gold_gain":0.0,"cards_transformed":["Strike_R"],"event_name":"Living Wall","player_choice":"Change","floor":2.0,"gold_loss":0.0,"damage_taken":0.0,"cards_obtained":["Warcry"]},{"cards_removed":["Defend_R"],"damage_healed":0.0,"max_hp_gain":0.0,"max_hp_loss":0.0,"gold_gain":0.0,"event_name":"The Cleric","player_choice":"Card Removal","floor":3.0,"gold_loss":75.0,"damage_taken":0.0},{"damage_healed":0.0,"max_hp_gain":0.0,"max_hp_loss":0.0,"gold_gain":0.0,"event_name":"Lab","player_choice":"Got Potions","floor":5.0,"gold_loss":0.0,"damage_taken":0.0}],"is_beta":false,"boss_relics":[{"not_picked":["Black Blood","Calling Bell"],"picked":"SlaversCollar"}],"items_purged_floors":[12],"is_endless":false,"potions_floor_spawned":[1,8,11],"killed_by":"2 Thieves","ascension_level":20}}