{"host":"5x08nt64u3vxxcfi","time":1610104098,"event":{"mods":["BaseMod","Minty Spire (QoL Compilation)","StSLib","SuperFastMode"],"gold_per_floor":[111,111,111,87,87,87,108,108,134,147,322,11,27,42,42,167,167,191,210,226,20,20,58,58,77,145,145,168,118,138,152,152,152,152],"floor_reached":33,"playtime":777,"items_purged":["Doubt","Turbo+1"],"score":259,"play_id":"b2602022-dc70-4a7c-92bd-b757d8f585fb","local_time":"20210108200818","is_ascension_mode":false,"campfire_choices":[{"data":"Sunder","floor":6.0,"key":"SMITH"},{"data":"Streamline","floor":8.0,"key":"SMITH"},{"data":"Aggregate","floor":15.0,"key":"SMITH"},{"floor":24.0,"key":"REST"},{"floor":32,"key":"REST"}],"circlet_count":0,"master_deck":["Strike_B","Strike_B","Strike_B","Strike_B","Defend_B","Defend_B","Defend_B","Defend_B","Zap","Dualcast","Trip","Sunder+1","Streamline+1","Gash","Aggregate+1","Gash","Scrape","Stack","Hologram","Stack+1","Rebound","Go for the Eyes","Gash","Sweeping Beam","Necronomicurse","Reprogram+1","Rebound"],"relics":["Cracked Core","Golden Idol","Kunai","Oddly Smooth Stone","Omamori","Calling Bell","Tiny Chest","White Beast Statue","Unceasing Top","Lee\u0027s Waffle","Smiling Mask","Art of War","Mercury Hourglass","Necronomicon"],"acts_visited":["Exordium","TheCity"],"potions_floor_usage":[31,33,33,33,33,33,33],"damage_taken":[{"damage":0.0,"enemies":"2 Louse","floor":1.0,"turns":2.0},{"damage":6.0,"enemies":"Jaw Worm","floor":7.0,"turns":2.0},{"damage":0.0,"enemies":"Small Slimes","floor":10.0,"turns":2.0},{"damage":0.0,"enemies":"Exordium Thugs","floor":13.0,"turns":3.0},{"damage":7.0,"enemies":"Red Slaver","floor":14.0,"turns":3.0},{"damage":29.0,"enemies":"The Guardian","floor":16.0,"turns":8.0},{"damage":36.0,"enemies":"2 Thieves","floor":18.0,"turns":4.0},{"damage":20.0,"enemies":"3 Byrds","floor":19.0,"turns":5.0},{"damage":8.0,"enemies":"Snake Plant","floor":20.0,"turns":4.0},{"damage":65.0,"enemies":"Gremlin Leader","floor":23.0,"turns":10.0},{"damage":26.0,"enemies":"Chosen and Byrds","floor":25.0,"turns":6.0},{"damage":0,"enemies":"Centurion and Healer","floor":28,"turns":3},{"damage":0,"enemies":"Snake Plant","floor":30,"turns":2},{"damage":0,"enemies":"3 Cultists","floor":31,"turns":4},{"damage":42,"enemies":"Champ","floor":33,"turns":6}],"seed_played":"-5684085917587310660","potions_obtained":[{"floor":7.0,"key":"PowerPotion"},{"floor":13.0,"key":"Block Potion"},{"floor":18.0,"key":"BlessingOfTheForge"},{"floor":19.0,"key":"GamblersBrew"},{"floor":20.0,"key":"LiquidBronze"},{"floor":23.0,"key":"Ancient Potion"},{"floor":25.0,"key":"FearPotion"},{"floor":28,"key":"Block Potion"},{"floor":31,"key":"EntropicBrew"}],"is_trial":false,"path_per_floor":["M","?","?","$","T","R","M","R","T","M","?","$","M","M","R","B",null,"M","M","M","$","?","E","R","M","T","?","M","$","M","M","R","B"],"character_chosen":"DEFECT","items_purchased":["Streamline","Gash","Scrape","Omamori","Gash","Lee\u0027s Waffle"],"campfire_rested":2,"item_purchase_floors":[4,12,12,12,21,21],"current_hp_per_floor":[75,57,62,62,62,62,56,56,56,56,56,56,56,49,49,20,80,44,24,16,87,87,22,48,22,22,6,6,6,6,6,32,0,0],"gold":152,"neow_bonus":"RANDOM_COLORLESS","is_daily":false,"chose_seed":false,"campfire_upgraded":3,"win_rate":0.0,"timestamp":1610104098,"path_taken":["M","?","?","$","?","R","M","R","T","?","?","$","M","M","R","BOSS","M","M","M","$","?","E","R","M","T","?","M","$","?","M","R","BOSS"],"items_purchased_type":["Card","Card","Card","Relic","Card","Relic"],"build_version":"2020-12-22","purchased_purges":2,"victory":false,"max_hp_per_floor":[75,75,80,80,80,80,80,80,80,80,80,80,80,80,80,80,80,80,80,80,87,87,87,87,87,87,87,87,87,87,87,87,87,87],"card_choices":[{"not_picked":["Purity","Good Instincts"],"picked":"Trip","floor":0.0},{"not_picked":["Conserve Battery","Coolheaded"],"picked":"Sunder","floor":1.0},{"not_picked":["Scrape","Hologram"],"picked":"Gash","floor":7.0},{"not_picked":["Streamline","BootSequence"],"picked":"Aggregate","floor":10.0},{"not_picked":["Consume","Coolheaded"],"picked":"Stack","floor":13.0},{"not_picked":["Conserve Battery","Recycle"],"picked":"Hologram","floor":14.0},{"not_picked":["Doom and Gloom","Barrage"],"picked":"Stack+1","floor":18.0},{"not_picked":["Stack+1","Sunder"],"picked":"Rebound","floor":19.0},{"not_picked":["Doom and Gloom","Beam Cell"],"picked":"Go for the Eyes","floor":20.0},{"not_picked":["Capacitor","Conserve Battery"],"picked":"Turbo+1","floor":23.0},{"not_picked":["Streamline","Static Discharge+1"],"picked":"Sweeping Beam","floor":25.0},{"not_picked":["Conserve Battery","Stack"],"picked":"Reprogram+1","floor":28},{"not_picked":["Turbo","Hello World","Glacier"],"picked":"SKIP","floor":30},{"not_picked":["Turbo","Creative AI"],"picked":"Rebound","floor":31}],"player_experience":64165,"relics_obtained":[{"floor":5.0,"key":"Kunai"},{"floor":9.0,"key":"Oddly Smooth Stone"},{"floor":17.0,"key":"Tiny Chest"},{"floor":17.0,"key":"White Beast Statue"},{"floor":17.0,"key":"Unceasing Top"},{"floor":23.0,"key":"Art of War"},{"floor":26.0,"key":"Mercury Hourglass"},{"floor":27.0,"key":"Necronomicon"}],"event_choices":[{"damage_healed":0.0,"max_hp_gain":0.0,"max_hp_loss":0.0,"gold_gain":0.0,"event_name":"Golden Idol","player_choice":"Take Damage","floor":2.0,"gold_loss":0.0,"damage_taken":18.0,"relics_obtained":["Golden Idol"]},{"damage_healed":0.0,"max_hp_gain":5.0,"max_hp_loss":0.0,"gold_gain":0.0,"event_name":"Big Fish","player_choice":"Donut","floor":3.0,"gold_loss":0.0,"damage_taken":0.0},{"damage_healed":0.0,"max_hp_gain":0.0,"max_hp_loss":0.0,"gold_gain":175.0,"event_name":"Liars Game","player_choice":"AGREE","floor":11.0,"gold_loss":0.0,"damage_taken":0.0,"cards_obtained":["Doubt"]},{"damage_healed":0.0,"max_hp_gain":0.0,"max_hp_loss":0.0,"gold_gain":0.0,"event_name":"Addict","player_choice":"Stole Relic","floor":22.0,"gold_loss":0.0,"damage_taken":0.0,"relics_obtained":["Smiling Mask"],"cards_obtained":["Shame"]},{"damage_healed":0.0,"max_hp_gain":0.0,"max_hp_loss":0.0,"gold_gain":0.0,"event_name":"Cursed Tome","player_choice":"Obtained Book","floor":27.0,"gold_loss":0.0,"damage_taken":16.0}],"is_beta":false,"boss_relics":[{"not_picked":["Snecko Eye","Busted Crown"],"picked":"Calling Bell"}],"items_purged_floors":[12,29],"is_endless":false,"potions_floor_spawned":[7,13,18,19,20,23,25,28,30,31],"killed_by":"Champ","ascension_level":0}}