{"host":"51mqhfpmwwd4kxyt","time":1610100588,"event":{"mods":["BaseMod","Downfall","Googly Eyes","Highlight Path","Minty Spire (QoL Compilation)","READ ME - Guardian Mod","StSLib","The Cursed","The Servant 0.9.4"],"gold_per_floor":[111,111,130,80,90,101,101,112,139,154,169,344,356,356,356,461,461,478,403,422,422,450,450,469,469,469,469,384,400,414,414,414,509,509,524,65,84,84,84,114,114,127,127,15,15,15,44,63,63,63],"floor_reached":51,"playtime":3815,"items_purged":["Slimebound:Icky"],"score":699,"play_id":"e991c421-192f-45f1-b1b2-ef5886819fe7","local_time":"20210108050948","is_ascension_mode":false,"campfire_choices":[{"data":"Vigilance","floor":7,"key":"SMITH"},{"floor":15,"key":"REST"},{"data":"Devotion","floor":23,"key":"SMITH"},{"floor":27,"key":"REST"},{"floor":32,"key":"REST"},{"floor":45,"key":"REST"},{"data":"EmptyMind","floor":49,"key":"SMITH"}],"circlet_count":0,"master_deck":["Defend_P","Defend_P","Eruption","Vigilance+1","ClearTheMind","WreathOfFlame","Wireheading","Prostrate","SandsOfTime","Evaluate","LikeWater","Omniscience","Devotion+1","WindmillStrike","WaveOfTheHand+1","Slimebound:CheckThePlaybook","Prostrate+1","Ragnarok","Establishment","LikeWater+1","Madness","Madness","Pray+1","Meditate","Study","EmptyMind+1"],"relics":["PureWater","Potion Belt","Toy Ornithopter","VioletLotus","Red Mask","GoldenEye","Art of War","FossilizedHelix","SacredBark","InkBottle","Eternal Feather","Lizard Tail","Bottled Flame"],"acts_visited":["Exordium","TheCity","TheBeyond"],"potions_floor_usage":[18,18,18,22,22,22,29,30,33,35,40,40,40,40,48,48],"damage_taken":[{"damage":0,"enemies":"Cultist","floor":1,"turns":3},{"damage":7,"enemies":"2 Louse","floor":3,"turns":2},{"damage":2,"enemies":"Small Slimes","floor":5,"turns":2},{"damage":7,"enemies":"2 Fungi Beasts","floor":6,"turns":5},{"damage":0,"enemies":"Looter","floor":8,"turns":5},{"damage":8,"enemies":"3 Louse","floor":10,"turns":3},{"damage":1,"enemies":"Large Slime","floor":11,"turns":8},{"damage":1,"enemies":"2 Fungi Beasts","floor":13,"turns":6},{"damage":34,"enemies":"The Guardian","floor":16,"turns":11},{"damage":15,"enemies":"3 Byrds","floor":18,"turns":9},{"damage":2,"enemies":"Spheric Guardian","floor":20,"turns":5},{"damage":29,"enemies":"Masked Bandits","floor":22,"turns":5},{"damage":8,"enemies":"Snecko","floor":24,"turns":4},{"damage":10,"enemies":"Snake Plant","floor":29,"turns":4},{"damage":38,"enemies":"Chosen and Byrds","floor":30,"turns":6},{"damage":16,"enemies":"Collector","floor":33,"turns":4},{"damage":10,"enemies":"3 Darklings","floor":35,"turns":4},{"damage":28,"enemies":"3 Shapes","floor":37,"turns":4},{"damage":55,"enemies":"Reptomancer","floor":40,"turns":6},{"damage":45,"enemies":"Sphere and 2 Shapes","floor":42,"turns":5},{"damage":20,"enemies":"Nemesis","floor":47,"turns":7},{"damage":0,"enemies":"3 Darklings","floor":48,"turns":2},{"damage":46,"enemies":"Donu and Deca","floor":50,"turns":6}],"seed_played":"-6178063737644212191","potions_obtained":[{"floor":3,"key":"StancePotion"},{"floor":6,"key":"BottledMiracle"},{"floor":10,"key":"sneckomod:MuddlingPotion"},{"floor":16,"key":"EntropicBrew"},{"floor":22,"key":"Ancient Potion"},{"floor":30,"key":"champ:CounterPotion"},{"floor":33,"key":"SteroidPotion"},{"floor":35,"key":"hexamod:EctoCoolerPotion"},{"floor":42,"key":"hexamod:EctoCoolerPotion"}],"is_trial":false,"path_per_floor":["M","?","M","?","M","M","R","M","T","M","M","?","M","?","R","B",null,"M","?","M","?","?","R","M","?","T","R","?","M","M","T","R","B",null,"M","$","M","?","?","E","?","M","T","$","R","$","E","M","R","B",null],"character_chosen":"WATCHER","items_purchased":["Regen Potion","InkBottle","SteroidPotion","Study","Regen Potion"],"campfire_rested":4,"item_purchase_floors":[36,36,36,44,44],"current_hp_per_floor":[65,65,58,58,56,49,49,49,49,41,40,40,39,27,46,12,65,58,58,56,56,40,40,32,32,32,51,51,46,13,13,32,21,65,55,55,27,27,19,24,57,12,12,12,44,44,24,44,57,11],"gold":63,"neow_bonus":"REMOVE_TWO","is_daily":false,"chose_seed":false,"campfire_upgraded":3,"win_rate":0.0,"timestamp":1610100588,"path_taken":["M","?","M","?","M","M","R","M","T","M","M","?","M","?","R","BOSS","M","?","M","?","?","R","M","?","T","R","?","M","M","?","R","BOSS","M","$","M","?","?","E","?","M","T","?","R","$","E","?","R","BOSS"],"items_purchased_type":["Potion","Relic","Potion","Card","Potion"],"build_version":"2020-12-22","purchased_purges":1,"victory":true,"max_hp_per_floor":[65,65,65,65,65,65,65,65,65,65,65,65,65,65,65,65,65,65,65,65,65,65,65,65,65,65,65,65,65,65,65,65,65,65,65,65,65,65,65,65,57,57,57,57,57,57,57,57,57,57],"card_choices":[{"not_picked":["Crescendo","CutThroughFate"],"picked":"ClearTheMind","floor":1},{"not_picked":["ClearTheMind","CutThroughFate"],"picked":"Wireheading","floor":3},{"not_picked":["BowlingBash","CrushJoints","EmptyBody"],"picked":"SKIP","floor":5},{"not_picked":["BowlingBash","CrushJoints","EmptyBody"],"picked":"SKIP","floor":5},{"not_picked":["JustLucky","Halt"],"picked":"Prostrate","floor":6},{"not_picked":["Crescendo","FlyingSleeves"],"picked":"SandsOfTime","floor":8},{"not_picked":["CarveReality","ForeignInfluence"],"picked":"Evaluate","floor":10},{"not_picked":["Evaluate","PathToVictory"],"picked":"LikeWater","floor":11},{"not_picked":["Tantrum","ThirdEye"],"picked":"Omniscience","floor":13},{"not_picked":["Vault","SpiritShield"],"picked":"Devotion","floor":16},{"not_picked":["Prostrate+1","Consecrate"],"picked":"WindmillStrike","floor":18},{"not_picked":["Crescendo+1","ReachHeaven","SashWhip"],"picked":"SKIP","floor":20},{"not_picked":["Crescendo+1","ReachHeaven","SashWhip"],"picked":"SKIP","floor":20},{"not_picked":["FlurryOfBlows","Crescendo"],"picked":"WaveOfTheHand+1","floor":24},{"not_picked":["FlurryOfBlows","FlyingSleeves+1"],"picked":"Prostrate+1","floor":29},{"not_picked":["TalkToTheHand","LikeWater"],"picked":"Ragnarok","floor":30},{"not_picked":["Blasphemy","Judgement"],"picked":"Establishment","floor":33},{"not_picked":["FollowUp","Weave+1","ClearTheMind"],"picked":"SKIP","floor":35},{"not_picked":["EmptyMind","Indignation"],"picked":"LikeWater+1","floor":37},{"not_picked":["EmptyBody","Wallop"],"picked":"Pray+1","floor":40},{"not_picked":["MasterReality","PathToVictory"],"picked":"Meditate","floor":42},{"not_picked":["Alpha","SashWhip"],"picked":"EmptyMind","floor":47},{"not_picked":["ThirdEye+1","JustLucky","Consecrate"],"picked":"SKIP","floor":48}],"player_experience":339588,"relics_obtained":[{"floor":9,"key":"Potion Belt"},{"floor":22,"key":"Red Mask"},{"floor":26,"key":"GoldenEye"},{"floor":31,"key":"FossilizedHelix"},{"floor":40,"key":"Eternal Feather"},{"floor":43,"key":"Lizard Tail"},{"floor":47,"key":"Bottled Flame"}],"event_choices":[{"damage_healed":0,"gold_gain":0,"cards_transformed":["Strike_P"],"player_choice":"Change","damage_taken":0,"max_hp_gain":0,"max_hp_loss":0,"event_name":"Living Wall","floor":2,"gold_loss":0,"cards_obtained":["WreathOfFlame"]},{"cards_removed":["Defend_P"],"damage_healed":0,"gold_gain":0,"player_choice":"Card Removal","damage_taken":0,"max_hp_gain":0,"max_hp_loss":0,"event_name":"The Cleric","floor":4,"gold_loss":50},{"damage_healed":0,"gold_gain":175,"player_choice":"AGREE","damage_taken":0,"max_hp_gain":0,"max_hp_loss":0,"event_name":"Liars Game","floor":12,"gold_loss":0,"cards_obtained":["Doubt"]},{"damage_healed":0,"gold_gain":0,"player_choice":"Success","damage_taken":12,"relics_obtained":["Toy Ornithopter"],"max_hp_gain":0,"max_hp_loss":0,"event_name":"Scrap Ooze","floor":14,"gold_loss":0},{"cards_removed":["Doubt"],"damage_healed":0,"gold_gain":0,"player_choice":"Gave Gold","damage_taken":0,"max_hp_gain":0,"max_hp_loss":0,"event_name":"Beggar","floor":19,"gold_loss":75},{"cards_removed":["Strike_P"],"damage_healed":0,"gold_gain":0,"player_choice":"Elegance","damage_taken":0,"max_hp_gain":0,"max_hp_loss":0,"event_name":"Back to Basics","floor":21,"gold_loss":0},{"damage_healed":0,"gold_gain":0,"player_choice":"Fought Bandits","damage_taken":0,"max_hp_gain":0,"max_hp_loss":0,"event_name":"Masked Bandits","floor":22,"gold_loss":0},{"damage_healed":0,"gold_gain":0,"player_choice":"Obtained Relic","damage_taken":0,"relics_obtained":["Art of War"],"max_hp_gain":0,"max_hp_loss":0,"event_name":"Addict","floor":28,"gold_loss":85},{"cards_removed":["Strike_P"],"damage_healed":0,"gold_gain":0,"player_choice":"Removed Attack","damage_taken":0,"max_hp_gain":0,"max_hp_loss":0,"event_name":"Falling","floor":38,"gold_loss":0},{"damage_healed":0,"gold_gain":0,"player_choice":"Embrace Madness","damage_taken":8,"max_hp_gain":0,"max_hp_loss":0,"event_name":"Winding Halls","floor":39,"gold_loss":0,"cards_obtained":["Madness","Madness"]},{"damage_healed":57,"gold_gain":0,"player_choice":"Heal","damage_taken":0,"max_hp_gain":0,"max_hp_loss":8,"event_name":"The Moai Head","floor":41,"gold_loss":0}],"is_beta":false,"boss_relics":[{"not_picked":["Sozu","Busted Crown"],"picked":"VioletLotus"},{"not_picked":["Tiny House","Pandora\u0027s Box"],"picked":"SacredBark"}],"items_purged_floors":[36],"is_endless":false,"potions_floor_spawned":[3,6,10,16,22,30,33,35,42],"ascension_level":0}}