{"host":"y36bp6mnm73x3iob","time":1610147116,"event":{"mods":["2.2 Compatiblity","Aspiration","BaseMod","Downfall","GifTheSpireLib","Hermit","Hubris","Marisa????????","Minty Spire (QoL Compilation)","Replay The Spire","Retaliation","StSLib","Stuff the Spire","The Disciple","The Servant 0.9.4"],"gold_per_floor":[99,99,15,15,74,87,136,136,24,24,39,139,139,153,172,172,172,172],"floor_reached":16,"playtime":928,"items_purged":[],"score":88,"play_id":"8a091f4e-d9c4-4074-b92b-8e5857d564fc","local_time":"20210109010516","is_ascension_mode":false,"campfire_choices":[{"floor":1,"key":"DIG"},{"data":"champ:Improvising","floor":10,"key":"SMITH"},{"floor":13,"key":"REST"}],"circlet_count":0,"master_deck":["champ:Strike","champ:Strike","champ:Strike","champ:Strike","champ:Defend","champ:Defend","champ:Defend","champ:Defend","champ:Taunt","champ:Execute","champ:Duel","champ:DefensiveShout","champ:GladiatorStyle","champ:Haymaker","champ:FocusedGladiator","ReplayTheSpireMod:Splinters","champ:Duel","champ:FanOfKnives","champ:GutPunch","champ:Improvising+1","champ:EnGarde","champ:FocusedDefense","champ:Haymaker","champ:IronFortress","champ:StanceDance","champ:CheapShot","champ:TornadoPunch"],"relics":["champ:ChampionCrown","downfall:HeartsMalice","StuffTheSpire:Mouthbags","aspiration:FetidBarrel","Potion Belt","White Beast Statue"],"acts_visited":["Exordium"],"potions_floor_usage":[9,14,14,15,15,16,16,16],"damage_taken":[{"damage":0,"enemies":"Cultist","floor":2,"turns":1},{"damage":0,"enemies":"downfall:FleeingMerchant","floor":3,"turns":1},{"damage":0,"enemies":"Jaw Worm","floor":4,"turns":1},{"damage":16,"enemies":"Small Slimes","floor":6,"turns":2},{"damage":9,"enemies":"downfall:FleeingMerchant","floor":9,"turns":4},{"damage":12,"enemies":"2 Fungi Beasts","floor":11,"turns":2},{"damage":39,"enemies":"downfall:LadyInBlue","floor":12,"turns":8},{"damage":11,"enemies":"Exordium Thugs","floor":14,"turns":3},{"damage":18,"enemies":"Gremlin Gang","floor":15,"turns":5},{"damage":66,"enemies":"downfall:Silent","floor":16,"turns":6}],"seed_played":"-8714371284736405747","potions_obtained":[{"floor":6,"key":"Fire Potion"},{"floor":11,"key":"Regen Potion"},{"floor":12,"key":"Ancient Potion"},{"floor":12,"key":"Strength Potion"},{"floor":12,"key":"SneckoOil"},{"floor":12,"key":"Fire Potion"},{"floor":14,"key":"EssenceOfSteel"},{"floor":15,"key":"Fire Potion"}],"is_trial":false,"path_per_floor":["R","M","$","M","?","M","T","?","$","R","M","?","R","M","M","B"],"character_chosen":"THE_CHAMP","items_purchased":["champ:GladiatorStyle","champ:Haymaker","champ:FocusedDefense","champ:Haymaker"],"campfire_rested":1,"item_purchase_floors":[3,3,9,9],"current_hp_per_floor":[90,90,90,90,90,79,79,79,75,75,63,32,59,53,52,0,0,0],"gold":172,"neow_bonus":"THREE_ENEMY_KILL","is_daily":false,"chose_seed":false,"campfire_upgraded":1,"win_rate":0.0,"timestamp":1610147116,"path_taken":["R","M","?","M","?","?","T","?","$","R","M","?","R","?","M","BOSS"],"items_purchased_type":["Card","Card","Card","Card"],"build_version":"2020-12-22","purchased_purges":0,"victory":false,"max_hp_per_floor":[90,90,90,90,90,90,90,90,90,90,90,90,90,90,90,90,90,90],"card_choices":[{"not_picked":["champ:AdrenalArmor","champ:EnragedBash"],"picked":"champ:Duel","floor":2},{"not_picked":["champ:FlashCut","champ:BladeFlurry"],"picked":"champ:DefensiveShout","floor":3},{"not_picked":["champ:GutPunch","champ:BringItOn"],"picked":"champ:FocusedGladiator","floor":4},{"not_picked":["champ:Circumvent","champ:TornadoPunch"],"picked":"champ:Duel","floor":5},{"not_picked":["champ:RisingSlash","champ:BerserkersShout"],"picked":"champ:FanOfKnives","floor":5},{"not_picked":["champ:Circumvent","champ:BerserkersShout"],"picked":"champ:GutPunch","floor":6},{"not_picked":["champ:FocusedBerserking","champ:FlashCut"],"picked":"champ:EnGarde","floor":9},{"not_picked":["champ:AdrenalArmor","champ:RecklessLeap"],"picked":"champ:IronFortress","floor":11},{"not_picked":["champ:ArenaPreparation","champ:Riposte"],"picked":"champ:StanceDance","floor":12},{"not_picked":["champ:Shatter","champ:ArenaPreparation"],"picked":"champ:CheapShot","floor":14},{"not_picked":["champ:GladiatorStyle","champ:FocusedDefense"],"picked":"champ:TornadoPunch","floor":15}],"player_experience":430982,"relics_obtained":[{"floor":1,"key":"StuffTheSpire:Mouthbags"},{"floor":5,"key":"aspiration:FetidBarrel"},{"floor":7,"key":"Potion Belt"},{"floor":12,"key":"White Beast Statue"}],"event_choices":[],"is_beta":false,"boss_relics":[],"items_purged_floors":[],"is_endless":false,"potions_floor_spawned":[6,11,12,14,15],"killed_by":"downfall:Silent","ascension_level":0}}