{"host":"a5lz0e76zb3fcwkm","time":1610098274,"event":{"mods":["AchievementEnabler","BaseMod","Colored Map","Colored Powertips","Minty Spire (QoL Compilation)","StSLib","SuperFastMode"],"gold_per_floor":[115,115,131,56,73,73,73,100,124,152,152,169,169,182,182,259,259,259,259,259,259,259,259,259,259,259,259,259],"floor_reached":27,"playtime":804,"items_purged":["Clumsy"],"score":490,"play_id":"05a636da-8831-4db4-906d-a7c1f2c5a0ab","local_time":"20210108183114","is_ascension_mode":true,"campfire_choices":[{"data":"Armaments","floor":6.0,"key":"SMITH"},{"data":"Barricade","floor":11.0,"key":"SMITH"},{"data":"Disarm","floor":13.0,"key":"SMITH"},{"data":"Anger","floor":15.0,"key":"SMITH"}],"circlet_count":0,"master_deck":["AscendersBane","Strike_R","Strike_R","Strike_R","Strike_R","Strike_R","Defend_R","Defend_R","Defend_R","Defend_R","Bash","Barricade+1","Shrug It Off","Armaments+1","Disarm+1","Anger+1","Impervious","True Grit+1","Feel No Pain"],"relics":["Burning Blood","Meat on the Bone","FaceOfCleric","Bottled Lightning","Pen Nib","Ectoplasm","Kunai","Letter Opener","Potion Belt","Dream Catcher"],"acts_visited":["Exordium","TheCity"],"potions_floor_usage":[23,23,23,23,27,27],"damage_taken":[{"damage":13.0,"enemies":"Cultist","floor":1.0,"turns":5.0},{"damage":28.0,"enemies":"Jaw Worm","floor":3.0,"turns":6.0},{"damage":3.0,"enemies":"Small Slimes","floor":5.0,"turns":6.0},{"damage":34.0,"enemies":"3 Sentries","floor":8.0,"turns":17.0},{"damage":32.0,"enemies":"Gremlin Nob","floor":10.0,"turns":4.0},{"damage":7.0,"enemies":"Exordium Wildlife","floor":12.0,"turns":4.0},{"damage":15.0,"enemies":"Lots of Slimes","floor":14.0,"turns":5.0},{"damage":15.0,"enemies":"Hexaghost","floor":16.0,"turns":12.0},{"damage":26.0,"enemies":"Spheric Guardian","floor":18.0,"turns":8.0},{"damage":2.0,"enemies":"3 Byrds","floor":19.0,"turns":10.0},{"damage":20.0,"enemies":"Snake Plant","floor":21.0,"turns":6.0},{"damage":20,"enemies":"Book of Stabbing","floor":23,"turns":6},{"damage":14,"enemies":"Centurion and Healer","floor":24,"turns":10},{"damage":46,"enemies":"Shelled Parasite and Fungi","floor":25,"turns":10},{"damage":35,"enemies":"Slavers","floor":27,"turns":2}],"seed_played":"-1089746934865899309","potions_obtained":[{"floor":1.0,"key":"SneckoOil"},{"floor":8.0,"key":"GamblersBrew"},{"floor":10.0,"key":"GamblersBrew"},{"floor":12.0,"key":"AttackPotion"},{"floor":16.0,"key":"EntropicBrew"},{"floor":21.0,"key":"Fire Potion"},{"floor":23,"key":"Fire Potion"},{"floor":25,"key":"EssenceOfSteel"}],"is_trial":false,"path_per_floor":["M","T","M","$","M","R","?","E","T","E","R","M","R","M","R","B",null,"M","M","T","M","T","E","M","M","T","E"],"character_chosen":"IRONCLAD","items_purchased":[],"campfire_rested":0,"item_purchase_floors":[],"current_hp_per_floor":[61,61,51,51,54,54,54,39,39,26,26,38,38,42,42,46,72,53,58,58,57,57,56,61,34,34,0,0],"gold":259,"neow_bonus":"THREE_RARE_CARDS","is_daily":false,"chose_seed":false,"campfire_upgraded":4,"win_rate":0.0,"timestamp":1610098274,"path_taken":["M","?","M","$","M","R","?","E","T","E","R","M","R","?","R","BOSS","M","M","?","?","?","E","M","M","T","E"],"items_purchased_type":[],"build_version":"2020-12-22","purchased_purges":1,"victory":false,"max_hp_per_floor":[75,75,75,75,75,75,75,76,76,77,77,78,78,79,79,80,80,81,82,82,83,83,84,85,86,86,86,86],"card_choices":[{"not_picked":["Berserk","Bludgeon"],"picked":"Barricade","floor":0.0},{"not_picked":["True Grit","Armaments"],"picked":"Shrug It Off","floor":1.0},{"not_picked":["Ghostly Armor","Flex","Perfected Strike"],"picked":"SKIP","floor":3.0},{"not_picked":["Wild Strike","Whirlwind"],"picked":"Armaments","floor":5.0},{"not_picked":["Thunderclap","Brutality","Hemokinesis"],"picked":"SKIP","floor":8.0},{"not_picked":["Berserk","Intimidate","Flex"],"picked":"SKIP","floor":10.0},{"not_picked":["Infernal Blade","Rage"],"picked":"Disarm","floor":12.0},{"not_picked":["Twin Strike","Flex"],"picked":"Anger","floor":14.0},{"not_picked":["Exhume","Reaper"],"picked":"Impervious","floor":16.0},{"not_picked":["Cleave","Dropkick","Thunderclap+1"],"picked":"SKIP","floor":18.0},{"not_picked":["Anger","Uppercut"],"picked":"True Grit+1","floor":19.0},{"not_picked":["Flex","Sword Boomerang","Cleave"],"picked":"SKIP","floor":21.0},{"not_picked":["Reckless Charge","Combust","Disarm"],"picked":"SKIP","floor":23},{"not_picked":["Havoc","Reckless Charge"],"picked":"Feel No Pain","floor":24},{"not_picked":["Inflame+1","Carnage","Limit Break"],"picked":"SKIP","floor":25}],"player_experience":1697353,"relics_obtained":[{"floor":2.0,"key":"Meat on the Bone"},{"floor":8.0,"key":"Bottled Lightning"},{"floor":10.0,"key":"Pen Nib"},{"floor":20.0,"key":"Kunai"},{"floor":22.0,"key":"Letter Opener"},{"floor":23,"key":"Potion Belt"},{"floor":26,"key":"Dream Catcher"}],"event_choices":[{"damage_healed":0.0,"max_hp_gain":0.0,"max_hp_loss":0.0,"gold_gain":0.0,"event_name":"FaceTrader","player_choice":"Trade","floor":7.0,"gold_loss":0.0,"damage_taken":0.0,"relics_obtained":["FaceOfCleric"]}],"is_beta":false,"boss_relics":[{"not_picked":["Runic Pyramid","Runic Dome"],"picked":"Ectoplasm"}],"items_purged_floors":[4],"is_endless":false,"potions_floor_spawned":[1,8,10,12,16,18,21,23,25],"killed_by":"Slavers","ascension_level":20}}