{"host":"uv231blk40vjdojr","time":1610115726,"event":{"mods":["AchievementEnabler","BaseMod","Bestiary","Minty Spire (QoL Compilation)","Relic Stats"],"gold_per_floor":[119,138,138,138,138,169,169,169,194,215,49,49,63,107,107,197,197,217,17,17,57,77,112,112,112],"floor_reached":24,"playtime":916,"items_purged":["Strike_G"],"score":444,"play_id":"918d3ad7-9efd-4522-b2cb-37ed7961fe85","local_time":"20210108152206","is_ascension_mode":true,"campfire_choices":[{"data":"Apotheosis","floor":7,"key":"SMITH"},{"floor":12,"key":"REST"},{"data":"Quick Slash","floor":15,"key":"SMITH"}],"circlet_count":0,"master_deck":["AscendersBane","Strike_G+1","Strike_G","Strike_G","Defend_G","Defend_G","Defend_G","Defend_G","Defend_G","Survivor","Neutralize","Apotheosis+1","Quick Slash+1","Quick Slash+1","Corpse Explosion","Sucker Punch","Dagger Spray","Blade Dance","Bullet Time","Choke","Corpse Explosion","RitualDagger","Backflip"],"relics":["Ring of the Snake","Golden Idol","Sundial","Whetstone","Anchor","Smiling Mask","Sozu","Red Mask","Potion Belt"],"acts_visited":["Exordium","TheCity"],"potions_floor_usage":[14,16,21,23],"damage_taken":[{"damage":2,"enemies":"Jaw Worm","floor":1,"turns":4},{"damage":1,"enemies":"2 Louse","floor":2,"turns":4},{"damage":29,"enemies":"Lagavulin","floor":6,"turns":8},{"damage":0,"enemies":"Small Slimes","floor":10,"turns":3},{"damage":1,"enemies":"Red Slaver","floor":13,"turns":3},{"damage":2,"enemies":"3 Sentries","floor":14,"turns":4},{"damage":27,"enemies":"Hexaghost","floor":16,"turns":9},{"damage":10,"enemies":"Shell Parasite","floor":18,"turns":5},{"damage":15,"enemies":"Masked Bandits","floor":21,"turns":5},{"damage":0,"enemies":"3 Byrds","floor":22,"turns":2},{"damage":14,"enemies":"Slavers","floor":23,"turns":3},{"damage":16,"enemies":"Cultist and Chosen","floor":24,"turns":4}],"seed_played":"-4027736145896530645","potions_obtained":[{"floor":6,"key":"Fire Potion"},{"floor":10,"key":"Explosive Potion"},{"floor":14,"key":"BlessingOfTheForge"},{"floor":16,"key":"AttackPotion"}],"is_trial":false,"path_per_floor":["M","M","?","?","?","E","R","?","T","M","$","R","M","E","R","B",null,"M","$","?","?","M","E","M"],"character_chosen":"THE_SILENT","items_purchased":["Anchor","Corpse Explosion"],"campfire_rested":1,"item_purchase_floors":[11,19],"current_hp_per_floor":[57,56,49,49,49,20,20,20,20,20,20,38,37,35,35,8,47,37,37,31,16,16,2,0,0],"gold":112,"neow_bonus":"RANDOM_COLORLESS_2","is_daily":false,"chose_seed":false,"campfire_upgraded":2,"win_rate":0.0,"timestamp":1610115726,"path_taken":["M","M","?","?","?","E","R","?","T","M","$","R","M","E","R","BOSS","M","$","?","?","M","E","M"],"items_purchased_type":["Relic","Card"],"build_version":"2020-12-22","purchased_purges":1,"victory":false,"max_hp_per_floor":[66,66,66,66,60,60,60,60,60,60,60,60,60,60,60,60,60,60,60,60,60,60,60,60,60],"relic_stats":{"Sozu":1,"counters":[12,54],"Golden Idol":63,"Sundial":[4],"Whetstone":["Strike_G","Quick Slash"],"Smiling Mask":25,"obtain_stats":[{"Sozu":17,"Potion Belt":23,"Anchor":11,"Golden Idol":5,"Sundial":6,"Red Mask":21,"Whetstone":9,"Smiling Mask":14,"Ring of the Snake":0},{"Sozu":7,"Potion Belt":11,"Anchor":4,"Golden Idol":2,"Sundial":3,"Red Mask":9,"Whetstone":3,"Smiling Mask":6,"Ring of the Snake":0},{"Sozu":35,"Potion Belt":50,"Anchor":19,"Golden Idol":8,"Sundial":16,"Red Mask":45,"Whetstone":16,"Smiling Mask":26,"Ring of the Snake":0}],"Ring of the Snake":[24]},"card_choices":[{"not_picked":["Mayhem","Sadistic Nature"],"picked":"Apotheosis","floor":0},{"not_picked":["Eviscerate","Leg Sweep"],"picked":"Quick Slash","floor":1},{"not_picked":["Slice","Outmaneuver"],"picked":"Quick Slash","floor":2},{"not_picked":["Dodge and Roll","Masterful Stab"],"picked":"Corpse Explosion","floor":6},{"not_picked":["Eviscerate","PiercingWail"],"picked":"Sucker Punch","floor":10},{"not_picked":["Accuracy","Catalyst"],"picked":"Dagger Spray","floor":13},{"not_picked":["Masterful Stab","Acrobatics"],"picked":"Blade Dance","floor":14},{"not_picked":["Venomology","Doppelganger"],"picked":"Bullet Time","floor":16},{"not_picked":["Dagger Spray","Setup+1"],"picked":"Choke","floor":18},{"not_picked":["Eviscerate","Poisoned Stab"],"picked":"Backflip","floor":21},{"not_picked":["Prepared","Cloak And Dagger","Setup+1"],"picked":"SKIP","floor":22},{"not_picked":["Slice","Dodge and Roll","Poisoned Stab"],"picked":"SKIP","floor":23}],"player_experience":607213,"relics_obtained":[{"floor":6,"key":"Sundial"},{"floor":9,"key":"Whetstone"},{"floor":14,"key":"Smiling Mask"},{"floor":21,"key":"Red Mask"},{"floor":23,"key":"Potion Belt"}],"event_choices":[{"cards_removed":["Shame"],"damage_healed":0,"gold_gain":0,"player_choice":"Card Removal","damage_taken":7,"max_hp_gain":0,"max_hp_loss":0,"event_name":"Golden Wing","floor":3,"gold_loss":0},{"damage_healed":0,"gold_gain":0,"player_choice":"Ignored","damage_taken":0,"max_hp_gain":0,"max_hp_loss":0,"event_name":"Liars Game","floor":4,"gold_loss":0},{"damage_healed":0,"gold_gain":0,"player_choice":"Lose Max HP","damage_taken":0,"relics_obtained":["Golden Idol"],"max_hp_gain":0,"max_hp_loss":6,"event_name":"Golden Idol","floor":5,"gold_loss":0},{"cards_removed":["Strike_G"],"damage_healed":0,"gold_gain":0,"player_choice":"Purged","damage_taken":0,"max_hp_gain":0,"max_hp_loss":0,"event_name":"Purifier","floor":8,"gold_loss":0},{"damage_healed":0,"gold_gain":0,"player_choice":"Joined the Cult","damage_taken":6,"max_hp_gain":0,"max_hp_loss":0,"event_name":"Nest","floor":20,"gold_loss":0,"cards_obtained":["RitualDagger"]},{"damage_healed":0,"gold_gain":0,"player_choice":"Fought Bandits","damage_taken":0,"max_hp_gain":0,"max_hp_loss":0,"event_name":"Masked Bandits","floor":21,"gold_loss":0}],"is_beta":false,"boss_relics":[{"not_picked":["Empty Cage","Coffee Dripper"],"picked":"Sozu"}],"items_purged_floors":[19],"is_endless":false,"potions_floor_spawned":[6,10,14,16,21],"killed_by":"Cultist and Chosen","ascension_level":20}}