{"host":"q6wyndrixvj3w9nl","time":1610135577,"event":{"mods":["AchievementEnabler","BaseMod","Better Third Choice","Colored Map","Curses Come First","Hermit","Jorbs\u0027s Wanderer Trilogy","Minty Spire (QoL Compilation)","Permanent Neow","Quick Restart","Rare Cards Sparkle","Relic Stats","StSLib","The Cursed","The Hierophant"],"gold_per_floor":[117,117,132,132,148,175,175,205,230,257,257,276,290,309,309,407,407,423,423,38,51,51,51,80,80,160,180,191,205,205,225,225,326,326,340,352,177,197,197,197],"floor_reached":39,"playtime":27413,"items_purged":["Pain"],"score":540,"play_id":"5fe43f06-279d-4c50-8e17-e7b21620d42c","local_time":"20210108205257","is_ascension_mode":true,"campfire_choices":[{"data":"Glass Knife","floor":7,"key":"SMITH"},{"floor":11,"key":"REST"},{"data":"Calculated Gamble","floor":15,"key":"SMITH"},{"data":"Neutralize","floor":23,"key":"SMITH"},{"data":"Infinite Blades","floor":30,"key":"SMITH"},{"floor":32,"key":"REST"}],"circlet_count":0,"master_deck":["Survivor","Neutralize+1","Glass Knife+1","Tactician+1","Storm of Steel+1","Adrenaline","Heel Hook","Grand Finale","Backflip","Choke","Calculated Gamble+1","Reflex","Tools of the Trade","Footwork","Infinite Blades+1","Well Laid Plans","Envenom","Sadistic Nature","Parasite"],"relics":["Pandora\u0027s Box","Snake Skull","Pen Nib","War Paint","Vajra","Shuriken","SlaversCollar","WarpedTongs","Incense Burner","Thread and Needle","Molten Egg 2","Empty Cage"],"acts_visited":["Exordium","TheCity","TheBeyond"],"potions_floor_usage":[16,33,33,38],"damage_taken":[{"damage":1,"enemies":"Jaw Worm","floor":1,"turns":2},{"damage":0,"enemies":"Cultist","floor":3,"turns":2},{"damage":5,"enemies":"2 Louse","floor":5,"turns":2},{"damage":19,"enemies":"3 Sentries","floor":6,"turns":7},{"damage":9,"enemies":"Lagavulin","floor":8,"turns":4},{"damage":13,"enemies":"Gremlin Nob","floor":10,"turns":3},{"damage":9,"enemies":"Blue Slaver","floor":12,"turns":2},{"damage":0,"enemies":"Looter","floor":13,"turns":2},{"damage":0,"enemies":"3 Louse","floor":14,"turns":2},{"damage":4,"enemies":"Hexaghost","floor":16,"turns":4},{"damage":9,"enemies":"Shell Parasite","floor":18,"turns":2},{"damage":0,"enemies":"Spheric Guardian","floor":21,"turns":2},{"damage":22,"enemies":"Slavers","floor":24,"turns":3},{"damage":0,"enemies":"Cultist and Chosen","floor":27,"turns":2},{"damage":5,"enemies":"Shelled Parasite and Fungi","floor":28,"turns":2},{"damage":0,"enemies":"Snecko","floor":29,"turns":4},{"damage":8,"enemies":"Cultist and Chosen","floor":31,"turns":3},{"damage":9,"enemies":"Champ","floor":33,"turns":4},{"damage":29,"enemies":"3 Shapes","floor":35,"turns":3},{"damage":14,"enemies":"3 Darklings","floor":36,"turns":4},{"damage":15,"enemies":"Sphere and 2 Shapes","floor":38,"turns":4},{"damage":14,"enemies":"Writhing Mass","floor":39,"turns":2}],"seed_played":"5878090923642726003","potions_obtained":[{"floor":3,"key":"GhostInAJar"},{"floor":5,"key":"FearPotion"},{"floor":13,"key":"Poison Potion"},{"floor":14,"key":"Dexterity Potion"},{"floor":24,"key":"PowerPotion"},{"floor":28,"key":"PowerPotion"},{"floor":33,"key":"Poison Potion"},{"floor":36,"key":"LiquidBronze"},{"floor":38,"key":"GamblersBrew"}],"is_trial":false,"path_per_floor":["M","?","M","?","M","E","R","E","T","E","R","M","M","M","R","B",null,"M","?","$","M","?","R","E","$","T","M","M","M","R","M","R","B",null,"M","M","$","M","M"],"character_chosen":"THE_SILENT","items_purchased":["Incense Burner","Sadistic Nature"],"campfire_rested":2,"item_purchase_floors":[20,37],"current_hp_per_floor":[69,69,69,51,46,27,27,18,18,5,26,17,17,17,17,13,70,61,61,61,61,61,61,39,39,39,39,34,34,34,26,47,38,70,41,27,27,12,0,0],"gold":197,"neow_bonus":"BOSS_RELIC","is_daily":false,"chose_seed":false,"campfire_upgraded":4,"win_rate":0.0,"timestamp":1610135577,"path_taken":["M","?","M","?","M","E","R","E","T","E","R","M","M","M","R","BOSS","M","?","$","?","?","R","E","$","T","?","M","M","R","M","R","BOSS","M","M","$","M","?"],"items_purchased_type":["Relic","Card"],"build_version":"2020-12-22","purchased_purges":1,"victory":false,"max_hp_per_floor":[70,70,70,70,70,70,70,70,70,70,70,70,70,70,70,70,70,70,70,70,70,70,70,70,70,70,70,70,70,70,70,70,70,70,70,70,70,70,70,70],"relic_stats":{"counters":[22,65],"Shuriken":[38],"Pandora\u0027s Box":["Glass Knife","Tactician","Storm of Steel","Eviscerate","Adrenaline","Heel Hook","Grand Finale","Sucker Punch","Backflip","Choke"],"Snake Skull":[28],"Pen Nib":[17],"War Paint":["Storm of Steel","Tactician"],"obtain_stats":[{"Vajra":9,"Thread and Needle":24,"Snake Skull":4,"Pen Nib":6,"Incense Burner":20,"War Paint":8,"Empty Cage":34,"WarpedTongs":19,"SlaversCollar":17,"Shuriken":10,"Pandora\u0027s Box":0,"Molten Egg 2":26,"Ring of the Snake":0},{"Vajra":5,"Thread and Needle":13,"Snake Skull":2,"Pen Nib":4,"Incense Burner":11,"War Paint":5,"Empty Cage":18,"WarpedTongs":11,"SlaversCollar":10,"Shuriken":6,"Pandora\u0027s Box":0,"Molten Egg 2":13,"Ring of the Snake":0},{"Vajra":17,"Thread and Needle":37,"Snake Skull":4,"Pen Nib":13,"Incense Burner":32,"War Paint":17,"Empty Cage":52,"WarpedTongs":32,"SlaversCollar":30,"Shuriken":20,"Pandora\u0027s Box":0,"Molten Egg 2":37,"Ring of the Snake":0}],"WarpedTongs":[33]},"card_choices":[{"not_picked":["Poisoned Stab","Slice","Concentrate"],"picked":"SKIP","floor":1},{"not_picked":["Deadly Poison","Underhanded Strike","Caltrops"],"picked":"SKIP","floor":3},{"not_picked":["Choke","Blur","Dagger Spray"],"picked":"SKIP","floor":5},{"not_picked":["Deflect","Dash","Outmaneuver"],"picked":"SKIP","floor":6},{"not_picked":["Setup","All Out Attack"],"picked":"Calculated Gamble","floor":8},{"not_picked":["Leg Sweep","Deadly Poison","Endless Agony"],"picked":"SKIP","floor":10},{"not_picked":["Dagger Spray","Poisoned Stab","Dagger Throw"],"picked":"SKIP","floor":12},{"not_picked":["Acrobatics","Blur"],"picked":"Reflex","floor":13},{"not_picked":["Dodge and Roll","Choke","Leg Sweep"],"picked":"SKIP","floor":14},{"not_picked":["Burst","Adrenaline"],"picked":"Tools of the Trade","floor":16},{"not_picked":["Escape Plan","Tactician"],"picked":"Footwork","floor":18},{"not_picked":["Acrobatics","Deflect","Flying Knee"],"picked":"SKIP","floor":21},{"not_picked":["Deadly Poison","Dash","Escape Plan"],"picked":"SKIP","floor":24},{"not_picked":["Skewer+1","Blade Dance"],"picked":"Infinite Blades","floor":27},{"not_picked":["Acrobatics","Blade Dance","Escape Plan"],"picked":"SKIP","floor":28},{"not_picked":["Deflect+1","Bane+1"],"picked":"Well Laid Plans","floor":29},{"not_picked":["Terror+1","Blade Dance","All Out Attack+1"],"picked":"SKIP","floor":31},{"not_picked":["Die Die Die+1","Venomology"],"picked":"Envenom","floor":33},{"not_picked":["Quick Slash+1","Acrobatics","Sucker Punch+1"],"picked":"SKIP","floor":35},{"not_picked":["Quick Slash+1","Skewer+1","Cloak And Dagger+1"],"picked":"SKIP","floor":36},{"not_picked":["Dodge and Roll+1","Flying Knee+1","PiercingWail+1"],"picked":"SKIP","floor":38}],"player_experience":266807,"relics_obtained":[{"floor":6,"key":"Pen Nib"},{"floor":8,"key":"War Paint"},{"floor":9,"key":"Vajra"},{"floor":10,"key":"Shuriken"},{"floor":24,"key":"Thread and Needle"},{"floor":26,"key":"Molten Egg 2"}],"event_choices":[{"cards_removed":["Eviscerate"],"damage_healed":0,"gold_gain":0,"player_choice":"Forget","damage_taken":0,"max_hp_gain":0,"max_hp_loss":0,"event_name":"Living Wall","floor":2,"gold_loss":0},{"damage_healed":0,"gold_gain":0,"player_choice":"Relic ","damage_taken":18,"max_hp_gain":0,"max_hp_loss":0,"event_name":"betterThird:BetterScrap","floor":4,"gold_loss":0,"cards_obtained":["Flame Barrier"]},{"damage_healed":0,"gold_gain":0,"player_choice":"Rummage","damage_taken":0,"relics_obtained":["WarpedTongs"],"max_hp_gain":0,"max_hp_loss":0,"event_name":"Accursed Blacksmith","floor":19,"gold_loss":0,"cards_obtained":["Pain"]},{"damage_healed":0,"gold_gain":0,"player_choice":"Cursed","damage_taken":0,"max_hp_gain":0,"max_hp_loss":0,"event_name":"Wheel of Change","floor":22,"gold_loss":0,"cards_obtained":["Decay"]}],"is_beta":false,"boss_relics":[{"not_picked":["Ectoplasm","Snecko Eye"],"picked":"SlaversCollar"},{"not_picked":["Philosopher\u0027s Stone","Runic Pyramid"],"picked":"Empty Cage"}],"items_purged_floors":[20],"is_endless":false,"potions_floor_spawned":[3,5,13,14,24,28,29,33,36,38],"killed_by":"Writhing Mass","ascension_level":4}}