{"host":"ppgxiu8l5yxvf2gn","time":1610086561,"event":{"mods":["BaseMod","Koishi","Marisa£¨Ùöéë¡¡Øª×âÞÞ£©","Minty Spire (QoL Compilation)","StSLib","Td1madao Mod","The Gatherer","WarShipGirlsR/??á´Ò³R mod"],"gold_per_floor":[116,9133,9133,7824,7824,7854,7865,7931,8012,8026,8046,8074,8074,8100,8100,8205,8205,8225,8242,8258,7387,7352,7393,6457,6457,6457,6447,6464,6464,6464],"floor_reached":29,"playtime":1168,"items_purged":[],"score":460,"play_id":"11650a8a-4438-449b-a7a4-7a323506a3b3","local_time":"20210108151601","is_ascension_mode":true,"campfire_choices":[{"floor":13,"key":"RECALL"},{"data":"rmod:seals","floor":15,"key":"SMITH"},{"data":"Apotheosis","floor":25,"key":"SMITH"}],"circlet_count":0,"master_deck":["rmod:strick","rmod:strick","rmod:defend","rmod:defend","rmod:defend","rmod:defend","rmod:basicallowance","rmod:maingunfire","rmod:fuelsupply","rmod:ammunitionsupply","Apotheosis+1","Panacea","rmod:firesupport","rmod:aluminumsupply","rmod:victimresponsibility","rmod:expeditionaryescort","rmod:fletcherpendant","rmod:tearstotiara","rmod:intelligenceanalysis","rmod:firesupport","rmod:unsinkable","rmod:firesupport","rmod:seals+1","rmod:expedition","rmod:windflower","rmod:openingtorpedo+1","rmod:guardianhero","rmod:aluminumsupply","Mind Blast","Metamorphosis","rmod:guardianhero","rmod:expedition","rmod:overbreakdown","rmod:ammunitionsupply+1","rmod:luckystar","rmod:firesupport+1","rmod:wife","rmod:punchline","Madness","Secret Technique","rmod:wasp","rmod:bulid","rmod:supriseattacks","rmod:overbreakdown"],"relics":["NeowsBlessing","Ancient Tea Set","Gambling Chip","Chemical X","SsserpentHead","Pen Nib","White Beast Statue","Boot","StoneCalendar","rmod:mogul","Vajra","Potion Belt","Orrery","MawBank","PreservedInsect","Torii","Bag of Marbles","Cauldron","Darkstone Periapt"],"acts_visited":["Exordium","TheCity"],"potions_floor_usage":[10,11,12,14,16,18,18,20,23,28,28,28,29,29,29],"damage_taken":[{"damage":0,"enemies":"Cultist","floor":1,"turns":1},{"damage":0,"enemies":"2 Louse","floor":2,"turns":1},{"damage":0,"enemies":"Lagavulin","floor":6,"turns":1},{"damage":0,"enemies":"Small Slimes","floor":7,"turns":3},{"damage":11,"enemies":"Exordium Wildlife","floor":8,"turns":3},{"damage":0,"enemies":"3 Louse","floor":10,"turns":2},{"damage":0,"enemies":"2 Fungi Beasts","floor":11,"turns":3},{"damage":0,"enemies":"Gremlin Nob","floor":12,"turns":3},{"damage":0,"enemies":"Lagavulin","floor":14,"turns":4},{"damage":0,"enemies":"Slime Boss","floor":16,"turns":4},{"damage":31,"enemies":"2 Thieves","floor":18,"turns":4},{"damage":10,"enemies":"Chosen","floor":19,"turns":2},{"damage":13,"enemies":"Shelled Parasite and Fungi","floor":20,"turns":4},{"damage":18,"enemies":"Gremlin Leader","floor":23,"turns":4},{"damage":10,"enemies":"Centurion and Healer","floor":28,"turns":3},{"damage":7,"enemies":"Slavers","floor":29,"turns":1}],"seed_played":"-7469861849156535803","potions_obtained":[{"floor":6,"key":"FearPotion"},{"floor":10,"key":"Swift Potion"},{"floor":11,"key":"FearPotion"},{"floor":12,"key":"Explosive Potion"},{"floor":14,"key":"Fire Potion"},{"floor":16,"key":"FearPotion"},{"floor":18,"key":"ColorlessPotion"},{"floor":19,"key":"SpeedPotion"},{"floor":20,"key":"Energy Potion"},{"floor":23,"key":"SteroidPotion"},{"floor":24,"key":"DistilledChaos"},{"floor":24,"key":"AttackPotion"},{"floor":24,"key":"ColorlessPotion"},{"floor":28,"key":"GamblersBrew"}],"is_trial":false,"path_per_floor":["M","M","T","$","?","E","M","M","T","M","M","E","R","E","R","B",null,"M","M","M","$","?","E","$","R","T","?","M","E"],"character_chosen":"PRAEFECT","items_purchased":["Apotheosis","Panacea","rmod:firesupport","Ancient Tea Set","Gambling Chip","Chemical X","rmod:aluminumsupply","rmod:victimresponsibility","rmod:expeditionaryescort","Regen Potion","Strength Potion","rmod:fletcherpendant","Mind Blast","Metamorphosis","rmod:guardianhero","rmod:expedition","Vajra","Potion Belt","Orrery","Madness","Secret Technique","Torii","Bag of Marbles","rmod:wasp","Cauldron"],"campfire_rested":0,"item_purchase_floors":[4,4,4,4,4,4,4,4,4,4,4,4,21,21,21,21,21,21,21,24,24,24,24,24,24],"current_hp_per_floor":[75,75,75,75,75,75,75,64,64,64,64,64,64,64,64,64,75,53,43,30,30,30,12,12,12,12,12,2,0,0],"gold":6464,"neow_bonus":"THREE_ENEMY_KILL","is_daily":false,"chose_seed":false,"campfire_upgraded":2,"win_rate":0.0,"timestamp":1610086561,"path_taken":["M","M","?","$","?","E","M","?","T","M","M","E","R","E","R","BOSS","M","M","M","$","?","E","$","R","T","?","M","E"],"items_purchased_type":["Card","Card","Card","Relic","Relic","Relic","Card","Card","Card","Potion","Potion","Card","Card","Card","Card","Card","Relic","Relic","Relic","Card","Card","Relic","Relic","Card","Relic"],"build_version":"2020-12-22","purchased_purges":0,"victory":false,"max_hp_per_floor":[75,75,75,75,75,75,75,75,75,75,75,75,75,75,75,75,75,75,75,75,75,75,75,75,75,75,75,75,75,75],"card_choices":[{"not_picked":["rmod:victimresponsibility","rmod:aluminumsupply"],"picked":"rmod:fuelsupply","floor":1},{"not_picked":["rmod:mineteam","rmod:tearstotiara"],"picked":"rmod:ammunitionsupply","floor":2},{"not_picked":["rmod:luckystar","rmod:selfconfidence"],"picked":"rmod:tearstotiara","floor":6},{"not_picked":["rmod:highspeedshooting","rmod:heivgo"],"picked":"rmod:intelligenceanalysis","floor":7},{"not_picked":["rmod:combined","rmod:garrisonisland"],"picked":"rmod:firesupport","floor":8},{"not_picked":["rmod:abidefaith","rmod:combined"],"picked":"rmod:unsinkable","floor":10},{"not_picked":["rmod:heivgo","rmod:launchingtorpedo"],"picked":"rmod:firesupport","floor":11},{"not_picked":["rmod:intelligenceanalysis","rmod:luckystar"],"picked":"rmod:seals","floor":12},{"not_picked":["rmod:goodfighter","rmod:salvage"],"picked":"rmod:expedition","floor":14},{"not_picked":["rmod:secretscript","rmod:timeschanged"],"picked":"rmod:windflower","floor":16},{"not_picked":["rmod:wife+1","rmod:aggressivemary"],"picked":"rmod:openingtorpedo+1","floor":18},{"not_picked":["rmod:selfconfidence+1","rmod:tearstotiara+1"],"picked":"rmod:guardianhero","floor":19},{"not_picked":["rmod:spoils","rmod:circuitoustactics"],"picked":"rmod:aluminumsupply","floor":20},{"not_picked":["rmod:rockthrower","rmod:royalracing+1"],"picked":"rmod:overbreakdown","floor":21},{"not_picked":["rmod:goodsister","rmod:intelligenceanalysis"],"picked":"rmod:ammunitionsupply+1","floor":21},{"not_picked":["rmod:diamondstrike+1","rmod:goodfighter+1"],"picked":"rmod:luckystar","floor":21},{"not_picked":["rmod:luckystar","rmod:smokecover"],"picked":"rmod:firesupport+1","floor":21},{"not_picked":["rmod:aviationdawn","rmod:stealaluminum"],"picked":"rmod:wife","floor":21},{"not_picked":["rmod:supportescort+1","rmod:bulid"],"picked":"rmod:punchline","floor":23},{"not_picked":["rmod:aluminumsupply","rmod:wasp"],"picked":"rmod:overbreakdown","floor":28}],"player_experience":87501,"relics_obtained":[{"floor":6,"key":"Pen Nib"},{"floor":9,"key":"White Beast Statue"},{"floor":12,"key":"Boot"},{"floor":14,"key":"StoneCalendar"},{"floor":23,"key":"PreservedInsect"},{"floor":26,"key":"Darkstone Periapt"}],"event_choices":[{"damage_healed":0,"gold_gain":0,"player_choice":"Trade","damage_taken":0,"relics_obtained":["SsserpentHead"],"max_hp_gain":0,"max_hp_loss":0,"event_name":"FaceTrader","floor":5,"gold_loss":0},{"damage_healed":0,"gold_gain":0,"player_choice":"Obtained Relic","damage_taken":0,"relics_obtained":["MawBank"],"max_hp_gain":0,"max_hp_loss":0,"event_name":"Addict","floor":22,"gold_loss":85},{"damage_healed":0,"gold_gain":0,"cards_transformed":["rmod:strick","rmod:strick"],"player_choice":"Transformed Cards","damage_taken":0,"max_hp_gain":0,"max_hp_loss":0,"event_name":"Designer","floor":27,"gold_loss":60,"cards_obtained":["rmod:bulid","rmod:supriseattacks"]}],"is_beta":false,"boss_relics":[{"not_picked":["Runic Pyramid","Sozu"],"picked":"rmod:mogul"}],"items_purged_floors":[],"is_endless":false,"potions_floor_spawned":[6,7,10,11,12,14,16,18,19,20,23,28],"killed_by":"Slavers","ascension_level":1}}