{"host":"6pgtslebjnyv5xmi","time":1610104794,"event":{"mods":["AchievementEnabler","BaseMod","Colored Map","Minty Spire (QoL Compilation)","Rare Cards Sparkle","StSLib","SuperFastMode","The Hierophant","everything is the same but u backflip on backflip"],"gold_per_floor":[18,29,48,48,48,48,48,48,121,164,239,239,262,276,276,372,372,385,406,39,39,39,39,62,62,62,62,62,85,109,109,109],"floor_reached":31,"playtime":1326,"items_purged":["Strike_R"],"score":400,"play_id":"7ae3507c-40df-46de-a0b4-4a0bc4047bc5","local_time":"20210108201954","is_ascension_mode":true,"campfire_choices":[{"data":"Flex","floor":6.0,"key":"SMITH"},{"data":"Flame Barrier","floor":8.0,"key":"SMITH"},{"data":"Sword Boomerang","floor":15.0,"key":"SMITH"},{"data":"Spot Weakness","floor":23.0,"key":"SMITH"},{"data":"Inflame","floor":25.0,"key":"SMITH"},{"data":"Exhume","floor":28,"key":"SMITH"}],"circlet_count":0,"master_deck":["AscendersBane","Strike_R","Strike_R","Strike_R","Defend_R","Defend_R","Defend_R","Defend_R","Bash","Flame Barrier+1","Flex+1","Disarm","Sword Boomerang+1","Exhume+1","Flex","Spot Weakness+1","Inflame+1","Feed","Panacea"],"relics":["Burning Blood","CaptainsWheel","Potion Belt","Golden Idol","Ornamental Fan","Shuriken","SlaversCollar","Ginger","Ice Cream"],"acts_visited":["Exordium","TheCity"],"potions_floor_usage":[29,30,31],"damage_taken":[{"damage":0.0,"enemies":"2 Louse","floor":1.0,"turns":3.0},{"damage":8.0,"enemies":"Jaw Worm","floor":2.0,"turns":6.0},{"damage":5.0,"enemies":"Small Slimes","floor":3.0,"turns":3.0},{"damage":15.0,"enemies":"Gremlin Nob","floor":10.0,"turns":4.0},{"damage":12.0,"enemies":"Exordium Wildlife","floor":13.0,"turns":8.0},{"damage":11.0,"enemies":"Gremlin Gang","floor":14.0,"turns":8.0},{"damage":23.0,"enemies":"The Guardian","floor":16.0,"turns":9.0},{"damage":29.0,"enemies":"Shell Parasite","floor":18.0,"turns":12.0},{"damage":7.0,"enemies":"Spheric Guardian","floor":19.0,"turns":4.0},{"damage":20.0,"enemies":"Snecko","floor":24.0,"turns":7.0},{"damage":32,"enemies":"Centurion and Healer","floor":29,"turns":6},{"damage":20,"enemies":"Shelled Parasite and Fungi","floor":30,"turns":5},{"damage":12,"enemies":"Chosen and Byrds","floor":31,"turns":1}],"seed_played":"5074752182399888979","potions_obtained":[{"floor":1.0,"key":"FearPotion"},{"floor":3.0,"key":"EssenceOfSteel"},{"floor":13.0,"key":"AttackPotion"},{"floor":14.0,"key":"BloodPotion"},{"floor":24.0,"key":"BloodPotion"},{"floor":29,"key":"Swift Potion"},{"floor":30,"key":"LiquidBronze"}],"is_trial":false,"path_per_floor":["M","M","M","?","?","R","$","R","T","E","?","?","M","M","R","B",null,"M","M","$","?","$","R","M","R","T","?","R","M","M","M"],"character_chosen":"IRONCLAD","items_purchased":["Ginger"],"campfire_rested":0,"item_purchase_floors":[20],"current_hp_per_floor":[74,72,73,66,66,66,66,66,66,57,46,46,40,35,35,18,56,46,45,45,45,45,45,31,31,31,31,31,21,7,0,0],"gold":109,"neow_bonus":"ONE_RARE_RELIC","is_daily":false,"chose_seed":false,"campfire_upgraded":6,"win_rate":0.0,"timestamp":1610104794,"path_taken":["M","M","M","?","?","R","?","R","T","E","?","?","M","M","R","BOSS","M","M","$","?","$","R","M","R","T","?","R","M","M","?"],"items_purchased_type":["Relic"],"build_version":"2020-12-22","purchased_purges":1,"victory":false,"max_hp_per_floor":[75,75,75,75,69,69,69,69,69,69,69,69,69,69,69,69,69,69,69,69,69,69,69,69,69,69,69,69,72,72,72,72],"card_choices":[{"not_picked":["Infernal Blade","Clash"],"picked":"Flame Barrier","floor":1.0},{"not_picked":["Dropkick","Body Slam"],"picked":"Flex","floor":2.0},{"not_picked":["Headbutt","Shrug It Off"],"picked":"Disarm","floor":3.0},{"not_picked":["True Grit","Anger","Clash"],"picked":"SKIP","floor":10.0},{"not_picked":["Burning Pact","Armaments","Rage"],"picked":"SKIP","floor":13.0},{"not_picked":["Metallicize","Bloodletting"],"picked":"Sword Boomerang","floor":14.0},{"not_picked":["Fiend Fire","Offering"],"picked":"Exhume","floor":16.0},{"not_picked":["Rage+1","Cleave","Perfected Strike"],"picked":"SKIP","floor":18.0},{"not_picked":["Clash","Body Slam"],"picked":"Flex","floor":19.0},{"not_picked":["Flex","Burning Pact"],"picked":"Inflame","floor":24.0},{"not_picked":["Blood for Blood","Warcry","Perfected Strike"],"picked":"SKIP","floor":29},{"not_picked":["Perfected Strike","Sever Soul","Shockwave"],"picked":"SKIP","floor":30}],"player_experience":907871,"relics_obtained":[{"floor":9.0,"key":"Ornamental Fan"},{"floor":10.0,"key":"Shuriken"},{"floor":26.0,"key":"Ice Cream"}],"event_choices":[{"damage_healed":0.0,"max_hp_gain":0.0,"max_hp_loss":0.0,"gold_gain":0.0,"event_name":"Scrap Ooze","player_choice":"Success","floor":4.0,"gold_loss":0.0,"damage_taken":7.0,"relics_obtained":["Potion Belt"]},{"damage_healed":0.0,"max_hp_gain":0.0,"max_hp_loss":6.0,"gold_gain":0.0,"event_name":"Golden Idol","player_choice":"Lose Max HP","floor":5.0,"gold_loss":0.0,"damage_taken":0.0,"relics_obtained":["Golden Idol"]},{"damage_healed":0.0,"max_hp_gain":0.0,"max_hp_loss":0.0,"gold_gain":75.0,"event_name":"World of Goop","player_choice":"Gather Gold","floor":11.0,"gold_loss":0.0,"damage_taken":11.0},{"cards_removed":["Strike_R"],"damage_healed":0.0,"max_hp_gain":0.0,"max_hp_loss":0.0,"gold_gain":0.0,"event_name":"Living Wall","player_choice":"Forget","floor":12.0,"gold_loss":0.0,"damage_taken":0.0},{"damage_healed":0.0,"max_hp_gain":0.0,"max_hp_loss":0.0,"gold_gain":0.0,"event_name":"The Library","player_choice":"Read","floor":21.0,"gold_loss":0.0,"damage_taken":0.0,"cards_obtained":["Spot Weakness"]},{"damage_healed":0,"gold_gain":0,"player_choice":"2 cards matched","damage_taken":0,"max_hp_gain":0,"max_hp_loss":0,"event_name":"Match and Keep!","floor":27,"gold_loss":0,"cards_obtained":["Feed","Panacea"]}],"is_beta":false,"boss_relics":[{"not_picked":["Sozu","Runic Cube"],"picked":"SlaversCollar"}],"items_purged_floors":[20],"is_endless":false,"potions_floor_spawned":[1,3,13,14,24,29,30],"killed_by":"Chosen and Byrds","ascension_level":14}}