{"host":"bpkhhmvsfrvlto2l","time":1610074813,"event":{"mods":["2.2 Compatiblity","AchievementEnabler","Act Like it!","AlwaysNeverKeys","Aspiration","BaseMod","Better Silent Start","Challenge The Spire","Colored Map","Colored Powertips","Custom Start","Downfall","Energized Spire","Friendly Minions","GifTheSpireLib","Halation","Hubris","Infinite Spire","Ironclad Rager","Mimic Mod","Minty Spire (QoL Compilation)","Permanent Neow","Quick Restart","Random Character Button","Relic Sorter","Replay The Spire","Spikes Relics","StSLib","Stuff the Spire","Swap Starting Deck Mod","Trackpad"],"gold_per_floor":[118,130,145,145,157,157,167,167,167,167,196,206,222,187,187,289,289,306,325,343,45,60,94,94,94,94],"floor_reached":25,"playtime":689,"items_purged":["Strike_B"],"score":315,"play_id":"3b64ecac-7399-43c3-a06a-d73bcfd3d63d","local_time":"20210107220013","is_ascension_mode":true,"campfire_choices":[{"data":"Dualcast","floor":6,"key":"SMITH"},{"data":"Ball Lightning","floor":8,"key":"SMITH"},{"data":"Ball Lightning","floor":10,"key":"SMITH"},{"data":"Defend_B","floor":15,"key":"SMITH"},{"floor":24,"key":"REST"}],"circlet_count":0,"master_deck":["Strike_B","Strike_B","Strike_B","Defend_B","Defend_B","Defend_B","Defend_B+1","Zap+1","Dualcast+1","Ball Lightning+1","Ball Lightning+1","Ball Lightning+1","StuffTheSpire:Synthwave"],"relics":["Cracked Core","hubris:SphereOfDissonance","trackpad:WondrousWand","SlaversCollar","Gremlin Food","Durian"],"acts_visited":["Exordium","TheCity"],"potions_floor_usage":[11,16,16,20,22,23],"damage_taken":[{"damage":6,"enemies":"Cultist","floor":1,"turns":3},{"damage":6,"enemies":"2 Louse","floor":2,"turns":2},{"damage":2,"enemies":"Jaw Worm","floor":3,"turns":3},{"damage":6,"enemies":"Looter","floor":5,"turns":2},{"damage":0,"enemies":"2 Fungi Beasts","floor":7,"turns":2},{"damage":5,"enemies":"Lagavulin","floor":11,"turns":3},{"damage":0,"enemies":"Blue Slaver","floor":12,"turns":1},{"damage":0,"enemies":"3 Louse","floor":13,"turns":1},{"damage":17,"enemies":"The Guardian","floor":16,"turns":6},{"damage":1,"enemies":"Spheric Guardian","floor":18,"turns":3},{"damage":17,"enemies":"2 Thieves","floor":19,"turns":3},{"damage":14,"enemies":"Shelled Parasite and Fungi","floor":20,"turns":2},{"damage":33,"enemies":"3 Cultists","floor":22,"turns":4},{"damage":0,"enemies":"Gremlin Leader","floor":23,"turns":4},{"damage":41,"enemies":"Book of Stabbing","floor":25,"turns":3}],"seed_played":"-642419230208074970","potions_obtained":[{"floor":7,"key":"Swift Potion"},{"floor":11,"key":"Fire Potion"},{"floor":12,"key":"PowerPotion"},{"floor":13,"key":"FocusPotion"},{"floor":19,"key":"Swift Potion"},{"floor":22,"key":"Explosive Potion"}],"is_trial":false,"path_per_floor":["M","M","M","?","M","R","M","R","T","R","E","M","M","?","R","B",null,"M","M","M","$","M","E","R","E"],"character_chosen":"DEFECT","items_purchased":["StuffTheSpire:Synthwave","Gremlin Food"],"campfire_rested":1,"item_purchase_floors":[21,21],"current_hp_per_floor":[74,68,66,66,60,60,60,60,60,60,55,55,55,75,75,58,75,74,57,43,43,10,15,40,0,0],"gold":94,"neow_bonus":"RANDOM_EVENT","is_daily":false,"chose_seed":false,"campfire_upgraded":4,"win_rate":0.0,"timestamp":1610074813,"path_taken":["M","?","M","?","M","R","M","R","T","R","E","?","M","?","R","BOSS","M","M","M","$","M","E","R","E"],"items_purchased_type":["Card","Relic"],"build_version":"2020-12-22","purchased_purges":1,"victory":false,"max_hp_per_floor":[80,80,80,80,80,80,80,80,80,80,80,80,80,80,80,80,80,80,80,80,80,80,85,85,85,85],"card_choices":[{"not_picked":["Rebound","Hologram"],"picked":"Ball Lightning","floor":2},{"not_picked":["Barrage","Steam"],"picked":"Ball Lightning","floor":3},{"not_picked":["ReplayTheSpireMod:Calculation Training+1","Steam"],"picked":"Ball Lightning","floor":19}],"player_experience":40637,"relics_obtained":[{"floor":9,"key":"hubris:SphereOfDissonance"},{"floor":11,"key":"trackpad:WondrousWand"},{"floor":23,"key":"Durian"}],"event_choices":[{"damage_healed":0,"gold_gain":0,"player_choice":"Donut","damage_taken":0,"max_hp_gain":5,"max_hp_loss":0,"event_name":"Big Fish","floor":0,"gold_loss":0},{"damage_healed":0,"gold_gain":0,"player_choice":"Forge","damage_taken":0,"max_hp_gain":0,"max_hp_loss":0,"event_name":"Accursed Blacksmith","floor":4,"gold_loss":0,"cards_upgraded":["Zap"]},{"damage_healed":20,"gold_gain":0,"player_choice":"Healed","damage_taken":0,"max_hp_gain":0,"max_hp_loss":0,"event_name":"The Cleric","floor":14,"gold_loss":35}],"is_beta":false,"boss_relics":[{"not_picked":["aspiration:IroncladSkillbook","energizedSpire:CursedPentagram"],"picked":"SlaversCollar"}],"items_purged_floors":[21],"is_endless":false,"potions_floor_spawned":[7,11,12,13,19,22],"killed_by":"Book of Stabbing","ascension_level":5}}