{"host":"o5jvvi5yapo90aia","time":1610111394,"event":{"mods":["BaseMod","CapriCore","Minty Spire (QoL Compilation)","MostiFishMod","Prisma Mod","Spicy Shops","StSLib","TestMod","The Immortal","Yakumo Yukari mod","【人物mod】游戏王New YuGiOh mod","【功能Mod】Neow奖励"],"gold_per_floor":[120,145,165,165,165,201,201,218,292,308,372,408,430,466,466,553,553,569,589,514,514,527,556,573,606,631,631,663,680,186,186,186,271,271,295,295,316,372,372,412,287,315,342,393,405,441,453,488,500,519,531,543,555,36,68,72],"floor_reached":57,"playtime":1306,"items_purged":["Defend_R","Strike_R","Strike_R+1"],"score":3865,"play_id":"f8f0e427-3e24-403e-95d1-e3d938e07058","local_time":"20210108210954","is_ascension_mode":true,"campfire_choices":[{"data":"Strike_R","floor":7.0,"key":"PURGE"},{"data":"Strike_R","floor":15.0,"key":"PURGE"},{"data":"Strike_R","floor":27.0,"key":"PURGE"},{"data":"Entrench","floor":32.0,"key":"SMITH"},{"floor":45.0,"key":"RECALL"},{"data":"Barricade","floor":49.0,"key":"SMITH"},{"data":"Impervious","floor":53.0,"key":"SMITH"}],"circlet_count":0,"master_deck":["AscendersBane","Defend_R+1","Barricade+1","Impervious+1","Entrench+1","Body Slam+1","MostiFishMod:DarkDeal","testmod-AutoReboundSystem","Shrug It Off"],"relics":["DaveBox","testmod-TestBox","SacredBark","ExusiaiGun","testmod-Alchemist","Ginger","Gremlin Horn","Oddly Smooth Stone","testmod-BalancedPeriapt","Potion Belt","HereWithMe","Pen Nib","Akabeko","Kunai","testmod-TheFather","testmod-CardMagician","testmod-Déjàvu","Pear","testmod-TurbochargingSystem","MawBank","Magic Flower","Bag of Preparation","Medical Kit","Sundial"],"acts_visited":["Exordium","TheCity","TheBeyond","TheEnding"],"potions_floor_usage":[56,56,56],"damage_taken":[{"damage":0.0,"enemies":"2 Louse","floor":1.0,"turns":1.0},{"damage":0.0,"enemies":"Small Slimes","floor":2.0,"turns":2.0},{"damage":0.0,"enemies":"Jaw Worm","floor":3.0,"turns":1.0},{"damage":0.0,"enemies":"Gremlin Nob","floor":6.0,"turns":2.0},{"damage":0.0,"enemies":"Looter","floor":8.0,"turns":1.0},{"damage":0.0,"enemies":"Exordium Thugs","floor":10.0,"turns":2.0},{"damage":0.0,"enemies":"Gremlin Nob","floor":11.0,"turns":2.0},{"damage":0.0,"enemies":"Lagavulin","floor":12.0,"turns":3.0},{"damage":0.0,"enemies":"Blue Slaver","floor":13.0,"turns":1.0},{"damage":0.0,"enemies":"Gremlin Nob","floor":14.0,"turns":2.0},{"damage":22.0,"enemies":"The Guardian","floor":16.0,"turns":5.0},{"damage":0.0,"enemies":"3 Byrds","floor":18.0,"turns":3.0},{"damage":0.0,"enemies":"2 Thieves","floor":19.0,"turns":2.0},{"damage":0.0,"enemies":"Sentry and Sphere","floor":22.0,"turns":1.0},{"damage":0.0,"enemies":"Book of Stabbing","floor":23.0,"turns":2.0},{"damage":0.0,"enemies":"Centurion and Healer","floor":24.0,"turns":1.0},{"damage":0.0,"enemies":"Slavers","floor":25.0,"turns":3.0},{"damage":12.0,"enemies":"Book of Stabbing","floor":28.0,"turns":3.0},{"damage":1.0,"enemies":"Chosen and Byrds","floor":29.0,"turns":3.0},{"damage":0.0,"enemies":"Collector","floor":33.0,"turns":1.0},{"damage":0.0,"enemies":"3 Shapes","floor":35.0,"turns":2.0},{"damage":0.0,"enemies":"Orb Walker","floor":37.0,"turns":2.0},{"damage":0.0,"enemies":"2 Orb Walkers","floor":38.0,"turns":2.0},{"damage":0.0,"enemies":"Reptomancer","floor":40.0,"turns":2.0},{"damage":0.0,"enemies":"Nemesis","floor":42.0,"turns":3.0},{"damage":0.0,"enemies":"Reptomancer","floor":44.0,"turns":1.0},{"damage":0.0,"enemies":"Transient","floor":46.0,"turns":3.0},{"damage":0.0,"enemies":"3 Darklings","floor":48.0,"turns":2.0},{"damage":0.0,"enemies":"Awakened One","floor":50.0,"turns":2.0},{"damage":0.0,"enemies":"Time Eater","floor":51.0,"turns":4.0},{"damage":0,"enemies":"Shield and Spear","floor":55,"turns":1},{"damage":0,"enemies":"The Heart","floor":56,"turns":4}],"seed_played":"4122404642725849004","potions_obtained":[{"floor":2.0,"key":"Regen Potion"},{"floor":3.0,"key":"Weak Potion"},{"floor":10.0,"key":"CultistPotion"},{"floor":11.0,"key":"SmokeBomb"},{"floor":16.0,"key":"FearPotion"},{"floor":22.0,"key":"FairyPotion"},{"floor":25.0,"key":"Explosive Potion"},{"floor":29.0,"key":"GamblersBrew"},{"floor":40.0,"key":"BloodPotion"}],"is_trial":false,"path_per_floor":["M","M","M","?","?","E","R","M","T","M","?","E","M","E","R","B",null,"M","M","?","?","M","E","M","E","T","R","E","M","$","?","R","B",null,"M","?","M","?","?","E","$","E","T","E","R","M","?","M","R","B","B",null,"R","$","E","B",null],"character_chosen":"IRONCLAD","items_purchased":["testmod-TheFather","Bag of Preparation","Medical Kit","testmod-AutoReboundSystem"],"campfire_rested":0,"item_purchase_floors":[30,54,54,54],"current_hp_per_floor":[70,72,74,74,51,53,53,55,55,57,59,61,63,65,65,45,68,69,70,70,49,50,51,52,53,53,53,42,42,42,42,42,43,67,68,64,65,66,66,75,75,75,75,75,75,75,75,75,75,75,75,75,75,75,75,75],"gold":72,"neow_bonus":"BOSS_RELIC","is_daily":false,"chose_seed":false,"campfire_upgraded":3,"win_rate":0.0,"timestamp":1610111394,"path_taken":["M","M","M","?","?","E","R","M","T","M","?","E","M","E","R","BOSS","M","M","?","?","M","E","M","E","T","R","E","M","$","?","R","BOSS","M","?","M","?","?","E","$","E","T","E","R","M","?","?","R","BOSS","BOSS","R","$","E","BOSS"],"items_purchased_type":["Relic","Relic","Relic","Card"],"build_version":"2020-12-22","purchased_purges":3,"victory":true,"max_hp_per_floor":[75,75,75,75,75,75,75,75,75,75,75,75,75,75,75,75,75,75,75,75,75,75,75,75,75,75,75,75,75,75,75,75,75,75,75,75,75,75,75,75,75,75,75,75,75,75,75,75,75,75,75,75,75,75,75,75],"card_choices":[{"not_picked":["Thunderclap","True Grit","Wild Strike"],"picked":"SKIP","floor":1.0},{"not_picked":["Warcry","Body Slam","Spot Weakness"],"picked":"SKIP","floor":2.0},{"not_picked":["Hemokinesis","True Grit","Thunderclap"],"picked":"SKIP","floor":3.0},{"not_picked":["Sever Soul","Pommel Strike"],"picked":"Barricade","floor":6.0},{"not_picked":["Shockwave","Clothesline","Iron Wave"],"picked":"SKIP","floor":8.0},{"not_picked":["Headbutt","Clothesline","Spot Weakness"],"picked":"SKIP","floor":10.0},{"not_picked":["Metallicize","Wild Strike","Anger"],"picked":"SKIP","floor":12.0},{"not_picked":["Shrug It Off","Thunderclap","Clash"],"picked":"SKIP","floor":13.0},{"not_picked":["Whirlwind","Perfected Strike","Pommel Strike"],"picked":"SKIP","floor":14.0},{"not_picked":["MostiFishMod:KnuckleDown","MostiFishMod:OrdinaryWorld"],"picked":"Impervious","floor":16.0},{"not_picked":["Twin Strike","MostiFishMod:BrandingRite","Combust"],"picked":"SKIP","floor":18.0},{"not_picked":["Sword Boomerang","Shockwave+1"],"picked":"Entrench","floor":19.0},{"not_picked":["MostiFishMod:#F4004","Warcry"],"picked":"Body Slam+1","floor":22.0},{"not_picked":["Dark Embrace","Evolve","Whirlwind"],"picked":"SKIP","floor":23.0},{"not_picked":["Bloodletting+1","Perfected Strike+1","Fire Breathing"],"picked":"SKIP","floor":24.0},{"not_picked":["Wild Strike","Power Through","Berserk"],"picked":"SKIP","floor":25.0},{"not_picked":["Clash+1","Heavy Blade","Shockwave"],"picked":"SKIP","floor":28.0},{"not_picked":["Clash","Feel No Pain","True Grit"],"picked":"SKIP","floor":29.0},{"not_picked":["Limit Break","MostiFishMod:NewArrival"],"picked":"MostiFishMod:DarkDeal","floor":33.0},{"not_picked":["Heavy Blade","True Grit","Clash"],"picked":"SKIP","floor":35.0},{"not_picked":["Clothesline","True Grit","Uppercut+1"],"picked":"SKIP","floor":37.0},{"not_picked":["Impervious","Entrench","Infernal Blade"],"picked":"SKIP","floor":40.0},{"not_picked":["Thunderclap","True Grit","Clash"],"picked":"SKIP","floor":42.0},{"not_picked":["Sever Soul","Body Slam+1","Battle Trance"],"picked":"SKIP","floor":44.0},{"not_picked":["Heavy Blade+1","MostiFishMod:DarkDeal","True Grit"],"picked":"SKIP","floor":46.0},{"not_picked":["Flex","Warcry","Feel No Pain"],"picked":"SKIP","floor":48.0},{"not_picked":["Searing Blow","MostiFishMod:CullingBlade"],"picked":"Shrug It Off","floor":55}],"player_experience":1392286,"relics_obtained":[{"floor":6.0,"key":"Ginger"},{"floor":9.0,"key":"Gremlin Horn"},{"floor":11.0,"key":"Oddly Smooth Stone"},{"floor":12.0,"key":"testmod-BalancedPeriapt"},{"floor":14.0,"key":"Potion Belt"},{"floor":23.0,"key":"Pen Nib"},{"floor":25.0,"key":"Akabeko"},{"floor":28.0,"key":"Kunai"},{"floor":38.0,"key":"testmod-Déjàvu"},{"floor":40.0,"key":"Pear"},{"floor":42.0,"key":"testmod-TurbochargingSystem"},{"floor":43.0,"key":"MawBank"},{"floor":44.0,"key":"Magic Flower"},{"floor":55,"key":"Sundial"}],"event_choices":[{"damage_healed":0.0,"max_hp_gain":0.0,"max_hp_loss":0.0,"gold_gain":0.0,"event_name":"Liars Game","player_choice":"Ignored","floor":4.0,"gold_loss":0.0,"damage_taken":0.0},{"damage_healed":0.0,"max_hp_gain":0.0,"max_hp_loss":0.0,"gold_gain":0.0,"event_name":"Shining Light","player_choice":"Entered Light","floor":5.0,"gold_loss":0.0,"damage_taken":23.0,"cards_upgraded":["Strike_R","Defend_R"]},{"damage_healed":0.0,"max_hp_gain":0.0,"max_hp_loss":0.0,"gold_gain":30.0,"event_name":"Dead Adventurer","player_choice":"Searched \u00272\u0027 times","floor":11.0,"gold_loss":0.0,"damage_taken":0.0},{"cards_removed":["Defend_R"],"damage_healed":0.0,"max_hp_gain":0.0,"max_hp_loss":0.0,"gold_gain":0.0,"event_name":"Beggar","player_choice":"Gave Gold","floor":20.0,"gold_loss":75.0,"damage_taken":0.0},{"damage_healed":0.0,"max_hp_gain":5.0,"max_hp_loss":0.0,"gold_gain":0.0,"event_name":"Forgotten Altar","player_choice":"Shed Blood","floor":21.0,"gold_loss":0.0,"damage_taken":26.0},{"cards_removed":["Defend_R"],"damage_healed":0.0,"max_hp_gain":0.0,"max_hp_loss":0.0,"gold_gain":0.0,"event_name":"Bonfire Elementals","player_choice":"Offered Basic","floor":31.0,"gold_loss":0.0,"damage_taken":0.0},{"damage_healed":0.0,"max_hp_gain":0.0,"max_hp_loss":4.0,"gold_gain":0.0,"event_name":"Winding Halls","player_choice":"Max HP","floor":36.0,"gold_loss":0.0,"damage_taken":0.0},{"damage_healed":0.0,"max_hp_gain":0.0,"max_hp_loss":0.0,"gold_gain":0.0,"event_name":"Mysterious Sphere","player_choice":"Fight","floor":38.0,"gold_loss":0.0,"damage_taken":0.0},{"damage_healed":0.0,"max_hp_gain":0.0,"max_hp_loss":0.0,"gold_gain":0.0,"event_name":"Tomb of Lord Red Mask","player_choice":"Ignored","floor":39.0,"gold_loss":0.0,"damage_taken":0.0},{"cards_removed":["Bash"],"damage_healed":0.0,"max_hp_gain":0.0,"max_hp_loss":0.0,"gold_gain":0.0,"event_name":"Falling","player_choice":"Removed Attack","floor":47.0,"gold_loss":0.0,"damage_taken":0.0}],"is_beta":false,"boss_relics":[{"not_picked":["testmod-BatchProcessingSystem","testmod-IncinerationGenerator"],"picked":"HereWithMe"},{"not_picked":["Pandora\u0027s Box","BloodWine"],"picked":"testmod-CardMagician"}],"items_purged_floors":[30,30,41],"is_endless":false,"potions_floor_spawned":[2,3,10,11,16,22,25,28,29,37,38,40,46,48,55],"ascension_level":20}}