{"host":"cbu6enf2xtq4r7r3","time":1610065588,"event":{"mods":["2.2 Compatiblity","AlwaysNeverKeys","BaseMod","Better Match","Better Note","Better Sensory Stone","Better Skull","Better Third Choice","Colored Map","Colored Powertips","Defuse TimeMaze Blight","Emptier Cage","Minty Spire (QoL Compilation)","Permanent Neow","Quick Restart","Random Character Button","Relic Sorter","Reorder Act Four","Shop Mod","StSLib"],"gold_per_floor":[110,128,138,138,19,19,44,44,44,44,78,98,131,141,141,241,241,252,268,468,480,480,512,512,567,640,640,675,675,585,618,618,722,722,732,732,380,396,412,445,445,445,445,465,495,495,123,149,149,149,149,4,4,34,34],"floor_reached":56,"playtime":2315,"items_purged":["Strike_G","Strike_G+1","Strike_G+1"],"score":1712,"play_id":"bf3d650c-d126-49d7-8a9a-5af7ec8cd60e","local_time":"20210108012628","is_ascension_mode":true,"campfire_choices":[{"data":"Dagger Spray","floor":6.0,"key":"SMITH"},{"data":"Neutralize","floor":8.0,"key":"SMITH"},{"data":"Poisoned Stab","floor":10.0,"key":"SMITH"},{"data":"Deadly Poison","floor":15.0,"key":"SMITH"},{"data":"Cloak And Dagger","floor":24.0,"key":"SMITH"},{"data":"Deadly Poison","floor":27.0,"key":"SMITH"},{"data":"Footwork","floor":32.0,"key":"SMITH"},{"data":"Deflect","floor":41,"key":"SMITH"},{"data":"Noxious Fumes","floor":49,"key":"SMITH"},{"data":"Caltrops","floor":53,"key":"SMITH"}],"circlet_count":0,"master_deck":["Defend_G","Defend_G","Defend_G","Defend_G","Defend_G","Survivor","Neutralize+1","Slice+1","Poisoned Stab+1","Dagger Spray+1","Leg Sweep","Unload","Deflect+1","Deadly Poison+1","Caltrops+1","Malaise","Cloak And Dagger+1","Deadly Poison+1","Footwork+1","Blur+1","Phantasmal Killer","PiercingWail+1","Blur+1","Noxious Fumes+1","Caltrops+1","Backflip","Slice+1"],"relics":["Ring of the Snake","Akabeko","Gremlin Horn","Ornamental Fan","MealTicket","White Beast Statue","Busted Crown","Thread and Needle","Ninja Scroll","Kunai","Molten Egg 2","Blood Vial","Smiling Mask","SacredBark","ClockworkSouvenir","Toy Ornithopter","Potion Belt","Incense Burner","Shuriken","Unceasing Top","Chemical X","Meat on the Bone","Letter Opener"],"acts_visited":["Exordium","TheCity","TheBeyond","TheEnding"],"potions_floor_usage":[33,38,39,40,46,50,54,55,55,55,55,55],"damage_taken":[{"damage":0.0,"enemies":"Small Slimes","floor":1.0,"turns":4.0},{"damage":0.0,"enemies":"Jaw Worm","floor":2.0,"turns":2.0},{"damage":0.0,"enemies":"2 Louse","floor":3.0,"turns":3.0},{"damage":2.0,"enemies":"3 Sentries","floor":7.0,"turns":6.0},{"damage":15.0,"enemies":"Lagavulin","floor":11.0,"turns":5.0},{"damage":0.0,"enemies":"Looter","floor":12.0,"turns":2.0},{"damage":0.0,"enemies":"3 Sentries","floor":13.0,"turns":2.0},{"damage":0.0,"enemies":"3 Louse","floor":14.0,"turns":1.0},{"damage":14.0,"enemies":"Hexaghost","floor":16.0,"turns":8.0},{"damage":0.0,"enemies":"2 Thieves","floor":18.0,"turns":3.0},{"damage":0.0,"enemies":"3 Byrds","floor":19.0,"turns":4.0},{"damage":0.0,"enemies":"Centurion and Healer","floor":21.0,"turns":6.0},{"damage":11.0,"enemies":"Book of Stabbing","floor":23.0,"turns":5.0},{"damage":1.0,"enemies":"Slavers","floor":25.0,"turns":5.0},{"damage":0.0,"enemies":"Book of Stabbing","floor":28.0,"turns":6.0},{"damage":0.0,"enemies":"Gremlin Leader","floor":31.0,"turns":4.0},{"damage":21,"enemies":"Collector","floor":33,"turns":13},{"damage":0,"enemies":"3 Darklings","floor":35,"turns":2},{"damage":4,"enemies":"3 Shapes","floor":38,"turns":3},{"damage":0,"enemies":"Sphere and 2 Shapes","floor":39,"turns":5},{"damage":1,"enemies":"Nemesis","floor":40,"turns":9},{"damage":0,"enemies":"Maw","floor":44,"turns":9},{"damage":0,"enemies":"Reptomancer","floor":45,"turns":5},{"damage":0,"enemies":"Writhing Mass","floor":46,"turns":2},{"damage":0,"enemies":"Nemesis","floor":48,"turns":7},{"damage":0,"enemies":"Awakened One","floor":50,"turns":11},{"damage":18,"enemies":"Shield and Spear","floor":54,"turns":6},{"damage":13,"enemies":"The Heart","floor":55,"turns":9}],"seed_played":"-5497542646255753078","potions_obtained":[{"floor":7.0,"key":"Weak Potion"},{"floor":11.0,"key":"FairyPotion"},{"floor":13.0,"key":"SkillPotion"},{"floor":16.0,"key":"Ancient Potion"},{"floor":18.0,"key":"Block Potion"},{"floor":19.0,"key":"DuplicationPotion"},{"floor":21.0,"key":"Energy Potion"},{"floor":23.0,"key":"ColorlessPotion"},{"floor":25.0,"key":"SpeedPotion"},{"floor":31.0,"key":"Regen Potion"},{"floor":33,"key":"Weak Potion"},{"floor":35,"key":"DistilledChaos"},{"floor":38,"key":"GamblersBrew"},{"floor":39,"key":"Weak Potion"},{"floor":40,"key":"SmokeBomb"},{"floor":44,"key":"SteroidPotion"},{"floor":45,"key":"Energy Potion"},{"floor":54,"key":"DuplicationPotion"}],"is_trial":false,"path_per_floor":["M","M","M","?","$","R","E","R","T","R","E","M","E","M","R","B",null,"M","M","?","M","T","E","R","E","T","R","E","?","?","E","R","B",null,"M","?","$","M","M","E","R","?","T","M","E","M","$","E","R","B",null,"$","R","E","B",null],"character_chosen":"THE_SILENT","items_purchased":["Leg Sweep","Fire Potion","ClockworkSouvenir","Toy Ornithopter","Noxious Fumes","Chemical X","GhostInAJar","Backflip","SkillPotion"],"campfire_rested":0,"item_purchase_floors":[5,5,37,37,47,47,47,52,52],"current_hp_per_floor":[70,70,70,56,56,56,54,54,54,54,39,39,39,39,39,25,70,70,70,70,70,70,59,59,58,58,58,58,58,58,60,60,41,70,70,70,70,66,70,69,69,69,69,70,70,70,70,70,70,70,70,70,70,52,70],"gold":34,"neow_bonus":"RANDOM_COMMON_RELIC","is_daily":false,"chose_seed":false,"campfire_upgraded":10,"win_rate":0.0,"timestamp":1610065588,"path_taken":["M","M","M","?","$","R","E","R","T","R","E","M","E","M","R","BOSS","M","M","?","M","?","E","R","E","T","R","E","?","?","E","R","BOSS","M","?","$","M","?","E","R","?","T","M","E","M","$","E","R","BOSS","$","R","E","BOSS"],"items_purchased_type":["Card","Potion","Relic","Relic","Card","Relic","Potion","Card","Potion"],"build_version":"2020-12-22","purchased_purges":3,"victory":true,"max_hp_per_floor":[70,70,70,70,70,70,70,70,70,70,70,70,70,70,70,70,70,70,70,70,70,70,70,70,70,70,70,70,70,70,70,70,70,70,70,70,70,70,70,70,70,70,70,70,70,70,70,70,70,70,70,70,70,70,70],"card_choices":[{"not_picked":["Deadly Poison","Bane"],"picked":"Slice","floor":1.0},{"not_picked":["Caltrops","Night Terror"],"picked":"Poisoned Stab","floor":2.0},{"not_picked":["Distraction","Setup"],"picked":"Dagger Spray","floor":3.0},{"not_picked":["Setup","Dodge and Roll"],"picked":"Unload","floor":7.0},{"not_picked":["Outmaneuver","Well Laid Plans"],"picked":"Deflect","floor":11.0},{"not_picked":["Prepared","Backflip"],"picked":"Deadly Poison","floor":12.0},{"not_picked":["Endless Agony","Setup","Bullet Time"],"picked":"SKIP","floor":13.0},{"not_picked":["Acrobatics","Concentrate"],"picked":"Caltrops","floor":14.0},{"not_picked":["A Thousand Cuts","Adrenaline"],"picked":"Malaise","floor":16.0},{"not_picked":["Bane+1"],"picked":"SKIP","floor":18.0},{"not_picked":[],"picked":"Cloak And Dagger","floor":19.0},{"not_picked":[],"picked":"Deadly Poison","floor":21.0},{"not_picked":[],"picked":"Footwork","floor":23.0},{"not_picked":["Bouncing Flask+1"],"picked":"SKIP","floor":25.0},{"not_picked":[],"picked":"Blur","floor":28.0},{"not_picked":[],"picked":"PiercingWail+1","floor":31.0},{"not_picked":[],"picked":"Blur+1","floor":35},{"not_picked":["Accuracy"],"picked":"SKIP","floor":38},{"not_picked":["Flying Knee+1"],"picked":"SKIP","floor":39},{"not_picked":["Outmaneuver"],"picked":"SKIP","floor":40},{"not_picked":["Sucker Punch+1"],"picked":"SKIP","floor":44},{"not_picked":["Dagger Throw+1"],"picked":"SKIP","floor":45},{"not_picked":[],"picked":"Caltrops+1","floor":48},{"not_picked":[],"picked":"Slice+1","floor":54}],"player_experience":75564,"relics_obtained":[{"floor":7.0,"key":"Gremlin Horn"},{"floor":9.0,"key":"Ornamental Fan"},{"floor":11.0,"key":"MealTicket"},{"floor":13.0,"key":"White Beast Statue"},{"floor":22.0,"key":"Thread and Needle"},{"floor":23.0,"key":"Ninja Scroll"},{"floor":25.0,"key":"Kunai"},{"floor":26.0,"key":"Molten Egg 2"},{"floor":28.0,"key":"Blood Vial"},{"floor":31.0,"key":"Smiling Mask"},{"floor":40,"key":"Potion Belt"},{"floor":42,"key":"Incense Burner"},{"floor":43,"key":"Shuriken"},{"floor":45,"key":"Unceasing Top"},{"floor":48,"key":"Meat on the Bone"},{"floor":54,"key":"Letter Opener"}],"event_choices":[{"damage_healed":70.0,"max_hp_gain":0.0,"max_hp_loss":70.0,"gold_gain":0.0,"event_name":"betterThird:BetterShining","player_choice":"Upgrade","floor":4.0,"gold_loss":0.0,"damage_taken":14.0,"cards_upgraded":["Strike_G","Strike_G"]},{"damage_healed":0.0,"max_hp_gain":0.0,"max_hp_loss":0.0,"gold_gain":200.0,"event_name":"Wheel of Change","player_choice":"Gold","floor":20.0,"gold_loss":0.0,"damage_taken":0.0},{"damage_healed":0.0,"max_hp_gain":0.0,"max_hp_loss":0.0,"gold_gain":0.0,"cards_transformed":["Strike_G"],"event_name":"Transmorgrifier","player_choice":"Transformed","floor":29.0,"gold_loss":0.0,"damage_taken":0.0,"cards_obtained":["Phantasmal Killer"]},{"cards_removed":["Strike_G"],"damage_healed":0.0,"max_hp_gain":0.0,"max_hp_loss":0.0,"gold_gain":0.0,"event_name":"Designer","player_choice":"Upgrade and Remove","floor":30.0,"gold_loss":90.0,"damage_taken":0.0,"cards_upgraded":["Slice"]},{"damage_healed":0,"gold_gain":0,"player_choice":"Forge","damage_taken":0,"max_hp_gain":0,"max_hp_loss":0,"event_name":"Accursed Blacksmith","floor":36,"gold_loss":0,"cards_upgraded":["Blur"]},{"damage_healed":0,"gold_gain":0,"player_choice":"Relic","damage_taken":0,"max_hp_gain":0,"max_hp_loss":0,"event_name":"Wheel of Change","floor":42,"gold_loss":0}],"is_beta":false,"boss_relics":[{"not_picked":["Runic Pyramid","HoveringKite"],"picked":"Busted Crown"},{"not_picked":["Sozu","Philosopher\u0027s Stone"],"picked":"SacredBark"}],"items_purged_floors":[37,47,52],"is_endless":false,"potions_floor_spawned":[7,11,13,14,16,18,19,21,23,25,28,31,33,35,38,39,40,44,45,46,48,54],"ascension_level":3}}