{"host":"pzxn1nb1tlmimivy","time":1610098541,"event":{"mods":["BaseMod","CapriCore","Infinite Spire","Lobotomy","LobotomyExtend","Minty Spire (QoL Compilation)","Quick Restart","Replay The Spire","StSLib","TestMod","The Immortal","TheWitcher"],"gold_per_floor":[210,228,247,259,259,293,293,313,313,313,347,272,272,290,290,395,395,405,330,330,330,341,341,366,366,366,366,111,121,121,131,131,242,242,242,20,47,155],"floor_reached":39,"playtime":2070,"items_purged":["MokouMod:Defend","MokouMod:Defend","MokouMod:Strike","MokouMod:Defend"],"score":1298,"play_id":"91281813-ac9b-4fa7-a935-ae0369c5b45c","local_time":"20210108173541","is_ascension_mode":true,"campfire_choices":[{"data":"MokouMod:TemporalFireSeal","floor":10.0,"key":"SMITH"},{"data":"MokouMod:FujiyamaVolcano","floor":23,"key":"SMITH"},{"data":"MokouMod:Burn","floor":27,"key":"SMITH"},{"data":"MokouMod:Strike","floor":32,"key":"PURGE"}],"circlet_count":0,"master_deck":["MokouMod:Strike","MokouMod:Strike","MokouMod:Defend+1","MokouMod:HeatSpark","MokouMod:TemporalFireSeal+1","MokouMod:PhoenixFeathers","MokouMod:PhoenixForm+1","MokouMod:FujiyamaVolcano+1","ReplayTheSpireMod:Chaos Vortex+1","MokouMod:Rebirth+1","MokouMod:Burn+1","MokouMod:SacredFire","MokouMod:Overheat","MokouMod:Sear","MokouMod:ResonanceReactor+1","MokouMod:Geothermal"],"relics":["MokouMod:PhoenixFeather","testmod-TestBox","testmod-Brilliant","LetterFromLob","Nunchaku","Frozen Egg 2","Bottled Lightning","testmod-Motorcycle","Snecko Eye","Calipers","Anchor","Chameleon Ring","Snack Pack","OrangePellets","infinitespire:EvilPickle","Replay:Bronze Core","BargainBundle","Juzu Bracelet"],"acts_visited":["Exordium","TheCity","TheEnding"],"potions_floor_usage":[30,30,36,38,38,38,38,38,38],"damage_taken":[{"damage":6.0,"enemies":"Cultist","floor":1.0,"turns":3.0},{"damage":0.0,"enemies":"Small Slimes","floor":2.0,"turns":1.0},{"damage":5.0,"enemies":"Jaw Worm","floor":3.0,"turns":2.0},{"damage":0.0,"enemies":"2 Fungi Beasts","floor":4.0,"turns":1.0},{"damage":32.0,"enemies":"Replay:BlueRogue","floor":6.0,"turns":5.0},{"damage":0.0,"enemies":"Lots of Slimes","floor":8.0,"turns":1.0},{"damage":0.0,"enemies":"3 Sentries","floor":11.0,"turns":1.0},{"damage":8.0,"enemies":"Exordium Thugs","floor":14.0,"turns":2.0},{"damage":0.0,"enemies":"Slime Boss","floor":16.0,"turns":6.0},{"damage":0,"enemies":"Chosen","floor":18,"turns":4},{"damage":6,"enemies":"Shell Parasite","floor":22,"turns":5},{"damage":1,"enemies":"Nightmare","floor":24,"turns":6},{"damage":0,"enemies":"Chosen and Byrds","floor":29,"turns":3},{"damage":20,"enemies":"Snake Plant","floor":31,"turns":6},{"damage":42,"enemies":"Pondfish","floor":33,"turns":8},{"damage":60,"enemies":"Shield and Spear","floor":37,"turns":7},{"damage":270,"enemies":"The Heart","floor":38,"turns":12}],"seed_played":"-5115954678449870459","potions_obtained":[{"floor":2.0,"key":"DuplicationPotion"},{"floor":11.0,"key":"Elixir"},{"floor":14.0,"key":"AttackPotion"},{"floor":18,"key":"testmod-SpacePotion"},{"floor":30,"key":"BlessingOfTheForge"},{"floor":30,"key":"testmod-SpacePotion"},{"floor":33,"key":"Fruit Juice"},{"floor":35,"key":"AttackPotion"},{"floor":35,"key":"SmokeBomb"},{"floor":38,"key":"Fire Potion"}],"is_trial":false,"path_per_floor":["M","M","M","M","?","E","M","M","T","R","E","$","?","M","R","B",null,"M","?","AVR","?","M","R","NM","T","T","R","$","M","R","M","R","B",null,"R","$","E","B",null],"character_chosen":"MKU","items_purchased":["OrangePellets","BargainBundle","Energy Potion","Block Potion","MokouMod:Overheat","MokouMod:Sear","MokouMod:ResonanceReactor+1"],"campfire_rested":0,"item_purchase_floors":[28,36,36,36,36,36,36],"current_hp_per_floor":[69,69,64,64,64,32,32,32,32,32,32,32,32,24,6,6,75,75,75,75,75,69,69,68,68,68,68,68,70,70,50,50,12,75,75,82,24,18],"gold":155,"neow_bonus":"HUNDRED_GOLD","is_daily":false,"chose_seed":false,"campfire_upgraded":3,"win_rate":0.0,"timestamp":1610098541,"path_taken":["M","?","M","?","?","E","M","M","T","R","E","?","?","M","R","BOSS","M","?","AVR","?","?","R","NM","?","T","R","$","?","R","M","R","BOSS","R","$","E","BOSS"],"items_purchased_type":["Relic","Relic","Potion","Potion","Card","Card","Card"],"build_version":"2020-12-22","purchased_purges":4,"victory":true,"max_hp_per_floor":[75,75,75,75,75,75,75,75,75,75,75,75,75,75,75,75,75,75,75,75,75,75,75,75,75,75,75,75,75,75,75,75,75,75,75,82,82,82],"card_choices":[{"not_picked":["MokouMod:BurningDraft","MokouMod:Cataclysm"],"picked":"MokouMod:TemporalFireSeal","floor":1.0},{"not_picked":["MokouMod:Sear","MokouMod:SubterraneanCore"],"picked":"MokouMod:PhoenixFeathers","floor":2.0},{"not_picked":["MokouMod:Stoke","MokouMod:Meltdown","MokouMod:IndiscriminateIgnition"],"picked":"SKIP","floor":3.0},{"not_picked":["MokouMod:Sear","MokouMod:FlickeringFlame","MokouMod:SacredFire"],"picked":"SKIP","floor":4.0},{"not_picked":["MokouMod:CrimsonFlare","MokouMod:FusionFlare"],"picked":"MokouMod:PhoenixForm+1","floor":6.0},{"not_picked":["MokouMod:Cataclysm","MokouMod:FlareStarter","MokouMod:ShiftIgnition"],"picked":"SKIP","floor":8.0},{"not_picked":["MokouMod:FlamingFireTalons","MokouMod:FlickeringFlame","MokouMod:RoaringFlare"],"picked":"SKIP","floor":11.0},{"not_picked":["MokouMod:InfernalWave","MokouMod:Singe"],"picked":"MokouMod:FujiyamaVolcano","floor":14.0},{"not_picked":["infinitespire:Oblivion","infinitespire:FutureSight"],"picked":"ReplayTheSpireMod:Chaos Vortex","floor":15.0},{"not_picked":["MokouMod:Ventilation","MokouMod:BurningHiddenBullet"],"picked":"MokouMod:Rebirth+1","floor":16.0},{"not_picked":["MokouMod:IgneousBlow+1","MokouMod:RetainTemperature","MokouMod:FlareStarter+1"],"picked":"SKIP","floor":18},{"not_picked":["MokouMod:UncontrollableSolarReaction+1","MokouMod:IcarusDive+1"],"picked":"MokouMod:Burn","floor":22},{"not_picked":["MokouMod:Wildfire","MokouMod:Burn","MokouMod:ScorchingColumn"],"picked":"SKIP","floor":24},{"not_picked":["MokouMod:ResoluteFlare","MokouMod:Ember","MokouMod:UncontrollableSolarReaction+1"],"picked":"SKIP","floor":29},{"not_picked":["MokouMod:AdaptivePyromancy+1","MokouMod:IndiscriminateIgnition","MokouMod:Sear+1"],"picked":"SKIP","floor":31},{"not_picked":["MokouMod:EnchantingBambooForest+1","MokouMod:SpontaneousHumanCombustion"],"picked":"MokouMod:SacredFire","floor":33},{"not_picked":["MokouMod:Singe","MokouMod:IndiscriminateIgnition","MokouMod:AdaptivePyromancy"],"picked":"SKIP","floor":37},{"not_picked":["MokouMod:ProfanedFlare","MokouMod:SpontaneousHumanCombustion"],"picked":"MokouMod:Geothermal","floor":38}],"player_experience":1357707,"relics_obtained":[{"floor":1.0,"key":"LetterFromLob"},{"floor":5.0,"key":"Nunchaku"},{"floor":6.0,"key":"Frozen Egg 2"},{"floor":9.0,"key":"Bottled Lightning"},{"floor":11.0,"key":"testmod-Motorcycle"},{"floor":24,"key":"Anchor"},{"floor":25,"key":"Chameleon Ring"},{"floor":26,"key":"Snack Pack"},{"floor":37,"key":"Juzu Bracelet"}],"event_choices":[{"damage_healed":0.0,"max_hp_gain":0.0,"max_hp_loss":0.0,"gold_gain":0.0,"event_name":"Wheel of Change","player_choice":"Relic","floor":5.0,"gold_loss":0.0,"damage_taken":0.0},{"cards_removed":["MokouMod:Strike"],"damage_healed":0,"gold_gain":0,"player_choice":"Gave Gold","damage_taken":0,"max_hp_gain":0,"max_hp_loss":0,"event_name":"Beggar","floor":19,"gold_loss":75},{"damage_healed":0,"gold_gain":0,"player_choice":"Bought 0 Potions","damage_taken":0,"max_hp_gain":0,"max_hp_loss":0,"event_name":"The Woman in Blue","floor":21,"gold_loss":0}],"is_beta":false,"boss_relics":[{"not_picked":["Replay:Ancient Bell","Cursed Key"],"picked":"Snecko Eye"},{"not_picked":["testmod-SaigiyounoYou","SacredBark"],"picked":"Replay:Bronze Core"}],"items_purged_floors":[12,20,28,36],"is_endless":true,"potions_floor_spawned":[2,11,14,18,22,33,37,38],"ascension_level":1}}