{"host":"2pt9f5ojqg0apn28","time":1610071379,"event":{"mods":["AchievementEnabler","BaseMod","Better Altar","Better Match","Better Note","Better Sensory Stone","Better Skull","Better Third Choice","Colored Map","Colored Powertips","Downfall","Hubris","Infinite Spire","Minty Spire (QoL Compilation)","Replay The Spire","StSLib"],"gold_per_floor":[119,130,130,130,130,165,184,214,241,13,80,91,108,136,136,234,234,254,99,99,109,109,109,135,135,135,169,183,183,217,232,232,332,332,343,343,343,357,371,371,397,443,495,539,591,643,153,183,183,183],"floor_reached":51,"playtime":2202,"items_purged":["Strike_R"],"score":1178,"play_id":"7ec26a10-d744-49fe-84d7-d7445daff116","local_time":"20210108070259","is_ascension_mode":true,"campfire_choices":[{"floor":15,"key":"REST"},{"floor":23,"key":"REST"},{"data":"Seeing Red","floor":25,"key":"SMITH"},{"data":"Double Tap","floor":32,"key":"SMITH"},{"floor":40,"key":"REST"},{"floor":49,"key":"REST"}],"circlet_count":0,"master_deck":["Strike_R+1","Strike_R","Strike_R","Strike_R","Defend_R","Defend_R","Defend_R","Defend_R+1","Bash+1","Thunderclap+1","Iron Wave","Pommel Strike","Seeing Red+1","infinitespire:OneForAll+1","Juggernaut","hubris:Compulsion","Neutralize+1","Double Tap+1","ReplayTheSpireMod:Trickstab+1","infinitespire:Punishment+1","Flex+1","infinitespire:OneForAll+1","Bandage Up","Iron Wave+1","Feed+1","Armaments+1","Inflame","Bloodletting+1","ReplayTheSpireMod:Haul"],"relics":["Black Star","Incense Burner","hubris:SlimyHat","infinitespire:Beetle Shell","Molten Egg 2","Matryoshka","Lantern","PreservedInsect","Strawberry","infinitespire:Bottled Soul","Replay:Bottled Flurry","ReplayTheSpireMod:SealedPack","DollysMirror","Blood Vial","King of Hearts","Bag of Marbles","ReplayTheSpireMod:TigerMarble","Golden Egg","Oddly Smooth Stone","hubris:MysteriousPyramids","ReplayTheSpireMod:Lightbulb","Replay:Mystery Machine","Fusion Hammer","Mercury Hourglass","The Courier","infinitespire:EvilPickle","Simple Rune"],"acts_visited":["Exordium","TheCity","TheBeyond"],"potions_floor_usage":[12,14,16,16,50,50],"damage_taken":[{"damage":12,"enemies":"Jaw Worm","floor":1,"turns":3},{"damage":1,"enemies":"Cultist","floor":2,"turns":3},{"damage":37,"enemies":"Lagavulin","floor":6,"turns":7},{"damage":7,"enemies":"Small Slimes","floor":7,"turns":3},{"damage":16,"enemies":"Replay:BlueRogue","floor":8,"turns":6},{"damage":0,"enemies":"Red Slaver","floor":12,"turns":4},{"damage":0,"enemies":"Exordium Thugs","floor":13,"turns":5},{"damage":10,"enemies":"Gremlin Nob","floor":14,"turns":3},{"damage":29,"enemies":"The Guardian","floor":16,"turns":9},{"damage":36,"enemies":"3 Byrds","floor":18,"turns":5},{"damage":0,"enemies":"Spheric Guardian","floor":21,"turns":1},{"damage":12,"enemies":"Slavers","floor":24,"turns":3},{"damage":0,"enemies":"Book of Stabbing","floor":27,"turns":3},{"damage":0,"enemies":"Cultist and Chosen","floor":28,"turns":3},{"damage":8,"enemies":"Slavers","floor":30,"turns":3},{"damage":3,"enemies":"3 Cultists","floor":31,"turns":3},{"damage":29,"enemies":"Pondfish","floor":33,"turns":7},{"damage":0,"enemies":"3 Shapes","floor":35,"turns":2},{"damage":0,"enemies":"3 Darklings","floor":38,"turns":1},{"damage":0,"enemies":"Writhing Mass","floor":39,"turns":1},{"damage":1,"enemies":"Giant Head","floor":41,"turns":4},{"damage":0,"enemies":"Spire Growth","floor":42,"turns":2},{"damage":16,"enemies":"Maw","floor":44,"turns":5},{"damage":0,"enemies":"Transient","floor":46,"turns":5},{"damage":0,"enemies":"Jaw Worm Horde","floor":48,"turns":1},{"damage":13,"enemies":"infinitespire:MassOfShapes","floor":50,"turns":4}],"seed_played":"5907894611409064909","potions_obtained":[{"floor":6,"key":"infinitespire:BlackPotion"},{"floor":7,"key":"ColorlessPotion"},{"floor":8,"key":"champ:CounterPotion"},{"floor":12,"key":"DistilledChaos"},{"floor":27,"key":"HeartOfIron"},{"floor":28,"key":"Reflective Coating"},{"floor":31,"key":"Flashbang"}],"is_trial":false,"path_per_floor":["M","M","?","T","?","E","M","E","T","$","?","M","M","E","R","B",null,"M","$","?","M","?","R","E","R","T","E","M","?","E","M","R","B",null,"M","?","?","M","M","R","E","M","T","M","T","M","?","M","R","B",null],"character_chosen":"IRONCLAD","items_purchased":["Strawberry","DollysMirror"],"campfire_rested":4,"item_purchase_floors":[10,19],"current_hp_per_floor":[68,67,67,67,67,30,23,7,7,14,14,14,14,4,30,1,87,51,51,28,30,30,56,46,46,46,52,58,58,52,55,55,32,87,87,87,87,87,87,87,86,87,87,71,71,77,77,79,87,78],"gold":183,"neow_bonus":"BOSS_RELIC","is_daily":false,"chose_seed":false,"campfire_upgraded":2,"win_rate":0.0,"timestamp":1610071379,"path_taken":["M","M","?","?","?","E","?","E","T","?","?","M","M","E","R","BOSS","M","$","?","M","?","R","E","R","T","E","M","?","E","M","R","BOSS","M","?","?","?","M","R","E","M","T","M","?","?","?","M","R","BOSS"],"items_purchased_type":["Relic","Relic"],"build_version":"2020-12-22","purchased_purges":1,"victory":true,"max_hp_per_floor":[80,80,80,80,80,80,80,80,80,87,87,87,87,87,87,87,87,87,87,87,87,87,87,87,87,87,87,87,87,87,87,87,87,87,87,87,87,87,87,87,87,87,87,87,87,87,87,87,87,87],"card_choices":[{"not_picked":["Sever Soul","Carnage"],"picked":"Thunderclap","floor":1},{"not_picked":["Heavy Blade","Perfected Strike","Clash"],"picked":"SKIP","floor":2},{"not_picked":["Hemokinesis","Pommel Strike"],"picked":"Iron Wave","floor":6},{"not_picked":["Hemokinesis","True Grit"],"picked":"Pommel Strike","floor":7},{"not_picked":["Clash+1","Fire Breathing"],"picked":"Seeing Red","floor":8},{"not_picked":["Shrug It Off","Defy Death"],"picked":"infinitespire:OneForAll+1","floor":12},{"not_picked":["Intimidate","Heavy Blade+1","Shockwave"],"picked":"SKIP","floor":13},{"not_picked":["Replay:Undeath\u0027s Touch+1","Spot Weakness","Run Through+1"],"picked":"SKIP","floor":14},{"not_picked":["hubris:StunningStrike+1","Immolate+1"],"picked":"Juggernaut","floor":16},{"not_picked":["Slimebound:Tackle","Slimebound:Split"],"picked":"Neutralize","floor":17},{"not_picked":["Impervious","Hemogenesis"],"picked":"Double Tap","floor":17},{"not_picked":["Replay:BasicMightCard","expansioncontent:PolyBeam"],"picked":"ReplayTheSpireMod:Trickstab","floor":17},{"not_picked":["ReplayTheSpireMod:Haul","infinitespire:SealOfDarkness+"],"picked":"infinitespire:Punishment","floor":17},{"not_picked":["Fire Breathing","hubris:ReadiedAction"],"picked":"Flex+1","floor":18},{"not_picked":["Second Wind","Metallicize","Clothesline+1"],"picked":"SKIP","floor":21},{"not_picked":["Replay:SS_fish_3+1","expansioncontent:HyperBeam+1"],"picked":"Bandage Up","floor":22},{"not_picked":["Hemokinesis+1","Bludgeon+1"],"picked":"Iron Wave+1","floor":24},{"not_picked":["Headbutt+1","infinitespire:OneForAll+1","Bloodletting"],"picked":"SKIP","floor":27},{"not_picked":["Disarm","Clothesline+1","hubris:ReadiedAction"],"picked":"SKIP","floor":28},{"not_picked":["Impervious","Wild Strike+1","ReplayTheSpireMod:Limb From Limb+1"],"picked":"SKIP","floor":30},{"not_picked":["Dark Embrace+1","Power Through","Twin Strike+1"],"picked":"SKIP","floor":31},{"not_picked":["Brutality","hubris:StunningStrike+1"],"picked":"Feed+1","floor":33},{"not_picked":["ReplayTheSpireMod:Muscle Training","Spot Weakness+1"],"picked":"Armaments","floor":35},{"not_picked":["Heavy Blade+1","Dark Embrace","Second Wind"],"picked":"SKIP","floor":38},{"not_picked":["Cleave+1","Defy Death"],"picked":"Inflame","floor":39},{"not_picked":["Shockwave+1","Run Through+1","infinitespire:OneForAll+1"],"picked":"SKIP","floor":41},{"not_picked":["Shockwave+1","Run Through+1","infinitespire:OneForAll+1"],"picked":"SKIP","floor":41},{"not_picked":["Shockwave","Warcry+1","Combust"],"picked":"SKIP","floor":42},{"not_picked":["Entrench","Body Slam+1","Bludgeon+1"],"picked":"SKIP","floor":44},{"not_picked":["Hemokinesis+1","Disarm"],"picked":"Bloodletting+1","floor":46},{"not_picked":["infinitespire:FinalStrike","hubris:InfiniteBlow"],"picked":"ReplayTheSpireMod:Haul","floor":47},{"not_picked":["Heavy Blade+1","Perfected Strike+1","Rampage+1"],"picked":"SKIP","floor":48}],"player_experience":86161,"relics_obtained":[{"floor":4,"key":"Incense Burner"},{"floor":6,"key":"hubris:SlimyHat"},{"floor":6,"key":"infinitespire:Beetle Shell"},{"floor":8,"key":"Molten Egg 2"},{"floor":8,"key":"Matryoshka"},{"floor":9,"key":"Lantern"},{"floor":9,"key":"PreservedInsect"},{"floor":14,"key":"infinitespire:Bottled Soul"},{"floor":14,"key":"Replay:Bottled Flurry"},{"floor":24,"key":"King of Hearts"},{"floor":24,"key":"Bag of Marbles"},{"floor":26,"key":"ReplayTheSpireMod:TigerMarble"},{"floor":26,"key":"Golden Egg"},{"floor":27,"key":"Oddly Smooth Stone"},{"floor":27,"key":"hubris:MysteriousPyramids"},{"floor":30,"key":"ReplayTheSpireMod:Lightbulb"},{"floor":30,"key":"Replay:Mystery Machine"},{"floor":41,"key":"Mercury Hourglass"},{"floor":41,"key":"The Courier"},{"floor":43,"key":"Simple Rune"}],"event_choices":[{"damage_healed":0,"gold_gain":0,"player_choice":"Upgraded","damage_taken":0,"max_hp_gain":0,"max_hp_loss":0,"event_name":"Upgrade Shrine","floor":5,"gold_loss":0,"cards_upgraded":["Bash"]},{"damage_healed":0,"gold_gain":67,"player_choice":"Gained Gold","damage_taken":0,"max_hp_gain":0,"max_hp_loss":0,"event_name":"Golden Wing","floor":11,"gold_loss":0},{"damage_healed":0,"gold_gain":0,"player_choice":" Vial ","damage_taken":23,"relics_obtained":["Blood Vial"],"max_hp_gain":51,"max_hp_loss":28,"event_name":"betterAltar:BetterAltar","floor":20,"potions_obtained":[],"relics_lost":[],"gold_loss":0},{"damage_healed":0,"gold_gain":2,"player_choice":"1","damage_taken":0,"max_hp_gain":0,"max_hp_loss":0,"event_name":"betterStone:BetterStone","floor":22,"gold_loss":0},{"damage_healed":0,"gold_gain":0,"player_choice":"Ignored","damage_taken":0,"max_hp_gain":0,"max_hp_loss":0,"event_name":"Tomb of Lord Red Mask","floor":36,"gold_loss":0},{"damage_healed":0,"gold_gain":0,"player_choice":"Upgraded","damage_taken":0,"max_hp_gain":0,"max_hp_loss":0,"event_name":"Upgrade Shrine","floor":37,"gold_loss":0,"cards_upgraded":["Armaments"]}],"is_beta":false,"boss_relics":[{"not_picked":["Pandora\u0027s Box","hubris:BlackHole"],"picked":"ReplayTheSpireMod:SealedPack"},{"not_picked":["ChewingGum","Replay:Drink Me"],"picked":"Fusion Hammer"}],"items_purged_floors":[10],"is_endless":false,"potions_floor_spawned":[6,7,8,12,27,28,31,38,41,42,46],"ascension_level":2}}