{"host":"cv77zuuuekizn3ic","time":1610079344,"event":{"mods":["AchievementEnabler","BaseMod","Marisa£®ÏF”Í°°ƒß¿Ì…≥£©","Minty Spire (QoL Compilation)","StSLib","Waifu the Spire","everything is the same but u backflip on backflip","slay the spire mod where everything is the same but ironclad has a cowboy hat"],"gold_per_floor":[115,127,3,16,26,26,60,60,60,72,101,115,115,165,165,165,165],"floor_reached":16,"playtime":594,"items_purged":[],"score":249,"play_id":"99cbf775-b530-46d6-a590-d7f66751f1e6","local_time":"20210108121544","is_ascension_mode":true,"campfire_choices":[{"data":"Armaments","floor":6.0,"key":"SMITH"},{"data":"Feed","floor":8.0,"key":"SMITH"},{"data":"Warcry","floor":15.0,"key":"SMITH"}],"circlet_count":0,"master_deck":["AscendersBane","Strike_R","Strike_R","Strike_R","Strike_R","Strike_R","Defend_R","Defend_R","Defend_R","Defend_R","Bash","Twin Strike","Second Wind","Feed+1","Clash","Armaments+1","Evolve+1","Limit Break","Warcry+1","Fire Breathing+1"],"relics":["Burning Blood","NeowsBlessing","Frozen Egg 2","Mango","Dead Branch","Gambling Chip"],"acts_visited":["Exordium"],"potions_floor_usage":[],"damage_taken":[{"damage":0.0,"enemies":"Cultist","floor":1.0,"turns":1.0},{"damage":0.0,"enemies":"Jaw Worm","floor":2.0,"turns":1.0},{"damage":0.0,"enemies":"Small Slimes","floor":4.0,"turns":1.0},{"damage":15.0,"enemies":"Exordium Thugs","floor":5.0,"turns":4.0},{"damage":36.0,"enemies":"Lagavulin","floor":7.0,"turns":8.0},{"damage":33.0,"enemies":"Exordium Wildlife","floor":10.0,"turns":6.0},{"damage":32.0,"enemies":"3 Sentries","floor":11.0,"turns":8.0},{"damage":4.0,"enemies":"3 Louse","floor":12.0,"turns":4.0},{"damage":11,"enemies":"Hexaghost","floor":16,"turns":9}],"seed_played":"-3312332230150712627","potions_obtained":[{"floor":4.0,"key":"Fire Potion"},{"floor":5.0,"key":"GamblersBrew"},{"floor":11.0,"key":"BloodPotion"}],"is_trial":false,"path_per_floor":["M","M","$","M","M","R","E","R","T","M","E","M","?","?","R","B"],"character_chosen":"IRONCLAD","items_purchased":["Feed","Clash"],"campfire_rested":0,"item_purchase_floors":[3,3],"current_hp_per_floor":[74,75,75,78,69,69,42,42,56,33,11,37,11,11,11,0,0],"gold":165,"neow_bonus":"THREE_ENEMY_KILL","is_daily":false,"chose_seed":false,"campfire_upgraded":3,"win_rate":0.0,"timestamp":1610079344,"path_taken":["M","?","$","?","M","R","E","R","T","M","E","M","?","?","R","BOSS"],"items_purchased_type":["Card","Card"],"build_version":"2020-12-22","purchased_purges":0,"victory":false,"max_hp_per_floor":[75,75,75,78,78,78,81,81,95,99,103,107,107,107,107,107,107],"card_choices":[{"not_picked":["Carnage","Wild Strike"],"picked":"Twin Strike","floor":1.0},{"not_picked":["Power Through","Warcry"],"picked":"Second Wind","floor":2.0},{"not_picked":["Warcry","Wild Strike","Headbutt"],"picked":"SKIP","floor":4.0},{"not_picked":["Anger","Iron Wave"],"picked":"Armaments","floor":5.0},{"not_picked":["True Grit","Reckless Charge"],"picked":"Evolve+1","floor":7.0},{"not_picked":["Thunderclap","Perfected Strike"],"picked":"Limit Break","floor":10.0},{"not_picked":["Twin Strike","Sever Soul"],"picked":"Warcry","floor":11.0},{"not_picked":["Twin Strike","Pommel Strike"],"picked":"Fire Breathing+1","floor":12.0}],"player_experience":772344,"relics_obtained":[{"floor":7.0,"key":"Frozen Egg 2"},{"floor":9.0,"key":"Mango"},{"floor":11.0,"key":"Dead Branch"}],"event_choices":[{"damage_healed":0.0,"max_hp_gain":0.0,"max_hp_loss":0.0,"gold_gain":0.0,"event_name":"Scrap Ooze","player_choice":"Success","floor":13.0,"gold_loss":0.0,"damage_taken":26.0,"relics_obtained":["Gambling Chip"]},{"damage_healed":0.0,"max_hp_gain":0.0,"max_hp_loss":0.0,"gold_gain":50.0,"event_name":"Golden Shrine","player_choice":"Pray","floor":14.0,"gold_loss":0.0,"damage_taken":0.0}],"is_beta":false,"boss_relics":[],"items_purged_floors":[],"is_endless":false,"potions_floor_spawned":[4,5,11],"killed_by":"Hexaghost","ascension_level":20}}