{"host":"ci7cmvrwpmzqnw7e","time":1610146093,"event":{"mods":["BaseMod","BetterRewards","Colored Map","Downfall","Hubris","Minty Spire (QoL Compilation)","Rare Cards Sparkle","Replay The Spire","Shop Mod","StSLib","The Bug Knight"],"gold_per_floor":[99,199,199,199,299,299,299,334,334,36,36,53,53,77,87,187,187,187,205,205,305,305,305,328,328,441,441,441],"floor_reached":27,"playtime":895,"items_purged":[],"score":228,"play_id":"77658e7a-0823-42f6-b699-6d4f25817f54","local_time":"20210108154813","is_ascension_mode":false,"campfire_choices":[{"data":"sneckomod:Unknown","floor":1,"key":"SMITH"},{"data":"sneckomod:Unknown","floor":6,"key":"SMITH"},{"data":"sneckomod:UnlimitedRolls","floor":11,"key":"SMITH"},{"data":"sneckomod:SoulDraw","floor":13,"key":"SMITH"},{"data":"sneckomod:SerpentMind","floor":18,"key":"SMITH"},{"floor":23,"key":"REST"},{"data":"sneckomod:ImprovisedGuard","floor":25,"key":"SMITH"}],"circlet_count":0,"master_deck":["sneckomod:Strike","sneckomod:Strike","sneckomod:Strike","sneckomod:Defend","sneckomod:Defend","sneckomod:Defend","sneckomod:TailWhip","sneckomod:SnekBite","sneckomod:Unknown+1","sneckomod:Unknown+1","sneckomod:IronFang","sneckomod:TrashToTreasure","sneckomod:DiceBoulder","Doubt","sneckomod:RainOfDice","sneckomod:UnlimitedRolls+1","sneckomod:Restock","sneckomod:SlitherStrike","sneckomod:SoulDraw+1","sneckomod:ImprovisedGuard+1","sneckomod:SerpentMind+1","sneckomod:SoulRoll+1","sneckomod:UnknownExhaust","sneckomod:QuickMove+1"],"relics":["sneckomod:SneckoSoul","downfall:HeartsMalice","ReplayTheSpireMod:Lightbulb","hubris:ToyBattleship","Ring of Fury","Oddly Smooth Stone","Ring of Chaos","Gambling Chip","hubris:DisguiseKit","hubris:Icosahedron","Simple Rune"],"acts_visited":["Exordium","TheCity"],"potions_floor_usage":[15,16,21,21,27],"damage_taken":[{"damage":0,"enemies":"Jaw Worm","floor":3,"turns":1},{"damage":0,"enemies":"Small Slimes","floor":4,"turns":1},{"damage":0,"enemies":"Gremlin Nob","floor":8,"turns":1},{"damage":6,"enemies":"downfall:FleeingMerchant","floor":10,"turns":4},{"damage":3,"enemies":"2 Louse","floor":12,"turns":2},{"damage":11,"enemies":"Red Slaver","floor":15,"turns":3},{"damage":39,"enemies":"downfall:Watcher","floor":16,"turns":7},{"damage":10,"enemies":"Chosen","floor":19,"turns":4},{"damage":50,"enemies":"Colosseum Nobs","floor":21,"turns":4},{"damage":13,"enemies":"Spheric Guardian","floor":26,"turns":4},{"damage":46,"enemies":"Gremlin Leader","floor":27,"turns":4}],"seed_played":"7427008433392804949","potions_obtained":[{"floor":8,"key":"FearPotion"},{"floor":12,"key":"Toxic Potion"},{"floor":15,"key":"AttackPotion"},{"floor":16,"key":"Reflective Coating"},{"floor":19,"key":"BlessingOfTheForge"},{"floor":26,"key":"Adrenaline Potion"}],"is_trial":false,"path_per_floor":["R","?","M","M","?","R","T","E","?","$","R","M","R","T","M","B",null,"R","M","?","?","?","R","T","R","M","E"],"character_chosen":"THE_SNECKO","items_purchased":["sneckomod:UnlimitedRolls","sneckomod:Restock","sneckomod:SlitherStrike"],"campfire_rested":1,"item_purchase_floors":[10,10,10],"current_hp_per_floor":[90,90,90,90,90,90,90,90,90,84,84,81,81,81,74,35,90,90,80,80,31,31,58,58,58,45,0,0],"gold":441,"neow_bonus":"THREE_ENEMY_KILL","is_daily":false,"chose_seed":false,"campfire_upgraded":6,"win_rate":0.0,"timestamp":1610146093,"path_taken":["R","?","M","M","?","R","T","E","?","?","R","?","R","?","M","BOSS","R","M","?","?","?","R","T","R","M","E"],"items_purchased_type":["Card","Card","Card"],"build_version":"2020-12-22","purchased_purges":0,"victory":false,"max_hp_per_floor":[90,90,90,90,90,90,90,90,90,90,90,90,90,90,90,90,90,90,90,90,91,91,91,91,91,91,91,91],"card_choices":[{"not_picked":["sneckomod:TrashToTreasure","sneckomod:UnknownCommonSkill"],"picked":"sneckomod:IronFang","floor":3},{"not_picked":["sneckomod:UnknownClassBUGKNIGHT_GRAY_COLOR","sneckomod:WideSting"],"picked":"sneckomod:TrashToTreasure","floor":4},{"not_picked":["sneckomod:DiceCrush","sneckomod:DiceBlock"],"picked":"sneckomod:DiceBoulder","floor":8},{"not_picked":["sneckomod:Unknown1Cost","sneckomod:UnknownClassBLUE"],"picked":"sneckomod:RainOfDice","floor":10},{"not_picked":["sneckomod:UnknownVulnerable","sneckomod:QuickMove"],"picked":"sneckomod:SoulDraw","floor":12},{"not_picked":["sneckomod:UnknownWeak","sneckomod:UnknownClassTHE_CHAMP_GRAY"],"picked":"sneckomod:ImprovisedGuard","floor":15},{"not_picked":["sneckomod:Restock","sneckomod:UnknownRareAttack"],"picked":"sneckomod:SerpentMind","floor":16},{"not_picked":["sneckomod:UnknownStrike+1","sneckomod:UnknownVulnerable+1"],"picked":"sneckomod:SoulRoll+1","floor":19},{"not_picked":["sneckomod:UnknownCommonSkill","sneckomod:UnknownVulnerable"],"picked":"sneckomod:UnknownExhaust","floor":21},{"not_picked":["sneckomod:DiceBlock","sneckomod:DiceBoulder","Sword Boomerang"],"picked":"sneckomod:QuickMove+1","floor":26}],"player_experience":26126,"relics_obtained":[{"floor":7,"key":"ReplayTheSpireMod:Lightbulb"},{"floor":8,"key":"hubris:ToyBattleship"},{"floor":9,"key":"Ring of Fury"},{"floor":14,"key":"Oddly Smooth Stone"},{"floor":21,"key":"Gambling Chip"},{"floor":21,"key":"hubris:DisguiseKit"},{"floor":24,"key":"Simple Rune"}],"event_choices":[],"is_beta":false,"boss_relics":[{"not_picked":["Tiny House","Honey Jar"],"picked":"Ring of Chaos"}],"items_purged_floors":[],"is_endless":false,"potions_floor_spawned":[8,12,15,16,19,26],"killed_by":"Gremlin Leader","ascension_level":0}}