{"host":"7qf1todfnxspvw7w","time":1610073819,"event":{"mods":["AchievementEnabler","BaseMod","Block Reminder","Colored Powertips","Disable Question Mark Monsters","Displayed Cursed Tome","Googly Eyes","Minty Spire (QoL Compilation)","Poor People Problems","Rare Cards Sparkle","Relic Stats","Reorder Act Four","SacredBarkPlus","StSLib","Uncapped"],"gold_per_floor":[111,111,61,61,61,61,90,90,90,90,56,56,71,71,71,202,202,172,97,97,97,97,97,17,17,17,17,17,17,17,17,17,17,17,17,17,17,17,17,17,0,0,0,0,0,0,0,0,0,0],"floor_reached":51,"playtime":1423,"items_purged":[],"score":790,"play_id":"8111c9ac-4887-4a19-8d35-075728ca2fae","local_time":"20210108054339","is_ascension_mode":true,"campfire_choices":[{"data":"Backstab","floor":6,"key":"SMITH"},{"data":"Leg Sweep","floor":8,"key":"SMITH"},{"data":"Neutralize","floor":10,"key":"SMITH"},{"data":"Survivor","floor":12,"key":"SMITH"},{"data":"Corpse Explosion","floor":15,"key":"SMITH"},{"data":"Storm of Steel","floor":23,"key":"SMITH"},{"data":"Noxious Fumes","floor":25,"key":"SMITH"},{"floor":32,"key":"REST"},{"data":"Cloak And Dagger","floor":40,"key":"SMITH"},{"floor":49,"key":"REST"}],"circlet_count":0,"master_deck":["Strike_G+1","Strike_G+1","Strike_G+1","Strike_G+1","Defend_G+1","Defend_G+1","Defend_G+1","Defend_G+1","Survivor+1","Neutralize+1","Backstab+1","Leg Sweep+1","Corpse Explosion+1","Injury","Storm of Steel+1","Outmaneuver","Cloak And Dagger+1","Blade Dance","Noxious Fumes+1","Backflip+1","Backstab+1","Venomology","Dash+1","Blade Dance","Blade Dance+1"],"relics":["Ring of the Snake","NeowsBlessing","InkBottle","Dead Branch","Turnip","Golden Idol","Ectoplasm","Mummified Hand","Philosopher\u0027s Stone","Red Mask","Shuriken"],"acts_visited":["Exordium","TheCity","TheBeyond"],"potions_floor_usage":[30,36,36,39,46,50,50,50,50,50],"damage_taken":[{"damage":0,"enemies":"Cultist","floor":1,"turns":1},{"damage":0,"enemies":"3 Sentries","floor":7,"turns":1},{"damage":0,"enemies":"2 Louse","floor":13,"turns":1},{"damage":38,"enemies":"Hexaghost","floor":16,"turns":11},{"damage":8,"enemies":"2 Thieves","floor":18,"turns":2},{"damage":0,"enemies":"Spheric Guardian","floor":21,"turns":4},{"damage":0,"enemies":"Snecko","floor":22,"turns":5},{"damage":4,"enemies":"Shelled Parasite and Fungi","floor":28,"turns":2},{"damage":0,"enemies":"3 Cultists","floor":29,"turns":2},{"damage":12,"enemies":"Cultist and Chosen","floor":30,"turns":4},{"damage":10,"enemies":"Shelled Parasite and Fungi","floor":31,"turns":2},{"damage":11,"enemies":"Collector","floor":33,"turns":8},{"damage":2,"enemies":"3 Shapes","floor":35,"turns":1},{"damage":2,"enemies":"3 Darklings","floor":36,"turns":2},{"damage":12,"enemies":"4 Shapes","floor":38,"turns":3},{"damage":0,"enemies":"Maw","floor":39,"turns":6},{"damage":0,"enemies":"Jaw Worm Horde","floor":46,"turns":3},{"damage":0,"enemies":"3 Darklings","floor":47,"turns":1},{"damage":12,"enemies":"Sphere and 2 Shapes","floor":48,"turns":1},{"damage":24,"enemies":"Time Eater","floor":50,"turns":7}],"seed_played":"3563983404568391252","potions_obtained":[{"floor":1,"key":"Dexterity Potion"},{"floor":18,"key":"EssenceOfSteel"},{"floor":28,"key":"Fire Potion"},{"floor":30,"key":"SpeedPotion"},{"floor":33,"key":"DistilledChaos"},{"floor":35,"key":"Explosive Potion"},{"floor":36,"key":"DuplicationPotion"},{"floor":47,"key":"CultistPotion"}],"is_trial":false,"path_per_floor":["M","T","?","?","?","R","E","R","T","R","?","R","M","?","R","B",null,"M","?","?","M","M","R","$","R","T","$","M","M","M","M","R","B",null,"M","M","?","M","M","R","?","?","T","$","?","M","M","M","R","B",null],"character_chosen":"THE_SILENT","items_purchased":["Noxious Fumes"],"campfire_rested":2,"item_purchase_floors":[24],"current_hp_per_floor":[70,70,70,70,56,56,56,56,56,56,56,56,56,56,56,18,70,62,62,62,62,62,62,62,62,62,62,58,58,46,36,57,46,70,68,66,66,54,54,54,54,54,54,54,54,54,54,42,61,37],"gold":0,"neow_bonus":"THREE_ENEMY_KILL","is_daily":false,"chose_seed":false,"campfire_upgraded":8,"win_rate":0.0,"timestamp":1610073819,"path_taken":["M","?","?","?","?","R","E","R","T","R","?","R","M","?","R","BOSS","M","?","?","M","M","R","$","R","T","?","M","M","M","?","R","BOSS","M","M","?","M","?","R","?","?","T","?","?","M","?","M","R","BOSS"],"items_purchased_type":["Card"],"build_version":"2020-12-22","purchased_purges":0,"victory":true,"max_hp_per_floor":[70,70,70,70,70,70,70,70,70,70,70,70,70,70,70,70,70,70,70,70,70,70,70,70,70,70,70,70,70,70,70,70,70,70,70,70,70,70,70,70,70,70,70,70,66,66,66,66,66,66],"relic_stats":{"counters":[20,67],"Golden Idol":135,"Mummified Hand":[19],"Shuriken":[19],"Dead Branch":[201],"Turnip":[11],"Ectoplasm":432,"obtain_stats":[{"NeowsBlessing":0,"Golden Idol":14,"Mummified Hand":26,"Shuriken":43,"Dead Branch":7,"Philosopher\u0027s Stone":34,"Turnip":9,"Ectoplasm":17,"Red Mask":41,"InkBottle":2,"Ring of the Snake":0},{"NeowsBlessing":0,"Golden Idol":3,"Mummified Hand":7,"Shuriken":16,"Dead Branch":2,"Philosopher\u0027s Stone":12,"Turnip":2,"Ectoplasm":4,"Red Mask":16,"InkBottle":1,"Ring of the Snake":0},{"NeowsBlessing":0,"Golden Idol":3,"Mummified Hand":25,"Shuriken":55,"Dead Branch":2,"Philosopher\u0027s Stone":43,"Turnip":2,"Ectoplasm":14,"Red Mask":55,"InkBottle":1,"Ring of the Snake":0}],"InkBottle":[44],"Ring of the Snake":[40]},"card_choices":[{"not_picked":["PiercingWail","Blade Dance"],"picked":"Backstab","floor":1},{"not_picked":["Underhanded Strike","Choke"],"picked":"Leg Sweep","floor":7},{"not_picked":["Backstab","Acrobatics"],"picked":"Corpse Explosion","floor":13},{"not_picked":["Corpse Explosion","Grand Finale"],"picked":"Storm of Steel","floor":16},{"not_picked":["Skewer","Dodge and Roll"],"picked":"Outmaneuver","floor":18},{"not_picked":["Reflex","Poisoned Stab"],"picked":"Cloak And Dagger","floor":21},{"not_picked":["Riddle With Holes","Dagger Throw"],"picked":"Blade Dance","floor":22},{"not_picked":["Dodge and Roll","Reflex"],"picked":"Backflip+1","floor":28},{"not_picked":["Prepared","Unload","Dodge and Roll"],"picked":"SKIP","floor":29},{"not_picked":["Backflip","Well Laid Plans"],"picked":"Backstab+1","floor":30},{"not_picked":["Masterful Stab","Bane","Terror"],"picked":"SKIP","floor":31},{"not_picked":["Grand Finale","Tools of the Trade"],"picked":"Venomology","floor":33},{"not_picked":["PiercingWail","Poisoned Stab+1","Quick Slash+1"],"picked":"SKIP","floor":35},{"not_picked":["Underhanded Strike+1","Crippling Poison"],"picked":"Dash+1","floor":36},{"not_picked":["Dagger Throw+1","Flying Knee+1"],"picked":"Blade Dance+1","floor":38},{"not_picked":["Doppelganger","Distraction","Flechettes+1"],"picked":"SKIP","floor":39},{"not_picked":["Deflect","Backflip","Underhanded Strike+1"],"picked":"SKIP","floor":46},{"not_picked":["Blade Dance","All Out Attack","Dodge and Roll+1"],"picked":"SKIP","floor":47},{"not_picked":["Tactician+1","Prepared+1","Quick Slash+1"],"picked":"SKIP","floor":48}],"player_experience":483690,"relics_obtained":[{"floor":2,"key":"InkBottle"},{"floor":7,"key":"Dead Branch"},{"floor":9,"key":"Turnip"},{"floor":26,"key":"Mummified Hand"},{"floor":43,"key":"Shuriken"}],"event_choices":[{"cards_removed":["Strike_G"],"damage_healed":0,"gold_gain":0,"player_choice":"Card Removal","damage_taken":0,"max_hp_gain":0,"max_hp_loss":0,"event_name":"The Cleric","floor":3,"gold_loss":50},{"damage_healed":0,"gold_gain":0,"player_choice":"0 cards matched","damage_taken":0,"max_hp_gain":0,"max_hp_loss":0,"event_name":"Match and Keep!","floor":4,"gold_loss":0,"cards_obtained":[]},{"damage_healed":0,"gold_gain":0,"player_choice":"Entered Light","damage_taken":14,"max_hp_gain":0,"max_hp_loss":0,"event_name":"Shining Light","floor":5,"gold_loss":0,"cards_upgraded":["Defend_G","Strike_G"]},{"damage_healed":0,"gold_gain":0,"player_choice":"Left Gold","damage_taken":0,"max_hp_gain":0,"max_hp_loss":0,"event_name":"World of Goop","floor":11,"gold_loss":34},{"damage_healed":0,"gold_gain":0,"player_choice":"Take Wound","damage_taken":0,"relics_obtained":["Golden Idol"],"max_hp_gain":0,"max_hp_loss":0,"event_name":"Golden Idol","floor":14,"gold_loss":0,"cards_obtained":["Injury"]},{"cards_removed":["Defend_G"],"damage_healed":0,"gold_gain":0,"player_choice":"Gave Gold","damage_taken":0,"max_hp_gain":0,"max_hp_loss":0,"event_name":"Beggar","floor":19,"gold_loss":75},{"damage_healed":0,"gold_gain":0,"player_choice":"Simplicity","damage_taken":0,"max_hp_gain":0,"max_hp_loss":0,"event_name":"Back to Basics","floor":20,"gold_loss":0,"cards_upgraded":["Strike_G","Strike_G","Strike_G","Defend_G","Defend_G","Defend_G"]},{"damage_healed":0,"gold_gain":0,"player_choice":"Copied","damage_taken":0,"max_hp_gain":0,"max_hp_loss":0,"event_name":"Duplicator","floor":37,"gold_loss":0,"cards_obtained":["Blade Dance"]},{"damage_healed":0,"gold_gain":0,"player_choice":"Paid","damage_taken":0,"relics_obtained":["Red Mask"],"max_hp_gain":0,"max_hp_loss":0,"event_name":"Tomb of Lord Red Mask","floor":41,"gold_loss":17},{"damage_healed":0,"gold_gain":0,"player_choice":"Ignored","damage_taken":0,"max_hp_gain":0,"max_hp_loss":0,"event_name":"The Moai Head","floor":42,"gold_loss":0},{"damage_healed":0,"gold_gain":0,"player_choice":"Max HP","damage_taken":0,"max_hp_gain":0,"max_hp_loss":4,"event_name":"Winding Halls","floor":45,"gold_loss":0}],"is_beta":false,"boss_relics":[{"not_picked":["Calling Bell","HoveringKite"],"picked":"Ectoplasm"},{"not_picked":["Black Star","Busted Crown"],"picked":"Philosopher\u0027s Stone"}],"items_purged_floors":[],"is_endless":false,"potions_floor_spawned":[1,18,28,30,33,35,36,46,47,48],"ascension_level":3}}