{"host":"d265sm4b0zub77qp","time":1610090060,"event":{"mods":["AchievementEnabler","BaseMod","BetterRewards","Colored Map","Downfall","GifTheSpireLib","Jorbs\u0027s Wanderer Trilogy","Minty Spire (QoL Compilation)","StSLib","Stuff the Spire","[IsaacMod]????"],"gold_per_floor":[129,144,144,179,215,241,241,281,281,281,321,361,409,440,440,579,579,599,599,631,74,111,136,188,241,241,273,273,307,14,14,14,145,145,160,260,208,430,440,481,172,202,202,11,11,27,77,97,97,111],"floor_reached":51,"playtime":3517,"items_purged":["Defend_G","Writhe","Strike_G","Strike_G"],"score":1253,"play_id":"a5de310e-81d6-4ab0-a8a3-d165b22c9a80","local_time":"20210108001420","is_ascension_mode":true,"campfire_choices":[{"floor":10,"key":"REST"},{"data":"Noxious Fumes","floor":15,"key":"SMITH"},{"data":"EpicFetus","floor":28,"key":"SMITH"},{"data":"Terror","floor":32,"key":"SMITH"},{"data":"Envenom","floor":45,"key":"SMITH"},{"data":"Venomology","floor":49,"key":"SMITH"}],"circlet_count":0,"master_deck":["Strike_G","Strike_G","Defend_G","Defend_G","Defend_G","Defend_G","Survivor","Neutralize","BloodyBrimstone","HandOfGreed","Quick Slash","Dagger Spray","Acrobatics","Dagger Spray","Blade Dance","StuffTheSpire:ReptileScales","Backstab","Noxious Fumes+1","Blade Dance","Storm of Steel","EpicFetus+1","Accuracy","Bane","Outmaneuver","Deadly Poison+1","StuffTheSpire:MirrorStance+1","Masterful Stab","Bouncing Flask","Terror+1","Shame","Bullet Time","Envenom+1","Venomology+1","Blade Dance","Violence","Accuracy"],"relics":["Ring of the Snake","HushsDoor","Leech","SalivaCoin","Snake Skull","Tingsha","StuffTheSpire:SapphireSignet","Boot","WristBlade","StuffTheSpire:Rhapsscallions","Red Mask","BFFS","The Specimen","PillsDrop","AnarchistCookbook","Bag of Marbles","Strawberry","Dream Catcher","StuffTheSpire:CocoNut","MagicMushroom","JudasShadow","TheBean","Membership Card","TwistedFunnel","DeadEye"],"acts_visited":["Exordium","TheCity","TheBeyond"],"potions_floor_usage":[6,6,13,20,25,25,27,33,40,40,46,46,46,47,47,50,50],"damage_taken":[{"damage":0,"enemies":"Cultist","floor":1,"turns":2},{"damage":0,"enemies":"Jaw Worm","floor":2,"turns":3},{"damage":0,"enemies":"Small Slimes","floor":5,"turns":2},{"damage":0,"enemies":"3 Sentries","floor":6,"turns":2},{"damage":0,"enemies":"2 Fungi Beasts","floor":8,"turns":2},{"damage":0,"enemies":"Red Slaver","floor":11,"turns":2},{"damage":0,"enemies":"Gremlin Gang","floor":12,"turns":2},{"damage":2,"enemies":"Lagavulin","floor":13,"turns":4},{"damage":0,"enemies":"Blue Slaver","floor":14,"turns":2},{"damage":19,"enemies":"Hexaghost","floor":16,"turns":7},{"damage":0,"enemies":"Spheric Guardian","floor":18,"turns":2},{"damage":0,"enemies":"Masked Bandits","floor":20,"turns":1},{"damage":8,"enemies":"2 Thieves","floor":22,"turns":2},{"damage":0,"enemies":"Gremlin Leader","floor":23,"turns":4},{"damage":14,"enemies":"Shelled Parasite and Fungi","floor":24,"turns":2},{"damage":13,"enemies":"Slavers","floor":25,"turns":3},{"damage":0,"enemies":"Chosen and Byrds","floor":27,"turns":3},{"damage":0,"enemies":"Gremlin Leader","floor":29,"turns":3},{"damage":37,"enemies":"Automaton","floor":33,"turns":5},{"damage":0,"enemies":"Orb Walker","floor":35,"turns":1},{"damage":0,"enemies":"3 Darklings","floor":39,"turns":1},{"damage":21,"enemies":"Reptomancer","floor":40,"turns":3},{"damage":0,"enemies":"Giant Head","floor":42,"turns":4},{"damage":0,"enemies":"Maw","floor":46,"turns":3},{"damage":0,"enemies":"Mind Bloom Boss Battle","floor":47,"turns":3},{"damage":0,"enemies":"Sphere and 2 Shapes","floor":48,"turns":2},{"damage":12,"enemies":"Donu and Deca","floor":50,"turns":3}],"seed_played":"-6533453833295968597","potions_obtained":[{"floor":2,"key":"SkillPotion"},{"floor":5,"key":"champ:CounterPotion"},{"floor":11,"key":"Poison Potion"},{"floor":13,"key":"Ancient Potion"},{"floor":16,"key":"Swift Potion"},{"floor":24,"key":"CultistPotion"},{"floor":25,"key":"Block Potion"},{"floor":27,"key":"Weak Potion"},{"floor":33,"key":"Poison Potion"},{"floor":40,"key":"Energy Potion"},{"floor":42,"key":"Guardian:BlockOnCardUsePotion"}],"is_trial":false,"path_per_floor":["M","M","?","?","M","E","?","M","T","R","M","M","E","M","R","B",null,"M","?","?","$","M","E","M","E","T","M","R","E","$","?","R","B",null,"M","?","$","?","M","E","$","E","T","$","R","M","?","M","R","B",null],"character_chosen":"THE_SILENT","items_purchased":["HandOfGreed","Quick Slash","EpicFetus","Accuracy","BFFS","The Specimen","Strawberry","Dream Catcher","JudasShadow","Envenom","champ:CounterPotion","Membership Card","Blade Dance","Violence","TwistedFunnel","Accuracy"],"campfire_rested":1,"item_purchase_floors":[0,0,17,17,21,21,30,30,34,34,37,41,41,41,44,44],"current_hp_per_floor":[52,54,54,29,30,31,31,32,32,52,53,54,55,56,56,43,59,59,61,61,61,53,57,45,34,34,36,36,38,45,52,52,20,59,59,59,59,59,62,45,45,50,50,50,50,55,60,65,65,57],"gold":111,"neow_bonus":"","is_daily":false,"chose_seed":false,"campfire_upgraded":5,"win_rate":0.0,"timestamp":1610090060,"path_taken":["M","M","?","?","M","E","?","M","T","R","?","M","E","M","R","BOSS","M","?","?","$","?","E","M","E","T","M","R","E","$","?","R","BOSS","M","?","$","?","M","E","?","E","T","$","R","M","?","M","R","BOSS"],"items_purchased_type":["Card","Card","Card","Card","Relic","Relic","Relic","Relic","Relic","Card","Potion","Relic","Card","Card","Relic","Card"],"build_version":"2020-12-22","purchased_purges":4,"victory":true,"max_hp_per_floor":[70,70,70,70,70,67,67,67,67,67,67,67,67,67,67,67,59,59,61,61,61,61,61,58,55,55,55,55,55,62,69,69,69,59,59,59,59,59,62,65,65,65,65,65,65,65,65,68,68,65],"card_choices":[{"not_picked":[],"picked":"BloodyBrimstone","floor":0},{"not_picked":["Deadly Poison","PiercingWail"],"picked":"Dagger Spray","floor":1},{"not_picked":["Predator","Dagger Spray"],"picked":"Acrobatics","floor":2},{"not_picked":["Caltrops","Die Die Die"],"picked":"Blade Dance","floor":5},{"not_picked":["Flying Knee","StuffTheSpire:Sprint"],"picked":"StuffTheSpire:ReptileScales","floor":6},{"not_picked":["Deflect","Acrobatics"],"picked":"Backstab","floor":8},{"not_picked":["Calculated Gamble","Dagger Throw","Dodge and Roll"],"picked":"SKIP","floor":11},{"not_picked":["Flying Knee","Deflect"],"picked":"Noxious Fumes","floor":12},{"not_picked":["StuffTheSpire:Python","StuffTheSpire:Sprint"],"picked":"StuffTheSpire:BumpUp","floor":13},{"not_picked":["Deflect","Quick Slash"],"picked":"Blade Dance","floor":14},{"not_picked":["Grand Finale","Doppelganger"],"picked":"Storm of Steel","floor":16},{"not_picked":["Reflex","StuffTheSpire:Injection+1"],"picked":"Bane","floor":18},{"not_picked":["StuffTheSpire:Injection+1","Flying Knee+1"],"picked":"Outmaneuver","floor":20},{"not_picked":["Dagger Throw","Quick Slash"],"picked":"Deadly Poison+1","floor":22},{"not_picked":["StuffTheSpire:Injection","Flying Knee"],"picked":"StuffTheSpire:MirrorStance+1","floor":23},{"not_picked":["StuffTheSpire:ClusterCrunch","StuffTheSpire:BumpUp"],"picked":"Masterful Stab","floor":24},{"not_picked":["StuffTheSpire:Incursion+1","Underhanded Strike+1"],"picked":"Bouncing Flask","floor":25},{"not_picked":["Deadly Poison","Underhanded Strike","Acrobatics"],"picked":"SKIP","floor":27},{"not_picked":["Flying Knee+1","Choke"],"picked":"Terror","floor":29},{"not_picked":["Adrenaline","Grand Finale"],"picked":"Bullet Time","floor":33},{"not_picked":["Bane+1","Dagger Throw+1","Sucker Punch+1"],"picked":"SKIP","floor":35},{"not_picked":["Backflip","Cloak And Dagger+1","Well Laid Plans"],"picked":"SKIP","floor":39},{"not_picked":["Concentrate","Underhanded Strike"],"picked":"Venomology","floor":40},{"not_picked":["StuffTheSpire:BrimstoneBlast","Terror","Glass Knife"],"picked":"SKIP","floor":42},{"not_picked":["StuffTheSpire:ClusterCrunch+1","StuffTheSpire:Python","Masterful Stab+1"],"picked":"SKIP","floor":46},{"not_picked":["Sucker Punch","Dagger Throw","PiercingWail"],"picked":"SKIP","floor":48}],"player_experience":259518,"relics_obtained":[{"floor":6,"key":"Tingsha"},{"floor":9,"key":"StuffTheSpire:SapphireSignet"},{"floor":13,"key":"Boot"},{"floor":20,"key":"Red Mask"},{"floor":23,"key":"PillsDrop"},{"floor":25,"key":"AnarchistCookbook"},{"floor":26,"key":"Bag of Marbles"},{"floor":40,"key":"TheBean"},{"floor":47,"key":"DeadEye"}],"event_choices":[{"damage_healed":0,"gold_gain":0,"cards_transformed":["Strike_G"],"player_choice":"Change","damage_taken":0,"max_hp_gain":0,"max_hp_loss":0,"event_name":"Living Wall","floor":3,"gold_loss":0,"cards_obtained":["Dagger Spray"]},{"damage_healed":0,"gold_gain":0,"player_choice":"Success","damage_taken":25,"relics_obtained":["Snake Skull"],"max_hp_gain":0,"max_hp_loss":0,"event_name":"Scrap Ooze","floor":4,"gold_loss":0},{"damage_healed":0,"gold_gain":0,"player_choice":"Opened","damage_taken":0,"relics_obtained":["StuffTheSpire:Rhapsscallions"],"max_hp_gain":0,"max_hp_loss":0,"event_name":"The Mausoleum","floor":19,"gold_loss":0,"cards_obtained":["Writhe"]},{"damage_healed":0,"gold_gain":0,"player_choice":"Fought Bandits","damage_taken":0,"max_hp_gain":0,"max_hp_loss":0,"event_name":"Masked Bandits","floor":20,"gold_loss":0},{"damage_healed":0,"gold_gain":0,"player_choice":"Stole Relic","damage_taken":0,"relics_obtained":["StuffTheSpire:CocoNut"],"max_hp_gain":0,"max_hp_loss":0,"event_name":"Addict","floor":31,"gold_loss":0,"cards_obtained":["Shame"]},{"damage_healed":0,"gold_gain":222,"player_choice":"Wore Mask","damage_taken":0,"max_hp_gain":0,"max_hp_loss":0,"event_name":"Tomb of Lord Red Mask","floor":38,"gold_loss":0},{"damage_healed":0,"gold_gain":0,"player_choice":"Fight","damage_taken":0,"max_hp_gain":0,"max_hp_loss":0,"event_name":"MindBloom","floor":47,"gold_loss":0}],"is_beta":false,"boss_relics":[{"not_picked":["Tiny House","Astrolabe"],"picked":"WristBlade"},{"not_picked":[]},{"not_picked":["Snecko Eye","ChampionBelt"],"picked":"MagicMushroom"},{"not_picked":[]}],"items_purged_floors":[0,21,41,44],"is_endless":false,"potions_floor_spawned":[2,5,11,13,16,24,25,27,33,40,42],"ascension_level":2}}