{"host":"2hlhnd4tei6r1t0s","time":1610098528,"event":{"mods":["ATMod(阿瑾Mod)","Act Like it!","Arknights The Spire","Aspiration","Astrologer","BaseMod","Conspire","Downfall","Evolution","Friendly Minions","Gensokyo","Gremlin Mod","Hallownest","Hermit","HumanHunterMod(怪物杀人mod)","Jedi Mod","Jorbs\u0027s Wanderer Trilogy","Koishi","Luminous","Mari Mod (Legacy)","Mari\u0027s V1 Patch","Marisa（F雨　魔理沙）","Minty Spire (QoL Compilation)","MostiFishMod","Pale of the Ancients","Potionbrewer","Prisma Mod","Quick Restart","Replay The Spire","Robot Space Explorer","RumiaBox-露米娅的神秘盒子","Spicy Shops","StSLib","TestMod","The Administrix","The Alterego","The Construct","The Cursed","The Hayseed","The Marked","The Mystic","The Runesmith","The Servant 0.9.4","TheWitcher","Uncapped","WarShipGirlsR/战舰少女R mod","Yakumo Yukari mod","[地精首领爬塔]The Maniac","noobMod","vexMod","【功能Mod】混沌之环修复补丁","【功能Mod】聪明的最终Boss","【遗物卡牌】REMEMod","残留之物"],"gold_per_floor":[110,9998053,9998065,9995222,9995211,9995212,9995212,9995212,9995212],"floor_reached":8,"playtime":771,"items_purged":["construct:DefenseMode","construct:Defend_Gold","construct:Defend_Gold","construct:Defend_Gold"],"score":62,"play_id":"ec09aba1-429e-4be2-a5a7-62c5a117e520","local_time":"20210108173528","is_ascension_mode":true,"campfire_choices":[{"data":"AT_OneInchPunch","floor":7,"key":"SMITH"}],"circlet_count":0,"master_deck":["construct:SyphonStrike","construct:Strike_Gold","construct:Strike_Gold","construct:Strike_Gold","construct:Strike_Gold","construct:Defend_Gold","construct:Defend_Gold","construct:AttackMode","AT_OneInchPunch+1","hermit:Purgatory","construct:QuickAttack","testmod-PowerStrike","construct:ClusterMines","construct:Chainstrike","construct:SuppressiveFire","Gremlin:RageBreak","ats:Shadow Assault","construct:GoldenBullet+1","MostiFishMod:Overload","construct:Backfire","construct:SaveState"],"relics":["construct:Cogwheel","EVO:Axolotl","ice","testmod-TestBox","DaveBox","REME_ComplimentaryCards","AT_ATBox","GreenFoldingFan","testmod-HeartOfDaVinci","NeowsBlessing","SynthV:TestCard","Boot","Orichalcum","MetatronsCube","SynthV","SnafuTest:QuenRelic","Replay:Bottled Steam","Gremlin:SupplyScroll","ats:Special","BirthdayGift-Tetrahedron","Centennial Puzzle","Symbiotic Virus","Bottled Flame","PlaceholderMod:DaolothFragment"],"acts_visited":["Exordium"],"potions_floor_usage":[],"damage_taken":[{"damage":2,"enemies":"Cultist","floor":1,"turns":1},{"damage":2,"enemies":"2 Louse","floor":3,"turns":1},{"damage":2,"enemies":"Jaw Worm","floor":5,"turns":1},{"damage":47,"enemies":"3 Sentries","floor":6,"turns":3},{"damage":36,"enemies":"Lagavulin","floor":8,"turns":2}],"seed_played":"3217651923938786896","potions_obtained":[{"floor":3,"key":"EssenceOfSteel"},{"floor":6,"key":"testmod-EscapePotion"}],"is_trial":false,"path_per_floor":["M","$","M","$","M","E","R","E"],"character_chosen":"THE_CONSTRUCT_MOD","items_purchased":["testmod-PowerStrike","construct:ClusterMines","construct:Chainstrike","Boot","Orichalcum","MetatronsCube","SynthV","SnafuTest:QuenRelic","Replay:Bottled Steam","Gremlin:SupplyScroll","ats:Special","construct:GoldenBullet","BirthdayGift-Tetrahedron","Centennial Puzzle","Symbiotic Virus","Bottled Flame"],"campfire_rested":0,"item_purchase_floors":[2,2,2,2,2,2,2,2,2,4,4,4,4,4,4,4],"current_hp_per_floor":[85,85,85,85,85,48,48,12,12],"gold":9995212,"neow_bonus":"THREE_ENEMY_KILL","is_daily":false,"chose_seed":false,"campfire_upgraded":1,"win_rate":0.0,"timestamp":1610098528,"path_taken":["M","$","M","$","M","E","R","E"],"items_purchased_type":["Card","Card","Card","Relic","Relic","Relic","Relic","Relic","Relic","Relic","Relic","Card","Relic","Relic","Relic","Relic"],"build_version":"2020-12-22","purchased_purges":4,"victory":false,"max_hp_per_floor":[85,85,85,85,85,85,85,85,85],"card_choices":[{"not_picked":["construct:Stasis","construct:ModeShift"],"picked":"construct:QuickAttack","floor":1},{"not_picked":["construct:Anticipate","construct:GuardCore","construct:ScopeCore","construct:ModeShift"],"picked":"construct:SuppressiveFire","floor":3},{"not_picked":["construct:Autoturret","construct:FlameCore","construct:FierceBash","construct:ModeShift"],"picked":"construct:Backfire","floor":5},{"not_picked":["construct:Anticipate","construct:Versatility","construct:Bunker","construct:Analyze"],"picked":"construct:SaveState","floor":6}],"player_experience":56329,"relics_obtained":[{"floor":1,"key":"SynthV:TestCard"},{"floor":6,"key":"PlaceholderMod:DaolothFragment"}],"event_choices":[],"is_beta":false,"boss_relics":[],"items_purged_floors":[2,2,4,4],"is_endless":false,"potions_floor_spawned":[3,6],"killed_by":"Lagavulin","ascension_level":2}}