{"host":"ji1fk25fd1ga4ji1","time":1610083100,"event":{"mods":["2.2 Compatiblity","BaseMod","Colored Map","DeckTracker","Minty Spire (QoL Compilation)","Permanent Neow","Quick Restart","StSLib","SuperFastMode"],"gold_per_floor":[111,34,50,67,85,113,113,148,202,202,127,145,169,169,169,264,264,274,174,188,188,208,233,252,252,252,285,285,285,310,328,328,428,428,442,456,468,483,483,483,510,94,94,94,94],"floor_reached":44,"playtime":1095,"items_purged":["Defend_R","Strike_R","Strike_R"],"score":638,"play_id":"0ee4978c-6e1b-466b-9203-994667bfc902","local_time":"20210108141820","is_ascension_mode":true,"campfire_choices":[{"data":"Barricade","floor":7.0,"key":"SMITH"},{"data":"Inflame","floor":10.0,"key":"SMITH"},{"data":"Heavy Blade","floor":15.0,"key":"SMITH"},{"data":"Evolve","floor":25.0,"key":"SMITH"},{"floor":28.0,"key":"RECALL"},{"floor":32.0,"key":"REST"},{"data":"Power Through","floor":40,"key":"SMITH"}],"circlet_count":0,"master_deck":["Strike_R","Strike_R","Defend_R","Defend_R","Defend_R","Bash+1","Limit Break+1","Wild Strike","Inflame+1","Ghostly Armor+1","Power Through+1","Evolve+1","Barricade+1","Heavy Blade+1","Fiend Fire+1","Power Through+1","Clumsy","Sword Boomerang+1","Thinking Ahead","Second Wind+1","Feel No Pain","Juggernaut"],"relics":["Burning Blood","Ornamental Fan","Blue Candle","War Paint","Odd Mushroom","Cursed Key","MutagenicStrength","Whetstone","Happy Flower","Ancient Tea Set","Sozu","Blood Vial","Orrery","Bronze Scales"],"acts_visited":["Exordium","TheCity","TheBeyond"],"potions_floor_usage":[],"damage_taken":[{"damage":1.0,"enemies":"Cultist","floor":1.0,"turns":4.0},{"damage":7.0,"enemies":"2 Louse","floor":3.0,"turns":2.0},{"damage":2.0,"enemies":"Small Slimes","floor":4.0,"turns":3.0},{"damage":17.0,"enemies":"Exordium Thugs","floor":5.0,"turns":6.0},{"damage":13.0,"enemies":"3 Sentries","floor":6.0,"turns":8.0},{"damage":5.0,"enemies":"Lagavulin","floor":8.0,"turns":10.0},{"damage":5.0,"enemies":"Large Slime","floor":12.0,"turns":5.0},{"damage":15.0,"enemies":"The Mushroom Lair","floor":13.0,"turns":5.0},{"damage":24.0,"enemies":"The Guardian","floor":16.0,"turns":9.0},{"damage":0.0,"enemies":"Shell Parasite","floor":18.0,"turns":3.0},{"damage":14.0,"enemies":"Spheric Guardian","floor":20.0,"turns":4.0},{"damage":2.0,"enemies":"Cultist and Chosen","floor":22.0,"turns":7.0},{"damage":12.0,"enemies":"Book of Stabbing","floor":23.0,"turns":5.0},{"damage":7.0,"enemies":"Snake Plant","floor":24.0,"turns":5.0},{"damage":37.0,"enemies":"Slavers","floor":27.0,"turns":6.0},{"damage":30.0,"enemies":"Book of Stabbing","floor":30.0,"turns":6.0},{"damage":5.0,"enemies":"Centurion and Healer","floor":31.0,"turns":7.0},{"damage":0.0,"enemies":"Collector","floor":33.0,"turns":6.0},{"damage":6,"enemies":"3 Darklings","floor":35,"turns":6},{"damage":0,"enemies":"Orb Walker","floor":36,"turns":3},{"damage":10,"enemies":"Jaw Worm Horde","floor":37,"turns":4},{"damage":26,"enemies":"Transient","floor":38,"turns":5},{"damage":0,"enemies":"Giant Head","floor":41,"turns":7},{"damage":69,"enemies":"Reptomancer","floor":44,"turns":2}],"seed_played":"1955735863837321694","potions_obtained":[{"floor":3.0,"key":"BloodPotion"},{"floor":6.0,"key":"Swift Potion"},{"floor":16.0,"key":"HeartOfIron"},{"floor":20.0,"key":"Energy Potion"},{"floor":22.0,"key":"ColorlessPotion"},{"floor":23.0,"key":"Strength Potion"},{"floor":24.0,"key":"HeartOfIron"},{"floor":27.0,"key":"PowerPotion"}],"is_trial":false,"path_per_floor":["M","$","M","M","M","E","R","E","T","R","$","M","?","?","R","B",null,"M","$","M","?","M","E","M","R","T","E","R","?","E","M","R","B",null,"M","M","M","M","?","R","E","$","T","E"],"character_chosen":"IRONCLAD","items_purchased":["Inflame","Orrery","Bronze Scales"],"campfire_rested":1,"item_purchase_floors":[2,42,42],"current_hp_per_floor":[61,61,60,64,53,62,62,63,63,63,63,64,55,55,55,37,80,80,80,72,72,76,70,69,69,69,38,38,38,14,15,39,45,80,80,80,76,56,56,56,62,62,62,0,0],"gold":94,"neow_bonus":"THREE_RARE_CARDS","is_daily":false,"chose_seed":false,"campfire_upgraded":5,"win_rate":0.0,"timestamp":1610083100,"path_taken":["M","?","M","M","M","E","R","E","T","R","$","M","?","?","R","BOSS","M","$","M","?","M","E","M","R","T","E","R","?","E","M","R","BOSS","M","M","?","M","?","R","E","$","T","E"],"items_purchased_type":["Card","Relic","Relic"],"build_version":"2020-12-22","purchased_purges":3,"victory":false,"max_hp_per_floor":[80,80,80,80,80,80,80,80,80,80,80,80,80,80,80,80,80,80,80,80,80,80,80,80,80,80,80,80,80,80,80,80,80,80,80,80,80,80,80,80,80,80,80,80,80],"card_choices":[{"not_picked":["Offering","Exhume"],"picked":"Limit Break","floor":0.0},{"not_picked":["Heavy Blade","Warcry"],"picked":"Wild Strike","floor":1.0},{"not_picked":["Thunderclap","Wild Strike"],"picked":"Ghostly Armor","floor":3.0},{"not_picked":["Warcry","Iron Wave"],"picked":"Power Through","floor":4.0},{"not_picked":["Pommel Strike","Thunderclap"],"picked":"Evolve","floor":5.0},{"not_picked":["Rampage","Intimidate"],"picked":"Barricade","floor":6.0},{"not_picked":["Clash","Combust","Flame Barrier"],"picked":"SKIP","floor":8.0},{"not_picked":["Twin Strike","Dropkick"],"picked":"Heavy Blade","floor":12.0},{"not_picked":["Corruption","Exhume"],"picked":"Fiend Fire","floor":16.0},{"not_picked":["Ghostly Armor+1","Armaments+1","Iron Wave"],"picked":"SKIP","floor":18.0},{"not_picked":["Uppercut","Ghostly Armor","Pommel Strike"],"picked":"SKIP","floor":20.0},{"not_picked":["Wild Strike","Twin Strike"],"picked":"Power Through","floor":22.0},{"not_picked":["Fire Breathing","Seeing Red","Armaments"],"picked":"SKIP","floor":23.0},{"not_picked":["Warcry","Demon Form","Body Slam"],"picked":"SKIP","floor":24.0},{"not_picked":["Perfected Strike","Wild Strike+1","Anger+1"],"picked":"SKIP","floor":27.0},{"not_picked":["Sentinel+1","Heavy Blade+1","Evolve"],"picked":"SKIP","floor":30.0},{"not_picked":["Fire Breathing+1","Headbutt","Carnage"],"picked":"SKIP","floor":31.0},{"not_picked":["Shockwave+1","Pommel Strike+1","Burning Pact"],"picked":"SKIP","floor":35},{"not_picked":["Heavy Blade","Battle Trance+1","Shrug It Off+1"],"picked":"SKIP","floor":36},{"not_picked":["Shrug It Off","Anger"],"picked":"Sword Boomerang+1","floor":37},{"not_picked":["Thunderclap+1","Dark Embrace","Perfected Strike+1"],"picked":"SKIP","floor":38},{"not_picked":["Forethought","Secret Weapon"],"picked":"Thinking Ahead","floor":39},{"not_picked":["Fire Breathing","Thunderclap","Clothesline"],"picked":"SKIP","floor":41},{"not_picked":["Iron Wave","Pommel Strike"],"picked":"Second Wind+1","floor":42},{"not_picked":["True Grit","Clothesline+1"],"picked":"Feel No Pain","floor":42},{"not_picked":["Sentinel+1","Dropkick+1"],"picked":"Juggernaut","floor":42}],"player_experience":815974,"relics_obtained":[{"floor":6.0,"key":"Ornamental Fan"},{"floor":8.0,"key":"Blue Candle"},{"floor":9.0,"key":"War Paint"},{"floor":13.0,"key":"Odd Mushroom"},{"floor":23.0,"key":"Whetstone"},{"floor":27.0,"key":"Happy Flower"},{"floor":30.0,"key":"Ancient Tea Set"},{"floor":41,"key":"Blood Vial"}],"event_choices":[{"damage_healed":0.0,"max_hp_gain":0.0,"max_hp_loss":0.0,"gold_gain":0.0,"event_name":"Mushrooms","player_choice":"Fought Mushrooms","floor":13.0,"gold_loss":0.0,"damage_taken":0.0},{"cards_removed":["Strike_R"],"damage_healed":0.0,"max_hp_gain":0.0,"max_hp_loss":0.0,"gold_gain":0.0,"event_name":"Purifier","player_choice":"Purged","floor":14.0,"gold_loss":0.0,"damage_taken":0.0},{"damage_healed":0.0,"max_hp_gain":0.0,"max_hp_loss":0.0,"gold_gain":0.0,"event_name":"Drug Dealer","player_choice":"Inject Mutagens","floor":21.0,"gold_loss":0.0,"damage_taken":0.0,"relics_obtained":["MutagenicStrength"]},{"damage_healed":0.0,"max_hp_gain":0.0,"max_hp_loss":0.0,"gold_gain":0.0,"event_name":"Upgrade Shrine","player_choice":"Upgraded","floor":29.0,"gold_loss":0.0,"damage_taken":0.0,"cards_upgraded":["Power Through"]},{"damage_healed":0,"gold_gain":0,"player_choice":"Memory 1","damage_taken":0,"max_hp_gain":0,"max_hp_loss":0,"event_name":"SensoryStone","floor":39,"gold_loss":0}],"is_beta":false,"boss_relics":[{"not_picked":["Runic Pyramid","Coffee Dripper"],"picked":"Cursed Key"},{"not_picked":["Tiny House","SlaversCollar"],"picked":"Sozu"}],"items_purged_floors":[11,19,42],"is_endless":false,"potions_floor_spawned":[3,6,16,20,22,23,24,27,35,38,41],"killed_by":"Reptomancer","ascension_level":1}}