{"host":"ixbvfs3so5a39bhe","time":1610097493,"event":{"mods":["BaseMod","Downfall","Minty Spire (QoL Compilation)","Quick Restart","StSLib"],"gold_per_floor":[112,112,43,59,59,59,94,109,109,109,109,137,77,104,104,203,203,215,225,88,88,88,115,115,30,30,59,59,90,102,2,2,106,106,118,118,118,118,168,180,210,210,210,234,281,281,306,317,317,317,317,317,12,45,45],"floor_reached":56,"playtime":2687,"items_purged":["Vigilance","Strike_P","Strike_P","Defend_P"],"score":1793,"play_id":"2bdb3cc8-4850-4cbb-91e3-742e4d66e988","local_time":"20210108171813","is_ascension_mode":true,"campfire_choices":[{"data":"Meditate","floor":6.0,"key":"SMITH"},{"data":"EmptyBody","floor":11.0,"key":"SMITH"},{"data":"SignatureMove","floor":15.0,"key":"SMITH"},{"data":"Adaptation","floor":24.0,"key":"SMITH"},{"floor":32.0,"key":"RECALL"},{"data":"Defend_P","floor":42.0,"key":"PURGE"},{"data":"Strike_P","floor":46.0,"key":"PURGE"},{"data":"Pray","floor":49.0,"key":"PURGE"},{"data":"CrushJoints","floor":52,"key":"SMITH"}],"circlet_count":0,"master_deck":["Defend_P","Eruption+1","SignatureMove+1","Meditate+1","EmptyBody+1","Adaptation+1","CrushJoints+1","ClearTheMind+1","LikeWater"],"relics":["HolyWater","NeowsBlessing","The Courier","Lantern","Mummified Hand","CloakClasp","Kunai","Busted Crown","Juzu Bracelet","Tiny Chest","Dream Catcher","HornCleat","Anchor","Bronze Scales","Eternal Feather","Yang","Peace Pipe","Damaru","Boot","Strawberry","Pear","Oddly Smooth Stone","Bag of Preparation"],"acts_visited":["Exordium","TheCity","TheBeyond","TheEnding"],"potions_floor_usage":[55],"damage_taken":[{"damage":0.0,"enemies":"Cultist","floor":1.0,"turns":1.0},{"damage":0.0,"enemies":"Small Slimes","floor":4.0,"turns":1.0},{"damage":0.0,"enemies":"Gremlin Nob","floor":7.0,"turns":1.0},{"damage":7.0,"enemies":"2 Louse","floor":8.0,"turns":2.0},{"damage":0.0,"enemies":"Lagavulin","floor":12.0,"turns":2.0},{"damage":0.0,"enemies":"Gremlin Nob","floor":14.0,"turns":2.0},{"damage":23.0,"enemies":"Hexaghost","floor":16.0,"turns":6.0},{"damage":0.0,"enemies":"Chosen","floor":18.0,"turns":4.0},{"damage":0.0,"enemies":"Spheric Guardian","floor":19.0,"turns":2.0},{"damage":3.0,"enemies":"Book of Stabbing","floor":23.0,"turns":3.0},{"damage":7.0,"enemies":"Slavers","floor":27.0,"turns":6.0},{"damage":0.0,"enemies":"Gremlin Leader","floor":29.0,"turns":2.0},{"damage":0.0,"enemies":"3 Cultists","floor":30.0,"turns":4.0},{"damage":37.0,"enemies":"Collector","floor":33.0,"turns":4.0},{"damage":6.0,"enemies":"3 Shapes","floor":35.0,"turns":3.0},{"damage":0.0,"enemies":"Mind Bloom Boss Battle","floor":39.0,"turns":2.0},{"damage":0.0,"enemies":"3 Darklings","floor":40.0,"turns":4.0},{"damage":0.0,"enemies":"Giant Head","floor":41.0,"turns":4.0},{"damage":19.0,"enemies":"Nemesis","floor":47.0,"turns":5.0},{"damage":21.0,"enemies":"4 Shapes","floor":48.0,"turns":4.0},{"damage":17,"enemies":"Time Eater","floor":50,"turns":4},{"damage":18,"enemies":"Shield and Spear","floor":54,"turns":3},{"damage":94,"enemies":"The Heart","floor":55,"turns":6}],"seed_played":"2481633834064798395","potions_obtained":[{"floor":1.0,"key":"GamblersBrew"},{"floor":4.0,"key":"BottledMiracle"},{"floor":10.0,"key":"FairyPotion"},{"floor":10.0,"key":"Weak Potion"},{"floor":12.0,"key":"hexamod:EctoCoolerPotion"},{"floor":14.0,"key":"Weak Potion"},{"floor":18.0,"key":"champ:CounterPotion"},{"floor":19.0,"key":"PowerPotion"},{"floor":29.0,"key":"FearPotion"},{"floor":35.0,"key":"Strength Potion"},{"floor":39.0,"key":"Regen Potion"}],"is_trial":false,"path_per_floor":["M","?","$","M","?","R","E","M","T","?","R","E","$","E","R","B",null,"M","M","$","?","?","E","R","?","T","E","?","E","M","$","R","B",null,"M","T","$","?","?","M","E","R","T","T","T","R","E","M","R","B",null,"R","$","E","B",null],"character_chosen":"WATCHER","items_purchased":["Meditate","Adaptation","LikeWater","Oddly Smooth Stone"],"campfire_rested":0,"item_purchase_floors":[3,20,53,53],"current_hp_per_floor":[72,72,72,72,47,47,47,40,40,40,40,40,40,40,40,17,72,72,72,72,72,72,69,69,69,69,62,62,62,62,62,68,31,72,66,66,66,66,66,66,66,68,68,68,75,75,66,45,51,34,85,85,85,67,22],"gold":45,"neow_bonus":"THREE_ENEMY_KILL","is_daily":false,"chose_seed":false,"campfire_upgraded":5,"win_rate":0.0,"timestamp":1610097493,"path_taken":["M","?","?","?","?","R","E","M","T","?","R","E","$","E","R","BOSS","M","M","$","?","?","E","R","?","T","E","?","E","M","?","R","BOSS","M","?","$","?","?","M","E","R","T","?","?","R","E","M","R","BOSS","R","$","E","BOSS"],"items_purchased_type":["Card","Card","Card","Relic"],"build_version":"2020-12-22","purchased_purges":4,"victory":true,"max_hp_per_floor":[72,72,72,72,72,72,72,72,72,72,72,72,72,72,72,72,72,72,72,72,72,72,72,72,72,72,72,72,72,72,72,72,72,72,72,72,72,68,68,68,68,68,68,68,75,75,85,85,85,85,85,85,85,85,85],"card_choices":[{"not_picked":["ForeignInfluence","JustLucky"],"picked":"SignatureMove","floor":1.0},{"not_picked":["SashWhip","SignatureMove","DeceiveReality"],"picked":"SKIP","floor":4.0},{"not_picked":["FlyingSleeves","EmptyFist","WindmillStrike"],"picked":"SKIP","floor":7.0},{"not_picked":["CutThroughFate","FlyingSleeves"],"picked":"EmptyBody","floor":8.0},{"not_picked":["SashWhip","FlyingSleeves","Evaluate"],"picked":"SKIP","floor":12.0},{"not_picked":["Halt","WaveOfTheHand","EmptyBody"],"picked":"SKIP","floor":14.0},{"not_picked":["SashWhip"],"picked":"SKIP","floor":18.0},{"not_picked":["PathToVictory+1"],"picked":"SKIP","floor":19.0},{"not_picked":["Prostrate+1"],"picked":"SKIP","floor":23.0},{"not_picked":["EmptyBody"],"picked":"SKIP","floor":27.0},{"not_picked":["EmptyBody+1"],"picked":"SKIP","floor":29.0},{"not_picked":["EmptyBody"],"picked":"SKIP","floor":30.0},{"not_picked":["CrushJoints"],"picked":"SKIP","floor":35.0},{"not_picked":[],"picked":"ClearTheMind+1","floor":39.0},{"not_picked":["Consecrate+1"],"picked":"SKIP","floor":40.0},{"not_picked":["Prostrate"],"picked":"SKIP","floor":41.0},{"not_picked":["CutThroughFate+1"],"picked":"SKIP","floor":47.0},{"not_picked":["BowlingBash"],"picked":"SKIP","floor":48.0},{"not_picked":["Brilliance"],"picked":"SKIP","floor":54}],"player_experience":137568,"relics_obtained":[{"floor":7.0,"key":"Lantern"},{"floor":9.0,"key":"Mummified Hand"},{"floor":12.0,"key":"CloakClasp"},{"floor":14.0,"key":"Kunai"},{"floor":22.0,"key":"Tiny Chest"},{"floor":23.0,"key":"Dream Catcher"},{"floor":26.0,"key":"Anchor"},{"floor":27.0,"key":"Bronze Scales"},{"floor":29.0,"key":"Eternal Feather"},{"floor":36.0,"key":"Yang"},{"floor":39.0,"key":"Peace Pipe"},{"floor":41.0,"key":"Damaru"},{"floor":44.0,"key":"Boot"},{"floor":45.0,"key":"Strawberry"},{"floor":47.0,"key":"Pear"},{"floor":54,"key":"Bag of Preparation"}],"event_choices":[{"damage_healed":0.0,"max_hp_gain":0.0,"max_hp_loss":0.0,"gold_gain":0.0,"event_name":"Upgrade Shrine","player_choice":"Upgraded","floor":2.0,"gold_loss":0.0,"damage_taken":0.0,"cards_upgraded":["Eruption"]},{"damage_healed":0.0,"max_hp_gain":0.0,"max_hp_loss":0.0,"gold_gain":0.0,"event_name":"Scrap Ooze","player_choice":"Success","floor":5.0,"gold_loss":0.0,"damage_taken":25.0,"relics_obtained":["The Courier"]},{"damage_healed":0.0,"max_hp_gain":0.0,"max_hp_loss":0.0,"gold_gain":0.0,"event_name":"Lab","player_choice":"Got Potions","floor":10.0,"gold_loss":0.0,"damage_taken":0.0},{"damage_healed":0.0,"max_hp_gain":0.0,"max_hp_loss":0.0,"gold_gain":0.0,"event_name":"The Mausoleum","player_choice":"Opened","floor":21.0,"gold_loss":0.0,"damage_taken":0.0,"relics_obtained":["Juzu Bracelet"]},{"damage_healed":0.0,"max_hp_gain":0.0,"max_hp_loss":0.0,"gold_gain":0.0,"event_name":"Wheel of Change","player_choice":"Relic","floor":22.0,"gold_loss":0.0,"damage_taken":0.0},{"damage_healed":0.0,"max_hp_gain":0.0,"max_hp_loss":0.0,"gold_gain":0.0,"event_name":"Addict","player_choice":"Obtained Relic","floor":25.0,"gold_loss":85.0,"damage_taken":0.0,"relics_obtained":["HornCleat"]},{"damage_healed":0.0,"max_hp_gain":0.0,"max_hp_loss":0.0,"gold_gain":0.0,"cards_transformed":["Defend_P","Strike_P"],"event_name":"Drug Dealer","player_choice":"Became Test Subject","floor":28.0,"gold_loss":0.0,"damage_taken":0.0,"cards_obtained":["CrushJoints","Pray"]},{"damage_healed":0.0,"max_hp_gain":0.0,"max_hp_loss":4.0,"gold_gain":0.0,"event_name":"Winding Halls","player_choice":"Max HP","floor":38.0,"gold_loss":0.0,"damage_taken":0.0},{"damage_healed":0.0,"max_hp_gain":0.0,"max_hp_loss":0.0,"gold_gain":0.0,"event_name":"MindBloom","player_choice":"Fight","floor":39.0,"gold_loss":0.0,"damage_taken":0.0}],"is_beta":false,"boss_relics":[{"not_picked":["Coffee Dripper","Runic Pyramid"],"picked":"Busted Crown"},{"not_picked":["Tiny House","Runic Dome"],"picked":"HolyWater"}],"items_purged_floors":[13,20,31,53],"is_endless":false,"potions_floor_spawned":[1,4,12,14,18,19,23,29,35,39],"ascension_level":4}}