{"host":"51fyd6gkml7xavq8","time":1610129127,"event":{"mods":["BaseMod","BetterRewards","Colored Map","Energized Spire","Infinite Spire","Minty Spire (QoL Compilation)","Replay The Spire","Shop Mod","Spicy Shops","StSLib","The Blue Laboratory","[IsaacMod]????"],"gold_per_floor":[112,12,26,26,40,40,40,40,118,30,40,40,21,21,21,0,0],"floor_reached":16,"playtime":748,"items_purged":["Bash","Strike_R"],"score":185,"play_id":"4d9cd38b-d8c3-451a-a9b6-baf37c390a99","local_time":"20210108150527","is_ascension_mode":true,"campfire_choices":[{"data":"infinitespire:OneForAll","floor":6.0,"key":"SMITH"},{"floor":15.0,"key":"REST"}],"circlet_count":0,"master_deck":["Strike_R","Strike_R","Strike_R","Defend_R","Defend_R","Defend_R","Defend_R","Limit Break","infinitespire:OneForAll+1","ReplayTheSpireMod:Splinters","Impervious"],"relics":["Burning Blood","HushsDoor","PillsDrop","ReplayTheSpireMod:Shallot","Golden Idol","TuHaoJin","ReplayTheSpireMod:CursedCoin","Replay:Bottled Flurry","infinitespire:Eraser"],"acts_visited":["Exordium"],"potions_floor_usage":[16],"damage_taken":[{"damage":0.0,"enemies":"2 Louse","floor":1.0,"turns":3.0},{"damage":0.0,"enemies":"Jaw Worm","floor":3.0,"turns":5.0},{"damage":0.0,"enemies":"Small Slimes","floor":5.0,"turns":4.0},{"damage":59.0,"enemies":"Gremlin Nob","floor":11.0,"turns":6.0},{"damage":0.0,"enemies":"Looter","floor":13.0,"turns":1.0},{"damage":46,"enemies":"Fading Forest","floor":16,"turns":7}],"seed_played":"6057220821802344119","potions_obtained":[{"floor":5.0,"key":"DistilledChaos"}],"is_trial":false,"path_per_floor":["M","$","M","?","M","R","?","$","T","$","E","?","M","?","R_BF","B"],"character_chosen":"IRONCLAD","items_purchased":["ReplayTheSpireMod:Shallot","ReplayTheSpireMod:CursedCoin","Replay:Bottled Flurry"],"campfire_rested":1,"item_purchase_floors":[0,10,10],"current_hp_per_floor":[72,72,78,78,80,80,60,60,60,60,7,7,13,13,35,0,0],"gold":0,"neow_bonus":"","is_daily":false,"chose_seed":false,"campfire_upgraded":1,"win_rate":0.0,"timestamp":1610129127,"path_taken":["M","$","M","?","M","R","?","?","T","$","E","?","?","?","R_BF","BOSS"],"items_purchased_type":["Relic","Relic","Relic"],"build_version":"2020-12-22","purchased_purges":2,"victory":false,"max_hp_per_floor":[80,80,80,80,80,80,80,80,80,80,75,75,75,75,75,75,75],"card_choices":[{"not_picked":["Twin Strike","Run Through"],"picked":"Limit Break","floor":1.0},{"not_picked":["ReplayTheSpireMod:LeadingStrike","Massacre","Burning Pact"],"picked":"SKIP","floor":3.0},{"not_picked":["Rupture","Dropkick"],"picked":"infinitespire:OneForAll","floor":5.0},{"not_picked":["Armaments","Heavy Blade"],"picked":"Impervious","floor":11.0},{"not_picked":["Entrench","ReplayReversal","Hemogenesis"],"picked":"SKIP","floor":13.0}],"player_experience":476463,"relics_obtained":[{"floor":9.0,"key":"TuHaoJin"},{"floor":11.0,"key":"infinitespire:Eraser"}],"event_choices":[{"damage_healed":0.0,"max_hp_gain":0.0,"max_hp_loss":0.0,"gold_gain":0.0,"event_name":"Golden Idol","player_choice":"Take Damage","floor":7.0,"gold_loss":0.0,"damage_taken":20.0,"relics_obtained":["Golden Idol"]}],"is_beta":false,"boss_relics":[],"items_purged_floors":[0,2],"is_endless":false,"potions_floor_spawned":[5],"killed_by":"Fading Forest","ascension_level":5}}