{"host":"qfskrnw3pl1q86j0","time":1610129363,"event":{"mods":["BaseMod","Block Reminder","Hermit","Marisa????????","Minty Spire (QoL Compilation)","Quick Restart","Random Character Button","Relic Stats","StSLib","The Poker Player","slay the spire mod where everything is the same but ironclad has a cowboy hat"],"gold_per_floor":[367,367,382,382,482,482,197,197,220,248,260,273,283,4,4,108,108,124,136,162,77,90,0,0,0,74,90,106,106,106,135,135,236,236,249,268,278,289,305,305,84,95,118,133,147,147,147,59,59,59],"floor_reached":51,"playtime":2258,"items_purged":["Decay","Strike_P","Strike_P","Defend_P","Strike_P+1"],"score":921,"play_id":"f27dd165-7a03-43b9-9ee9-0ea22bed3763","local_time":"20210108190923","is_ascension_mode":false,"campfire_choices":[{"data":"Vigilance","floor":6.0,"key":"SMITH"},{"data":"Halt","floor":8.0,"key":"SMITH"},{"data":"DevaForm","floor":15.0,"key":"SMITH"},{"data":"Ragnarok","floor":25.0,"key":"SMITH"},{"data":"Sanctity","floor":29.0,"key":"SMITH"},{"floor":32.0,"key":"REST"},{"data":"SashWhip","floor":40,"key":"SMITH"},{"floor":47,"key":"REST"},{"floor":49,"key":"REST"}],"circlet_count":0,"master_deck":["Strike_P+1","Defend_P+1","Defend_P+1","Defend_P+1","Eruption+1","Vigilance+1","Halt+1","Meditate+1","DevaForm+1","Sanctity+1","LessonLearned+1","SashWhip+1","Ragnarok+1","Scrawl+1","Protect+1","WindmillStrike+1","Sanctity+1","EmptyBody+1","Tantrum+1","EmptyBody+1","CarveReality","CurseOfTheBell","SignatureMove","CutThroughFate+1","EmptyMind+1","Ragnarok+1"],"relics":["HolyWater","Bag of Preparation","Strawberry","Membership Card","Red Mask","Letter Opener","Matryoshka","Ancient Tea Set","Calling Bell","Lantern","White Beast Statue","Bird Faced Urn","Mango","Molten Egg 2","MealTicket"],"acts_visited":["Exordium","TheCity","TheBeyond"],"potions_floor_usage":[50,50],"damage_taken":[{"damage":0.0,"enemies":"Small Slimes","floor":1.0,"turns":2.0},{"damage":0.0,"enemies":"2 Louse","floor":3.0,"turns":3.0},{"damage":15.0,"enemies":"Lagavulin","floor":10.0,"turns":9.0},{"damage":0.0,"enemies":"Cultist","floor":11.0,"turns":3.0},{"damage":8.0,"enemies":"Gremlin Gang","floor":12.0,"turns":5.0},{"damage":5.0,"enemies":"2 Fungi Beasts","floor":13.0,"turns":5.0},{"damage":13.0,"enemies":"Slime Boss","floor":16.0,"turns":10.0},{"damage":8.0,"enemies":"3 Byrds","floor":18.0,"turns":5.0},{"damage":2.0,"enemies":"Shell Parasite","floor":19.0,"turns":4.0},{"damage":33.0,"enemies":"Masked Bandits","floor":20.0,"turns":5.0},{"damage":0.0,"enemies":"Cultist and Chosen","floor":22.0,"turns":4.0},{"damage":0.0,"enemies":"Snake Plant","floor":27.0,"turns":4.0},{"damage":0.0,"enemies":"Centurion and Healer","floor":28.0,"turns":5.0},{"damage":14.0,"enemies":"Gremlin Leader","floor":31.0,"turns":6.0},{"damage":38.0,"enemies":"Champ","floor":33.0,"turns":10.0},{"damage":0.0,"enemies":"Orb Walker","floor":35.0,"turns":1.0},{"damage":0.0,"enemies":"3 Darklings","floor":36.0,"turns":2.0},{"damage":0.0,"enemies":"4 Shapes","floor":37.0,"turns":6.0},{"damage":0.0,"enemies":"Maw","floor":38.0,"turns":7.0},{"damage":36,"enemies":"Spire Growth","floor":39,"turns":6},{"damage":14,"enemies":"3 Darklings","floor":42,"turns":5},{"damage":11,"enemies":"Sphere and 2 Shapes","floor":44,"turns":5},{"damage":5,"enemies":"Transient","floor":45,"turns":5},{"damage":17,"enemies":"Time Eater","floor":50,"turns":8}],"seed_played":"-9086661595990680985","potions_obtained":[{"floor":10.0,"key":"Swift Potion"},{"floor":11.0,"key":"SpeedPotion"},{"floor":12.0,"key":"Swift Potion"},{"floor":16.0,"key":"AttackPotion"},{"floor":18.0,"key":"Energy Potion"},{"floor":27.0,"key":"ColorlessPotion"},{"floor":28.0,"key":"Strength Potion"},{"floor":33.0,"key":"Weak Potion"},{"floor":35.0,"key":"SpeedPotion"},{"floor":36.0,"key":"EssenceOfSteel"},{"floor":37.0,"key":"CultistPotion"},{"floor":38.0,"key":"Fire Potion"},{"floor":39,"key":"CultistPotion"},{"floor":44,"key":"Block Potion"}],"is_trial":false,"path_per_floor":["M","?","M","?","?","R","$","R","T","E","M","M","M","$","R","B",null,"M","M","?","?","M","$","?","R","T","M","M","R","?","E","R","B",null,"M","M","M","M","M","R","$","M","T","M","M","?","R","$","R","B",null],"character_chosen":"WATCHER","items_purchased":["Meditate","DevaForm","Membership Card","Ragnarok","EmptyBody","Mango"],"campfire_rested":3,"item_purchase_floors":[7,7,14,14,23,41],"current_hp_per_floor":[72,77,77,77,77,77,77,77,77,69,69,61,56,56,56,43,84,76,74,41,41,41,41,41,41,41,41,41,41,41,27,52,14,84,84,84,84,84,50,50,64,52,52,43,40,40,69,84,98,81],"gold":59,"neow_bonus":"TWO_FIFTY_GOLD","is_daily":false,"chose_seed":false,"campfire_upgraded":6,"win_rate":0.0,"timestamp":1610129363,"path_taken":["M","?","M","?","?","R","$","R","T","E","M","?","?","$","R","BOSS","M","M","?","?","M","$","?","R","T","M","M","R","?","E","R","BOSS","M","M","M","M","M","R","$","M","T","M","M","?","R","?","R","BOSS"],"items_purchased_type":["Card","Card","Relic","Card","Card","Relic"],"build_version":"2020-12-22","purchased_purges":5,"victory":true,"max_hp_per_floor":[72,77,77,77,77,77,77,77,77,84,84,84,84,84,84,84,84,84,84,84,84,84,84,84,84,84,84,84,84,84,84,84,84,84,84,84,84,84,84,84,98,98,98,98,98,98,98,98,98,98],"relic_stats":{"counters":[24,125],"Bird Faced Urn":[8],"MealTicket":15,"Bag of Preparation":[44],"Letter Opener":[306],"obtain_stats":[{"Lantern":34,"Mango":41,"Bag of Preparation":9,"Letter Opener":21,"Ancient Tea Set":31,"White Beast Statue":34,"Calling Bell":34,"Matryoshka":26,"Strawberry":10,"Bird Faced Urn":34,"HolyWater":17,"Molten Egg 2":43,"MealTicket":43,"Red Mask":20,"Membership Card":14,"PureWater":0},{"Lantern":15,"Mango":20,"Bag of Preparation":2,"Letter Opener":10,"Ancient Tea Set":14,"White Beast Statue":15,"Calling Bell":15,"Matryoshka":11,"Strawberry":3,"Bird Faced Urn":15,"HolyWater":7,"Molten Egg 2":21,"MealTicket":21,"Red Mask":10,"Membership Card":6,"PureWater":0},{"Lantern":80,"Mango":102,"Bag of Preparation":5,"Letter Opener":51,"Ancient Tea Set":70,"White Beast Statue":80,"Calling Bell":80,"Matryoshka":55,"Strawberry":14,"Bird Faced Urn":80,"HolyWater":37,"Molten Egg 2":107,"MealTicket":107,"Red Mask":51,"Membership Card":27,"PureWater":0}]},"card_choices":[{"not_picked":["CrushJoints","JustLucky","Protect"],"picked":"SKIP","floor":1.0},{"not_picked":["ClearTheMind","SashWhip"],"picked":"Halt","floor":3.0},{"not_picked":["InnerPeace","PathToVictory"],"picked":"Sanctity","floor":10.0},{"not_picked":["PathToVictory","SashWhip"],"picked":"LessonLearned","floor":11.0},{"not_picked":["JustLucky","Perseverance"],"picked":"SashWhip","floor":12.0},{"not_picked":["Perseverance","ClearTheMind","Meditate"],"picked":"SKIP","floor":13.0},{"not_picked":["Alpha","Wish"],"picked":"Scrawl","floor":16.0},{"not_picked":["SashWhip","Collect"],"picked":"Protect","floor":18.0},{"not_picked":["Crescendo","FlurryOfBlows","Weave"],"picked":"SKIP","floor":19.0},{"not_picked":["Study","Prostrate"],"picked":"WindmillStrike","floor":20.0},{"not_picked":["Sanctity","Meditate","Crescendo+1"],"picked":"SKIP","floor":22.0},{"not_picked":["Meditate","Crescendo+1"],"picked":"Sanctity","floor":22.0},{"not_picked":["CutThroughFate","ThirdEye"],"picked":"Tantrum","floor":27.0},{"not_picked":["CarveReality","BowlingBash"],"picked":"EmptyBody+1","floor":28.0},{"not_picked":["WheelKick","CarveReality","FearNoEvil"],"picked":"SKIP","floor":31.0},{"not_picked":["WheelKick","FearNoEvil"],"picked":"CarveReality","floor":31.0},{"not_picked":["Swivel+1","Wireheading","Prostrate"],"picked":"SKIP","floor":35.0},{"not_picked":["Consecrate","Wallop"],"picked":"SignatureMove","floor":36.0},{"not_picked":["CutThroughFate+1","Halt+1","FlurryOfBlows+1"],"picked":"SKIP","floor":37.0},{"not_picked":["Halt+1","FlurryOfBlows+1"],"picked":"CutThroughFate+1","floor":37.0},{"not_picked":["Consecrate","ReachHeaven+1"],"picked":"EmptyMind+1","floor":38.0},{"not_picked":["WindmillStrike+1","Consecrate","ConjureBlade"],"picked":"SKIP","floor":39},{"not_picked":["JustLucky","Protect+1","Wallop+1"],"picked":"SKIP","floor":42},{"not_picked":["LikeWater","WaveOfTheHand","ThirdEye+1"],"picked":"SKIP","floor":44},{"not_picked":["DeceiveReality","EmptyFist+1","SignatureMove+1"],"picked":"SKIP","floor":45}],"player_experience":937642,"relics_obtained":[{"floor":9.0,"key":"Bag of Preparation"},{"floor":10.0,"key":"Strawberry"},{"floor":20.0,"key":"Red Mask"},{"floor":26.0,"key":"Matryoshka"},{"floor":31.0,"key":"Ancient Tea Set"},{"floor":34.0,"key":"Lantern"},{"floor":34.0,"key":"White Beast Statue"},{"floor":34.0,"key":"Bird Faced Urn"},{"floor":43,"key":"Molten Egg 2"},{"floor":43,"key":"MealTicket"}],"event_choices":[{"damage_healed":0.0,"max_hp_gain":5.0,"max_hp_loss":0.0,"gold_gain":0.0,"event_name":"Big Fish","player_choice":"Donut","floor":2.0,"gold_loss":0.0,"damage_taken":0.0},{"damage_healed":0.0,"max_hp_gain":0.0,"max_hp_loss":0.0,"gold_gain":0.0,"event_name":"Living Wall","player_choice":"Grow","floor":4.0,"gold_loss":0.0,"damage_taken":0.0,"cards_upgraded":["Eruption"]},{"damage_healed":0.0,"max_hp_gain":0.0,"max_hp_loss":0.0,"gold_gain":100.0,"event_name":"Golden Shrine","player_choice":"Pray","floor":5.0,"gold_loss":0.0,"damage_taken":0.0},{"damage_healed":0.0,"max_hp_gain":0.0,"max_hp_loss":0.0,"gold_gain":0.0,"event_name":"Masked Bandits","player_choice":"Fought Bandits","floor":20.0,"gold_loss":0.0,"damage_taken":0.0},{"damage_healed":0.0,"max_hp_gain":0.0,"max_hp_loss":0.0,"gold_gain":0.0,"event_name":"Addict","player_choice":"Obtained Relic","floor":21.0,"gold_loss":85.0,"damage_taken":0.0,"relics_obtained":["Letter Opener"]},{"damage_healed":0.0,"max_hp_gain":0.0,"max_hp_loss":0.0,"gold_gain":0.0,"event_name":"Vampires","player_choice":"Ignored","floor":24.0,"gold_loss":0.0,"damage_taken":0.0},{"damage_healed":0.0,"max_hp_gain":0.0,"max_hp_loss":0.0,"gold_gain":0.0,"event_name":"The Mausoleum","player_choice":"Ignored","floor":30.0,"gold_loss":0.0,"damage_taken":0.0},{"damage_healed":0,"gold_gain":0,"player_choice":"Copied","damage_taken":0,"max_hp_gain":0,"max_hp_loss":0,"event_name":"Duplicator","floor":46,"gold_loss":0,"cards_obtained":["Ragnarok"]}],"is_beta":false,"boss_relics":[{"not_picked":["Empty Cage","SlaversCollar"],"picked":"HolyWater"},{"not_picked":["Velvet Choker","SacredBark"],"picked":"Calling Bell"}],"items_purged_floors":[7,14,23,41,48],"is_endless":false,"potions_floor_spawned":[10,11,12,16,18,27,28,33,35,36,37,38,39,42,44,45],"ascension_level":0}}