{"host":"xl1rctchhnukg6dh","time":1610109883,"event":{"mods":["Act Like it!","BaseMod","Better Vampires","Library of Ruina","Minty Spire (QoL Compilation)","MostiFishMod","Pale of the Ancients","StSLib","TestMod","【遗物卡牌】REMEMod","篝火指南"],"gold_per_floor":[117,137,212,137,137,137,166,186,186,186,199,213,213,224,1,104,104,116,126,126,144,344,382,408,426,426,470,395,271,271,284,161,293,293,307,218,246,270,120,158,168,168,168],"floor_reached":42,"playtime":1971,"items_purged":["Defend_R","Defend_R","Strike_R","Strike_R"],"score":647,"play_id":"c46b67eb-92c6-4018-8c9a-4c94100f533a","local_time":"20210108204443","is_ascension_mode":false,"campfire_choices":[{"data":"MostiFishMod:InterfaceCompatibility","floor":6,"key":"SMITH"},{"data":"True Grit","floor":13,"key":"SMITH"}],"circlet_count":0,"master_deck":["Strike_R","Bash","MostiFishMod:InterfaceCompatibility+1","Thunderclap","Sword Boomerang","Battle Trance","True Grit+1","Flex","Flex","Rage","Rampage","testmod-TradeIn","Secret Technique","Seeing Red+1","Inflame","Swift Strike+1","testmod-PerfectCombo","Seeing Red+1"],"relics":["Burning Blood","testmod-TestBox","DaveBox","REME_ComplimentaryCards","testmod-CrystalShield","RhineCircuit","NeowsBlessing","SynthV:TestCard","testmod-Antiphasic","Membership Card","PageOfSpiderBud","REME_LowDesire","Bronze Scales","Bag of Preparation","CeramicFish","REME_HourglassOfDeath","Tiny Chest","BrkXgEgg","PageOfLittleHelper","testmod-SaigiyounoYou","Vajra","Lantern"],"acts_visited":["Exordium","TheCity","TheBeyond"],"potions_floor_usage":[11,16,18,23,25,27,33,40],"damage_taken":[{"damage":0,"enemies":"Small Slimes","floor":1,"turns":1},{"damage":0,"enemies":"Jaw Worm","floor":2,"turns":1},{"damage":0,"enemies":"3 Sentries","floor":7,"turns":1},{"damage":1,"enemies":"Cultist","floor":8,"turns":3},{"damage":3,"enemies":"Exordium Wildlife","floor":11,"turns":2},{"damage":13,"enemies":"Looter","floor":12,"turns":3},{"damage":4,"enemies":"Lots of Slimes","floor":14,"turns":4},{"damage":0,"enemies":"Slime Boss","floor":16,"turns":6},{"damage":1,"enemies":"3 Byrds","floor":18,"turns":3},{"damage":10,"enemies":"Shell Parasite","floor":19,"turns":3},{"damage":0,"enemies":"3 Cultists","floor":21,"turns":4},{"damage":23,"enemies":"Book of Stabbing","floor":23,"turns":4},{"damage":0,"enemies":"Centurion and Healer","floor":24,"turns":3},{"damage":2,"enemies":"Sentry and Sphere","floor":25,"turns":3},{"damage":5,"enemies":"REME_1_Revenger","floor":27,"turns":3},{"damage":3,"enemies":"Snake Plant","floor":31,"turns":2},{"damage":0,"enemies":"Champ","floor":33,"turns":3},{"damage":0,"enemies":"3 Darklings","floor":35,"turns":1},{"damage":6,"enemies":"3 Shapes","floor":37,"turns":2},{"damage":8,"enemies":"Sphere and 2 Shapes","floor":38,"turns":2},{"damage":0,"enemies":"Nemesis","floor":40,"turns":1},{"damage":0,"enemies":"Transient","floor":41,"turns":5}],"seed_played":"-4339689946726762752","potions_obtained":[{"floor":2,"key":"AttackPotion"},{"floor":8,"key":"FairyPotion"},{"floor":12,"key":"Energy Potion"},{"floor":14,"key":"PowerPotion"},{"floor":16,"key":"Strength Potion"},{"floor":23,"key":"Energy Potion"},{"floor":24,"key":"Explosive Potion"},{"floor":25,"key":"Strength Potion"},{"floor":31,"key":"REME_GoldPotion"},{"floor":38,"key":"Block Potion"},{"floor":41,"key":"SteroidPotion"}],"is_trial":false,"path_per_floor":["M","M","?","$","?","R","E","M","T","?","M","M","R","M","R","B",null,"M","M","?","M","?","E","M","M","T","E","?","R","?","M","R","B",null,"M","$","M","M","$","E","M","$"],"character_chosen":"IRONCLAD","items_purchased":["Membership Card","PageOfSpiderBud","BrkXgEgg","PageOfLittleHelper","Inflame","Vajra"],"campfire_rested":0,"item_purchase_floors":[15,15,29,32,36,39],"current_hp_per_floor":[80,80,69,69,62,62,68,73,73,73,76,69,69,71,71,80,80,80,79,79,80,80,66,78,80,80,80,80,80,80,80,80,80,80,80,80,80,80,80,80,80,80,80],"gold":168,"neow_bonus":"THREE_ENEMY_KILL","is_daily":false,"chose_seed":false,"campfire_upgraded":2,"win_rate":0.0,"timestamp":1610109883,"path_taken":["M","M","?","$","?","R","E","M","T","?","M","?","R","M","R","BOSS","M","M","?","M","?","E","M","?","T","E","?","R","?","M","R","BOSS","M","$","M","M","$","E","M","$"],"items_purchased_type":["Relic","Relic","Relic","Relic","Card","Relic"],"build_version":"2020-12-22","purchased_purges":4,"victory":false,"max_hp_per_floor":[80,80,80,80,80,80,80,80,80,80,80,80,80,80,80,80,80,80,80,80,80,80,80,80,80,80,80,80,80,80,80,80,80,80,80,80,80,80,80,80,80,80,80],"card_choices":[{"not_picked":["Searing Blow","Body Slam"],"picked":"Thunderclap","floor":1},{"not_picked":["Wild Strike","Bloodletting","Perfected Strike","Infernal Blade"],"picked":"Sword Boomerang","floor":2},{"not_picked":["Havoc","Headbutt","Body Slam","Shrug It Off"],"picked":"Battle Trance","floor":7},{"not_picked":["MostiFishMod:BrandingRite","Metallicize","Anger","Havoc","REME_FearOfPain"],"picked":"SKIP","floor":8},{"not_picked":["Twin Strike","Power Through","Wild Strike","Headbutt"],"picked":"True Grit","floor":11},{"not_picked":["MostiFishMod:WingOfPhoenix","Anger","Dual Wield","Havoc"],"picked":"Flex","floor":12},{"not_picked":["Twin Strike","Metallicize","REME_Scribble","Clash"],"picked":"Flex","floor":14},{"not_picked":["Pommel Strike+1","Metallicize","Shrug It Off+1","Searing Blow+1","Iron Wave","Mind Blast"],"picked":"SKIP","floor":18},{"not_picked":["Body Slam+1","Headbutt","Dark Embrace","Clash","testmod-EnhanceArmerment"],"picked":"Rage","floor":19},{"not_picked":["Shrug It Off+1","Perfected Strike","MostiFishMod:BrandingRite","Bludgeon","testmod-PowerStrike"],"picked":"Rampage","floor":21},{"not_picked":["Cleave","Iron Wave","Thunderclap","Anger","Entrench"],"picked":"testmod-TradeIn","floor":23},{"not_picked":["Warcry","Sword Boomerang","True Grit","Reckless Charge","Headbutt+1"],"picked":"Secret Technique","floor":24},{"not_picked":["REME_Scribble","Clash+1","Wild Strike","Second Wind+1","Perfected Strike","The Bomb"],"picked":"SKIP","floor":25},{"not_picked":["MostiFishMod:404NotFound","Shockwave","REME_SingleHolding","Warcry+1","testmod-DisillusionmentEcho"],"picked":"Seeing Red+1","floor":27},{"not_picked":["Rampage","Clothesline","Bloodletting","Perfected Strike+1","Pommel Strike","Flash of Steel+1"],"picked":"SKIP","floor":31},{"not_picked":["MostiFishMod:BrandingRite+1","Havoc+1","True Grit+1","Wild Strike","Shockwave+1","REME_ProfessionalPlagiarism+1"],"picked":"SKIP","floor":35},{"not_picked":["Rupture","Sword Boomerang","Pommel Strike+1","Bloodletting+1","Body Slam"],"picked":"Swift Strike+1","floor":37},{"not_picked":["Intimidate+1","Wild Strike","Entrench+1","Iron Wave+1","Combust+1"],"picked":"testmod-PerfectCombo","floor":38},{"not_picked":["Havoc+1","MostiFishMod:CullingBlade+1","Reaper+1","Heavy Blade","testmod-Reverberation+1"],"picked":"Seeing Red+1","floor":40},{"not_picked":["True Grit","Combust+1","Iron Wave+1","Sword Boomerang","Twin Strike","Panacea+1"],"picked":"SKIP","floor":41}],"player_experience":4488,"relics_obtained":[{"floor":1,"key":"SynthV:TestCard"},{"floor":7,"key":"Pen Nib"},{"floor":17,"key":"Bronze Scales"},{"floor":17,"key":"Bag of Preparation"},{"floor":23,"key":"CeramicFish"},{"floor":26,"key":"REME_HourglassOfDeath"},{"floor":27,"key":"Tiny Chest"},{"floor":40,"key":"Lantern"}],"event_choices":[{"damage_healed":0,"gold_gain":75,"player_choice":"Gather Gold","damage_taken":11,"max_hp_gain":0,"max_hp_loss":0,"event_name":"World of Goop","floor":3,"gold_loss":0},{"cards_removed":["Strike_R"],"damage_healed":0,"gold_gain":0,"player_choice":"Card Removal","damage_taken":7,"max_hp_gain":0,"max_hp_loss":0,"event_name":"Golden Wing","floor":5,"gold_loss":0},{"damage_healed":0,"gold_gain":0,"player_choice":"Swap Relic","damage_taken":0,"relics_obtained":["testmod-Antiphasic"],"max_hp_gain":0,"max_hp_loss":0,"event_name":"给自己的盒子","floor":10,"relics_lost":["Pen Nib"],"gold_loss":0},{"cards_removed":["Defend_R"],"damage_healed":0,"gold_gain":0,"player_choice":"Elegance","damage_taken":0,"max_hp_gain":0,"max_hp_loss":0,"event_name":"Back to Basics","floor":20,"gold_loss":0},{"damage_healed":0,"gold_gain":200,"player_choice":"Gold","damage_taken":0,"max_hp_gain":0,"max_hp_loss":0,"event_name":"Wheel of Change","floor":22,"gold_loss":0},{"cards_removed":["Defend_R"],"damage_healed":0,"gold_gain":0,"player_choice":"Gave Gold","damage_taken":0,"max_hp_gain":0,"max_hp_loss":0,"event_name":"Beggar","floor":28,"gold_loss":75},{"cards_removed":["Strike_R"],"damage_healed":0,"gold_gain":0,"player_choice":"Purged","damage_taken":0,"max_hp_gain":0,"max_hp_loss":0,"event_name":"Purifier","floor":30,"gold_loss":0}],"is_beta":false,"boss_relics":[{"not_picked":["Runic Pyramid","testmod-StringDisintegrator"],"picked":"REME_LowDesire"},{"not_picked":["Pandora\u0027s Box","Coffee Dripper"],"picked":"testmod-SaigiyounoYou"}],"items_purged_floors":[4,29,36,39],"is_endless":false,"potions_floor_spawned":[2,8,12,14,16,23,24,25,31,38,41],"ascension_level":0}}