{"host":"o0q01dgb4z8zpo6o","time":1610131784,"event":{"mods":["BaseMod","GifTheSpireLib","Minty Spire (QoL Compilation)","Relic Stats","StSLib"],"gold_per_floor":[117,135,135,135,159,159,190,340,363,388,388,207,226,239,239,335,335,335,335,73,53,53,53,53,53,53,53,53,53,9,9,9,9,9],"floor_reached":33,"playtime":2045,"items_purged":["Doubt","Writhe"],"score":618,"play_id":"ffec88fd-f172-4093-b6e2-9b9ecb6c9def","local_time":"20210108104944","is_ascension_mode":true,"campfire_choices":[{"data":"Barrage","floor":6.0,"key":"SMITH"},{"data":"Coolheaded","floor":11.0,"key":"SMITH"},{"data":"Hyperbeam","floor":15.0,"key":"SMITH"},{"floor":24,"key":"REST"},{"data":"Zap","floor":27,"key":"SMITH"},{"floor":32,"key":"REST"}],"circlet_count":0,"master_deck":["AscendersBane","Strike_B","Strike_B","Defend_B","Defend_B","Defend_B","Defend_B","Zap+1","Dualcast","Electrodynamics","Coolheaded+1","FTL","Barrage+1","Cold Snap","Self Repair","Flash of Steel","Hyperbeam+1","Gash","Echo Form","Loop+1","Reboot","All For One","Leap","Gash+1","Electrodynamics","Biased Cognition","Static Discharge","Hologram"],"relics":["Cracked Core","Golden Idol","White Beast Statue","Gambling Chip","Pen Nib","Ectoplasm","DataDisk","Toy Ornithopter","MawBank","Pear","Red Mask"],"acts_visited":["Exordium","TheCity"],"potions_floor_usage":[23,23,25,31,33,33],"damage_taken":[{"damage":7.0,"enemies":"Jaw Worm","floor":1.0,"turns":3.0},{"damage":4.0,"enemies":"2 Louse","floor":2.0,"turns":2.0},{"damage":2.0,"enemies":"Small Slimes","floor":5.0,"turns":4.0},{"damage":4.0,"enemies":"Gremlin Nob","floor":7.0,"turns":3.0},{"damage":5.0,"enemies":"3 Louse","floor":10.0,"turns":2.0},{"damage":7.0,"enemies":"Exordium Wildlife","floor":13.0,"turns":3.0},{"damage":15.0,"enemies":"Red Slaver","floor":14.0,"turns":5.0},{"damage":0.0,"enemies":"Slime Boss","floor":16.0,"turns":5.0},{"damage":0.0,"enemies":"Chosen","floor":18.0,"turns":3.0},{"damage":2.0,"enemies":"2 Thieves","floor":21.0,"turns":2.0},{"damage":6.0,"enemies":"Centurion and Healer","floor":22.0,"turns":2.0},{"damage":56,"enemies":"Book of Stabbing","floor":23,"turns":5},{"damage":0,"enemies":"Sentry and Sphere","floor":25,"turns":3},{"damage":30,"enemies":"Masked Bandits","floor":28,"turns":3},{"damage":17,"enemies":"Snecko","floor":31,"turns":5},{"damage":69,"enemies":"Champ","floor":33,"turns":6}],"seed_played":"-4605195375471978583","potions_obtained":[{"floor":2.0,"key":"FearPotion"},{"floor":5.0,"key":"EntropicBrew"},{"floor":7.0,"key":"Fruit Juice"},{"floor":10.0,"key":"BlessingOfTheForge"},{"floor":13.0,"key":"Regen Potion"},{"floor":14.0,"key":"LiquidMemories"},{"floor":16.0,"key":"DistilledChaos"},{"floor":18.0,"key":"SkillPotion"},{"floor":21.0,"key":"Dexterity Potion"},{"floor":23,"key":"AttackPotion"},{"floor":25,"key":"CultistPotion"},{"floor":28,"key":"GamblersBrew"},{"floor":31,"key":"Swift Potion"}],"is_trial":false,"path_per_floor":["M","M","?","T","M","R","E","?","T","M","R","$","M","M","R","B",null,"M","?","$","M","M","E","R","M","T","R","?","?","$","M","R","B"],"character_chosen":"DEFECT","items_purchased":["Flash of Steel","Toy Ornithopter","Static Discharge"],"campfire_rested":2,"item_purchase_floors":[12,20,30],"current_hp_per_floor":[39,35,35,35,33,33,29,29,29,29,29,29,29,35,35,42,62,69,69,69,67,61,15,35,40,50,50,27,27,27,22,45,0,0],"gold":9,"neow_bonus":"THREE_RARE_CARDS","is_daily":false,"chose_seed":false,"campfire_upgraded":4,"win_rate":0.0,"timestamp":1610131784,"path_taken":["M","M","?","?","M","R","E","?","T","M","R","$","M","M","R","BOSS","M","?","$","M","M","E","R","M","T","R","?","?","$","M","R","BOSS"],"items_purchased_type":["Card","Relic","Card"],"build_version":"2020-12-22","purchased_purges":2,"victory":false,"max_hp_per_floor":[71,71,64,64,64,64,64,64,64,69,69,69,69,69,69,69,69,69,69,69,69,69,69,69,69,79,79,79,79,79,79,79,79,79],"relic_stats":{"counters":[16,55],"Golden Idol":78,"Gambling Chip":[37],"Pen Nib":[8],"Ectoplasm":281,"MawBank":0,"obtain_stats":[{"DataDisk":19,"Pear":26,"Golden Idol":3,"Gambling Chip":7,"Pen Nib":9,"Ectoplasm":17,"Red Mask":28,"Cracked Core":0,"MawBank":23,"White Beast Statue":4,"Toy Ornithopter":20},{"DataDisk":9,"Pear":13,"Golden Idol":2,"Gambling Chip":4,"Pen Nib":4,"Ectoplasm":8,"Red Mask":14,"Cracked Core":0,"MawBank":12,"White Beast Statue":2,"Toy Ornithopter":9},{"DataDisk":30,"Pear":41,"Golden Idol":5,"Gambling Chip":12,"Pen Nib":12,"Ectoplasm":27,"Red Mask":44,"Cracked Core":0,"MawBank":38,"White Beast Statue":5,"Toy Ornithopter":30}],"Toy Ornithopter":30},"card_choices":[{"not_picked":["Creative AI","Echo Form"],"picked":"Electrodynamics","floor":0.0},{"not_picked":["Doom and Gloom","Turbo"],"picked":"Coolheaded","floor":1.0},{"not_picked":["Aggregate","Turbo"],"picked":"FTL","floor":2.0},{"not_picked":["Sweeping Beam","Compile Driver"],"picked":"Barrage","floor":5.0},{"not_picked":["Beam Cell","Sunder"],"picked":"Cold Snap","floor":7.0},{"not_picked":["Cold Snap","Rip and Tear"],"picked":"Self Repair","floor":10.0},{"not_picked":["Beam Cell","Barrage"],"picked":"Hyperbeam","floor":13.0},{"not_picked":["Undo","Steam Power"],"picked":"Gash","floor":14.0},{"not_picked":["Meteor Strike","Machine Learning"],"picked":"Echo Form","floor":16.0},{"not_picked":["Cold Snap+1","Streamline"],"picked":"Loop+1","floor":18.0},{"not_picked":["Leap+1","Steam Power+1"],"picked":"Reboot","floor":21.0},{"not_picked":["Chaos","Coolheaded","Compile Driver"],"picked":"SKIP","floor":22.0},{"not_picked":["Compile Driver","Force Field"],"picked":"All For One","floor":23},{"not_picked":["Compile Driver","Rebound"],"picked":"Leap","floor":25},{"not_picked":["Sweeping Beam","Steam"],"picked":"Gash+1","floor":28},{"not_picked":["Coolheaded","Beam Cell"],"picked":"Hologram","floor":31}],"player_experience":1068010,"relics_obtained":[{"floor":4.0,"key":"White Beast Statue"},{"floor":7.0,"key":"Gambling Chip"},{"floor":9.0,"key":"Pen Nib"},{"floor":23,"key":"MawBank"},{"floor":26,"key":"Pear"},{"floor":28,"key":"Red Mask"}],"event_choices":[{"damage_healed":0.0,"max_hp_gain":0.0,"max_hp_loss":7.0,"gold_gain":0.0,"event_name":"Golden Idol","player_choice":"Lose Max HP","floor":3.0,"gold_loss":0.0,"damage_taken":0.0,"relics_obtained":["Golden Idol"]},{"damage_healed":0.0,"max_hp_gain":0.0,"max_hp_loss":0.0,"gold_gain":150.0,"event_name":"Liars Game","player_choice":"AGREE","floor":8.0,"gold_loss":0.0,"damage_taken":0.0,"cards_obtained":["Doubt"]},{"damage_healed":0.0,"max_hp_gain":0.0,"max_hp_loss":0.0,"gold_gain":0.0,"event_name":"The Mausoleum","player_choice":"Opened","floor":19.0,"gold_loss":0.0,"damage_taken":0.0,"relics_obtained":["DataDisk"],"cards_obtained":["Writhe"]},{"damage_healed":0,"gold_gain":0,"player_choice":"Fought Bandits","damage_taken":0,"max_hp_gain":0,"max_hp_loss":0,"event_name":"Masked Bandits","floor":28,"gold_loss":0},{"damage_healed":0,"gold_gain":0,"cards_transformed":["Strike_B","Strike_B"],"player_choice":"Became Test Subject","damage_taken":0,"max_hp_gain":0,"max_hp_loss":0,"event_name":"Drug Dealer","floor":29,"gold_loss":0,"cards_obtained":["Electrodynamics","Biased Cognition"]}],"is_beta":false,"boss_relics":[{"not_picked":["Black Star","Velvet Choker"],"picked":"Ectoplasm"}],"items_purged_floors":[12,20],"is_endless":false,"potions_floor_spawned":[2,5,7,10,13,14,16,18,21,22,23,25,28,31],"killed_by":"Champ","ascension_level":19}}