{"host":"s3s7xsmblwiz356v","time":1610068816,"event":{"mods":["AchievementEnabler","BaseMod","Block Reminder","Colored Map","Colored Powertips","Minty Spire (QoL Compilation)"],"gold_per_floor":[115,115,129,141,141,168,17,32,55,68,94,94,113,113,113,210,210,222,222,241,241,241],"floor_reached":21,"playtime":8304,"items_purged":["Strike_R"],"score":306,"play_id":"1bf7fb45-fcde-47f5-8408-8813634463f3","local_time":"20210107202016","is_ascension_mode":true,"campfire_choices":[{"data":"Whirlwind","floor":12.0,"key":"SMITH"},{"data":"Rupture","floor":15.0,"key":"SMITH"}],"circlet_count":0,"master_deck":["AscendersBane","Strike_R","Strike_R","Strike_R","Strike_R+1","Defend_R","Defend_R","Defend_R","Defend_R","Bash","Hemokinesis+1","Whirlwind+1","Thunderclap","Hemokinesis","Rupture+1","Offering","Combust","Brutality","Uppercut","Pain","Impervious","Warcry+1"],"relics":["Burning Blood","Pocketwatch","Art of War","Potion Belt","Oddly Smooth Stone","WarpedTongs","Mark of Pain"],"acts_visited":["Exordium","TheCity"],"potions_floor_usage":[21],"damage_taken":[{"damage":0.0,"enemies":"Small Slimes","floor":1.0,"turns":5.0},{"damage":2.0,"enemies":"Jaw Worm","floor":3.0,"turns":3.0},{"damage":4.0,"enemies":"2 Louse","floor":4.0,"turns":3.0},{"damage":21.0,"enemies":"Lagavulin","floor":6.0,"turns":4.0},{"damage":13.0,"enemies":"Exordium Thugs","floor":8.0,"turns":3.0},{"damage":14.0,"enemies":"Looter","floor":10.0,"turns":2.0},{"damage":19.0,"enemies":"3 Sentries","floor":11.0,"turns":5.0},{"damage":4.0,"enemies":"Blue Slaver","floor":13.0,"turns":4.0},{"damage":18,"enemies":"The Guardian","floor":16,"turns":8},{"damage":30,"enemies":"Shell Parasite","floor":18,"turns":4},{"damage":32,"enemies":"Spheric Guardian","floor":20,"turns":4},{"damage":14,"enemies":"Shelled Parasite and Fungi","floor":21,"turns":2}],"seed_played":"3078157459012895821","potions_obtained":[{"floor":1.0,"key":"DuplicationPotion"},{"floor":3.0,"key":"DuplicationPotion"},{"floor":6.0,"key":"ElixirPotion"},{"floor":10.0,"key":"Dexterity Potion"},{"floor":20,"key":"BlessingOfTheForge"}],"is_trial":false,"path_per_floor":["M","?","M","M","?","E","$","M","T","M","E","R","M","?","R","B",null,"M","?","M","M"],"character_chosen":"IRONCLAD","items_purchased":["Rupture"],"campfire_rested":0,"item_purchase_floors":[7],"current_hp_per_floor":[78,78,80,80,64,49,49,42,42,34,21,21,23,23,23,11,63,39,39,13,0,0],"gold":241,"neow_bonus":"ONE_RARE_RELIC","is_daily":false,"chose_seed":true,"campfire_upgraded":2,"win_rate":0.0,"timestamp":1610068816,"path_taken":["M","?","M","M","?","E","$","M","T","M","E","R","M","?","R","BOSS","M","?","M","M"],"items_purchased_type":["Card"],"build_version":"2020-12-22","purchased_purges":1,"victory":false,"max_hp_per_floor":[80,80,80,80,80,80,80,80,80,80,80,80,80,80,80,80,80,80,80,80,80,80],"card_choices":[{"not_picked":["Warcry","Carnage"],"picked":"Hemokinesis","floor":1.0},{"not_picked":["Wild Strike","Body Slam"],"picked":"Whirlwind","floor":3.0},{"not_picked":["Sever Soul","Iron Wave"],"picked":"Thunderclap","floor":4.0},{"not_picked":["Dark Embrace","Armaments"],"picked":"Hemokinesis","floor":6.0},{"not_picked":["Dual Wield","Wild Strike"],"picked":"Offering","floor":8.0},{"not_picked":["Dropkick","Flex"],"picked":"Combust","floor":10.0},{"not_picked":["Flex","Sword Boomerang"],"picked":"Brutality","floor":11.0},{"not_picked":["Perfected Strike","Clothesline"],"picked":"Uppercut","floor":13.0},{"not_picked":["Berserk","Fiend Fire"],"picked":"Impervious","floor":16},{"not_picked":["Sword Boomerang","Clothesline"],"picked":"Warcry+1","floor":18},{"not_picked":["Clash","Armaments","Hemokinesis"],"picked":"SKIP","floor":20}],"player_experience":386582,"relics_obtained":[{"floor":6.0,"key":"Art of War"},{"floor":9.0,"key":"Potion Belt"},{"floor":11.0,"key":"Oddly Smooth Stone"}],"event_choices":[{"cards_removed":["Shame"],"damage_healed":0.0,"max_hp_gain":0.0,"max_hp_loss":0.0,"gold_gain":0.0,"event_name":"Living Wall","player_choice":"Forget","floor":2.0,"gold_loss":0.0,"damage_taken":0.0},{"damage_healed":0.0,"max_hp_gain":0.0,"max_hp_loss":0.0,"gold_gain":0.0,"event_name":"Shining Light","player_choice":"Entered Light","floor":5.0,"gold_loss":0.0,"damage_taken":16.0,"cards_upgraded":["Hemokinesis","Strike_R"]},{"damage_healed":0.0,"max_hp_gain":0.0,"max_hp_loss":0.0,"gold_gain":0.0,"event_name":"Accursed Blacksmith","player_choice":"Rummage","floor":14.0,"gold_loss":0.0,"damage_taken":0.0,"relics_obtained":["WarpedTongs"],"cards_obtained":["Pain"]},{"damage_healed":0,"gold_gain":0,"player_choice":"Ignored","damage_taken":0,"max_hp_gain":0,"max_hp_loss":0,"event_name":"Ghosts","floor":19,"gold_loss":0}],"is_beta":false,"boss_relics":[{"not_picked":["Snecko Eye","Pandora\u0027s Box"],"picked":"Mark of Pain"}],"items_purged_floors":[7],"is_endless":false,"potions_floor_spawned":[1,3,6,10,20],"killed_by":"Shelled Parasite and Fungi","ascension_level":12}}