{"host":"Connor","time":1610068735,"event":{"mods":["BaseMod","Downfall","Marisa????????","Minty Spire (QoL Compilation)","Replay The Spire","StSLib","The Animator","The Cursed","The Jungle","The Servant 0.9.4"],"gold_per_floor":[112,112,127,145,164,195,195,195,246,260,277,303,321,335,335,433,433,449,449,459,13,33,33,33,33],"floor_reached":24,"playtime":923,"items_purged":[],"score":379,"play_id":"0c3bb9ff-abb0-4366-9a71-d702d9bbacaf","local_time":"20210107171855","is_ascension_mode":true,"campfire_choices":[{"floor":8.0,"key":"RECALL"},{"floor":15.0,"key":"REST"},{"floor":23,"key":"REST"}],"circlet_count":0,"master_deck":["AscendersBane","Strike_R","Strike_R","Strike_R","Strike_R","Defend_R","Defend_R","Defend_R","Bash","ReplayTheSpireMod:Strike From Hell","Flex","Bludgeon","ReplayTheSpireMod:Limb From Limb","Hemogenesis","Rupture","Twin Strike","ReplayTheSpireMod:Stacked","Iron Wave","Spot Weakness","Brutality","Flame Barrier+1","Havoc","Apotheosis","Whirlwind+1"],"relics":["Burning Blood","Blue Candle","Replay:Wax Seal","Du-Vu Doll","Philosopher\u0027s Stone","Molten Egg 2"],"acts_visited":["Exordium","TheCity"],"potions_floor_usage":[22],"damage_taken":[{"damage":2.0,"enemies":"Jaw Worm","floor":1.0,"turns":3.0},{"damage":6.0,"enemies":"Cultist","floor":3.0,"turns":3.0},{"damage":14.0,"enemies":"2 Louse","floor":4.0,"turns":3.0},{"damage":9.0,"enemies":"2 Fungi Beasts","floor":5.0,"turns":3.0},{"damage":25.0,"enemies":"3 Sentries","floor":6.0,"turns":9.0},{"damage":33.0,"enemies":"Large Slime","floor":10.0,"turns":9.0},{"damage":0.0,"enemies":"Looter","floor":11.0,"turns":2.0},{"damage":0.0,"enemies":"Gremlin Nob","floor":12.0,"turns":2.0},{"damage":12.0,"enemies":"Exordium Wildlife","floor":13.0,"turns":2.0},{"damage":0.0,"enemies":"2 Fungi Beasts","floor":14.0,"turns":3.0},{"damage":57.0,"enemies":"Slime Boss","floor":16.0,"turns":13.0},{"damage":39.0,"enemies":"Shell Parasite","floor":18.0,"turns":6.0},{"damage":41.0,"enemies":"2 Thieves","floor":20.0,"turns":4.0},{"damage":26,"enemies":"Shelled Parasite and Fungi","floor":22,"turns":5},{"damage":36,"enemies":"Gremlin Leader","floor":24,"turns":3}],"seed_played":"-7040519789557747499","potions_obtained":[{"floor":4.0,"key":"BlessingOfTheForge"},{"floor":6.0,"key":"SneckoOil"},{"floor":10.0,"key":"SneckoOil"},{"floor":11.0,"key":"SteroidPotion"},{"floor":13.0,"key":"FairyPotion"},{"floor":18.0,"key":"Strength Potion"},{"floor":22,"key":"Dexterity Potion"}],"is_trial":false,"path_per_floor":["M","?","M","M","M","E","?","R","T","M","M","E","M","M","R","B",null,"M","?","M","$","M","R","E"],"character_chosen":"IRONCLAD","items_purchased":["Molten Egg 2","Apotheosis"],"campfire_rested":2,"item_purchase_floors":[21,21],"current_hp_per_floor":[76,69,69,61,58,39,39,39,39,17,28,34,28,34,58,12,63,35,20,21,21,8,33,0,0],"gold":33,"neow_bonus":"RANDOM_EVENT","is_daily":false,"chose_seed":false,"campfire_upgraded":0,"win_rate":0.0,"timestamp":1610068735,"path_taken":["M","?","M","M","M","E","?","R","T","?","M","E","?","M","R","BOSS","M","?","M","$","M","R","E"],"items_purchased_type":["Relic","Card"],"build_version":"2020-12-18","purchased_purges":0,"victory":false,"max_hp_per_floor":[80,80,80,80,80,80,80,80,80,80,80,80,80,80,80,80,80,80,85,85,85,85,85,85,85],"card_choices":[{"not_picked":["Battle Trance","Havoc"],"picked":"ReplayTheSpireMod:Strike From Hell","floor":1.0},{"not_picked":["Perfected Strike","Cleave"],"picked":"Flex","floor":3.0},{"not_picked":["Sword Boomerang","Dropkick"],"picked":"Bludgeon","floor":4.0},{"not_picked":["Infernal Blade","ReplayTheSpireMod:Strike From Hell"],"picked":"ReplayTheSpireMod:Limb From Limb","floor":5.0},{"not_picked":["True Grit","Body Slam"],"picked":"Hemogenesis","floor":6.0},{"not_picked":["Carnage","ReplayTheSpireMod:Strike From Hell"],"picked":"Rupture","floor":10.0},{"not_picked":["Flex","Clash"],"picked":"Twin Strike","floor":11.0},{"not_picked":["Carnage","Dual Wield"],"picked":"ReplayTheSpireMod:Stacked","floor":12.0},{"not_picked":["Anger","ReplayTheSpireMod:Corrosion Curse"],"picked":"Iron Wave","floor":13.0},{"not_picked":["Twin Strike","Thunderclap"],"picked":"Spot Weakness","floor":14.0},{"not_picked":["Fiend Fire","Hemogenesis"],"picked":"Brutality","floor":16.0},{"not_picked":["Battle Trance","ReplayTheSpireMod:Strike From Hell"],"picked":"Flame Barrier+1","floor":18.0},{"not_picked":["ReplayTheSpireMod:Strike From Hell","Thunderclap"],"picked":"Havoc","floor":20},{"not_picked":["Spot Weakness","Evolve"],"picked":"Whirlwind+1","floor":22}],"player_experience":558385,"relics_obtained":[{"floor":6.0,"key":"Blue Candle"},{"floor":7.0,"key":"Replay:Wax Seal"},{"floor":12.0,"key":"Du-Vu Doll"}],"event_choices":[{"cards_removed":["Strike_R"],"damage_healed":0.0,"max_hp_gain":0.0,"max_hp_loss":0.0,"gold_gain":0.0,"event_name":"Golden Wing","player_choice":"Card Removal","floor":2.0,"gold_loss":0.0,"damage_taken":7.0},{"damage_healed":0.0,"max_hp_gain":0.0,"max_hp_loss":0.0,"gold_gain":0.0,"event_name":"Wheel of Change","player_choice":"Relic","floor":7.0,"gold_loss":0.0,"damage_taken":0.0},{"damage_healed":0.0,"max_hp_gain":5.0,"max_hp_loss":0.0,"gold_gain":0.0,"event_name":"Forgotten Altar","player_choice":"Shed Blood","floor":19.0,"gold_loss":0.0,"damage_taken":20.0}],"is_beta":true,"boss_relics":[{"not_picked":["Velvet Choker","Tiny House"],"picked":"Philosopher\u0027s Stone"}],"items_purged_floors":[],"is_endless":false,"potions_floor_spawned":[4,6,10,11,13,18,22],"killed_by":"Gremlin Leader","ascension_level":12}}