{"host":"c6u7e77myxvw4d0m","time":1610122368,"event":{"mods":["AchievementEnabler","BaseMod","Bestiary","Colored Map","Colored Powertips","Minty Spire (QoL Compilation)","Rare Cards Sparkle","Relic Stats","everything is the same but u backflip on backflip"],"gold_per_floor":[109,128,228,246,256,288,288,288,288],"floor_reached":8,"playtime":540,"items_purged":[],"score":87,"play_id":"f61b9515-6658-44ed-b476-3d887497c90f","local_time":"20210108181248","is_ascension_mode":true,"campfire_choices":[{"floor":7,"key":"REST"}],"circlet_count":0,"master_deck":["AscendersBane","Strike_G","Strike_G","Strike_G","Strike_G","Strike_G","Defend_G","Defend_G","Defend_G","Defend_G","Defend_G","Survivor","Neutralize","Poisoned Stab","Blade Dance","Caltrops","Accuracy","Bullet Time"],"relics":["Sozu","Bottled Tornado"],"acts_visited":["Exordium"],"potions_floor_usage":[],"damage_taken":[{"damage":6,"enemies":"Jaw Worm","floor":1,"turns":5},{"damage":0,"enemies":"Cultist","floor":2,"turns":4},{"damage":3,"enemies":"Small Slimes","floor":4,"turns":3},{"damage":17,"enemies":"Exordium Wildlife","floor":5,"turns":6},{"damage":34,"enemies":"3 Sentries","floor":6,"turns":12},{"damage":29,"enemies":"Lagavulin","floor":8,"turns":6}],"seed_played":"-869367328622840186","potions_obtained":[],"is_trial":false,"path_per_floor":["M","M","?","M","M","E","R","E"],"character_chosen":"THE_SILENT","items_purchased":[],"campfire_rested":1,"item_purchase_floors":[],"current_hp_per_floor":[57,57,57,54,37,3,24,0,0],"gold":288,"neow_bonus":"BOSS_RELIC","is_daily":false,"chose_seed":false,"campfire_upgraded":0,"win_rate":0.0,"timestamp":1610122368,"path_taken":["M","M","?","M","?","E","R","E"],"items_purchased_type":[],"build_version":"2020-12-22","purchased_purges":0,"victory":false,"max_hp_per_floor":[70,70,70,70,70,70,70,70,70],"relic_stats":{"Sozu":1,"counters":[6,36],"obtain_stats":[{"Sozu":0,"Bottled Tornado":6,"Ring of the Snake":0},{"Sozu":0,"Bottled Tornado":5,"Ring of the Snake":0},{"Sozu":0,"Bottled Tornado":30,"Ring of the Snake":0}]},"card_choices":[{"not_picked":["Blade Dance","Skewer"],"picked":"Poisoned Stab","floor":1},{"not_picked":["Poisoned Stab","Dagger Throw"],"picked":"Blade Dance","floor":2},{"not_picked":["Blade Dance","PiercingWail"],"picked":"Caltrops","floor":4},{"not_picked":["Poisoned Stab","Dash"],"picked":"Accuracy","floor":5},{"not_picked":["Distraction","All Out Attack"],"picked":"Bullet Time","floor":6}],"player_experience":290313,"relics_obtained":[{"floor":6,"key":"Bottled Tornado"}],"event_choices":[{"damage_healed":0,"gold_gain":100,"player_choice":"Gold","damage_taken":0,"max_hp_gain":0,"max_hp_loss":0,"event_name":"Wheel of Change","floor":3,"gold_loss":0}],"is_beta":false,"boss_relics":[],"items_purged_floors":[],"is_endless":false,"potions_floor_spawned":[2],"killed_by":"Lagavulin","ascension_level":10}}