{"host":"3jpwrwmmgyabjceh","time":1610145913,"event":{"mods":["AchievementEnabler","BaseMod","Colored Map","Colored Powertips","Highlight Path","Minty Spire (QoL Compilation)","Quick Restart","Relic Stats","StSLib","SuperFastMode"],"gold_per_floor":[115,115,138,163,186,186,219,293,293,293,293],"floor_reached":10,"playtime":204,"items_purged":[],"score":82,"play_id":"89baaf26-65f8-4655-9f0b-2af66981de95","local_time":"20210109014513","is_ascension_mode":true,"campfire_choices":[{"data":"Disarm","floor":6,"key":"SMITH"}],"circlet_count":0,"master_deck":["Strike_R","Strike_R","Strike_R","Strike_R","Strike_R","Defend_R","Defend_R","Defend_R","Defend_R","Bash","Havoc","Twin Strike","Disarm+1","Twin Strike","Burning Pact"],"relics":["Sozu","Golden Idol","StoneCalendar","Mercury Hourglass","Ginger"],"acts_visited":["Exordium"],"potions_floor_usage":[],"damage_taken":[{"damage":12,"enemies":"Jaw Worm","floor":1,"turns":3},{"damage":7,"enemies":"Small Slimes","floor":3,"turns":4},{"damage":1,"enemies":"Cultist","floor":4,"turns":3},{"damage":11,"enemies":"Blue Slaver","floor":5,"turns":3},{"damage":40,"enemies":"3 Sentries","floor":7,"turns":10},{"damage":12,"enemies":"Lagavulin","floor":10,"turns":3}],"seed_played":"-4119392658590468003","potions_obtained":[],"is_trial":false,"path_per_floor":["M","?","M","M","M","R","E","T","T","E"],"character_chosen":"IRONCLAD","items_purchased":[],"campfire_rested":0,"item_purchase_floors":[],"current_hp_per_floor":[68,68,61,60,49,49,9,9,9,0,0],"gold":293,"neow_bonus":"BOSS_RELIC","is_daily":false,"chose_seed":false,"campfire_upgraded":1,"win_rate":0.0,"timestamp":1610145913,"path_taken":["M","?","M","M","M","R","E","?","T","E"],"items_purchased_type":[],"build_version":"2020-12-22","purchased_purges":0,"victory":false,"max_hp_per_floor":[80,74,74,74,74,74,74,74,74,74,74],"relic_stats":{"Sozu":3,"counters":[6,26],"Golden Idol":22,"StoneCalendar":[0],"Ginger":[0],"obtain_stats":[{"Sozu":0,"Golden Idol":2,"StoneCalendar":7,"Ginger":9,"Burning Blood":0,"Mercury Hourglass":8},{"Sozu":0,"Golden Idol":1,"StoneCalendar":5,"Ginger":5,"Burning Blood":0,"Mercury Hourglass":5},{"Sozu":0,"Golden Idol":3,"StoneCalendar":23,"Ginger":23,"Burning Blood":0,"Mercury Hourglass":23}],"Mercury Hourglass":[3]},"card_choices":[{"not_picked":["Rupture","Dark Embrace"],"picked":"Havoc","floor":1},{"not_picked":["Heavy Blade","Body Slam"],"picked":"Twin Strike","floor":3},{"not_picked":["Heavy Blade","Body Slam"],"picked":"Disarm","floor":4},{"not_picked":["Sentinel","Clash"],"picked":"Twin Strike","floor":5},{"not_picked":["Anger","Metallicize"],"picked":"Burning Pact","floor":7}],"player_experience":236612,"relics_obtained":[{"floor":7,"key":"StoneCalendar"},{"floor":8,"key":"Mercury Hourglass"},{"floor":9,"key":"Ginger"}],"event_choices":[{"damage_healed":0,"gold_gain":0,"player_choice":"Lose Max HP","damage_taken":0,"relics_obtained":["Golden Idol"],"max_hp_gain":0,"max_hp_loss":6,"event_name":"Golden Idol","floor":2,"gold_loss":0}],"is_beta":false,"boss_relics":[],"items_purged_floors":[],"is_endless":false,"potions_floor_spawned":[1,3,5],"killed_by":"Lagavulin","ascension_level":4}}