{"host":"hca6liskeo7s99fa","time":1610080690,"event":{"mods":["BaseMod","Downfall","Minty Spire (QoL Compilation)","Replay The Spire","StSLib"],"gold_per_floor":[99,111,121,121,121,148,148,148,148,162,162,182,182,257,272,272,272],"floor_reached":16,"playtime":873,"items_purged":[],"score":115,"play_id":"3263d0ca-247e-40f2-825d-fdd9bbca387d","local_time":"20210107233810","is_ascension_mode":true,"campfire_choices":[{"floor":1,"key":"DIG"},{"data":"Zap","floor":8,"key":"SMITH"},{"floor":13,"key":"REST"}],"circlet_count":0,"master_deck":["Strike_B+2","Strike_B+2","Strike_B","Strike_B","Defend_B","Defend_B","Defend_B","Defend_B","Zap+1","Dualcast","Panic Button","Conserve Battery+1","Ball Lightning","Compile Driver","Parasite","ReplayRNGCard","Chill"],"relics":["Cracked Core","Counterbalance","Simple Rune","ReplayTheSpireMod:Ring of Addiction","ReplayTheSpireMod:Ring of Exchange","Toy Ornithopter","SacredBark","Letter Opener"],"acts_visited":["Exordium"],"potions_floor_usage":[6,6,6,15,16],"damage_taken":[{"damage":2,"enemies":"Jaw Worm","floor":2,"turns":2},{"damage":0,"enemies":"2 Louse","floor":3,"turns":2},{"damage":40,"enemies":"Lagavulin","floor":6,"turns":7},{"damage":7,"enemies":"Small Slimes","floor":10,"turns":3},{"damage":0,"enemies":"2 Fungi Beasts","floor":12,"turns":2},{"damage":0,"enemies":"Blue Slaver","floor":15,"turns":3},{"damage":44,"enemies":"Hexaghost","floor":16,"turns":10}],"seed_played":"7238337489227010156","potions_obtained":[{"floor":3,"key":"Slimebound:ThreeZeroPotion"},{"floor":5,"key":"Milkshake"},{"floor":5,"key":"BlessingOfTheForge"},{"floor":10,"key":"SkillPotion"},{"floor":12,"key":"SteroidPotion"}],"is_trial":false,"path_per_floor":["R","M","M","?","?","E","T","R","?","M","?","M","R","?","M","B"],"character_chosen":"DEFECT","items_purchased":[],"campfire_rested":1,"item_purchase_floors":[],"current_hp_per_floor":[54,52,52,52,52,27,27,27,12,5,23,23,44,33,38,0,0],"gold":272,"neow_bonus":"ONE_RARE_RELIC","is_daily":false,"chose_seed":false,"campfire_upgraded":1,"win_rate":0.0,"timestamp":1610080690,"path_taken":["R","M","M","?","?","E","T","R","?","M","?","?","R","?","M","BOSS"],"items_purchased_type":[],"build_version":"2020-12-22","purchased_purges":0,"victory":false,"max_hp_per_floor":[75,75,75,75,75,75,75,75,75,73,73,73,71,71,71,71,71],"card_choices":[{"not_picked":["Hologram","Coolheaded"],"picked":"Panic Button","floor":2},{"not_picked":["Hologram","Redo"],"picked":"Conserve Battery","floor":3},{"not_picked":["Stack","Coolheaded"],"picked":"Ball Lightning","floor":6},{"not_picked":["Rebound","Turbo"],"picked":"Compile Driver","floor":10},{"not_picked":["Rip and Tear","Blizzard"],"picked":"ReplayRNGCard","floor":12},{"not_picked":["Conserve Battery","Coolheaded"],"picked":"Chill","floor":15}],"player_experience":249344,"relics_obtained":[{"floor":1,"key":"Simple Rune"},{"floor":5,"key":"ReplayTheSpireMod:Ring of Addiction"},{"floor":5,"key":"ReplayTheSpireMod:Ring of Exchange"},{"floor":5,"key":"Toy Ornithopter"},{"floor":5,"key":"SacredBark"},{"floor":6,"key":"Letter Opener"}],"event_choices":[{"damage_healed":0,"gold_gain":0,"player_choice":"Grow","damage_taken":0,"max_hp_gain":0,"max_hp_loss":0,"event_name":"Living Wall","floor":4,"gold_loss":0,"cards_upgraded":["Strike_B"]},{"damage_healed":0,"gold_gain":0,"player_choice":"Entered Light","damage_taken":15,"max_hp_gain":0,"max_hp_loss":0,"event_name":"Shining Light","floor":9,"gold_loss":0,"cards_upgraded":["Strike_B","Conserve Battery"]},{"damage_healed":18,"gold_gain":0,"player_choice":"Healed and dodged fight","damage_taken":0,"max_hp_gain":0,"max_hp_loss":0,"event_name":"Mushrooms","floor":11,"gold_loss":0,"cards_obtained":["Parasite"]},{"damage_healed":0,"gold_gain":75,"player_choice":"Gather Gold","damage_taken":11,"max_hp_gain":0,"max_hp_loss":0,"event_name":"World of Goop","floor":14,"gold_loss":0}],"is_beta":false,"boss_relics":[],"items_purged_floors":[],"is_endless":false,"potions_floor_spawned":[3,10,12],"killed_by":"Hexaghost","ascension_level":3}}