{"host":"zcz0awyw9el3eccp","time":1610147974,"event":{"mods":["AchievementEnabler","BaseMod","Colored Powertips","Minty Spire (QoL Compilation)","Quick Restart","StSLib"],"gold_per_floor":[118,118,129,147,161,161,175,75,75,75,140,140,140,159,159,257,257,268,280,280,299,312,312,332,382,405,423,423,423],"floor_reached":28,"playtime":1506,"items_purged":["Eruption"],"score":214,"play_id":"5d226448-2993-4812-8f82-178fa9ef9a9a","local_time":"20210109001934","is_ascension_mode":false,"campfire_choices":[{"floor":6,"key":"RECALL"},{"data":"BattleHymn","floor":10,"key":"SMITH"},{"data":"PathToVictory","floor":13,"key":"SMITH"},{"data":"PathToVictory","floor":15,"key":"SMITH"},{"data":"Establishment","floor":23,"key":"SMITH"}],"circlet_count":0,"master_deck":["Strike_P","Strike_P","Defend_P","Defend_P","Defend_P","Defend_P","Vigilance","Flash of Steel","PathToVictory+1","FlurryOfBlows","PathToVictory+1","Sanctity","BattleHymn+1","Evaluate","EmptyFist","Pray","Establishment+1","FlurryOfBlows+1","EmptyBody","BattleHymn","EmptyMind"],"relics":["PureWater","Pantograph","Sozu","Boot"],"acts_visited":["Exordium","TheCity"],"potions_floor_usage":[11,11,21,22],"damage_taken":[{"damage":0,"enemies":"Small Slimes","floor":1,"turns":3},{"damage":0,"enemies":"2 Louse","floor":3,"turns":2},{"damage":1,"enemies":"Jaw Worm","floor":4,"turns":2},{"damage":7,"enemies":"Gremlin Gang","floor":5,"turns":5},{"damage":10,"enemies":"Exordium Thugs","floor":7,"turns":5},{"damage":4,"enemies":"3 Sentries","floor":11,"turns":8},{"damage":0,"enemies":"Large Slime","floor":14,"turns":4},{"damage":30,"enemies":"The Guardian","floor":16,"turns":6},{"damage":5,"enemies":"Shell Parasite","floor":18,"turns":4},{"damage":5,"enemies":"3 Byrds","floor":19,"turns":5},{"damage":27,"enemies":"Snecko","floor":21,"turns":5},{"damage":12,"enemies":"Shelled Parasite and Fungi","floor":22,"turns":5},{"damage":31,"enemies":"Sentry and Sphere","floor":24,"turns":8},{"damage":4,"enemies":"Cultist and Chosen","floor":27,"turns":5},{"damage":12,"enemies":"Gremlin Leader","floor":28,"turns":2}],"seed_played":"-5560853098427723079","potions_obtained":[{"floor":3,"key":"ColorlessPotion"},{"floor":4,"key":"EssenceOfSteel"},{"floor":14,"key":"Regen Potion"},{"floor":16,"key":"EntropicBrew"}],"is_trial":false,"path_per_floor":["M","?","M","M","M","R","M","$","T","R","?","?","R","M","R","B",null,"M","M","?","M","M","R","M","?","T","M","E"],"character_chosen":"WATCHER","items_purchased":["Evaluate"],"campfire_rested":0,"item_purchase_floors":[8],"current_hp_per_floor":[72,65,65,64,57,57,47,47,47,47,43,43,43,43,43,38,72,67,62,62,35,37,37,6,6,6,2,0,0],"gold":423,"neow_bonus":"RANDOM_COLORLESS","is_daily":false,"chose_seed":false,"campfire_upgraded":4,"win_rate":0.0,"timestamp":1610147974,"path_taken":["M","?","M","M","M","R","M","$","T","R","?","?","R","M","R","BOSS","M","M","?","M","M","R","M","?","T","M","E"],"items_purchased_type":["Card"],"build_version":"2020-12-22","purchased_purges":1,"victory":false,"max_hp_per_floor":[72,72,72,72,72,72,72,72,72,72,72,72,72,72,72,72,72,72,72,72,72,72,72,72,72,72,72,72,72],"card_choices":[{"not_picked":["Blind","Enlightenment"],"picked":"Flash of Steel","floor":0},{"not_picked":["Conclude","Perseverance"],"picked":"PathToVictory","floor":1},{"not_picked":["Weave","Swivel"],"picked":"FlurryOfBlows","floor":3},{"not_picked":["EmptyFist","SashWhip"],"picked":"PathToVictory","floor":4},{"not_picked":["SignatureMove","Worship"],"picked":"Sanctity","floor":5},{"not_picked":["CarveReality","Collect"],"picked":"BattleHymn","floor":7},{"not_picked":["FlurryOfBlows","JustLucky"],"picked":"EmptyFist","floor":11},{"not_picked":["FlyingSleeves","Perseverance"],"picked":"Pray","floor":14},{"not_picked":["Ragnarok","DevaForm"],"picked":"Establishment","floor":16},{"not_picked":["Collect","JustLucky"],"picked":"FlurryOfBlows+1","floor":18},{"not_picked":["ClearTheMind+1","FlyingSleeves"],"picked":"EmptyBody","floor":19},{"not_picked":["CutThroughFate","Establishment","BowlingBash"],"picked":"SKIP","floor":21},{"not_picked":["Halt+1","Wallop","Protect"],"picked":"SKIP","floor":22},{"not_picked":["FollowUp","Crescendo+1"],"picked":"BattleHymn","floor":24},{"not_picked":["FlurryOfBlows","SignatureMove"],"picked":"EmptyMind","floor":27}],"player_experience":104312,"relics_obtained":[{"floor":26,"key":"Boot"}],"event_choices":[{"cards_removed":["Strike_P"],"damage_healed":0,"gold_gain":0,"player_choice":"Card Removal","damage_taken":7,"max_hp_gain":0,"max_hp_loss":0,"event_name":"Golden Wing","floor":2,"gold_loss":0},{"damage_healed":0,"gold_gain":0,"player_choice":"Searched \u00272\u0027 times","damage_taken":0,"relics_obtained":["Pantograph"],"max_hp_gain":0,"max_hp_loss":0,"event_name":"Dead Adventurer","floor":11,"gold_loss":0},{"damage_healed":0,"gold_gain":0,"player_choice":"Ignored","damage_taken":0,"max_hp_gain":0,"max_hp_loss":0,"event_name":"Liars Game","floor":12,"gold_loss":0},{"cards_removed":["Strike_P"],"damage_healed":0,"gold_gain":0,"player_choice":"Elegance","damage_taken":0,"max_hp_gain":0,"max_hp_loss":0,"event_name":"Back to Basics","floor":20,"gold_loss":0},{"damage_healed":0,"gold_gain":100,"player_choice":"Bet on Murderer","damage_taken":0,"max_hp_gain":0,"max_hp_loss":0,"event_name":"The Joust","floor":25,"gold_loss":50}],"is_beta":false,"boss_relics":[{"not_picked":["Runic Pyramid","SacredBark"],"picked":"Sozu"}],"items_purged_floors":[8],"is_endless":false,"potions_floor_spawned":[3,4,14,16,18,22,27],"killed_by":"Gremlin Leader","ascension_level":0}}