{"host":"h2zaclyrd1q1i31f","time":1610080173,"event":{"mods":["BaseMod","Colored Map","Downfall","Hermit","Minty Spire (QoL Compilation)","Permanent Neow","StSLib","SuperFastMode","The Hierophant","The Mystic"],"gold_per_floor":[110,110,110,110,124,124,149,149,149,161,178,209,209,225,225,324,624,639,656,656,581,596,596,606,620,696,714,745,437,448,479,479,581,581,594,610,658,708,720,750,750,750,796,796,810,810,69,104,104,104,104,104,66,94,94,94],"floor_reached":55,"playtime":2812,"items_purged":["Strike_R","Strike_R","Strike_R"],"score":902,"play_id":"2f7cb72b-68d8-4c26-812c-85c12292afc1","local_time":"20210107222933","is_ascension_mode":false,"campfire_choices":[{"data":"Body Slam","floor":6,"key":"SMITH"},{"data":"Wild Strike","floor":8,"key":"SMITH"},{"data":"Defend_R","floor":13,"key":"SMITH"},{"data":"Warcry","floor":15,"key":"SMITH"},{"data":"Fire Breathing","floor":23,"key":"SMITH"},{"floor":32,"key":"REST"},{"floor":41,"key":"RECALL"},{"data":"Evolve","floor":44,"key":"SMITH"},{"floor":49,"key":"REST"},{"data":"Double Tap","floor":52,"key":"SMITH"}],"circlet_count":0,"master_deck":["Strike_R","Defend_R+1","Defend_R","Defend_R","Defend_R","Bash+1","Wild Strike+1","Body Slam+1","Battle Trance","Fire Breathing+1","Offering","Warcry+1","Feed","CurseOfTheBell","Cleave+1","Headbutt+1","Double Tap+1","Evolve+1","Bandage Up","Rampage","Power Through+1","Exhume","Wild Strike+1","Flame Barrier+1","Metallicize+1","Body Slam+1","Violence","expansioncontent:DecasProtection","Mayhem","Warcry+1","Blood for Blood"],"relics":["Burning Blood","Vajra","Champion Belt","StoneCalendar","Calling Bell","PreservedInsect","Self Forming Clay","Old Coin","Ornamental Fan","Gremlin Horn","Ice Cream","Charon\u0027s Ashes","Philosopher\u0027s Stone","FossilizedHelix","Peace Pipe","MealTicket","Anchor","Pen Nib","Red Skull","Centennial Puzzle","Pear"],"acts_visited":["Exordium","TheCity","TheBeyond","TheEnding"],"potions_floor_usage":[12,19,24,28,31,31,31,37,39,48,50,50],"damage_taken":[{"damage":2,"enemies":"2 Louse","floor":1,"turns":3},{"damage":1,"enemies":"Jaw Worm","floor":5,"turns":3},{"damage":38,"enemies":"3 Sentries","floor":7,"turns":10},{"damage":5,"enemies":"Small Slimes","floor":10,"turns":3},{"damage":3,"enemies":"Red Slaver","floor":11,"turns":3},{"damage":6,"enemies":"Gremlin Nob","floor":12,"turns":3},{"damage":8,"enemies":"Lots of Slimes","floor":14,"turns":4},{"damage":32,"enemies":"The Guardian","floor":16,"turns":10},{"damage":15,"enemies":"Chosen","floor":18,"turns":4},{"damage":21,"enemies":"2 Thieves","floor":19,"turns":4},{"damage":9,"enemies":"Snecko","floor":22,"turns":4},{"damage":17,"enemies":"Shelled Parasite and Fungi","floor":24,"turns":3},{"damage":9,"enemies":"Centurion and Healer","floor":25,"turns":4},{"damage":18,"enemies":"Snake Plant","floor":27,"turns":4},{"damage":6,"enemies":"Gremlin Leader","floor":28,"turns":2},{"damage":8,"enemies":"Cultist and Chosen","floor":30,"turns":3},{"damage":6,"enemies":"Book of Stabbing","floor":31,"turns":2},{"damage":31,"enemies":"Collector","floor":33,"turns":6},{"damage":12,"enemies":"3 Shapes","floor":35,"turns":3},{"damage":12,"enemies":"Orb Walker","floor":36,"turns":3},{"damage":36,"enemies":"2 Orb Walkers","floor":37,"turns":3},{"damage":0,"enemies":"Mind Bloom Boss Battle","floor":38,"turns":5},{"damage":29,"enemies":"Writhing Mass","floor":39,"turns":4},{"damage":6,"enemies":"Reptomancer","floor":40,"turns":4},{"damage":0,"enemies":"Transient","floor":45,"turns":5},{"damage":60,"enemies":"Nemesis","floor":48,"turns":6},{"damage":60,"enemies":"Awakened One","floor":50,"turns":8},{"damage":61,"enemies":"Shield and Spear","floor":54,"turns":6},{"damage":63,"enemies":"The Heart","floor":55,"turns":6}],"seed_played":"6365813862617288753","potions_obtained":[{"floor":5,"key":"GamblersBrew"},{"floor":12,"key":"Weak Potion"},{"floor":14,"key":"DuplicationPotion"},{"floor":19,"key":"LiquidBronze"},{"floor":22,"key":"Energy Potion"},{"floor":24,"key":"SteroidPotion"},{"floor":31,"key":"sneckomod:MuddlingPotion"},{"floor":33,"key":"PowerPotion"},{"floor":38,"key":"BlessingOfTheForge"},{"floor":39,"key":"LiquidBronze"},{"floor":40,"key":"Regen Potion"},{"floor":45,"key":"SpeedPotion"}],"is_trial":false,"path_per_floor":["M","?","?","?","M","R","E","R","T","M","M","E","R","M","R","B",null,"M","M","?","$","M","R","M","M","T","M","E","$","M","E","R","B",null,"M","M","?","?","M","E","R","?","T","R","M","?","$","E","R","B",null,"R","$","E","B"],"character_chosen":"IRONCLAD","items_purchased":["Bandage Up","Guardian:BlockOnCardUsePotion","Rampage","Pen Nib","Red Skull","expansioncontent:DecasProtection","Mayhem","Block Potion","Blood for Blood"],"campfire_rested":2,"item_purchase_floors":[29,29,29,47,47,47,47,47,53],"current_hp_per_floor":[80,73,78,78,83,83,51,51,51,52,55,55,55,53,53,27,85,76,61,61,61,61,61,50,47,47,35,35,35,40,43,71,50,94,91,89,63,73,56,60,60,60,60,60,70,70,85,49,78,31,100,100,100,59,0,0],"gold":94,"neow_bonus":"RANDOM_COMMON_RELIC","is_daily":false,"chose_seed":false,"campfire_upgraded":7,"win_rate":0.0,"timestamp":1610080173,"path_taken":["M","?","?","?","M","R","E","R","T","?","?","E","R","M","R","BOSS","M","M","?","$","M","R","M","M","T","?","E","$","M","E","R","BOSS","M","?","?","?","M","E","R","?","T","R","M","?","$","E","R","BOSS","R","$","E","BOSS"],"items_purchased_type":["Card","Potion","Card","Relic","Relic","Card","Card","Potion","Card"],"build_version":"2020-12-22","purchased_purges":3,"victory":false,"max_hp_per_floor":[80,80,85,85,85,85,85,85,85,85,85,85,85,85,85,85,85,85,85,85,85,88,88,88,88,88,88,88,88,91,94,94,94,94,97,97,97,97,97,97,97,97,97,97,97,97,97,97,97,100,100,100,100,110,110,110],"card_choices":[{"not_picked":["Anger","Thunderclap"],"picked":"Wild Strike","floor":1},{"not_picked":["Rupture","Thunderclap"],"picked":"Body Slam","floor":5},{"not_picked":["Pommel Strike","Pummel"],"picked":"Battle Trance","floor":7},{"not_picked":["Clothesline","Body Slam"],"picked":"Fire Breathing","floor":10},{"not_picked":["Sword Boomerang","Burning Pact","Dropkick"],"picked":"SKIP","floor":11},{"not_picked":["Havoc","Clothesline"],"picked":"Offering","floor":12},{"not_picked":["Clothesline","Entrench"],"picked":"Warcry","floor":14},{"not_picked":["Brutality","Impervious"],"picked":"Feed","floor":16},{"not_picked":["Clothesline","Sword Boomerang","Havoc"],"picked":"SKIP","floor":18},{"not_picked":["Infernal Blade","Heavy Blade+1"],"picked":"Cleave+1","floor":19},{"not_picked":["Pommel Strike+1","Thunderclap","Perfected Strike"],"picked":"SKIP","floor":22},{"not_picked":["Body Slam+1","Shrug It Off"],"picked":"Headbutt+1","floor":24},{"not_picked":["Headbutt","Shrug It Off","Thunderclap+1"],"picked":"SKIP","floor":25},{"not_picked":["Perfected Strike","Pommel Strike+1"],"picked":"Double Tap","floor":27},{"not_picked":["Sword Boomerang","Anger+1"],"picked":"Evolve","floor":28},{"not_picked":["Feel No Pain","Spot Weakness"],"picked":"Power Through+1","floor":30},{"not_picked":["Havoc","Fiend Fire","Clash"],"picked":"SKIP","floor":31},{"not_picked":["Feed","Bludgeon"],"picked":"Exhume","floor":33},{"not_picked":["Carnage+1","Feel No Pain","Evolve"],"picked":"SKIP","floor":35},{"not_picked":["Cleave","Blood for Blood+1"],"picked":"Wild Strike+1","floor":36},{"not_picked":["Headbutt","Inflame"],"picked":"Flame Barrier+1","floor":37},{"not_picked":["Whirlwind+1","Armaments"],"picked":"Metallicize+1","floor":38},{"not_picked":["Uppercut+1","Dual Wield"],"picked":"Body Slam+1","floor":39},{"not_picked":["Body Slam","Pommel Strike","Carnage+1"],"picked":"SKIP","floor":40},{"not_picked":["Wild Strike","Burning Pact","Headbutt"],"picked":"SKIP","floor":45},{"not_picked":["expansioncontent:Hexaburn","expansioncontent:GoopSpray"],"picked":"Violence","floor":46},{"not_picked":["Ghostly Armor+1","Second Wind+1"],"picked":"Warcry+1","floor":48},{"not_picked":["Anger+1","Metallicize","Ghostly Armor"],"picked":"SKIP","floor":54}],"player_experience":147478,"relics_obtained":[{"floor":7,"key":"Champion Belt"},{"floor":12,"key":"StoneCalendar"},{"floor":17,"key":"PreservedInsect"},{"floor":17,"key":"Self Forming Clay"},{"floor":17,"key":"Old Coin"},{"floor":20,"key":"Ornamental Fan"},{"floor":26,"key":"Gremlin Horn"},{"floor":28,"key":"Ice Cream"},{"floor":31,"key":"Charon\u0027s Ashes"},{"floor":37,"key":"FossilizedHelix"},{"floor":38,"key":"Peace Pipe"},{"floor":40,"key":"MealTicket"},{"floor":43,"key":"Anchor"},{"floor":48,"key":"Centennial Puzzle"},{"floor":54,"key":"Pear"}],"event_choices":[{"cards_removed":["Strike_R"],"damage_healed":0,"gold_gain":0,"player_choice":"Card Removal","damage_taken":7,"max_hp_gain":0,"max_hp_loss":0,"event_name":"Golden Wing","floor":2,"gold_loss":0},{"damage_healed":0,"gold_gain":0,"player_choice":"Donut","damage_taken":0,"max_hp_gain":5,"max_hp_loss":0,"event_name":"Big Fish","floor":3,"gold_loss":0},{"damage_healed":0,"gold_gain":0,"player_choice":"Forge","damage_taken":0,"max_hp_gain":0,"max_hp_loss":0,"event_name":"Accursed Blacksmith","floor":4,"gold_loss":0,"cards_upgraded":["Bash"]},{"damage_healed":0,"gold_gain":0,"player_choice":"Relic","damage_taken":0,"max_hp_gain":0,"max_hp_loss":0,"event_name":"Wheel of Change","floor":20,"gold_loss":0},{"damage_healed":0,"gold_gain":0,"player_choice":"Fight","damage_taken":0,"max_hp_gain":0,"max_hp_loss":0,"event_name":"Mysterious Sphere","floor":37,"gold_loss":0},{"damage_healed":0,"gold_gain":0,"player_choice":"Fight","damage_taken":0,"max_hp_gain":0,"max_hp_loss":0,"event_name":"MindBloom","floor":38,"gold_loss":0},{"damage_healed":0,"gold_gain":0,"player_choice":"Ignored","damage_taken":0,"max_hp_gain":0,"max_hp_loss":0,"event_name":"Tomb of Lord Red Mask","floor":42,"gold_loss":0},{"damage_healed":0,"gold_gain":0,"player_choice":"Memory 1","damage_taken":0,"max_hp_gain":0,"max_hp_loss":0,"event_name":"SensoryStone","floor":46,"gold_loss":0}],"is_beta":false,"boss_relics":[{"not_picked":["Runic Dome","Busted Crown"],"picked":"Calling Bell"},{"not_picked":["Runic Cube","Empty Cage"],"picked":"Philosopher\u0027s Stone"}],"items_purged_floors":[21,29,47],"is_endless":false,"potions_floor_spawned":[5,12,14,19,22,24,31,33,38,39,40,45],"killed_by":"The Heart","ascension_level":0}}