{"host":"b995t17pt6d05w8c","time":1610128261,"event":{"mods":["AchievementEnabler","BaseMod","Colored Map","Minty Spire (QoL Compilation)","SuperFastMode"],"gold_per_floor":[119,119,133,34,48,81,81,95,95,108,123,123,81,94,94,190,190,204,204,204,48,58,58,71,87,87,105,120,138,155,155,155,253,253,273,290,161,172,184,214,214,214,214,262,280,280,313,325,325,325],"floor_reached":51,"playtime":2472,"items_purged":["Strike_G","Backstab+1"],"score":1085,"play_id":"81bd7335-3fc0-4d05-bf23-d2df79ef19d7","local_time":"20210109025101","is_ascension_mode":true,"campfire_choices":[{"floor":7.0,"key":"REST"},{"data":"Deadly Poison","floor":15.0,"key":"SMITH"},{"data":"Well Laid Plans","floor":23.0,"key":"SMITH"},{"floor":32.0,"key":"REST"},{"floor":41,"key":"REST"},{"floor":46,"key":"REST"},{"data":"Catalyst","floor":49,"key":"SMITH"}],"circlet_count":0,"master_deck":["Survivor","Neutralize","Poisoned Stab","Deadly Poison+1","Blur","Masterful Stab","Catalyst+1","Burst","Tactician","Cloak And Dagger","Venomology","Caltrops","Reflex","Leg Sweep","Unload","Leg Sweep","Footwork","Well Laid Plans+1","Dash+1","Acrobatics","Blur"],"relics":["Velvet Choker","WarpedTongs","Art of War","Ancient Tea Set","Pandora\u0027s Box","Enchiridion","Membership Card","CultistMask","Snecko Eye","Potion Belt","Frozen Egg 2","Meat on the Bone","Du-Vu Doll","Bottled Tornado"],"acts_visited":["TheCity","TheBeyond"],"potions_floor_usage":[38,39,40,44,44,47,47,47,48,50,50,50,50,50],"damage_taken":[{"damage":0.0,"enemies":"Jaw Worm","floor":1.0,"turns":5.0},{"damage":8.0,"enemies":"Cultist","floor":3.0,"turns":5.0},{"damage":3.0,"enemies":"Small Slimes","floor":5.0,"turns":3.0},{"damage":36.0,"enemies":"Gremlin Nob","floor":6.0,"turns":5.0},{"damage":4.0,"enemies":"Blue Slaver","floor":8.0,"turns":4.0},{"damage":10.0,"enemies":"2 Fungi Beasts","floor":10.0,"turns":3.0},{"damage":6.0,"enemies":"Exordium Wildlife","floor":11.0,"turns":3.0},{"damage":0.0,"enemies":"Lots of Slimes","floor":14.0,"turns":5.0},{"damage":0.0,"enemies":"Hexaghost","floor":16.0,"turns":7.0},{"damage":11.0,"enemies":"Spheric Guardian","floor":18.0,"turns":4.0},{"damage":6.0,"enemies":"2 Thieves","floor":22.0,"turns":4.0},{"damage":2.0,"enemies":"Snake Plant","floor":24.0,"turns":3.0},{"damage":3.0,"enemies":"Snecko","floor":25.0,"turns":4.0},{"damage":0.0,"enemies":"Centurion and Healer","floor":27.0,"turns":9.0},{"damage":0.0,"enemies":"Sentry and Sphere","floor":28.0,"turns":5.0},{"damage":10.0,"enemies":"Snake Plant","floor":29.0,"turns":4.0},{"damage":0.0,"enemies":"Snecko","floor":30.0,"turns":6.0},{"damage":5.0,"enemies":"Champ","floor":33.0,"turns":6.0},{"damage":1.0,"enemies":"3 Shapes","floor":35.0,"turns":7.0},{"damage":29.0,"enemies":"3 Darklings","floor":36.0,"turns":10.0},{"damage":9,"enemies":"Spire Growth","floor":38,"turns":8},{"damage":0,"enemies":"4 Shapes","floor":39,"turns":8},{"damage":22,"enemies":"Nemesis","floor":40,"turns":7},{"damage":21,"enemies":"2 Orb Walkers","floor":44,"turns":4},{"damage":1,"enemies":"Maw","floor":45,"turns":7},{"damage":0,"enemies":"Giant Head","floor":47,"turns":6},{"damage":0,"enemies":"3 Darklings","floor":48,"turns":7},{"damage":55,"enemies":"Donu and Deca","floor":50,"turns":14}],"seed_played":"-9126795307845418512","potions_obtained":[{"floor":5.0,"key":"PowerPotion"},{"floor":8.0,"key":"FairyPotion"},{"floor":10.0,"key":"Dexterity Potion"},{"floor":16.0,"key":"Fire Potion"},{"floor":18.0,"key":"Fire Potion"},{"floor":24.0,"key":"BlessingOfTheForge"},{"floor":33.0,"key":"Energy Potion"},{"floor":35.0,"key":"DistilledChaos"},{"floor":47,"key":"Strength Potion"}],"is_trial":false,"path_per_floor":["M","?","M","$","M","E","R","M","T","M","M","?","?","M","R","B",null,"M","?","?","$","M","R","M","M","T","M","M","M","M","?","R","B",null,"M","M","$","M","M","E","R","?","T","?","M","R","E","M","R","B",null],"character_chosen":"THE_SILENT","items_purchased":["Poisoned Stab","Membership Card","Potion Belt"],"campfire_rested":4,"item_purchase_floors":[4,21,37],"current_hp_per_floor":[63,63,55,55,52,16,37,33,33,23,17,10,10,10,10,10,55,44,44,28,28,22,22,20,17,17,17,17,7,7,7,28,23,58,57,28,28,19,19,21,42,42,42,33,44,65,65,65,65,22],"gold":325,"neow_bonus":"BOSS_RELIC","is_daily":false,"chose_seed":false,"campfire_upgraded":3,"win_rate":0.0,"timestamp":1610128261,"path_taken":["M","?","?","$","M","E","R","M","T","M","M","?","?","M","R","BOSS","M","?","?","?","M","R","M","M","T","M","M","M","?","?","R","BOSS","M","?","$","M","M","E","R","?","T","?","M","R","E","M","R","BOSS"],"items_purchased_type":["Card","Relic","Relic"],"build_version":"2020-12-22","purchased_purges":2,"victory":true,"max_hp_per_floor":[70,70,70,70,70,70,70,70,70,70,70,70,70,70,70,70,70,70,70,70,70,70,70,70,70,70,70,70,70,70,70,70,70,70,70,70,70,70,70,70,70,70,70,70,70,70,70,70,70,70],"card_choices":[{"not_picked":["Deflect","Slice","Blade Dance"],"picked":"SKIP","floor":1.0},{"not_picked":["Backflip","Concentrate","Sucker Punch"],"picked":"SKIP","floor":3.0},{"not_picked":["All Out Attack","PiercingWail"],"picked":"Deadly Poison","floor":5.0},{"not_picked":["Bullet Time","PiercingWail"],"picked":"Blur","floor":6.0},{"not_picked":["Dagger Throw","Acrobatics"],"picked":"Masterful Stab","floor":8.0},{"not_picked":["Prepared","Cloak And Dagger","PiercingWail"],"picked":"SKIP","floor":10.0},{"not_picked":["Venomology","Cloak And Dagger"],"picked":"Catalyst","floor":11.0},{"not_picked":["Acrobatics","Blade Dance","Dagger Spray"],"picked":"SKIP","floor":14.0},{"not_picked":["Phantasmal Killer","Wraith Form v2"],"picked":"Burst","floor":16.0},{"not_picked":["Outmaneuver","Skewer+1","Endless Agony"],"picked":"SKIP","floor":18.0},{"not_picked":["Riddle With Holes","PiercingWail"],"picked":"Backstab+1","floor":22.0},{"not_picked":["Deflect","Cloak And Dagger","Deadly Poison"],"picked":"SKIP","floor":24.0},{"not_picked":["Deflect","Cloak And Dagger","Deadly Poison"],"picked":"SKIP","floor":24.0},{"not_picked":["Backflip","Outmaneuver","Blade Dance"],"picked":"SKIP","floor":25.0},{"not_picked":["Expertise+1","Predator+1","Underhanded Strike"],"picked":"SKIP","floor":27.0},{"not_picked":["Infinite Blades","Backflip","Quick Slash+1"],"picked":"SKIP","floor":28.0},{"not_picked":["Endless Agony","Outmaneuver+1","Cloak And Dagger"],"picked":"SKIP","floor":29.0},{"not_picked":["Expertise","Setup","Unload"],"picked":"SKIP","floor":30.0},{"not_picked":["Bane+1","Heel Hook+1"],"picked":"Dash+1","floor":35.0},{"not_picked":["Concentrate","Deadly Poison+1"],"picked":"Acrobatics","floor":36.0},{"not_picked":["Sucker Punch","Terror","Burst"],"picked":"SKIP","floor":38},{"not_picked":["PiercingWail","Outmaneuver","Eviscerate"],"picked":"SKIP","floor":39},{"not_picked":["Sucker Punch+1","Endless Agony+1","Dagger Throw+1"],"picked":"SKIP","floor":40},{"not_picked":["Dagger Spray+1","Well Laid Plans+1","Slice"],"picked":"SKIP","floor":45},{"not_picked":["Cloak And Dagger","Bane","Underhanded Strike"],"picked":"SKIP","floor":47},{"not_picked":["Burst","Finisher"],"picked":"Blur","floor":48}],"player_experience":56511,"relics_obtained":[{"floor":6.0,"key":"Art of War"},{"floor":9.0,"key":"Ancient Tea Set"},{"floor":20.0,"key":"Enchiridion"},{"floor":40,"key":"Frozen Egg 2"},{"floor":43,"key":"Meat on the Bone"},{"floor":44,"key":"Du-Vu Doll"},{"floor":47,"key":"Bottled Tornado"}],"event_choices":[{"damage_healed":0.0,"max_hp_gain":0.0,"max_hp_loss":0.0,"gold_gain":0.0,"event_name":"Accursed Blacksmith","player_choice":"Rummage","floor":2.0,"gold_loss":0.0,"damage_taken":0.0,"relics_obtained":["WarpedTongs"],"cards_obtained":["Pain"]},{"cards_removed":["Pain"],"damage_healed":0.0,"max_hp_gain":0.0,"max_hp_loss":0.0,"gold_gain":0.0,"event_name":"Golden Wing","player_choice":"Card Removal","floor":12.0,"gold_loss":0.0,"damage_taken":7.0},{"damage_healed":0.0,"max_hp_gain":0.0,"max_hp_loss":0.0,"gold_gain":0.0,"event_name":"World of Goop","player_choice":"Left Gold","floor":13.0,"gold_loss":42.0,"damage_taken":0.0},{"damage_healed":0.0,"max_hp_gain":0.0,"max_hp_loss":0.0,"gold_gain":0.0,"event_name":"The Library","player_choice":"Read","floor":19.0,"gold_loss":0.0,"damage_taken":0.0,"cards_obtained":["Well Laid Plans"]},{"damage_healed":0.0,"max_hp_gain":0.0,"max_hp_loss":0.0,"gold_gain":0.0,"event_name":"Cursed Tome","player_choice":"Obtained Book","floor":20.0,"gold_loss":0.0,"damage_taken":16.0},{"damage_healed":0.0,"max_hp_gain":0.0,"max_hp_loss":0.0,"gold_gain":0.0,"event_name":"FaceTrader","player_choice":"Trade","floor":31.0,"gold_loss":0.0,"damage_taken":0.0,"relics_obtained":["CultistMask"]},{"damage_healed":0,"gold_gain":0,"player_choice":"Ignored","damage_taken":0,"max_hp_gain":0,"max_hp_loss":0,"event_name":"Tomb of Lord Red Mask","floor":42,"gold_loss":0},{"damage_healed":0,"gold_gain":0,"player_choice":"Fight","damage_taken":0,"max_hp_gain":0,"max_hp_loss":0,"event_name":"Mysterious Sphere","floor":44,"gold_loss":0}],"is_beta":false,"boss_relics":[{"not_picked":["Fusion Hammer","Ectoplasm"],"picked":"Pandora\u0027s Box"},{"not_picked":["Empty Cage","Calling Bell"],"picked":"Snecko Eye"}],"items_purged_floors":[4,37],"is_endless":false,"potions_floor_spawned":[5,8,10,16,18,24,30,33,35,47],"ascension_level":7}}