{"host":"m4gez01cdgxblqzl","time":1610064640,"event":{"mods":["2.2 Compatiblity","AchievementEnabler","Act Like it!","Aspiration","BaseMod","Better Altar","Better Match","Better Note","Better Sensory Stone","Better Skull","Better Third Choice","Better Vampires","BetterRewards","Block Reminder","CCEM","Challenge The Spire","Clawfect","Colored Powertips","Conspire","Curses Come First","Downfall","Energized Spire","Friendly Minions","GifTheSpireLib","Glutton Mod","Halation","Hermit","Hubris","Infinite Spire","Jedi Mod","Marked Mod","Minty Spire (QoL Compilation)","Permanent Neow","Practice Mode","Quick Restart","READ ME - Guardian Mod","Rare Cards Sparkle","RatMod","Relic Sorter","Relic Stats","Replay The Spire","Reworked Bosses","Shade Mod","Shop Mod","Spicy Shops","Spikes Relics","StSLib","Stuff the Spire","SuperFastMode","Synergy Search","The Blue Laboratory","The Construct","The Jungle","The Problem Sleuth","The Runesmith","The Spell Scribe","Thieving Mod","Trackpad","Unceasing Turn Reminder","Unknown Chances","everything is the same but u backflip on backflip","vexMod","??????REMEMod"],"gold_per_floor":[110,110,210,220,395,395,420,420,420,420,220,275,275,343,343,525,525,585,351,351,414,414,414,437,437],"floor_reached":24,"playtime":1589,"items_purged":[],"score":236,"play_id":"2cdb6c91-c103-4c23-80ac-5b009e38c967","local_time":"20210107181040","is_ascension_mode":true,"campfire_choices":[{"data":"Terror","floor":6.0,"key":"SMITH"},{"floor":8.0,"key":"REST"},{"floor":10.0,"key":"REST"},{"floor":13.0,"key":"REST"},{"data":"StuffTheSpire:Shiver","floor":15.0,"key":"SMITH"},{"floor":23.0,"key":"REST"}],"circlet_count":0,"master_deck":["Strike_G","Strike_G","Strike_G","Strike_G","Strike_G","Defend_G","Defend_G","Defend_G","Defend_G","Defend_G","Survivor","Neutralize","construct:Defend_Gold","Defend_G","Master of Strategy","Terror+1","ReplayTheSpireMod:Speed Training","Doubt","Leg Sweep","conspire:SpireCoStock","conspire:SpireCoStock","conspire:SpireCoStock","conspire:SpireCoStock","Corpse Explosion","StuffTheSpire:Shiver+1","After Image","Accuracy+1","Infinite Blades","jedi:pocketpoison","Voices"],"relics":["Ring of the Snake","ReplayTheSpireMod:Ring of Challenge","REME_ComplimentaryCards","Ginger","trackpad:SappingStone","hubris:CrystalStatue","Honey Jar","StuffTheSpire:GrapeVine","Toolbox","ReplayTheSpireMod:Ring of Collecting"],"acts_visited":["Exordium","TheCity"],"potions_floor_usage":[],"damage_taken":[{"damage":3.0,"enemies":"2 Louse","floor":1.0,"turns":4.0},{"damage":4.0,"enemies":"Cultist","floor":4.0,"turns":5.0},{"damage":56.0,"enemies":"Gremlin Nob","floor":7.0,"turns":6.0},{"damage":0.0,"enemies":"Small Slimes","floor":12.0,"turns":5.0},{"damage":1.0,"enemies":"Looter","floor":14.0,"turns":5.0},{"damage":19.0,"enemies":"Hexaghost","floor":16.0,"turns":15.0},{"damage":26.0,"enemies":"Chosen","floor":18.0,"turns":8.0},{"damage":40.0,"enemies":"3 Byrds","floor":21.0,"turns":5.0},{"damage":39,"enemies":"Masked Bandits","floor":24,"turns":3}],"seed_played":"-5518921253584028059","potions_obtained":[{"floor":4.0,"key":"Fire Potion"},{"floor":12.0,"key":"blueLaboratory:FrostheartPotion"},{"floor":16.0,"key":"SkillPotion"}],"is_trial":false,"path_per_floor":["M","$","?","M","?","R","E","R","T","R","?","M","R","M","R","B",null,"M","$","AVR","M","?","R","?"],"character_chosen":"THE_SILENT","items_purchased":["StuffTheSpire:GrapeVine","Infinite Blades"],"campfire_rested":4,"item_purchase_floors":[19,19],"current_hp_per_floor":[67,67,67,63,63,63,7,28,28,49,49,49,70,69,69,50,70,44,44,44,4,4,25,0,0],"gold":437,"neow_bonus":"ONE_RARE_RELIC","is_daily":false,"chose_seed":false,"campfire_upgraded":2,"win_rate":0.0,"timestamp":1610064640,"path_taken":["M","$","?","?","?","R","E","R","T","R","?","M","R","?","R","BOSS","M","?","AVR","M","?","R","?"],"items_purchased_type":["Relic","Card"],"build_version":"2020-12-22","purchased_purges":0,"victory":false,"max_hp_per_floor":[70,70,70,70,70,70,70,70,70,70,70,70,70,70,70,70,70,70,70,70,70,70,70,70,70],"relic_stats":{"counters":[9,56],"Ginger":[18],"obtain_stats":[{"hubris:CrystalStatue":9,"trackpad:SappingStone":7,"ReplayTheSpireMod:Ring of Collecting":22,"Honey Jar":17,"Toolbox":20,"StuffTheSpire:GrapeVine":19,"Ginger":0,"ReplayTheSpireMod:Ring of Challenge":22,"Ring of the Snake":0,"REME_ComplimentaryCards":0},{"hubris:CrystalStatue":3,"trackpad:SappingStone":3,"ReplayTheSpireMod:Ring of Collecting":8,"Honey Jar":6,"Toolbox":7,"StuffTheSpire:GrapeVine":7,"Ginger":0,"ReplayTheSpireMod:Ring of Challenge":8,"Ring of the Snake":0,"REME_ComplimentaryCards":0},{"hubris:CrystalStatue":15,"trackpad:SappingStone":15,"ReplayTheSpireMod:Ring of Collecting":53,"Honey Jar":40,"Toolbox":48,"StuffTheSpire:GrapeVine":48,"Ginger":0,"ReplayTheSpireMod:Ring of Challenge":53,"Ring of the Snake":0,"REME_ComplimentaryCards":0}],"Ring of the Snake":[18]},"card_choices":[{"not_picked":["rat:FanOfKnives","hubris:TrickCloak"],"picked":"Terror","floor":1.0},{"not_picked":["ShadowRift","Poisoned Stab"],"picked":"ReplayTheSpireMod:Speed Training","floor":4.0},{"not_picked":["rat:SiphonBlood","jedi:unstablefumes"],"picked":"Leg Sweep","floor":7.0},{"not_picked":["Deadly Poison","StuffTheSpire:Injection"],"picked":"Corpse Explosion","floor":12.0},{"not_picked":["Riddle With Holes","Sucker Punch"],"picked":"StuffTheSpire:Shiver","floor":14.0},{"not_picked":["Adrenaline","Poison Darts"],"picked":"After Image","floor":16.0},{"not_picked":["Pace","rat:Shadowstep","Deadly Poison+1"],"picked":"Accuracy+1","floor":18.0},{"not_picked":["rat:DextrousStrike","Sucker Punch","Terror"],"picked":"jedi:pocketpoison","floor":21.0}],"player_experience":82565,"relics_obtained":[{"floor":7.0,"key":"trackpad:SappingStone"},{"floor":9.0,"key":"hubris:CrystalStatue"},{"floor":22.0,"key":"ReplayTheSpireMod:Ring of Collecting"},{"floor":22.0,"key":"ReplayTheSpireMod:Ring of Challenge"}],"event_choices":[{"damage_healed":0.0,"max_hp_gain":0.0,"max_hp_loss":0.0,"gold_gain":100.0,"event_name":"Wheel of Change","player_choice":"Gold","floor":3.0,"gold_loss":0.0,"damage_taken":0.0},{"damage_healed":0.0,"max_hp_gain":0.0,"max_hp_loss":0.0,"gold_gain":175.0,"event_name":"betterThird:BetterSerpent","player_choice":"AGREE","floor":5.0,"gold_loss":0.0,"damage_taken":220.0},{"damage_healed":0.0,"max_hp_gain":0.0,"max_hp_loss":0.0,"gold_gain":0.0,"event_name":"conspire:Investor","player_choice":"Invest 4","floor":11.0,"gold_loss":0.0,"damage_taken":0.0},{"damage_healed":0,"gold_gain":0,"player_choice":"Fought Bandits","damage_taken":0,"max_hp_gain":0,"max_hp_loss":0,"event_name":"Masked Bandits","floor":24,"gold_loss":0}],"is_beta":false,"boss_relics":[{"not_picked":["hubris:TerracottaHorce","CCEMRelics:TransientCore"],"picked":"Honey Jar"}],"items_purged_floors":[],"is_endless":false,"potions_floor_spawned":[4,12,16],"killed_by":"Masked Bandits","ascension_level":2}}