{"host":"005oipbkxhicanek","time":1610086264,"event":{"mods":["AchievementEnabler","BaseMod","Colored Map","Colored Powertips","Minty Spire (QoL Compilation)"],"gold_per_floor":[113,113,124,124,124,124,138,155,229,179,179,209,209,238,238,342,342,358,273,198,228,243,268,294,329,329],"floor_reached":25,"playtime":1503,"items_purged":["Defend_R"],"score":261,"play_id":"a0192362-76a8-44db-8a4a-5353e491297c","local_time":"20210108071104","is_ascension_mode":true,"campfire_choices":[{"data":"Armaments","floor":6,"key":"SMITH"},{"data":"Warcry","floor":11,"key":"SMITH"},{"data":"Warcry","floor":13,"key":"SMITH"},{"data":"Havoc","floor":15,"key":"SMITH"}],"circlet_count":0,"master_deck":["Strike_R+1","Defend_R+1","Defend_R","Defend_R","Bash","Armaments+1","Headbutt","Havoc+1","Warcry+1","Warcry+1","Clash","Thunderclap+1"],"relics":["Burning Blood","Art of War","Letter Opener","Odd Mushroom","Paper Frog","Sozu","Toxic Egg 2","Red Mask","Potion Belt","Blood Vial"],"acts_visited":["Exordium","TheCity"],"potions_floor_usage":[21,25],"damage_taken":[{"damage":2,"enemies":"Jaw Worm","floor":1,"turns":7},{"damage":0,"enemies":"Small Slimes","floor":3,"turns":3},{"damage":0,"enemies":"2 Louse","floor":7,"turns":2},{"damage":0,"enemies":"Looter","floor":8,"turns":4},{"damage":1,"enemies":"The Mushroom Lair","floor":12,"turns":5},{"damage":3,"enemies":"3 Sentries","floor":14,"turns":9},{"damage":17,"enemies":"Hexaghost","floor":16,"turns":9},{"damage":10,"enemies":"2 Thieves","floor":18,"turns":3},{"damage":12,"enemies":"Masked Bandits","floor":21,"turns":4},{"damage":0,"enemies":"Chosen","floor":22,"turns":3},{"damage":14,"enemies":"Book of Stabbing","floor":23,"turns":4},{"damage":30,"enemies":"Slavers","floor":25,"turns":7}],"seed_played":"-8956242922579545327","potions_obtained":[{"floor":1,"key":"ColorlessPotion"},{"floor":3,"key":"HeartOfIron"},{"floor":16,"key":"PowerPotion"}],"is_trial":false,"path_per_floor":["M","?","M","?","?","R","M","M","T","?","R","?","R","E","R","B",null,"M","?","$","?","M","E","T","E"],"character_chosen":"IRONCLAD","items_purchased":[],"campfire_rested":0,"item_purchase_floors":[],"current_hp_per_floor":[60,53,59,43,40,40,46,52,52,52,52,57,57,60,60,49,80,76,76,76,70,76,68,68,46,46],"gold":329,"neow_bonus":"REMOVE_TWO","is_daily":false,"chose_seed":false,"campfire_upgraded":4,"win_rate":0.0,"timestamp":1610086264,"path_taken":["M","?","M","?","?","R","M","M","T","?","R","?","R","E","R","BOSS","M","?","$","?","M","E","?","E"],"items_purchased_type":[],"build_version":"2020-12-22","purchased_purges":1,"victory":false,"max_hp_per_floor":[80,80,80,80,80,80,80,80,80,80,80,80,80,80,80,80,80,80,80,80,80,80,80,80,80,80],"card_choices":[{"not_picked":["Ghostly Armor","Sword Boomerang"],"picked":"Armaments","floor":1},{"not_picked":["Perfected Strike","Combust"],"picked":"Headbutt","floor":3},{"not_picked":["Sword Boomerang","Second Wind"],"picked":"Havoc","floor":7},{"not_picked":["Dark Embrace","Flex"],"picked":"Warcry","floor":8},{"not_picked":["Corruption","Shrug It Off"],"picked":"Warcry","floor":12},{"not_picked":["Perfected Strike","Flex"],"picked":"Clash","floor":14},{"not_picked":["True Grit","Second Wind","Twin Strike"],"picked":"SKIP","floor":18},{"not_picked":["Fiend Fire","Sword Boomerang","Warcry+1"],"picked":"SKIP","floor":22},{"not_picked":["Perfected Strike","True Grit+1"],"picked":"Thunderclap+1","floor":23}],"player_experience":126257,"relics_obtained":[{"floor":9,"key":"Letter Opener"},{"floor":12,"key":"Odd Mushroom"},{"floor":14,"key":"Paper Frog"},{"floor":21,"key":"Red Mask"},{"floor":23,"key":"Potion Belt"},{"floor":24,"key":"Blood Vial"}],"event_choices":[{"cards_removed":["Strike_R"],"damage_healed":0,"gold_gain":0,"player_choice":"Card Removal","damage_taken":7,"max_hp_gain":0,"max_hp_loss":0,"event_name":"Golden Wing","floor":2,"gold_loss":0},{"damage_healed":0,"gold_gain":0,"player_choice":"Entered Light","damage_taken":16,"max_hp_gain":0,"max_hp_loss":0,"event_name":"Shining Light","floor":4,"gold_loss":0,"cards_upgraded":["Strike_R","Defend_R"]},{"damage_healed":0,"gold_gain":0,"player_choice":"Success","damage_taken":3,"relics_obtained":["Art of War"],"max_hp_gain":0,"max_hp_loss":0,"event_name":"Scrap Ooze","floor":5,"gold_loss":0},{"cards_removed":["Strike_R"],"damage_healed":0,"gold_gain":0,"player_choice":"Card Removal","damage_taken":0,"max_hp_gain":0,"max_hp_loss":0,"event_name":"The Cleric","floor":10,"gold_loss":50},{"damage_healed":0,"gold_gain":0,"player_choice":"Fought Mushrooms","damage_taken":0,"max_hp_gain":0,"max_hp_loss":0,"event_name":"Mushrooms","floor":12,"gold_loss":0},{"damage_healed":0,"gold_gain":0,"player_choice":"Obtained Relic","damage_taken":0,"relics_obtained":["Toxic Egg 2"],"max_hp_gain":0,"max_hp_loss":0,"event_name":"Addict","floor":19,"gold_loss":85},{"damage_healed":0,"gold_gain":0,"player_choice":"Fought Bandits","damage_taken":0,"max_hp_gain":0,"max_hp_loss":0,"event_name":"Masked Bandits","floor":21,"gold_loss":0}],"is_beta":false,"boss_relics":[{"not_picked":["Runic Cube","Astrolabe"],"picked":"Sozu"}],"items_purged_floors":[20],"is_endless":false,"potions_floor_spawned":[1,3,16,22,23,25],"killed_by":"Slavers","ascension_level":2}}