{"host":"ig7tc0uedzltt2sr","time":1610066813,"event":{"mods":["BaseMod","Better Twitch Integration","Block Reminder","Colored Map","Colored Powertips","Communication Mod","Current Relic Mod","GifTheSpireLib","HexUI Lib","Minty Spire (QoL Compilation)","Quick Restart","Random Character Button","Rare Cards Sparkle","Relic Sorter","Relic Stats","Slay the Relics Exporter","StSLib","SuperFastMode","Synergy Search","Twitch Decklist","Twitch Utils","everything is the same but u backflip on backflip","slay the spire mod where everything is the same but ironclad has a cowboy hat"],"gold_per_floor":[110,125,125,74,91,91,91,91,91,91,91,102,112,112,112],"floor_reached":14,"playtime":100,"items_purged":[],"score":80,"play_id":"2cc1602c-9ee1-4c90-9d7e-fea8ac2d6270","local_time":"20210107164653","is_ascension_mode":false,"campfire_choices":[{"floor":6,"key":"REST"},{"floor":11,"key":"REST"}],"circlet_count":0,"master_deck":["Strike_R","Strike_R","Strike_R","Strike_R","Strike_R","Defend_R","Defend_R","Defend_R","Defend_R","Bash","Spot Weakness","Spot Weakness","Reckless Charge","Regret","Heavy Blade","Anger","Combust"],"relics":["Burning Blood","Sundial","Bottled Lightning","Dream Catcher"],"acts_visited":["Exordium"],"potions_floor_usage":[],"damage_taken":[{"damage":3,"enemies":"2 Louse","floor":1,"turns":6},{"damage":24,"enemies":"Jaw Worm","floor":2,"turns":9},{"damage":5,"enemies":"Small Slimes","floor":5,"turns":7},{"damage":55,"enemies":"Exordium Wildlife","floor":12,"turns":8},{"damage":19,"enemies":"3 Louse","floor":13,"turns":5},{"damage":28,"enemies":"3 Sentries","floor":14,"turns":4}],"seed_played":"8221487007626452589","potions_obtained":[{"floor":1,"key":"SteroidPotion"}],"is_trial":false,"path_per_floor":["M","M","?","$","M","R","?","T","T","?","R","M","M","E"],"character_chosen":"IRONCLAD","items_purchased":["FearPotion"],"campfire_rested":2,"item_purchase_floors":[4],"current_hp_per_floor":[88,70,70,70,71,88,88,88,88,81,88,39,26,0,0],"gold":112,"neow_bonus":"TEN_PERCENT_HP_BONUS","is_daily":false,"chose_seed":false,"campfire_upgraded":0,"win_rate":0.0,"timestamp":1610066813,"path_taken":["M","M","?","$","M","R","?","?","T","?","R","M","?","E"],"items_purchased_type":["Potion"],"build_version":"2020-12-22","purchased_purges":0,"victory":false,"max_hp_per_floor":[88,88,88,88,88,88,88,88,88,88,88,88,88,88,88],"relic_stats":{"Dream Catcher":1,"counters":[6,39],"Sundial":[2],"obtain_stats":[{"Dream Catcher":10,"Sundial":7,"Bottled Lightning":9,"Burning Blood":0},{"Dream Catcher":3,"Sundial":3,"Bottled Lightning":3,"Burning Blood":0},{"Dream Catcher":22,"Sundial":22,"Bottled Lightning":22,"Burning Blood":0}],"Burning Blood":27},"card_choices":[{"not_picked":["Anger","Heavy Blade"],"picked":"Spot Weakness","floor":1},{"not_picked":["Flex","Clash"],"picked":"Spot Weakness","floor":2},{"not_picked":["Pummel","Feel No Pain"],"picked":"Reckless Charge","floor":5},{"not_picked":["Warcry","Inflame"],"picked":"Heavy Blade","floor":11},{"not_picked":["Clothesline","Shrug It Off"],"picked":"Anger","floor":12},{"not_picked":["Uppercut","Cleave"],"picked":"Combust","floor":13}],"player_experience":1464718,"relics_obtained":[{"floor":9,"key":"Bottled Lightning"}],"event_choices":[{"damage_healed":0,"gold_gain":0,"player_choice":"Ignored","damage_taken":0,"max_hp_gain":0,"max_hp_loss":0,"event_name":"Golden Idol","floor":3,"gold_loss":0},{"damage_healed":0,"gold_gain":0,"player_choice":"Box","damage_taken":0,"relics_obtained":["Sundial"],"max_hp_gain":0,"max_hp_loss":0,"event_name":"Big Fish","floor":7,"gold_loss":0,"cards_obtained":["Regret"]},{"damage_healed":0,"gold_gain":0,"player_choice":"Success","damage_taken":7,"relics_obtained":["Dream Catcher"],"max_hp_gain":0,"max_hp_loss":0,"event_name":"Scrap Ooze","floor":10,"gold_loss":0}],"is_beta":false,"boss_relics":[],"items_purged_floors":[],"is_endless":false,"potions_floor_spawned":[1],"killed_by":"3 Sentries","ascension_level":0}}