{"host":"58syw52hqfl22t9m","time":1610084233,"event":{"mods":["2.2 Compatiblity","AchievementEnabler","BaseMod","Better Altar","Better Match","Better Note","Better Sensory Stone","Better Skull","Better Third Choice","BetterRewards","Block Reminder","Colored Map","Colored Powertips","Dark Map","DeckTracker","GifTheSpireLib","Highlight Path","Hubris","Minty Spire (QoL Compilation)","Permanent Neow","Poor People Problems","Random Character Button","Rare Cards Sparkle","Relic Stats","Replay The Spire","Shop Mod","Spicy Shops","StSLib","The Blue Laboratory"],"gold_per_floor":[115,127,77,77,90,90,90,90,90,90,102,115,115,115,115,216,216,201,217,236,236,236],"floor_reached":21,"playtime":1460,"items_purged":["Strike_G","Strike_G"],"score":325,"play_id":"a3406afc-fda8-4a18-a31b-38bd405b9166","local_time":"20210107213713","is_ascension_mode":true,"campfire_choices":[{"data":"Bane","floor":6,"key":"SMITH"},{"data":"Bane","floor":8,"key":"SMITH"},{"data":"Poisoned Stab","floor":10,"key":"SMITH"},{"floor":15,"key":"REST"}],"circlet_count":0,"master_deck":["Strike_G","Strike_G","Defend_G","Defend_G","Defend_G","Defend_G","Defend_G","Survivor","Neutralize","Slice","Noxious Fumes","Bane+1","Bane+1","Flying Knee","Poisoned Stab+1","Quick Slash","Bane","All Out Attack"],"relics":["Ring of the Snake","Pear","Sling","ReplayFunnel"],"acts_visited":["Exordium","TheCity"],"potions_floor_usage":[19],"damage_taken":[{"damage":0,"enemies":"Jaw Worm","floor":1,"turns":4},{"damage":0,"enemies":"2 Louse","floor":2,"turns":2},{"damage":0,"enemies":"Cultist","floor":5,"turns":3},{"damage":8,"enemies":"Exordium Thugs","floor":11,"turns":3},{"damage":4,"enemies":"Blue Slaver","floor":12,"turns":4},{"damage":32,"enemies":"Hexaghost","floor":16,"turns":9},{"damage":21,"enemies":"2 Thieves","floor":18,"turns":4},{"damage":8,"enemies":"Chosen","floor":19,"turns":3},{"damage":42,"enemies":"Snake Plant","floor":20,"turns":5},{"damage":13,"enemies":"Shelled Parasite and Fungi","floor":21,"turns":2}],"seed_played":"1812975208420576637","potions_obtained":[{"floor":11,"key":"Swift Potion"}],"is_trial":false,"path_per_floor":["M","M","?","$","M","R","?","R","T","R","M","M","?","$","R","B",null,"M","M","M","M"],"character_chosen":"THE_SILENT","items_purchased":["Pear","Sling","Slice","Noxious Fumes","Bane"],"campfire_rested":1,"item_purchase_floors":[0,0,0,0,0],"current_hp_per_floor":[80,80,80,80,80,80,80,80,80,80,72,68,68,68,80,48,80,59,51,9,0,0],"gold":236,"neow_bonus":"","is_daily":false,"chose_seed":false,"campfire_upgraded":3,"win_rate":0.0,"timestamp":1610084233,"path_taken":["M","M","?","?","M","R","?","R","T","R","M","M","?","$","R","BOSS","M","?","M","M"],"items_purchased_type":["Relic","Relic","Card","Card","Card"],"build_version":"2020-12-22","purchased_purges":2,"victory":false,"max_hp_per_floor":[80,80,80,80,80,80,80,80,80,80,80,80,80,80,80,80,80,80,80,80,80,80],"relic_stats":{"counters":[60,270],"obtain_stats":[{"TwistedFunnel":24,"ReplayFunnel":9,"Golden Egg":37,"Regal Pillow":46,"Gremlin Horn":48,"Mango":0,"Blue Doll":44,"hubris:SlimyHat":26,"Whetstone":39,"Smiling Mask":28,"Sling":46,"Pet Ghost":19,"Replay:Bandana":9,"WristBlade":17,"Ninja Scroll":50,"Pantograph":0,"Strawberry":21,"hubris:ScarierMask":19,"Tiny Chest":0,"Red Mask":33,"HandDrill":48,"Ring of the Snake":0,"Replay:Bottled Steam":43,"Gremlin Food":22,"Pear":0,"Paper Crane":9,"White Beast Statue":6,"Mercury Hourglass":41,"SlaversCollar":36,"Strange Spoon":48,"betterThird:SlimedRelic":4,"Membership Card":0,"Meat on the Bone":45},{"TwistedFunnel":35,"ReplayFunnel":53,"Golden Egg":18,"Regal Pillow":46,"Gremlin Horn":47,"Mango":0,"Blue Doll":46,"hubris:SlimyHat":13,"Whetstone":43,"Smiling Mask":14,"Sling":46,"Pet Ghost":10,"Replay:Bandana":30,"WristBlade":9,"Ninja Scroll":49,"Pantograph":0,"Strawberry":11,"hubris:ScarierMask":34,"Tiny Chest":0,"Red Mask":40,"HandDrill":47,"Ring of the Snake":0,"Replay:Bottled Steam":20,"Gremlin Food":35,"Pear":50,"Paper Crane":5,"White Beast Statue":3,"Mercury Hourglass":20,"SlaversCollar":41,"Strange Spoon":47,"betterThird:SlimedRelic":28,"Membership Card":26,"Meat on the Bone":46},{"TwistedFunnel":165,"ReplayFunnel":240,"Golden Egg":89,"Regal Pillow":211,"Gremlin Horn":212,"Mango":0,"Blue Doll":211,"hubris:SlimyHat":65,"Whetstone":193,"Smiling Mask":71,"Sling":211,"Pet Ghost":51,"Replay:Bandana":143,"WristBlade":47,"Ninja Scroll":218,"Pantograph":0,"Strawberry":56,"hubris:ScarierMask":163,"Tiny Chest":0,"Red Mask":181,"HandDrill":212,"Ring of the Snake":0,"Replay:Bottled Steam":100,"Gremlin Food":165,"Pear":231,"Paper Crane":24,"White Beast Statue":16,"Mercury Hourglass":100,"SlaversCollar":188,"Strange Spoon":212,"betterThird:SlimedRelic":135,"Membership Card":128,"Meat on the Bone":211}],"Ring of the Snake":[120]},"card_choices":[{"not_picked":["Outmaneuver","Deflect"],"picked":"Flying Knee","floor":1},{"not_picked":["Distraction","Prepared","Endless Agony"],"picked":"SKIP","floor":2},{"not_picked":["Deadly Poison","Dodge and Roll"],"picked":"Poisoned Stab","floor":5},{"not_picked":["Bullet Time","PiercingWail"],"picked":"Quick Slash","floor":11},{"not_picked":["Endless Agony","Blade Dance"],"picked":"Bane","floor":12},{"not_picked":["Underhanded Strike","Bane","Blur+1"],"picked":"SKIP","floor":18},{"not_picked":["Choke","Underhanded Strike"],"picked":"All Out Attack","floor":19},{"not_picked":["Dagger Spray","hubris:SlightOfHand","Expertise+1"],"picked":"SKIP","floor":20}],"player_experience":419643,"relics_obtained":[{"floor":9,"key":"ReplayFunnel"}],"event_choices":[{"cards_removed":["Strike_G"],"damage_healed":0,"gold_gain":0,"player_choice":"Card Removal","damage_taken":0,"max_hp_gain":0,"max_hp_loss":0,"event_name":"The Cleric","floor":3,"gold_loss":50},{"cards_removed":["Bane"],"damage_healed":0,"gold_gain":0,"player_choice":"Give","damage_taken":0,"max_hp_gain":0,"max_hp_loss":0,"event_name":"betterNote:BetterNote","floor":13,"gold_loss":0,"cards_obtained":["Establishment"]}],"is_beta":false,"boss_relics":[{"not_picked":["Fusion Hammer","hubris:Stopwatch","Runic Dome"]}],"items_purged_floors":[0,0],"is_endless":false,"potions_floor_spawned":[5,11],"killed_by":"Shelled Parasite and Fungi","ascension_level":4}}