{"host":"9sqwgc7o3s0c6ttp","time":1610103122,"event":{"mods":["AchievementEnabler","Act Like it!","Arknights The Spire","Aspiration","BaseMod","CapriCore","Colored Map","Colored Powertips","Dota2Spire","Friendly Minions","Gensokyo","HololiveMod","Infinite Spire","Minty Spire (QoL Compilation)","Pale of the Ancients","Replay The Spire","StSLib","Waifu the Spire","WarShipGirlsR/??á´Ò³R mod"],"gold_per_floor":[81,81,105,123,133,133,133,166,166,166,166,200,220,236,236,331,331,341,341,117,117,117,117,143,123,123,123,152,111,111,138,138,241,241,271,283,295,207,207,232,232,245,272,306,327,388,388,430,430,545,545,555,555,555],"floor_reached":53,"playtime":1933,"items_purged":["Phantasmal Killer","Hololive_HuntDinosaur","Shame"],"score":1729,"play_id":"4eccc49a-bec1-436e-8069-0b69dac0f640","local_time":"20210108195202","is_ascension_mode":true,"campfire_choices":[{"data":"Hololive_CallAmaneKanata","floor":6,"key":"SMITH"},{"data":"Concentrate","floor":10,"key":"SMITH"},{"data":"Hololive_CallAkiRosenthal","floor":15,"key":"SMITH"},{"data":"Hololive_Yoholoon","floor":23,"key":"SMITH"},{"data":"Hololive_DDD","floor":27,"key":"SMITH"},{"data":"Hololive_CallOmaruPolka","floor":30,"key":"SMITH"},{"data":"infinitespire:FutureSight","floor":32,"key":"SMITH"},{"data":"Secret Technique","floor":41,"key":"SMITH"},{"data":"Hololive_Thief","floor":47,"key":"SMITH"},{"data":"Hololive_CallHimemoriLuna","floor":49,"key":"SMITH"}],"circlet_count":0,"master_deck":["Hololive_StrengthChampion","Hololive_CallHimemoriLuna+1","Hololive_CallAiraniIofifteen","Hololive_CallAkiRosenthal+1","Hololive_CallShirakamiFubuki","Hololive_Thief+1","Hololive_CallAmaneKanata+1","Hololive_Rebound","Hololive_CallKiryuuCoco","Concentrate+1","Hololive_CallOmaruPolka+1","infinitespire:FutureSight+1","Hololive_Rebound","Hololive_CallYukihanaLamy","Hololive_CallNatsuiroMatsuri","Hololive_DDD+1","Hololive_Yoholoon+1","Hololive_CallOzoraSubaru","Hololive_ILoveYou","Hololive_Watashimo+1","Hololive_CallMomosuzuNene+9","Hololive_CocoNews+1","Hololive_CallArtia","Hololive_CallSpadeEcho","Hololive_Nanodesu","Injury","Doubt","Hololive_SummonFox+1","Secret Technique+1","Hololive_CallMoonaHoshinova+1","ReplayTheSpireMod:Chaos Vortex+1"],"relics":["Hololive_TheStar","Dota2Spire:UrnOfShadows","Kunai","Bottled Flame","infinitespire:EmpoweringShard","Dota2Spire:Bloodstone","Dota2Spire:BattleFury","infinitespire:BottledMercury","Dota2Spire:DrumOfEndurance","Sundial","aspiration:TomeofQuesting","Replay:Ancient Bell","MawBank","Frozen Egg 2","Dota2Spire:OctarineCore","Dota2Spire:AghanimScepter","Dota2Spire:Dagon","aspiration:Lifesprig","Boot","Counterbalance","Toxic Egg 2","aspiration:FutureDiary","paleoftheancients:Timepiece","paleoftheancients:KeyRelic","Oddly Smooth Stone","Letter Opener"],"acts_visited":["Exordium","TheCity","TheBeyond","paleoftheancients:PaleOfTheAncients"],"potions_floor_usage":[50,50],"damage_taken":[{"damage":0,"enemies":"Cultist","floor":1,"turns":3},{"damage":0,"enemies":"2 Louse","floor":4,"turns":2},{"damage":0,"enemies":"Small Slimes","floor":5,"turns":2},{"damage":0,"enemies":"Gremlin Nob","floor":8,"turns":2},{"damage":0,"enemies":"Lagavulin","floor":12,"turns":3},{"damage":0,"enemies":"Exordium Wildlife","floor":13,"turns":2},{"damage":0,"enemies":"Blue Slaver","floor":14,"turns":3},{"damage":0,"enemies":"Fading Forest","floor":16,"turns":11},{"damage":0,"enemies":"Spheric Guardian","floor":18,"turns":1},{"damage":0,"enemies":"Gremlin Leader","floor":24,"turns":5},{"damage":0,"enemies":"Replay:Snechameleon","floor":28,"turns":2},{"damage":7,"enemies":"Gremlin Leader","floor":31,"turns":4},{"damage":0,"enemies":"Automaton","floor":33,"turns":4},{"damage":0,"enemies":"Orb Walker","floor":35,"turns":2},{"damage":0,"enemies":"Reptomancer","floor":40,"turns":4},{"damage":0,"enemies":"3 Darklings","floor":42,"turns":3},{"damage":0,"enemies":"R_Hoarder","floor":44,"turns":4},{"damage":0,"enemies":"Writhing Mass","floor":45,"turns":3},{"damage":0,"enemies":"2 Orb Walkers","floor":46,"turns":2},{"damage":0,"enemies":"Nightmare","floor":48,"turns":4},{"damage":0,"enemies":"LordOfAnnihilation","floor":50,"turns":12},{"damage":46,"enemies":"LordOfAnnihilation","floor":52,"turns":12},{"damage":0,"enemies":"LordOfAnnihilation","floor":53,"turns":1}],"seed_played":"2141206665684183845","potions_obtained":[{"floor":8,"key":"Swift Potion"},{"floor":12,"key":"Milkshake"},{"floor":16,"key":"Cursed Concoction"},{"floor":18,"key":"DistilledChaos"},{"floor":28,"key":"BlessingOfTheForge"},{"floor":33,"key":"DuplicationPotion"}],"is_trial":false,"path_per_floor":["M","$","T","M","M","R","?","E","T","R","?","E","M","M","R","B",null,"M","?","$","?","AVR","R","E","?","T","R","E","$","R","E","R","B",null,"M","?","T","$","?","E","R","M","T","E","M","?","R","NM","R","B",null,"M","M"],"character_chosen":"Hololive_HololiveCharacter","items_purchased":["Hololive_Yoholoon","Hololive_CallOzoraSubaru","Hololive_CallArtia"],"campfire_rested":0,"item_purchase_floors":[20,20,29],"current_hp_per_floor":[32,32,32,32,32,32,32,32,32,32,24,24,24,24,24,32,34,34,34,34,34,34,34,34,34,34,34,34,34,34,33,33,33,35,35,35,35,35,35,35,35,35,35,35,35,35,35,35,35,35,35,35,35,35],"gold":555,"neow_bonus":"ONE_RANDOM_RARE_CARD","is_daily":false,"chose_seed":false,"campfire_upgraded":10,"win_rate":0.0,"timestamp":1610103122,"path_taken":["M","$","?","M","M","R","?","E","T","R","?","E","M","M","R","BOSS","M","?","$","?","AVR","R","E","?","T","R","E","$","R","E","R","BOSS","M","?","?","$","?","E","R","M","T","E","M","?","R","NM","R","BOSS","M","M"],"items_purchased_type":["Card","Card","Card"],"build_version":"2020-12-22","purchased_purges":3,"victory":false,"max_hp_per_floor":[35,35,35,35,35,35,35,35,35,35,35,35,35,35,35,35,35,35,35,35,35,35,35,35,35,35,35,35,35,35,35,35,35,35,35,35,35,35,35,35,35,35,35,35,35,35,35,35,35,35,35,35,35,35],"card_choices":[{"not_picked":["Hololive_CallMurasakiShion","Hololive_OvertimeWork","Hololive_LuckPotion"],"picked":"Hololive_CallAmaneKanata","floor":1},{"not_picked":["Hololive_Breathe","Hololive_LuckPotion","Hololive_StrengthChampion"],"picked":"Hololive_Rebound","floor":4},{"not_picked":["Hololive_HuntDinosaur","Hololive_Breathe","Hololive_CallTsunomakiWatame"],"picked":"Hololive_CallKiryuuCoco","floor":5},{"not_picked":["Hololive_ManjiGathering","Hololive_CallHoushouMarine","Hololive_CallTsunomakiWatame"],"picked":"Hololive_CallOmaruPolka","floor":8},{"not_picked":["infinitespire:Punishment","infinitespire:UltimateForm"],"picked":"infinitespire:FutureSight","floor":11},{"not_picked":["Hololive_Drill","Hololive_Sequa","Hololive_OvertimeWork"],"picked":"Hololive_Rebound","floor":12},{"not_picked":["Hololive_Trident","Hololive_Drill","Hololive_WolfAndLamb"],"picked":"Hololive_CallYukihanaLamy","floor":13},{"not_picked":["Hololive_CallYuzukiChoco","Hololive_CocoNews","Hololive_StrengthChampion"],"picked":"Hololive_CallNatsuiroMatsuri","floor":14},{"not_picked":["Hololive_WolfAndLamb","Hololive_AWSL","Hololive_DurableLive"],"picked":"Hololive_DDD","floor":16},{"not_picked":["Hololive_RevenueBasedLive","Hololive_FlyingPonyTail+1","Hololive_Drill","Hololive_HuntDinosaur+1"],"picked":"SKIP","floor":18},{"not_picked":["Hololive_HighAtkLowDef","Hololive_StrengthChampion","Hololive_Rebound"],"picked":"Hololive_Watashimo+1","floor":24},{"not_picked":[],"picked":"Hololive_CallMomosuzuNene","floor":25},{"not_picked":["Hololive_FlareMind","Hololive_CallFriendA","Hololive_OvertimeWork"],"picked":"Hololive_CocoNews+1","floor":28},{"not_picked":["Hololive_CallYukihanaLamy","Hololive_RevenueBasedLive+1","Hololive_FlyingPonyTail"],"picked":"Hololive_CallSpadeEcho","floor":31},{"not_picked":["Hololive_DiamondStrike","Hololive_OpenUp","Hololive_WolfAndLamb"],"picked":"Hololive_Nanodesu","floor":33},{"not_picked":["Replay:Hysterical Blindness","Looming Evil","Gensokyo:AllTheWorldsEvil"],"picked":"Injury","floor":34},{"not_picked":["Hallucinations","ReplayTheSpireMod:Faulty Equipment","ReplayTheSpireMod:Doomed"],"picked":"Shame","floor":34},{"not_picked":["Regret","Pain","ReplayTheSpireMod:Doomed"],"picked":"Doubt","floor":34},{"not_picked":["Hololive_StrengthChampion","Hololive_HuntDinosaur+1","Hololive_FlyingPonyTail+1"],"picked":"Hololive_SummonFox+1","floor":35},{"not_picked":["Bandage Up","Panacea","Survey Options"],"picked":"Secret Technique","floor":36},{"not_picked":["Hololive_Sequa","Hololive_DiamondStrike","Hololive_CallYukihanaLamy+1","Hololive_LuckPotion+1"],"picked":"SKIP","floor":40},{"not_picked":["Hololive_RevenueBasedLive+1","Hololive_OvertimeWork","Hololive_ManjiGathering+1","Hololive_FlyingPonyTail"],"picked":"SKIP","floor":42},{"not_picked":["Hololive_HuntDinosaur","Hololive_Trident+1","Hololive_StarCraft","Hololive_ILoveYou"],"picked":"SKIP","floor":44},{"not_picked":["Hololive_CallMurasakiShion+1","Hololive_CallShiranuiFlare+1","Hololive_FlyingPonyTail"],"picked":"Hololive_CallMoonaHoshinova+1","floor":45},{"not_picked":["Hololive_Drill+1","Hololive_HuntDinosaur+1","Hololive_Rebound+1","Hololive_LuckPotion+1"],"picked":"SKIP","floor":48},{"not_picked":["infinitespire:DeathsTouch","infinitespire:SealOfDarkness+"],"picked":"ReplayTheSpireMod:Chaos Vortex","floor":50}],"player_experience":327739,"relics_obtained":[{"floor":3,"key":"Dota2Spire:UrnOfShadows"},{"floor":8,"key":"Kunai"},{"floor":9,"key":"Bottled Flame"},{"floor":12,"key":"infinitespire:EmpoweringShard"},{"floor":24,"key":"infinitespire:BottledMercury"},{"floor":26,"key":"Dota2Spire:DrumOfEndurance"},{"floor":28,"key":"Sundial"},{"floor":31,"key":"aspiration:TomeofQuesting"},{"floor":37,"key":"Dota2Spire:AghanimScepter"},{"floor":40,"key":"Dota2Spire:Dagon"},{"floor":43,"key":"aspiration:Lifesprig"},{"floor":44,"key":"Boot"},{"floor":46,"key":"Counterbalance"},{"floor":48,"key":"Toxic Egg 2"}],"event_choices":[{"damage_healed":0,"gold_gain":0,"cards_transformed":["Hololive_Strike","Slice"],"player_choice":"Became Test Subject","damage_taken":0,"max_hp_gain":0,"max_hp_loss":0,"event_name":"Drug Dealer","floor":21,"gold_loss":0,"cards_obtained":["Hololive_ILoveYou","Hololive_HuntDinosaur"]},{"damage_healed":0,"gold_gain":0,"player_choice":"Memory 1","damage_taken":0,"max_hp_gain":0,"max_hp_loss":0,"event_name":"SensoryStone","floor":36,"gold_loss":0},{"cards_removed":["Hololive_CallFriendA"],"damage_healed":0,"gold_gain":0,"player_choice":"Removed Power","damage_taken":0,"max_hp_gain":0,"max_hp_loss":0,"event_name":"Falling","floor":39,"gold_loss":0},{"damage_healed":0,"gold_gain":0,"player_choice":"Fight","damage_taken":0,"max_hp_gain":0,"max_hp_loss":0,"event_name":"Mysterious Sphere","floor":46,"gold_loss":0}],"is_beta":false,"boss_relics":[{"not_picked":["Kintsugi","ReplayTheSpireMod:SealedPack"],"picked":"Dota2Spire:Bloodstone"},{"not_picked":["Snecko Eye","Empty Cage"],"picked":"Replay:Ancient Bell"},{"not_picked":["Dota2Spire:ArmletOfMordiggian","Replay:Mystery Machine"],"picked":"MawBank"},{"not_picked":["Mirror","Replay:Accelerometer"],"picked":"Frozen Egg 2"},{"not_picked":["Thread and Needle","Girya"],"picked":"Dota2Spire:OctarineCore"},{"not_picked":["Fusion Hammer","Ring of Chaos"],"picked":"aspiration:FutureDiary"}],"items_purged_floors":[20,22,38],"is_endless":true,"potions_floor_spawned":[8,12,16,18,28,33,40,45,48,52],"killed_by":"LordOfAnnihilation","ascension_level":9}}