{"host":"f6f8cjhjgha9mpdq","time":1610120568,"event":{"mods":["BaseMod","Minty Spire (QoL Compilation)","Permanent Neow","StSLib","SuperFastMode"],"gold_per_floor":[109,128,128,128,9,35,35,63,88,88,88,88,101,135,135,231,231,252,275,275,298,322,322,322],"floor_reached":23,"playtime":973,"items_purged":[],"score":355,"play_id":"bfe77037-0b4f-4ad1-b25e-0455f3d881d6","local_time":"20210109004248","is_ascension_mode":true,"campfire_choices":[{"data":"Devotion","floor":7.0,"key":"SMITH"},{"data":"Eruption","floor":11.0,"key":"SMITH"},{"data":"LessonLearned","floor":15.0,"key":"SMITH"}],"circlet_count":0,"master_deck":["AscendersBane","Strike_P+1","Defend_P+1","Defend_P","Defend_P+1","Eruption+1","Vigilance","Devotion+1","SandsOfTime","Consecrate","LessonLearned+1","Vault+1","Meditate+1","JustLucky+1","Establishment+1","Prostrate","Pray"],"relics":["PureWater","Bag of Preparation","Kunai","Golden Idol","Prayer Wheel","Empty Cage"],"acts_visited":["Exordium","TheCity"],"potions_floor_usage":[23],"damage_taken":[{"damage":0.0,"enemies":"Cultist","floor":1.0,"turns":4.0},{"damage":1.0,"enemies":"Small Slimes","floor":2.0,"turns":4.0},{"damage":28.0,"enemies":"Gremlin Nob","floor":6.0,"turns":5.0},{"damage":17.0,"enemies":"Lagavulin","floor":8.0,"turns":7.0},{"damage":0.0,"enemies":"Jaw Worm","floor":13.0,"turns":5.0},{"damage":2.0,"enemies":"Gremlin Nob","floor":14.0,"turns":3.0},{"damage":22.0,"enemies":"The Guardian","floor":16.0,"turns":8.0},{"damage":10.0,"enemies":"2 Thieves","floor":18.0,"turns":5.0},{"damage":10,"enemies":"Shell Parasite","floor":19,"turns":6},{"damage":6,"enemies":"Snecko","floor":21,"turns":5},{"damage":15,"enemies":"Sentry and Sphere","floor":22,"turns":5},{"damage":18,"enemies":"Gremlin Leader","floor":23,"turns":5}],"seed_played":"-5497343133907697308","potions_obtained":[{"floor":8.0,"key":"ColorlessPotion"},{"floor":13.0,"key":"FearPotion"},{"floor":14.0,"key":"Ancient Potion"},{"floor":16.0,"key":"EssenceOfSteel"},{"floor":18,"key":"Explosive Potion"}],"is_trial":false,"path_per_floor":["M","M","$","?","$","E","R","E","T","?","R","?","M","E","R","B",null,"M","M","?","M","M","E"],"character_chosen":"WATCHER","items_purchased":["LessonLearned","PowerPotion"],"campfire_rested":0,"item_purchase_floors":[5,5],"current_hp_per_floor":[61,60,60,53,53,25,25,8,8,8,8,58,58,56,56,34,52,42,32,32,26,11,0,0],"gold":322,"neow_bonus":"THREE_RARE_CARDS","is_daily":false,"chose_seed":false,"campfire_upgraded":3,"win_rate":0.0,"timestamp":1610120568,"path_taken":["M","M","?","?","$","E","R","E","T","?","R","?","M","E","R","BOSS","M","M","?","M","?","E"],"items_purchased_type":["Card","Potion"],"build_version":"2020-12-22","purchased_purges":0,"victory":false,"max_hp_per_floor":[62,62,62,62,62,62,62,62,62,58,58,58,58,58,58,58,58,58,58,58,58,58,58,58],"card_choices":[{"not_picked":["Establishment","DevaForm"],"picked":"Devotion","floor":0.0},{"not_picked":["Protect","Nirvana"],"picked":"SandsOfTime","floor":1.0},{"not_picked":["FlyingSleeves","Halt"],"picked":"Consecrate","floor":2.0},{"not_picked":["Establishment","Protect","PathToVictory"],"picked":"SKIP","floor":6.0},{"not_picked":["InnerPeace","Vengeance","WindmillStrike"],"picked":"SKIP","floor":8.0},{"not_picked":["Consecrate","Indignation","CarveReality"],"picked":"SKIP","floor":13.0},{"not_picked":["Study","Blasphemy","Protect"],"picked":"SKIP","floor":14.0},{"not_picked":["SpiritShield","Scrawl"],"picked":"Vault","floor":16.0},{"not_picked":["Evaluate","BattleHymn"],"picked":"Meditate+1","floor":18},{"not_picked":["Sanctity","Evaluate"],"picked":"JustLucky+1","floor":18},{"not_picked":["SashWhip","FollowUp+1","ReachHeaven"],"picked":"SKIP","floor":19},{"not_picked":["FollowUp","ThirdEye","BowlingBash"],"picked":"SKIP","floor":19},{"not_picked":["FlyingSleeves","Meditate"],"picked":"Prostrate","floor":21},{"not_picked":["JustLucky","Swivel","BattleHymn"],"picked":"SKIP","floor":21},{"not_picked":["SandsOfTime","ThirdEye"],"picked":"Pray","floor":22},{"not_picked":["EmptyFist+1","EmptyMind","Collect"],"picked":"SKIP","floor":22}],"player_experience":541397,"relics_obtained":[{"floor":6.0,"key":"Bag of Preparation"},{"floor":8.0,"key":"Kunai"},{"floor":14.0,"key":"Prayer Wheel"}],"event_choices":[{"cards_removed":["Strike_P"],"damage_healed":0.0,"max_hp_gain":0.0,"max_hp_loss":0.0,"gold_gain":0.0,"event_name":"Golden Wing","player_choice":"Card Removal","floor":4.0,"gold_loss":0.0,"damage_taken":7.0},{"damage_healed":0.0,"max_hp_gain":0.0,"max_hp_loss":4.0,"gold_gain":0.0,"event_name":"Golden Idol","player_choice":"Lose Max HP","floor":10.0,"gold_loss":0.0,"damage_taken":0.0,"relics_obtained":["Golden Idol"]},{"damage_healed":50.0,"max_hp_gain":0.0,"max_hp_loss":0.0,"gold_gain":0.0,"event_name":"Wheel of Change","player_choice":"Full Heal","floor":12.0,"gold_loss":0.0,"damage_taken":0.0},{"damage_healed":0,"gold_gain":0,"cards_transformed":["Strike_P"],"player_choice":"Transformed","damage_taken":0,"max_hp_gain":0,"max_hp_loss":0,"event_name":"Transmorgrifier","floor":20,"gold_loss":0,"cards_obtained":["Establishment"]}],"is_beta":false,"boss_relics":[{"not_picked":["HolyWater","Tiny House"],"picked":"Empty Cage"}],"items_purged_floors":[],"is_endless":false,"potions_floor_spawned":[8,13,14,16,18],"killed_by":"Gremlin Leader","ascension_level":14}}