{"host":"hfxp6ue4pvwo3fit","time":1610098494,"event":{"mods":["AchievementEnabler","BaseMod","Colored Map","Colored Powertips","Highlight Path","Minty Spire (QoL Compilation)","Relic Stats","StSLib","SuperFastMode"],"gold_per_floor":[119,194,212,274,288,288,320,320,369,399,364,364,374,384,384,462,462,479,214,129,129,129,129,145,145,145],"floor_reached":25,"playtime":573,"items_purged":["Strike_R"],"score":418,"play_id":"de2f873a-44b1-45c9-8fde-2601e8854b5d","local_time":"20210108033454","is_ascension_mode":true,"campfire_choices":[{"data":"Uppercut","floor":6,"key":"SMITH"},{"data":"Wild Strike","floor":8,"key":"SMITH"},{"data":"Armaments","floor":12,"key":"SMITH"},{"data":"Feel No Pain","floor":15,"key":"SMITH"},{"floor":23,"key":"REST"}],"circlet_count":0,"master_deck":["AscendersBane","Strike_R","Strike_R","Strike_R","Strike_R","Defend_R","Defend_R","Defend_R","Defend_R","Bash","Wild Strike+1","Uppercut+1","Evolve","Offering","Armaments+1","Cleave","Feel No Pain+1","Offering","Shrug It Off","Feel No Pain","Burning Pact","True Grit","Power Through"],"relics":["Burning Blood","NeowsBlessing","Art of War","Happy Flower","Oddly Smooth Stone","Cursed Key","Lantern","Enchiridion"],"acts_visited":["Exordium","TheCity"],"potions_floor_usage":[10,16,16],"damage_taken":[{"damage":0,"enemies":"Small Slimes","floor":1,"turns":1},{"damage":0,"enemies":"Jaw Worm","floor":3,"turns":1},{"damage":0,"enemies":"2 Louse","floor":5,"turns":1},{"damage":45,"enemies":"3 Sentries","floor":7,"turns":8},{"damage":21,"enemies":"Lagavulin","floor":10,"turns":6},{"damage":9,"enemies":"Blue Slaver","floor":13,"turns":3},{"damage":6,"enemies":"Exordium Wildlife","floor":14,"turns":3},{"damage":34,"enemies":"Hexaghost","floor":16,"turns":9},{"damage":19,"enemies":"2 Thieves","floor":18,"turns":4},{"damage":27,"enemies":"Shell Parasite","floor":24,"turns":2},{"damage":27,"enemies":"Book of Stabbing","floor":25,"turns":3}],"seed_played":"7381019404921355914","potions_obtained":[{"floor":3,"key":"ElixirPotion"},{"floor":7,"key":"ColorlessPotion"},{"floor":10,"key":"Block Potion"},{"floor":13,"key":"LiquidMemories"},{"floor":24,"key":"DuplicationPotion"}],"is_trial":false,"path_per_floor":["M","?","M","?","M","R","E","R","T","E","?","R","M","M","R","B",null,"M","$","?","?","?","R","M","E"],"character_chosen":"IRONCLAD","items_purchased":["Feel No Pain","Burning Pact","True Grit"],"campfire_rested":1,"item_purchase_floors":[19,19,19],"current_hp_per_floor":[74,63,69,69,75,75,36,36,36,21,39,39,36,36,36,8,58,45,45,45,24,24,46,25,0,0],"gold":145,"neow_bonus":"THREE_ENEMY_KILL","is_daily":false,"chose_seed":false,"campfire_upgraded":4,"win_rate":0.0,"timestamp":1610098494,"path_taken":["M","?","M","?","M","R","E","R","T","E","?","R","M","M","R","BOSS","M","$","?","?","?","R","M","E"],"items_purchased_type":["Card","Card","Card"],"build_version":"2020-12-22","purchased_purges":1,"victory":false,"max_hp_per_floor":[75,75,75,75,75,75,75,75,75,75,75,75,75,75,75,75,75,75,75,75,75,75,75,75,75,75],"relic_stats":{"Happy Flower":[10],"counters":[11,41],"Art of War":[1],"Cursed Key":0,"obtain_stats":[{"Lantern":20,"NeowsBlessing":0,"Happy Flower":9,"Oddly Smooth Stone":10,"Enchiridion":21,"Art of War":7,"Cursed Key":17,"Burning Blood":0},{"Lantern":9,"NeowsBlessing":0,"Happy Flower":4,"Oddly Smooth Stone":5,"Enchiridion":9,"Art of War":4,"Cursed Key":8,"Burning Blood":0},{"Lantern":36,"NeowsBlessing":0,"Happy Flower":11,"Oddly Smooth Stone":17,"Enchiridion":36,"Art of War":11,"Cursed Key":32,"Burning Blood":0}],"Burning Blood":60},"card_choices":[{"not_picked":["Twin Strike","Shrug It Off"],"picked":"Wild Strike","floor":1},{"not_picked":["Clothesline","Cleave"],"picked":"Uppercut","floor":3},{"not_picked":["Thunderclap","Second Wind"],"picked":"Evolve","floor":5},{"not_picked":["Shrug It Off","Twin Strike"],"picked":"Offering","floor":7},{"not_picked":["Havoc","Perfected Strike"],"picked":"Armaments","floor":10},{"not_picked":["Sword Boomerang","Metallicize"],"picked":"Cleave","floor":13},{"not_picked":["Cleave","Wild Strike"],"picked":"Feel No Pain","floor":14},{"not_picked":["Juggernaut","Bludgeon"],"picked":"Offering","floor":16},{"not_picked":["Body Slam","Perfected Strike"],"picked":"Shrug It Off","floor":18},{"not_picked":["Warcry+1","Battle Trance"],"picked":"Power Through","floor":24}],"player_experience":486035,"relics_obtained":[{"floor":7,"key":"Art of War"},{"floor":9,"key":"Happy Flower"},{"floor":10,"key":"Oddly Smooth Stone"},{"floor":21,"key":"Enchiridion"}],"event_choices":[{"damage_healed":0,"gold_gain":75,"player_choice":"Gather Gold","damage_taken":11,"max_hp_gain":0,"max_hp_loss":0,"event_name":"World of Goop","floor":2,"gold_loss":0},{"damage_healed":0,"gold_gain":62,"player_choice":"Gained Gold","damage_taken":0,"max_hp_gain":0,"max_hp_loss":0,"event_name":"Golden Wing","floor":4,"gold_loss":0},{"damage_healed":18,"gold_gain":0,"player_choice":"Healed","damage_taken":0,"max_hp_gain":0,"max_hp_loss":0,"event_name":"The Cleric","floor":11,"gold_loss":35},{"damage_healed":0,"gold_gain":0,"player_choice":"Obtained Relic","damage_taken":0,"relics_obtained":["Lantern"],"max_hp_gain":0,"max_hp_loss":0,"event_name":"Addict","floor":20,"gold_loss":85},{"damage_healed":0,"gold_gain":0,"player_choice":"Obtained Book","damage_taken":21,"max_hp_gain":0,"max_hp_loss":0,"event_name":"Cursed Tome","floor":21,"gold_loss":0},{"damage_healed":0,"gold_gain":0,"player_choice":"Ignored","damage_taken":0,"max_hp_gain":0,"max_hp_loss":0,"event_name":"Ghosts","floor":22,"gold_loss":0}],"is_beta":false,"boss_relics":[{"not_picked":["Velvet Choker","SlaversCollar"],"picked":"Cursed Key"}],"items_purged_floors":[19],"is_endless":false,"potions_floor_spawned":[3,7,10,13,24],"killed_by":"Book of Stabbing","ascension_level":20}}