{"host":"cbu6enf2xtq4r7r3","time":1610114478,"event":{"mods":["2.2 Compatiblity","AlwaysNeverKeys","BaseMod","Better Match","Better Note","Better Sensory Stone","Better Skull","Better Third Choice","Colored Map","Colored Powertips","Defuse TimeMaze Blight","Emptier Cage","Minty Spire (QoL Compilation)","Permanent Neow","Quick Restart","Random Character Button","Relic Sorter","Reorder Act Four","Shop Mod","StSLib"],"gold_per_floor":[118,118,118,136,9,9,39,39,66,85,111,111,130,143,143,240,240,256,256,256,270,270,270,300,300,300,320,347,5,5,33,33,33,33],"floor_reached":33,"playtime":1089,"items_purged":["Strike_B"],"score":440,"play_id":"57661aab-3c8a-4970-abe5-0fd14dbaa6bb","local_time":"20210108150118","is_ascension_mode":true,"campfire_choices":[{"data":"Redo","floor":6,"key":"SMITH"},{"data":"Capacitor","floor":8,"key":"SMITH"},{"data":"Redo","floor":12,"key":"SMITH"},{"data":"Self Repair","floor":15,"key":"SMITH"},{"floor":23,"key":"REST"},{"floor":25,"key":"REST"},{"floor":32,"key":"REST"}],"circlet_count":0,"master_deck":["Strike_B+1","Strike_B+1","Strike_B+1","Defend_B+1","Defend_B+1","Defend_B+1","Defend_B+1","Zap+1","Dualcast","Defragment+1","Redo+1","Leap+1","Ball Lightning","Melter","Capacitor+1","Barrage","Redo+1","Self Repair+1","Echo Form","BootSequence","Undo+1","Go for the Eyes+1","Force Field","Reinforced Body+1","Cold Snap","Echo Form+1"],"relics":["Cracked Core","FossilizedHelix","Juzu Bracelet","Bottled Flame","Fusion Hammer","Frozen Egg 2","MealTicket","Pear","Strawberry","Membership Card","Vajra","War Paint","Happy Flower"],"acts_visited":["Exordium","TheCity"],"potions_floor_usage":[11,16,28,28,33],"damage_taken":[{"damage":10,"enemies":"Small Slimes","floor":1,"turns":4},{"damage":7,"enemies":"Jaw Worm","floor":4,"turns":3},{"damage":21,"enemies":"3 Sentries","floor":7,"turns":4},{"damage":0,"enemies":"Cultist","floor":10,"turns":2},{"damage":0,"enemies":"Gremlin Nob","floor":11,"turns":3},{"damage":0,"enemies":"Red Slaver","floor":13,"turns":3},{"damage":0,"enemies":"Blue Slaver","floor":14,"turns":2},{"damage":12,"enemies":"Slime Boss","floor":16,"turns":8},{"damage":0,"enemies":"Spheric Guardian","floor":18,"turns":1},{"damage":19,"enemies":"Shell Parasite","floor":21,"turns":5},{"damage":61,"enemies":"Book of Stabbing","floor":24,"turns":6},{"damage":13,"enemies":"Centurion and Healer","floor":27,"turns":8},{"damage":30,"enemies":"Gremlin Leader","floor":28,"turns":8},{"damage":62,"enemies":"Slavers","floor":31,"turns":7},{"damage":56,"enemies":"Collector","floor":33,"turns":5}],"seed_played":"-1843161013483112473","potions_obtained":[{"floor":4,"key":"FearPotion"},{"floor":14,"key":"SkillPotion"},{"floor":18,"key":"FocusPotion"},{"floor":27,"key":"Block Potion"},{"floor":28,"key":"PotionOfCapacity"}],"is_trial":false,"path_per_floor":["M","?","?","M","$","R","E","R","T","M","E","R","M","M","R","B",null,"M","?","?","M","T","R","E","R","T","M","E","$","?","E","R","B"],"character_chosen":"DEFECT","items_purchased":["Ball Lightning","Melter","Membership Card","Vajra","War Paint"],"campfire_rested":3,"item_purchase_floors":[5,5,29,29,29],"current_hp_per_floor":[65,65,65,58,58,58,37,37,37,37,37,37,37,37,37,35,75,75,75,75,75,75,75,24,46,56,63,50,65,65,3,30,0,0],"gold":33,"neow_bonus":"THREE_CARDS","is_daily":false,"chose_seed":false,"campfire_upgraded":4,"win_rate":0.0,"timestamp":1610114478,"path_taken":["M","?","?","?","?","R","E","R","T","M","E","R","M","M","R","BOSS","M","?","?","M","?","R","E","R","T","M","E","$","?","E","R","BOSS"],"items_purchased_type":["Card","Card","Relic","Relic","Relic"],"build_version":"2020-12-22","purchased_purges":1,"victory":false,"max_hp_per_floor":[75,75,75,75,75,75,75,75,75,75,75,75,75,75,75,75,75,75,75,75,75,75,75,75,75,85,85,92,92,92,92,92,92,92],"card_choices":[{"not_picked":["Stack","Aggregate"],"picked":"Defragment","floor":0},{"not_picked":["Sweeping Beam","Compile Driver"],"picked":"Redo","floor":1},{"not_picked":["Aggregate","Stack"],"picked":"Leap","floor":4},{"not_picked":["Sunder","Reboot"],"picked":"Capacitor","floor":7},{"not_picked":["Hologram","Lockon"],"picked":"Barrage","floor":10},{"not_picked":["Hyperbeam","Barrage"],"picked":"Redo","floor":11},{"not_picked":["Darkness","Coolheaded","Fusion"],"picked":"SKIP","floor":13},{"not_picked":["Cold Snap","Redo"],"picked":"Self Repair","floor":14},{"not_picked":["All For One","Rainbow"],"picked":"Echo Form","floor":16},{"not_picked":["Conserve Battery","Turbo+1"],"picked":"BootSequence","floor":18},{"not_picked":["Redo","Blizzard+1"],"picked":"Go for the Eyes+1","floor":21},{"not_picked":["Coolheaded+1","Sweeping Beam"],"picked":"Force Field","floor":24},{"not_picked":["Streamline","Conserve Battery"],"picked":"Reinforced Body","floor":27},{"not_picked":["Fission","Beam Cell"],"picked":"Cold Snap","floor":28},{"not_picked":["Echo Form+1","Beam Cell","Steam"],"picked":"SKIP","floor":31},{"not_picked":["Beam Cell","Steam"],"picked":"Echo Form+1","floor":31}],"player_experience":77879,"relics_obtained":[{"floor":7,"key":"FossilizedHelix"},{"floor":9,"key":"Juzu Bracelet"},{"floor":11,"key":"Bottled Flame"},{"floor":22,"key":"Frozen Egg 2"},{"floor":24,"key":"MealTicket"},{"floor":26,"key":"Pear"},{"floor":28,"key":"Strawberry"},{"floor":31,"key":"Happy Flower"}],"event_choices":[{"damage_healed":0,"gold_gain":0,"player_choice":"Grow","damage_taken":0,"max_hp_gain":0,"max_hp_loss":0,"event_name":"Living Wall","floor":2,"gold_loss":0,"cards_upgraded":["Defragment"]},{"damage_healed":0,"gold_gain":0,"player_choice":"Upgraded","damage_taken":0,"max_hp_gain":0,"max_hp_loss":0,"event_name":"Upgrade Shrine","floor":3,"gold_loss":0,"cards_upgraded":["Zap"]},{"damage_healed":0,"gold_gain":0,"player_choice":"Upgraded","damage_taken":0,"max_hp_gain":0,"max_hp_loss":0,"event_name":"Upgrade Shrine","floor":19,"gold_loss":0,"cards_upgraded":["Leap"]},{"cards_removed":["Self Repair"],"damage_healed":0,"gold_gain":0,"player_choice":"Take \u0026 Give","damage_taken":0,"max_hp_gain":0,"max_hp_loss":0,"event_name":"betterNote:BetterNote","floor":20,"gold_loss":0,"cards_obtained":["Undo"]},{"damage_healed":0,"gold_gain":0,"player_choice":"Simplicity","damage_taken":0,"max_hp_gain":0,"max_hp_loss":6,"event_name":"betterThird:BetterWriting","floor":30,"gold_loss":0}],"is_beta":false,"boss_relics":[{"not_picked":["SacredBark","Coffee Dripper"],"picked":"Fusion Hammer"}],"items_purged_floors":[29],"is_endless":false,"potions_floor_spawned":[4,14,18,27,28],"killed_by":"Collector","ascension_level":3}}