{"host":"9tzam4717zt8ei1o","time":1610129920,"event":{"mods":["BaseMod","Colored Map","Keyboard Shortcuts","Minty Spire (QoL Compilation)","Quick Restart","StSLib","SuperFastMode"],"gold_per_floor":[118,118,135,60,60,90,90,100,100,116,116,130,55,83,83,156,156,173,173,173,192,192,192,211,211,234,245,275,293,293,193,193,266,266,282,81,81,53,53,81,94,94,117,117,117,136,153,179,191,203,215,227,239,46,76,76],"floor_reached":57,"playtime":1884,"items_purged":["Strike_G","Strike_G","Strike_G","Defend_G"],"score":2876,"play_id":"71631d38-b7d3-419d-a4f9-475fa0a71aa4","local_time":"20210109031840","is_ascension_mode":true,"campfire_choices":[{"data":"Flechettes","floor":7.0,"key":"SMITH"},{"data":"Acrobatics","floor":11.0,"key":"SMITH"},{"data":"Neutralize","floor":15.0,"key":"SMITH"},{"data":"Wraith Form v2","floor":23.0,"key":"SMITH"},{"floor":25.0,"key":"REST"},{"floor":30.0,"key":"REST"},{"floor":32.0,"key":"REST"},{"floor":42.0,"key":"REST"},{"floor":45.0,"key":"RECALL"},{"floor":49.0,"key":"REST"},{"floor":53.0,"key":"REST"}],"circlet_count":0,"master_deck":["AscendersBane","Defend_G","Defend_G","Defend_G","Survivor","Neutralize+1","Dagger Throw","Flechettes+1","Acrobatics+1","Acrobatics+1","Wraith Form v2+1","Reflex+1","Escape Plan+1","Flechettes+1","Escape Plan+1","PiercingWail+1","Venomology+1","Tactician+1","Deflect+1","Calculated Gamble+1","Prepared+1","Eviscerate"],"relics":["Ring of the Snake","NeowsBlessing","Bag of Preparation","Ice Cream","Toxic Egg 2","Centennial Puzzle","SacredBark","Vajra","SlaversCollar","Tough Bandages","MawBank","Snake Skull"],"acts_visited":["Exordium","TheCity","TheBeyond","TheEnding"],"potions_floor_usage":[56],"damage_taken":[{"damage":0.0,"enemies":"Small Slimes","floor":1.0,"turns":1.0},{"damage":0.0,"enemies":"Jaw Worm","floor":3.0,"turns":1.0},{"damage":0.0,"enemies":"Gremlin Nob","floor":6.0,"turns":1.0},{"damage":0.0,"enemies":"2 Louse","floor":8.0,"turns":2.0},{"damage":0.0,"enemies":"Looter","floor":10.0,"turns":3.0},{"damage":9.0,"enemies":"Lots of Slimes","floor":12.0,"turns":4.0},{"damage":17.0,"enemies":"Lagavulin","floor":14.0,"turns":5.0},{"damage":19.0,"enemies":"The Guardian","floor":16.0,"turns":9.0},{"damage":14.0,"enemies":"2 Thieves","floor":18.0,"turns":5.0},{"damage":0.0,"enemies":"Masked Bandits","floor":20.0,"turns":1.0},{"damage":1.0,"enemies":"Spheric Guardian","floor":21.0,"turns":3.0},{"damage":0.0,"enemies":"Snecko","floor":24.0,"turns":3.0},{"damage":16.0,"enemies":"3 Cultists","floor":27.0,"turns":4.0},{"damage":5.0,"enemies":"Gremlin Leader","floor":28.0,"turns":6.0},{"damage":15.0,"enemies":"Snake Plant","floor":29.0,"turns":3.0},{"damage":56.0,"enemies":"Champ","floor":33.0,"turns":9.0},{"damage":18.0,"enemies":"3 Darklings","floor":35.0,"turns":5.0},{"damage":38.0,"enemies":"Nemesis","floor":40.0,"turns":6.0},{"damage":1.0,"enemies":"3 Shapes","floor":41.0,"turns":3.0},{"damage":0.0,"enemies":"3 Darklings","floor":46.0,"turns":1.0},{"damage":0.0,"enemies":"Maw","floor":47.0,"turns":4.0},{"damage":23.0,"enemies":"Reptomancer","floor":48.0,"turns":4.0},{"damage":19.0,"enemies":"Awakened One","floor":50.0,"turns":10.0},{"damage":0.0,"enemies":"Donu and Deca","floor":51.0,"turns":6.0},{"damage":0.0,"enemies":"Shield and Spear","floor":55.0,"turns":1.0},{"damage":119,"enemies":"The Heart","floor":56,"turns":10}],"seed_played":"7869227781894876736","potions_obtained":[{"floor":3.0,"key":"FearPotion"},{"floor":8.0,"key":"SmokeBomb"},{"floor":10.0,"key":"SkillPotion"},{"floor":21.0,"key":"Fruit Juice"},{"floor":24.0,"key":"Energy Potion"},{"floor":29.0,"key":"Strength Potion"},{"floor":40.0,"key":"DistilledChaos"},{"floor":46.0,"key":"EssenceOfSteel"},{"floor":48.0,"key":"Weak Potion"}],"is_trial":false,"path_per_floor":["M","?","M","?","?","E","R","M","T","M","R","M","$","E","R","B",null,"M","?","?","M","?","R","M","R","T","M","E","M","R","$","R","B",null,"M","$","?","$","$","E","M","R","T","?","R","M","M","E","R","B","B",null,"R","$","E","B",null],"character_chosen":"THE_SILENT","items_purchased":["Tactician+1","Deflect+1","Prepared+1"],"campfire_rested":6,"item_purchase_floors":[36,38,54],"current_hp_per_floor":[59,59,59,59,54,54,54,54,54,54,54,45,45,28,28,9,52,38,20,20,29,29,29,29,53,53,37,32,17,41,41,65,9,63,45,45,81,81,81,43,42,66,66,66,66,66,66,43,67,48,48,73,81,81,81,12],"gold":76,"neow_bonus":"THREE_ENEMY_KILL","is_daily":false,"chose_seed":false,"campfire_upgraded":4,"win_rate":0.0,"timestamp":1610129920,"path_taken":["M","?","M","?","?","E","R","M","T","M","R","M","$","E","R","BOSS","M","?","?","M","?","R","?","R","T","M","E","M","R","$","R","BOSS","M","$","?","$","?","E","M","R","T","?","R","M","M","E","R","BOSS","BOSS","R","$","E","BOSS"],"items_purchased_type":["Card","Card","Card"],"build_version":"2020-12-22","purchased_purges":4,"victory":true,"max_hp_per_floor":[66,66,66,66,66,66,66,66,66,66,66,66,66,66,66,66,66,66,71,71,81,81,81,81,81,81,81,81,81,81,81,81,81,81,81,81,81,81,81,81,81,81,81,81,81,81,81,81,81,81,81,81,81,81,81,81],"card_choices":[{"not_picked":["Skewer","PiercingWail"],"picked":"Dagger Throw","floor":1.0},{"not_picked":["Poisoned Stab","Catalyst"],"picked":"Flechettes","floor":3.0},{"not_picked":["Finisher","Terror","Crippling Poison"],"picked":"SKIP","floor":6.0},{"not_picked":["Dodge and Roll","Cloak And Dagger"],"picked":"Acrobatics","floor":8.0},{"not_picked":["Outmaneuver+1","Blade Dance+1"],"picked":"Bouncing Flask+1","floor":10.0},{"not_picked":["Cloak And Dagger+1","Bullet Time+1","Choke"],"picked":"SKIP","floor":12.0},{"not_picked":["Backstab","Backflip+1"],"picked":"Acrobatics+1","floor":14.0},{"not_picked":["Night Terror+1","A Thousand Cuts"],"picked":"Wraith Form v2","floor":16.0},{"not_picked":["Catalyst+1","Bouncing Flask+1"],"picked":"Reflex+1","floor":18.0},{"not_picked":["Dagger Spray","Blade Dance+1"],"picked":"Escape Plan+1","floor":21.0},{"not_picked":["Bane","Masterful Stab","Flying Knee"],"picked":"SKIP","floor":24.0},{"not_picked":["Heel Hook","Blade Dance+1","Skewer"],"picked":"SKIP","floor":27.0},{"not_picked":["Blade Dance+1","Riddle With Holes"],"picked":"Escape Plan+1","floor":28.0},{"not_picked":["Unload","Dagger Spray"],"picked":"PiercingWail+1","floor":29.0},{"not_picked":["Burst+1","Die Die Die"],"picked":"Venomology+1","floor":33.0},{"not_picked":["Cloak And Dagger+1","Dodge and Roll+1","Blade Dance+1"],"picked":"SKIP","floor":35.0},{"not_picked":["Blade Dance+1","Masterful Stab"],"picked":"Calculated Gamble+1","floor":40.0},{"not_picked":["Finisher","Crippling Poison+1","Flying Knee"],"picked":"SKIP","floor":41.0},{"not_picked":["Terror+1","Distraction+1","Dagger Throw+1"],"picked":"SKIP","floor":46.0},{"not_picked":["Bane+1","Quick Slash","Unload"],"picked":"SKIP","floor":47.0},{"not_picked":["Dodge and Roll+1","Slice","Night Terror+1"],"picked":"SKIP","floor":48.0},{"not_picked":["PiercingWail+1","Deadly Poison+1"],"picked":"Eviscerate","floor":55.0}],"player_experience":161808,"relics_obtained":[{"floor":6.0,"key":"Ice Cream"},{"floor":9.0,"key":"Toxic Egg 2"},{"floor":14.0,"key":"Centennial Puzzle"},{"floor":26.0,"key":"Vajra"},{"floor":40.0,"key":"Tough Bandages"},{"floor":48.0,"key":"MawBank"},{"floor":55.0,"key":"Snake Skull"}],"event_choices":[{"cards_removed":["Strike_G"],"damage_healed":0.0,"max_hp_gain":0.0,"max_hp_loss":0.0,"gold_gain":0.0,"event_name":"Living Wall","player_choice":"Forget","floor":2.0,"gold_loss":0.0,"damage_taken":0.0},{"cards_removed":["Strike_G"],"damage_healed":0.0,"max_hp_gain":0.0,"max_hp_loss":0.0,"gold_gain":0.0,"event_name":"The Cleric","player_choice":"Card Removal","floor":4.0,"gold_loss":75.0,"damage_taken":0.0},{"damage_healed":0.0,"max_hp_gain":0.0,"max_hp_loss":0.0,"gold_gain":0.0,"event_name":"Scrap Ooze","player_choice":"Success","floor":5.0,"gold_loss":0.0,"damage_taken":5.0,"relics_obtained":["Bag of Preparation"]},{"damage_healed":0.0,"max_hp_gain":5.0,"max_hp_loss":0.0,"gold_gain":0.0,"event_name":"Forgotten Altar","player_choice":"Shed Blood","floor":19.0,"gold_loss":0.0,"damage_taken":23.0},{"damage_healed":0.0,"max_hp_gain":0.0,"max_hp_loss":0.0,"gold_gain":0.0,"event_name":"Masked Bandits","player_choice":"Fought Bandits","floor":20.0,"gold_loss":0.0,"damage_taken":0.0},{"damage_healed":0.0,"max_hp_gain":0.0,"max_hp_loss":0.0,"gold_gain":0.0,"event_name":"Duplicator","player_choice":"Copied","floor":22.0,"gold_loss":0.0,"damage_taken":0.0,"cards_obtained":["Flechettes"]},{"cards_removed":["Bouncing Flask"],"damage_healed":36.0,"max_hp_gain":0.0,"max_hp_loss":0.0,"gold_gain":0.0,"event_name":"Bonfire Elementals","player_choice":"Offered Uncommon","floor":37.0,"gold_loss":0.0,"damage_taken":0.0},{"cards_removed":["Defend_G"],"damage_healed":0.0,"max_hp_gain":0.0,"max_hp_loss":0.0,"gold_gain":0.0,"event_name":"Falling","player_choice":"Removed Skill","floor":44.0,"gold_loss":0.0,"damage_taken":0.0}],"is_beta":false,"boss_relics":[{"not_picked":["WristBlade","Fusion Hammer"],"picked":"SacredBark"},{"not_picked":["Coffee Dripper","Sozu"],"picked":"SlaversCollar"}],"items_purged_floors":[13,31,36,54],"is_endless":false,"potions_floor_spawned":[3,8,10,18,21,24,29,40,46,47,48],"ascension_level":20}}