{"host":"c6u7e77myxvw4d0m","time":1610092525,"event":{"mods":["AchievementEnabler","BaseMod","Bestiary","Colored Map","Colored Powertips","Minty Spire (QoL Compilation)","Rare Cards Sparkle","Relic Stats","everything is the same but u backflip on backflip"],"gold_per_floor":[214,214,234,254,268,300,14,31,31,48,48,81,81,5,5,110,110,130,130,142,156,181,210,210,230,253,267,301,301,311,337,337,435,435,448,176,189,189,204,234,234,260,287,299,334,334,359,581,581,581,581,581,26,61,61,61],"floor_reached":55,"playtime":6265,"items_purged":["Defend_G","Defend_G"],"score":1623,"play_id":"60cbe55f-1257-4bfb-acea-935d687345ad","local_time":"20210108095525","is_ascension_mode":true,"campfire_choices":[{"floor":13,"key":"REST"},{"data":"Quick Slash","floor":15,"key":"SMITH"},{"data":"Wraith Form v2","floor":24,"key":"SMITH"},{"data":"Dagger Spray","floor":32,"key":"SMITH"},{"data":"Well Laid Plans","floor":41,"key":"SMITH"},{"data":"Backstab","floor":46,"key":"SMITH"},{"floor":49,"key":"RECALL"},{"data":"Slice","floor":52,"key":"SMITH"}],"circlet_count":0,"master_deck":["AscendersBane","Defend_G+1","Defend_G","Defend_G","Survivor","Neutralize","Dagger Spray+1","Blade Dance+1","Cloak And Dagger+1","Escape Plan+1","Quick Slash+1","PiercingWail+1","Cloak And Dagger+1","Prepared+1","Backflip+1","Well Laid Plans+1","Wraith Form v2+1","Terror+1","Bite","Bite","Bite","Bite","Bite","Slice+1","Outmaneuver+1","Cloak And Dagger+1","Dodge and Roll+1","Calculated Gamble+1","Distraction+1","Leg Sweep+1","Envenom","Blade Dance+1","Calculated Gamble+1","Tactician+1","Footwork+1","Backstab+1","Blade Dance+1","A Thousand Cuts","Apotheosis+1","PiercingWail+1","Dark Shackles+1","Venomology+1"],"relics":["Ring of the Snake","Toxic Egg 2","Vajra","Shuriken","Thread and Needle","WristBlade","Red Mask","Incense Burner","MealTicket","Tingsha","Darkstone Periapt","HoveringKite","TwistedFunnel","Omamori","Centennial Puzzle","PreservedInsect","Orichalcum","StrikeDummy","Blue Candle"],"acts_visited":["Exordium","TheCity","TheBeyond","TheEnding"],"potions_floor_usage":[16,16,27,28,28,47,55,55,55,55],"damage_taken":[{"damage":0,"enemies":"Cultist","floor":1,"turns":5},{"damage":0,"enemies":"2 Louse","floor":3,"turns":3},{"damage":7,"enemies":"Small Slimes","floor":4,"turns":2},{"damage":0,"enemies":"3 Louse","floor":5,"turns":3},{"damage":22,"enemies":"3 Sentries","floor":6,"turns":9},{"damage":1,"enemies":"Red Slaver","floor":8,"turns":3},{"damage":1,"enemies":"Large Slime","floor":10,"turns":3},{"damage":5,"enemies":"Lagavulin","floor":12,"turns":4},{"damage":0,"enemies":"The Guardian","floor":16,"turns":8},{"damage":0,"enemies":"Spheric Guardian","floor":18,"turns":3},{"damage":1,"enemies":"2 Thieves","floor":20,"turns":3},{"damage":0,"enemies":"Snecko","floor":21,"turns":3},{"damage":0,"enemies":"Masked Bandits","floor":22,"turns":3},{"damage":0,"enemies":"Gremlin Leader","floor":23,"turns":4},{"damage":3,"enemies":"Snake Plant","floor":25,"turns":3},{"damage":0,"enemies":"Shelled Parasite and Fungi","floor":27,"turns":4},{"damage":0,"enemies":"Book of Stabbing","floor":28,"turns":5},{"damage":0,"enemies":"Snecko","floor":30,"turns":4},{"damage":0,"enemies":"Slavers","floor":31,"turns":5},{"damage":2,"enemies":"Collector","floor":33,"turns":8},{"damage":0,"enemies":"Orb Walker","floor":35,"turns":3},{"damage":1,"enemies":"3 Shapes","floor":37,"turns":2},{"damage":0,"enemies":"Maw","floor":39,"turns":5},{"damage":0,"enemies":"Reptomancer","floor":40,"turns":3},{"damage":0,"enemies":"Giant Head","floor":42,"turns":5},{"damage":0,"enemies":"Transient","floor":44,"turns":5},{"damage":0,"enemies":"Reptomancer","floor":45,"turns":3},{"damage":0,"enemies":"Nemesis","floor":47,"turns":6},{"damage":17,"enemies":"Donu and Deca","floor":50,"turns":7},{"damage":1,"enemies":"Shield and Spear","floor":54,"turns":3},{"damage":71,"enemies":"The Heart","floor":55,"turns":5}],"seed_played":"9023505216268600325","potions_obtained":[{"floor":4,"key":"Weak Potion"},{"floor":5,"key":"SneckoOil"},{"floor":8,"key":"LiquidMemories"},{"floor":16,"key":"Weak Potion"},{"floor":23,"key":"FearPotion"},{"floor":30,"key":"Ancient Potion"},{"floor":31,"key":"Fire Potion"},{"floor":39,"key":"LiquidMemories"},{"floor":54,"key":"PowerPotion"}],"is_trial":false,"path_per_floor":["M","T","M","M","M","E","$","M","T","M","?","E","R","$","R","B",null,"M","?","M","M","?","E","R","M","T","M","E","?","M","E","R","B",null,"M","$","M","?","M","E","R","E","T","M","E","R","E","?","R","B",null,"R","$","E","B"],"character_chosen":"THE_SILENT","items_purchased":["Shuriken","PiercingWail+1","Well Laid Plans","Blade Dance+1","TwistedFunnel","A Thousand Cuts","Apotheosis+1","PiercingWail+1","Dark Shackles+1"],"campfire_rested":1,"item_purchase_floors":[7,7,14,36,36,53,53,53,53],"current_hp_per_floor":[63,63,63,56,56,34,34,33,33,32,18,13,34,34,34,34,61,61,49,48,49,49,49,49,46,46,48,49,49,49,49,49,49,49,49,49,48,48,49,49,49,49,49,49,49,49,49,49,49,36,46,46,49,49,0,0],"gold":61,"neow_bonus":"HUNDRED_GOLD","is_daily":false,"chose_seed":true,"campfire_upgraded":6,"win_rate":0.0,"timestamp":1610092525,"path_taken":["M","?","M","M","M","E","?","M","T","M","?","E","R","$","R","BOSS","M","?","M","M","?","E","R","M","T","M","E","?","M","E","R","BOSS","M","$","M","?","M","E","R","E","T","?","E","R","E","?","R","BOSS","R","$","E","BOSS"],"items_purchased_type":["Relic","Card","Card","Card","Relic","Card","Card","Card","Card"],"build_version":"2020-12-22","purchased_purges":2,"victory":false,"max_hp_per_floor":[70,70,70,70,70,70,70,70,70,70,70,70,70,70,70,70,70,70,49,49,49,49,49,49,49,49,49,49,49,49,49,49,49,49,49,49,49,49,49,49,49,49,49,49,49,49,49,49,49,49,49,49,49,49,49,49],"relic_stats":{"Darkstone Periapt":0,"Centennial Puzzle":[9],"counters":[31,132],"Shuriken":[100],"Blue Candle":[0],"HoveringKite":[21],"MealTicket":3,"Tingsha":[201],"PreservedInsect":188,"Orichalcum":[30],"obtain_stats":[{"Darkstone Periapt":31,"TwistedFunnel":36,"Blue Candle":54,"Vajra":6,"HoveringKite":34,"Thread and Needle":12,"Tingsha":28,"PreservedInsect":43,"Incense Burner":23,"Omamori":40,"Orichalcum":45,"Centennial Puzzle":42,"WristBlade":17,"Shuriken":7,"MealTicket":26,"Red Mask":22,"Toxic Egg 2":2,"StrikeDummy":47,"Ring of the Snake":0},{"Darkstone Periapt":19,"TwistedFunnel":21,"Blue Candle":30,"Vajra":5,"HoveringKite":20,"Thread and Needle":8,"Tingsha":17,"PreservedInsect":25,"Incense Burner":14,"Omamori":24,"Orichalcum":27,"Centennial Puzzle":25,"WristBlade":9,"Shuriken":5,"MealTicket":15,"Red Mask":13,"Toxic Egg 2":1,"StrikeDummy":28,"Ring of the Snake":0},{"Darkstone Periapt":77,"TwistedFunnel":88,"Blue Candle":127,"Vajra":22,"HoveringKite":85,"Thread and Needle":32,"Tingsha":68,"PreservedInsect":103,"Incense Burner":56,"Omamori":98,"Orichalcum":111,"Centennial Puzzle":103,"WristBlade":40,"Shuriken":22,"MealTicket":59,"Red Mask":52,"Toxic Egg 2":5,"StrikeDummy":117,"Ring of the Snake":0}],"Ring of the Snake":[62]},"card_choices":[{"not_picked":["Backflip","Dodge and Roll"],"picked":"Dagger Spray","floor":1},{"not_picked":["PiercingWail+1","Eviscerate"],"picked":"Blade Dance+1","floor":3},{"not_picked":["Bouncing Flask+1","Blade Dance+1"],"picked":"Cloak And Dagger+1","floor":4},{"not_picked":["Doppelganger+1","Blur+1"],"picked":"Escape Plan+1","floor":5},{"not_picked":["Deflect+1","Skewer"],"picked":"Quick Slash","floor":6},{"not_picked":["Slice","Flying Knee"],"picked":"Cloak And Dagger+1","floor":8},{"not_picked":["Dodge and Roll+1","Masterful Stab"],"picked":"Prepared+1","floor":10},{"not_picked":["Underhanded Strike","Prepared+1"],"picked":"Backflip+1","floor":12},{"not_picked":["Grand Finale","Night Terror+1"],"picked":"Wraith Form v2","floor":16},{"not_picked":["Expertise+1","Acrobatics+1"],"picked":"Terror+1","floor":18},{"not_picked":["All Out Attack","Backflip+1"],"picked":"Slice","floor":20},{"not_picked":["Poisoned Stab+1","Dodge and Roll+1"],"picked":"Outmaneuver+1","floor":21},{"not_picked":["Deadly Poison+1","Acrobatics+1"],"picked":"Cloak And Dagger+1","floor":22},{"not_picked":["Deflect+1","Unload","Dodge and Roll+1"],"picked":"SKIP","floor":23},{"not_picked":["Underhanded Strike","Quick Slash+1"],"picked":"Dodge and Roll+1","floor":25},{"not_picked":["Underhanded Strike","Setup+1"],"picked":"Calculated Gamble+1","floor":27},{"not_picked":["Catalyst+1","Bouncing Flask+1"],"picked":"Distraction+1","floor":28},{"not_picked":["Poisoned Stab","Predator"],"picked":"Leg Sweep+1","floor":30},{"not_picked":["Acrobatics+1","Bane","Slice"],"picked":"SKIP","floor":31},{"not_picked":["Glass Knife","Burst+1"],"picked":"Envenom","floor":33},{"not_picked":["Flying Knee","Noxious Fumes","Distraction+1"],"picked":"SKIP","floor":35},{"not_picked":["Deadly Poison+1","Crippling Poison+1"],"picked":"Calculated Gamble+1","floor":37},{"not_picked":["Flying Knee","Underhanded Strike","Bane"],"picked":"SKIP","floor":39},{"not_picked":["Burst+1","Setup+1"],"picked":"Tactician+1","floor":40},{"not_picked":["Dodge and Roll+1","Blade Dance+1"],"picked":"Footwork+1","floor":42},{"not_picked":["Underhanded Strike+1","Deadly Poison+1"],"picked":"Backstab","floor":44},{"not_picked":["Underhanded Strike","Heel Hook"],"picked":"Blade Dance+1","floor":45},{"not_picked":["Heel Hook","Slice","Deadly Poison+1"],"picked":"SKIP","floor":47},{"not_picked":["Dagger Spray+1","Bouncing Flask+1"],"picked":"Venomology+1","floor":54}],"player_experience":284048,"relics_obtained":[{"floor":2,"key":"Toxic Egg 2"},{"floor":6,"key":"Vajra"},{"floor":12,"key":"Thread and Needle"},{"floor":22,"key":"Red Mask"},{"floor":23,"key":"Incense Burner"},{"floor":26,"key":"MealTicket"},{"floor":28,"key":"Tingsha"},{"floor":31,"key":"Darkstone Periapt"},{"floor":40,"key":"Omamori"},{"floor":42,"key":"Centennial Puzzle"},{"floor":43,"key":"PreservedInsect"},{"floor":45,"key":"Orichalcum"},{"floor":47,"key":"StrikeDummy"},{"floor":54,"key":"Blue Candle"}],"event_choices":[{"damage_healed":0,"gold_gain":0,"player_choice":"Entered Light","damage_taken":14,"max_hp_gain":0,"max_hp_loss":0,"event_name":"Shining Light","floor":11,"gold_loss":0,"cards_upgraded":["Strike_G","Defend_G"]},{"damage_healed":0,"gold_gain":0,"player_choice":"Became a vampire","damage_taken":0,"max_hp_gain":0,"max_hp_loss":21,"event_name":"Vampires","floor":19,"gold_loss":0,"cards_obtained":["Bite","Bite","Bite","Bite","Bite"]},{"damage_healed":0,"gold_gain":0,"player_choice":"Fought Bandits","damage_taken":0,"max_hp_gain":0,"max_hp_loss":0,"event_name":"Masked Bandits","floor":22,"gold_loss":0},{"damage_healed":0,"gold_gain":0,"player_choice":"Ignored","damage_taken":0,"max_hp_gain":0,"max_hp_loss":0,"event_name":"Ghosts","floor":29,"gold_loss":0},{"damage_healed":0,"gold_gain":0,"player_choice":"Bought 0 Potions","damage_taken":0,"max_hp_gain":0,"max_hp_loss":0,"event_name":"The Woman in Blue","floor":38,"gold_loss":0},{"damage_healed":0,"gold_gain":222,"player_choice":"Wore Mask","damage_taken":0,"max_hp_gain":0,"max_hp_loss":0,"event_name":"Tomb of Lord Red Mask","floor":48,"gold_loss":0}],"is_beta":false,"boss_relics":[{"not_picked":["Runic Dome","SacredBark"],"picked":"WristBlade"},{"not_picked":["Empty Cage","Velvet Choker"],"picked":"HoveringKite"}],"items_purged_floors":[36,53],"is_endless":false,"potions_floor_spawned":[4,5,8,10,16,23,25,30,31,39,45,54],"killed_by":"The Heart","ascension_level":10}}