{"host":"xe18zxp7krnsfrwn","time":1610069853,"event":{"mods":["BaseMod","BetterRewards","Colored Map","Downfall","Hubris","Infinite Spire","Minty Spire (QoL Compilation)","Replay The Spire","StSLib","The Animator","The Elementalist","The Runesmith","The Saiyan"],"gold_per_floor":[131,157,88,88,116,147,147,159,234,234,256,118,135,167,167,273,273,290,389,389,406,433,449,478,478,502,60,60,74,100,8,8,112,112,148,162,14,32,49,53,53],"floor_reached":40,"playtime":5506,"items_purged":[],"score":500,"play_id":"f70d0252-6f2c-4c11-862f-cb8ed828aa5a","local_time":"20210107173733","is_ascension_mode":false,"campfire_choices":[{"data":"animator:Vanir","floor":7.0,"key":"SMITH"},{"data":"animator:Jibril","floor":10.0,"key":"SMITH"},{"data":"animator:Berserker","floor":15.0,"key":"SMITH"},{"data":"animator:Sora","floor":25.0,"key":"SMITH"},{"data":"animator:Saber","floor":28.0,"key":"SMITH"},{"data":"animator:Tet","floor":32.0,"key":"SMITH"}],"circlet_count":0,"master_deck":["animator:Strike_Konosuba","animator:Defend_Konosuba","animator:Strike","animator:Strike","animator:Strike+1","animator:Defend","animator:Defend","animator:Defend","animator:Kazuma+1","animator:Aqua","animator:Vanir+1","animator:Chung","animator:GazelDwargon","animator:PandorasActor","animator:Megumin+7","animator:Jibril+1","animator:Entoma+3","animator:Chris","animator:Benimaru","animator:Lancer","animator:Shalltear","animator:Berserker+1","animator:Saber+1","animator:Sora+1","animator:Alexander","animator:NarberalGamma","animator:SwordMaiden+1","animator:DolaSchwi","animator:DolaSchwi","animator:Verdia","animator:Tet+1","animator:Shuna","animator:Wiz","animator:Mitsurugi","animator:Raven+1","animator:Hans","animator:Souei","animator:Kaijin"],"relics":["animator:VividPicture","animator:TheMissingPiece","NeowsBlessing","infinitespire:Bottled Soul","Replay:Accelerometer","animator:AlchemistGlove","Velvet Choker","hubris:BottledHeart","ReplayFunnel","Red Mask","War Paint","hubris:MysteriousPyramids","Happy Flower"],"acts_visited":["Exordium","TheCity","TheBeyond"],"potions_floor_usage":[33,40,40],"damage_taken":[{"damage":0.0,"enemies":"Cultist","floor":1.0,"turns":1.0},{"damage":0.0,"enemies":"infinitespire:Voidling","floor":2.0,"turns":1.0},{"damage":0.0,"enemies":"2 Louse","floor":5.0,"turns":2.0},{"damage":1.0,"enemies":"Replay:BlueRogue","floor":6.0,"turns":8.0},{"damage":1.0,"enemies":"Blue Slaver","floor":8.0,"turns":5.0},{"damage":0.0,"enemies":"Looter","floor":11.0,"turns":3.0},{"damage":0.0,"enemies":"Gremlin Gang","floor":13.0,"turns":3.0},{"damage":15.0,"enemies":"Lagavulin","floor":14.0,"turns":6.0},{"damage":10.0,"enemies":"Slime Boss","floor":16.0,"turns":8.0},{"damage":6.0,"enemies":"Chosen","floor":18.0,"turns":3.0},{"damage":0.0,"enemies":"Spheric Guardian","floor":21.0,"turns":3.0},{"damage":0.0,"enemies":"3 Cultists","floor":23.0,"turns":4.0},{"damage":0.0,"enemies":"Masked Bandits","floor":24.0,"turns":3.0},{"damage":0.0,"enemies":"Cultist and Chosen","floor":29.0,"turns":5.0},{"damage":0.0,"enemies":"Centurion and Healer","floor":30.0,"turns":4.0},{"damage":0,"enemies":"hubris:MusketHawk","floor":33,"turns":11},{"damage":0,"enemies":"3 Shapes","floor":35,"turns":2},{"damage":0,"enemies":"3 Darklings","floor":36,"turns":2},{"damage":0,"enemies":"Sphere and 2 Shapes","floor":38,"turns":4},{"damage":0,"enemies":"Transient","floor":39,"turns":5},{"damage":11,"enemies":"Nemesis","floor":40,"turns":6}],"seed_played":"-750223663481794922","potions_obtained":[{"floor":1.0,"key":"Guardian:BlockOnCardUsePotion"},{"floor":5.0,"key":"PowerPotion"},{"floor":6.0,"key":"Energy Potion"},{"floor":13.0,"key":"PowerPotion"},{"floor":21.0,"key":"Ancient Potion"},{"floor":24.0,"key":"SteroidPotion"},{"floor":30.0,"key":"Adrenaline Potion"},{"floor":35,"key":"Weak Potion"},{"floor":36,"key":"Regen Potion"},{"floor":38,"key":"AttackPotion"}],"is_trial":false,"path_per_floor":["M","M","$","?","M","E","R","M","T","R","M","$","M","E","R","B",null,"M","?","?","M","T","M","?","R","T","$","R","M","M","$","R","B",null,"M","M","$","M","M","E"],"character_chosen":"THE_ANIMATOR","items_purchased":["animator:GazelDwargon","animator:Lancer","animator:Shalltear","hubris:MysteriousPyramids","animator:DolaSchwi","Happy Flower","animator:Tet","animator:Shuna","animator:Hans","animator:Souei"],"campfire_rested":0,"item_purchase_floors":[3,12,12,27,27,27,31,31,37,37],"current_hp_per_floor":[66,66,66,66,66,65,65,65,65,65,65,65,67,54,54,47,70,66,66,1,1,1,1,1,1,1,1,1,1,1,1,1,1,1,1,1,1,1,1,0,0],"gold":53,"neow_bonus":"THREE_ENEMY_KILL","is_daily":false,"chose_seed":false,"campfire_upgraded":6,"win_rate":0.0,"timestamp":1610069853,"path_taken":["M","?","$","?","?","E","R","M","T","R","M","$","M","E","R","BOSS","M","?","?","M","?","M","?","R","T","$","R","?","M","$","R","BOSS","M","M","$","M","?","E"],"items_purchased_type":["Card","Card","Card","Relic","Card","Relic","Card","Card","Card","Card"],"build_version":"2020-12-22","purchased_purges":0,"victory":false,"max_hp_per_floor":[66,66,66,66,66,66,66,67,67,67,67,67,69,69,69,70,70,70,70,1,1,1,1,1,1,1,1,1,1,1,1,1,1,1,1,1,1,1,1,1,1],"card_choices":[{"not_picked":["animator:Alexander","animator:Vesta"],"picked":"animator:Vanir","floor":1.0},{"not_picked":["animator:DolaCouronne","animator:Demiurge"],"picked":"animator:Chung","floor":2.0},{"not_picked":["animator:Entoma","animator:Assassin"],"picked":"animator:Jibril","floor":5.0},{"not_picked":["animator:Sebas","animator:NarberalGamma"],"picked":"animator:Entoma","floor":6.0},{"not_picked":["animator:Assassin","animator:Hakurou"],"picked":"animator:Chris","floor":8.0},{"not_picked":["animator:GoblinSlayer","animator:Vanir"],"picked":"animator:Benimaru","floor":11.0},{"not_picked":["animator:Spearman","animator:Kazuma"],"picked":"animator:Berserker","floor":13.0},{"not_picked":["animator:ShinjiMatou","animator:Rider"],"picked":"animator:Saber","floor":14.0},{"not_picked":["animator:Eve","animator:Saber"],"picked":"animator:Sora","floor":16.0},{"not_picked":["animator:Shalltear","animator:Lancer+1"],"picked":"animator:Alexander","floor":18.0},{"not_picked":["animator:Archer","animator:DolaCouronne","animator:Shion"],"picked":"SKIP","floor":21.0},{"not_picked":["animator:Lu","animator:Shalltear"],"picked":"animator:NarberalGamma","floor":23.0},{"not_picked":["animator:Illya+1","animator:Aqua"],"picked":"animator:SwordMaiden","floor":24.0},{"not_picked":["animator:Sora","animator:ChlammyZell"],"picked":"animator:DolaSchwi","floor":29.0},{"not_picked":["animator:Entoma","animator:ChlammyZell"],"picked":"animator:Verdia","floor":30.0},{"not_picked":["animator:Elesis","animator:SwordMaiden"],"picked":"animator:Wiz","floor":33},{"not_picked":["animator:Hakurou+1","animator:DolaRiku+1"],"picked":"animator:Mitsurugi","floor":35},{"not_picked":["animator:Jibril","animator:Benimaru+1"],"picked":"animator:Raven+1","floor":36},{"not_picked":["animator:Souei","animator:Hakurou"],"picked":"animator:Kaijin","floor":38},{"not_picked":["animator:CowGirl+1","animator:DolaRiku+1","animator:Rider"],"picked":"SKIP","floor":39}],"player_experience":446394,"relics_obtained":[{"floor":6.0,"key":"infinitespire:Bottled Soul"},{"floor":9.0,"key":"Replay:Accelerometer"},{"floor":14.0,"key":"animator:AlchemistGlove"},{"floor":22.0,"key":"ReplayFunnel"},{"floor":24.0,"key":"Red Mask"},{"floor":26.0,"key":"War Paint"}],"event_choices":[{"damage_healed":0.0,"max_hp_gain":0.0,"max_hp_loss":0.0,"gold_gain":0.0,"event_name":"Match and Keep!","player_choice":"2 cards matched","floor":4.0,"gold_loss":0.0,"damage_taken":0.0,"cards_obtained":["animator:PandorasActor","animator:Megumin"]},{"damage_healed":0.0,"max_hp_gain":0.0,"max_hp_loss":0.0,"gold_gain":99.0,"event_name":"Nest","player_choice":"Stole From Cult","floor":19.0,"gold_loss":0.0,"damage_taken":0.0},{"damage_healed":0.0,"max_hp_gain":0.0,"max_hp_loss":0.0,"gold_gain":0.0,"event_name":"Masked Bandits","player_choice":"Fought Bandits","floor":24.0,"gold_loss":0.0,"damage_taken":0.0}],"is_beta":false,"boss_relics":[{"not_picked":["hubris:Stopwatch","hubris:ScarierMask"],"picked":"Velvet Choker"},{"not_picked":["Astrolabe","Ring of Chaos"],"picked":"animator:VividPicture"}],"items_purged_floors":[],"is_endless":false,"potions_floor_spawned":[1,5,6,13,21,24,30,35,36,38],"killed_by":"Nemesis","ascension_level":0}}