{"host":"mydft8i2zzydgggw","time":1610134744,"event":{"mods":["AchievementEnabler","BaseMod","Colored Map","Colored Powertips","DeckTracker","Keyboard Shortcuts","Minty Spire (QoL Compilation)","Rare Cards Sparkle","StSLib","SuperFastMode","The Poker Player","everything is the same but u backflip on backflip"],"gold_per_floor":[20,20,20,34,52,86,86,103,103,138,148,148,182,198,198,293,293,306,936,955,955,973,973,1004,1004,1004,1022,1055,1055,1055,1070,1070,1172,1172,1185,1185,1199,1214,1231,1260,1260,1260],"floor_reached":41,"playtime":1221,"items_purged":[],"score":641,"play_id":"3d68c7aa-0dc2-42e7-8291-bf308b39235c","local_time":"20210109043904","is_ascension_mode":true,"campfire_choices":[{"data":"Armaments","floor":7.0,"key":"SMITH"},{"data":"Ghostly Armor","floor":12.0,"key":"SMITH"},{"data":"Body Slam","floor":15.0,"key":"SMITH"},{"data":"Barricade","floor":23.0,"key":"SMITH"},{"floor":25.0,"key":"REST"},{"floor":30.0,"key":"REST"},{"data":"Body Slam","floor":32,"key":"SMITH"}],"circlet_count":0,"master_deck":["Bash","Flex","Shockwave","Armaments+1","Ghostly Armor+1","Impervious","Searing Blow","Body Slam+1","Barricade+1","Intimidate","Pommel Strike","Double Tap","Combust","Limit Break","Immolate","Ghostly Armor","Shrug It Off","Exhume","Metallicize","Body Slam+1","Seeing Red","Armaments+1","Madness","Madness","Body Slam+1","Warcry+1"],"relics":["Burning Blood","Bag of Marbles","Sundial","Champion Belt","Matryoshka","Pandora\u0027s Box","MutagenicStrength","Vajra","Regal Pillow","Ancient Tea Set","Ice Cream","Philosopher\u0027s Stone","MealTicket"],"acts_visited":["Exordium","TheCity","TheBeyond"],"potions_floor_usage":[38,39,41],"damage_taken":[{"damage":7.0,"enemies":"Small Slimes","floor":1.0,"turns":5.0},{"damage":2.0,"enemies":"Cultist","floor":4.0,"turns":4.0},{"damage":8.0,"enemies":"2 Louse","floor":5.0,"turns":3.0},{"damage":37.0,"enemies":"3 Sentries","floor":6.0,"turns":12.0},{"damage":5.0,"enemies":"Gremlin Gang","floor":8.0,"turns":5.0},{"damage":0.0,"enemies":"Lagavulin","floor":10.0,"turns":7.0},{"damage":0.0,"enemies":"Looter","floor":11.0,"turns":5.0},{"damage":0.0,"enemies":"Gremlin Nob","floor":13.0,"turns":5.0},{"damage":2.0,"enemies":"Blue Slaver","floor":14.0,"turns":4.0},{"damage":23.0,"enemies":"The Guardian","floor":16.0,"turns":7.0},{"damage":9.0,"enemies":"Shell Parasite","floor":18.0,"turns":4.0},{"damage":4.0,"enemies":"Chosen","floor":20.0,"turns":3.0},{"damage":2.0,"enemies":"Centurion and Healer","floor":22.0,"turns":6.0},{"damage":29.0,"enemies":"Book of Stabbing","floor":24.0,"turns":8.0},{"damage":13.0,"enemies":"Shelled Parasite and Fungi","floor":27.0,"turns":5.0},{"damage":18.0,"enemies":"Gremlin Leader","floor":28.0,"turns":7.0},{"damage":0,"enemies":"Snake Plant","floor":31,"turns":1},{"damage":8,"enemies":"Champ","floor":33,"turns":10},{"damage":17,"enemies":"3 Shapes","floor":35,"turns":5},{"damage":9,"enemies":"Orb Walker","floor":37,"turns":3},{"damage":23,"enemies":"Sphere and 2 Shapes","floor":38,"turns":6},{"damage":34,"enemies":"Transient","floor":39,"turns":5},{"damage":0,"enemies":"Nemesis","floor":40,"turns":1},{"damage":18,"enemies":"3 Darklings","floor":41,"turns":3}],"seed_played":"2405607897259113467","potions_obtained":[{"floor":1.0,"key":"Swift Potion"},{"floor":3.0,"key":"Dexterity Potion"},{"floor":3.0,"key":"GamblersBrew"},{"floor":6.0,"key":"Energy Potion"},{"floor":8.0,"key":"Energy Potion"},{"floor":14.0,"key":"PowerPotion"},{"floor":18.0,"key":"EssenceOfSteel"},{"floor":22.0,"key":"BloodPotion"},{"floor":24.0,"key":"LiquidBronze"},{"floor":33,"key":"SteroidPotion"},{"floor":35,"key":"ElixirPotion"},{"floor":38,"key":"Fire Potion"},{"floor":40,"key":"Explosive Potion"}],"is_trial":false,"path_per_floor":["M","?","?","M","M","E","R","M","T","E","M","R","E","M","R","B",null,"M","?","M","?","M","R","E","R","T","M","E","?","R","M","R","B",null,"M","?","M","M","M","E","M"],"character_chosen":"IRONCLAD","items_purchased":[],"campfire_rested":2,"item_purchase_floors":[],"current_hp_per_floor":[79,79,79,80,78,47,47,48,48,54,60,60,66,70,70,53,80,77,8,10,10,30,30,7,31,31,24,12,12,51,57,57,55,80,69,59,56,39,11,17,0,0],"gold":1260,"neow_bonus":"TRANSFORM_TWO_CARDS","is_daily":false,"chose_seed":false,"campfire_upgraded":5,"win_rate":0.0,"timestamp":1610134744,"path_taken":["M","?","?","?","M","E","R","M","T","E","M","R","E","M","R","BOSS","M","?","?","?","M","R","E","R","T","M","E","?","R","?","R","BOSS","M","?","M","M","M","E","M"],"items_purchased_type":[],"build_version":"2020-12-22","purchased_purges":0,"victory":false,"max_hp_per_floor":[80,80,80,80,80,80,80,80,80,80,80,80,80,80,80,80,80,80,80,80,80,80,80,80,80,80,80,80,80,80,80,80,80,80,80,80,80,80,80,80,80,80],"card_choices":[{"not_picked":["Intimidate","Flex"],"picked":"Armaments","floor":1.0},{"not_picked":["Wild Strike","Iron Wave"],"picked":"Ghostly Armor","floor":4.0},{"not_picked":["Cleave","Reckless Charge","Armaments"],"picked":"SKIP","floor":5.0},{"not_picked":["Cleave","Demon Form","Thunderclap"],"picked":"SKIP","floor":6.0},{"not_picked":["Wild Strike","Body Slam","Battle Trance"],"picked":"SKIP","floor":8.0},{"not_picked":["Whirlwind","Inflame"],"picked":"Impervious","floor":10.0},{"not_picked":["Intimidate","Combust","Havoc"],"picked":"SKIP","floor":11.0},{"not_picked":["Immolate","Pommel Strike"],"picked":"Searing Blow","floor":13.0},{"not_picked":["Intimidate","Flex"],"picked":"Body Slam","floor":14.0},{"not_picked":["Limit Break","Berserk"],"picked":"Barricade","floor":16.0},{"not_picked":["Perfected Strike","Wild Strike+1","Anger"],"picked":"SKIP","floor":18.0},{"not_picked":["Body Slam","Inflame"],"picked":"Ghostly Armor","floor":20.0},{"not_picked":["Pommel Strike","Flex"],"picked":"Shrug It Off","floor":22.0},{"not_picked":["Warcry","Perfected Strike"],"picked":"Exhume","floor":24.0},{"not_picked":["Wild Strike+1","Havoc"],"picked":"Metallicize","floor":27.0},{"not_picked":["Ghostly Armor","Heavy Blade"],"picked":"Body Slam","floor":28.0},{"not_picked":["Headbutt","Flex"],"picked":"Seeing Red","floor":31},{"not_picked":["Wild Strike","Flex+1"],"picked":"Armaments+1","floor":35},{"not_picked":["Blood for Blood+1","Twin Strike+1"],"picked":"Body Slam+1","floor":37},{"not_picked":["Rampage+1","Carnage+1","Body Slam"],"picked":"SKIP","floor":38},{"not_picked":["Pummel","Hemokinesis+1","Cleave"],"picked":"SKIP","floor":39},{"not_picked":["Thunderclap","Iron Wave"],"picked":"Warcry+1","floor":40}],"player_experience":146025,"relics_obtained":[{"floor":6.0,"key":"Bag of Marbles"},{"floor":9.0,"key":"Sundial"},{"floor":10.0,"key":"Champion Belt"},{"floor":13.0,"key":"Matryoshka"},{"floor":24.0,"key":"Vajra"},{"floor":26.0,"key":"Regal Pillow"},{"floor":26.0,"key":"Ancient Tea Set"},{"floor":28.0,"key":"Ice Cream"},{"floor":40,"key":"MealTicket"}],"event_choices":[{"cards_removed":["Defend_R"],"damage_healed":0.0,"max_hp_gain":0.0,"max_hp_loss":0.0,"gold_gain":0.0,"event_name":"Living Wall","player_choice":"Forget","floor":2.0,"gold_loss":0.0,"damage_taken":0.0},{"damage_healed":0.0,"max_hp_gain":0.0,"max_hp_loss":0.0,"gold_gain":0.0,"event_name":"Lab","player_choice":"Got Potions","floor":3.0,"gold_loss":0.0,"damage_taken":0.0},{"damage_healed":0.0,"max_hp_gain":0.0,"max_hp_loss":0.0,"gold_gain":630.0,"event_name":"Knowing Skull","player_choice":"GOLD GOLD GOLD GOLD GOLD GOLD GOLD ","floor":19.0,"potions_obtained":[],"gold_loss":0.0,"damage_taken":69.0,"cards_obtained":[]},{"damage_healed":0.0,"max_hp_gain":0.0,"max_hp_loss":0.0,"gold_gain":0.0,"event_name":"Drug Dealer","player_choice":"Inject Mutagens","floor":21.0,"gold_loss":0.0,"damage_taken":0.0,"relics_obtained":["MutagenicStrength"]},{"damage_healed":0.0,"max_hp_gain":0.0,"max_hp_loss":0.0,"gold_gain":0.0,"event_name":"FaceTrader","player_choice":"Leave","floor":29.0,"gold_loss":0.0,"damage_taken":0.0},{"damage_healed":0,"gold_gain":0,"player_choice":"Embrace Madness","damage_taken":10,"max_hp_gain":0,"max_hp_loss":0,"event_name":"Winding Halls","floor":36,"gold_loss":0,"cards_obtained":["Madness","Madness"]}],"is_beta":false,"boss_relics":[{"not_picked":["Velvet Choker","Coffee Dripper"],"picked":"Pandora\u0027s Box"},{"not_picked":["SlaversCollar","Runic Pyramid"],"picked":"Philosopher\u0027s Stone"}],"items_purged_floors":[],"is_endless":false,"potions_floor_spawned":[1,6,8,14,18,22,24,33,35,38,40],"killed_by":"3 Darklings","ascension_level":2}}