{"host":"hve1dyh1ly81yl9f","time":1610107968,"event":{"mods":["BaseMod","Colored Map","DeckTracker","Highlight Path","Keyboard Shortcuts","Minty Spire (QoL Compilation)","Permanent Neow","Quick Restart","StSLib","SuperFastMode"],"gold_per_floor":[363,383,119,131,143,143,143,169,169,169,180,199,42,52,52,156,156,175,194,209,209,134,134,134,134],"floor_reached":24,"playtime":1404,"items_purged":["Decay"],"score":260,"play_id":"96cc2c28-7112-41ec-9028-0d6495c295f7","local_time":"20210108211248","is_ascension_mode":true,"campfire_choices":[{"data":"Searing Blow","floor":6.0,"key":"SMITH"},{"data":"Searing Blow+2","floor":10.0,"key":"SMITH"},{"data":"Searing Blow+3","floor":15,"key":"SMITH"},{"data":"Searing Blow+4","floor":23,"key":"SMITH"}],"circlet_count":0,"master_deck":["Strike_R","Strike_R","Strike_R","Defend_R","Defend_R","Defend_R","Bash","Thunderclap","Searing Blow+5","Reaper","Flex","Inflame","Inflame","Limit Break+1","Armaments+1"],"relics":["Burning Blood","Toxic Egg 2","Champion Belt","Membership Card","Empty Cage"],"acts_visited":["Exordium","TheCity"],"potions_floor_usage":[16,16,24,24],"damage_taken":[{"damage":5.0,"enemies":"Small Slimes","floor":1.0,"turns":4.0},{"damage":8.0,"enemies":"Cultist","floor":2.0,"turns":3.0},{"damage":13.0,"enemies":"2 Louse","floor":4.0,"turns":2.0},{"damage":22.0,"enemies":"Looter","floor":5.0,"turns":3.0},{"damage":34.0,"enemies":"Gremlin Nob","floor":8.0,"turns":4.0},{"damage":7,"enemies":"Exordium Wildlife","floor":11,"turns":3},{"damage":10,"enemies":"Red Slaver","floor":12,"turns":2},{"damage":22,"enemies":"Large Slime","floor":14,"turns":6},{"damage":41,"enemies":"Hexaghost","floor":16,"turns":7},{"damage":33,"enemies":"Spheric Guardian","floor":18,"turns":4},{"damage":19,"enemies":"Chosen","floor":19,"turns":4},{"damage":33,"enemies":"Centurion and Healer","floor":20,"turns":6},{"damage":27,"enemies":"Slavers","floor":24,"turns":2}],"seed_played":"-9059190894666046633","potions_obtained":[{"floor":1.0,"key":"AttackPotion"},{"floor":11,"key":"LiquidBronze"},{"floor":16,"key":"LiquidBronze"},{"floor":18,"key":"HeartOfIron"},{"floor":19,"key":"BlessingOfTheForge"}],"is_trial":false,"path_per_floor":["M","M","$","M","M","R","?","E","T","R","M","M","$","M","R","B",null,"M","M","M","?","?","R","E"],"character_chosen":"IRONCLAD","items_purchased":["Reaper","Flex","Membership Card"],"campfire_rested":0,"item_purchase_floors":[3,3,13],"current_hp_per_floor":[73,71,71,76,66,66,66,38,38,38,53,49,49,45,45,18,65,38,36,25,25,25,25,0,0],"gold":134,"neow_bonus":"TWO_FIFTY_GOLD","is_daily":false,"chose_seed":false,"campfire_upgraded":4,"win_rate":0.0,"timestamp":1610107968,"path_taken":["M","M","$","M","M","R","?","E","T","R","M","M","$","?","R","BOSS","M","M","M","?","?","R","E"],"items_purchased_type":["Card","Card","Relic"],"build_version":"2020-12-22","purchased_purges":1,"victory":false,"max_hp_per_floor":[80,80,80,80,80,80,80,80,80,80,80,80,80,80,80,80,80,80,80,80,80,80,80,80,80],"card_choices":[{"not_picked":["Dark Embrace","True Grit"],"picked":"Thunderclap","floor":1.0},{"not_picked":["Anger","Havoc"],"picked":"Searing Blow","floor":2.0},{"not_picked":["Evolve","Disarm"],"picked":"Inflame","floor":4.0},{"not_picked":["Iron Wave","True Grit","Clothesline"],"picked":"SKIP","floor":5.0},{"not_picked":["Entrench+1","True Grit+1"],"picked":"Inflame","floor":8.0},{"not_picked":["Anger","Fire Breathing","Shockwave+1"],"picked":"SKIP","floor":11},{"not_picked":["Power Through+1","Blood for Blood","Rampage"],"picked":"SKIP","floor":12},{"not_picked":["Shrug It Off+1","Havoc+1","Cleave"],"picked":"SKIP","floor":14},{"not_picked":["Barricade","Offering+1"],"picked":"Limit Break+1","floor":16},{"not_picked":["Havoc+1","Combust"],"picked":"Armaments+1","floor":18},{"not_picked":["Thunderclap","True Grit+1","Clash"],"picked":"SKIP","floor":19},{"not_picked":["Anger+1","Twin Strike","Perfected Strike+1"],"picked":"SKIP","floor":20}],"player_experience":299946,"relics_obtained":[{"floor":8.0,"key":"Toxic Egg 2"},{"floor":9.0,"key":"Champion Belt"}],"event_choices":[{"damage_healed":0.0,"max_hp_gain":0.0,"max_hp_loss":0.0,"gold_gain":0.0,"event_name":"Accursed Blacksmith","player_choice":"Forge","floor":7.0,"gold_loss":0.0,"damage_taken":0.0,"cards_upgraded":["Searing Blow"]},{"damage_healed":0,"gold_gain":0,"player_choice":"Ignored","damage_taken":0,"max_hp_gain":0,"max_hp_loss":0,"event_name":"Ghosts","floor":21,"gold_loss":0},{"cards_removed":["Defend_R"],"damage_healed":0,"gold_gain":0,"player_choice":"Gave Gold","damage_taken":0,"max_hp_gain":0,"max_hp_loss":0,"event_name":"Beggar","floor":22,"gold_loss":75}],"is_beta":false,"boss_relics":[{"not_picked":["Sozu","Astrolabe"],"picked":"Empty Cage"}],"items_purged_floors":[3],"is_endless":false,"potions_floor_spawned":[1,11,16,18,19],"killed_by":"Slavers","ascension_level":6}}