{"host":"l6vifo5ajdb3p20b","time":1610117222,"event":{"mods":["2.2 Compatiblity","BaseMod","Better Altar","Better Sensory Stone","Better Skull","Better Third Choice","BetterRewards","Block Reminder","Colored Map","Defuse TimeMaze Blight","Energized Spire","Glutton Mod","Mad Scientist","Minty Spire (QoL Compilation)","Relic Stats","Replay The Spire","StSLib"],"gold_per_floor":[116,116,136,152,172,172,183,183,183],"floor_reached":8,"playtime":332,"items_purged":[],"score":53,"play_id":"e9c07934-88ed-4f14-8f09-0143415248c5","local_time":"20210108214702","is_ascension_mode":true,"campfire_choices":[{"data":"Bash","floor":6,"key":"SMITH"}],"circlet_count":0,"master_deck":["Strike_R","Strike_R","Strike_R","Strike_R","Strike_R","Defend_R","Defend_R","Defend_R","Defend_R","Bash+1","Flex","Battle Trance","Shrug It Off","Sword Boomerang","Clash"],"relics":["Burning Blood","NeowsBlessing","Orichalcum"],"acts_visited":["Exordium"],"potions_floor_usage":[8],"damage_taken":[{"damage":0,"enemies":"Cultist","floor":1,"turns":1},{"damage":0,"enemies":"Small Slimes","floor":3,"turns":2},{"damage":0,"enemies":"Jaw Worm","floor":4,"turns":1},{"damage":4,"enemies":"Blue Slaver","floor":5,"turns":4},{"damage":5,"enemies":"Red Slaver","floor":7,"turns":4},{"damage":0,"enemies":"Lagavulin","floor":8,"turns":4}],"seed_played":"-8670396473149802393","potions_obtained":[{"floor":3,"key":"DuplicationPotion"},{"floor":4,"key":"Energy Potion"},{"floor":7,"key":"SteroidPotion"}],"is_trial":false,"path_per_floor":["M","T","M","M","M","R","M","E"],"character_chosen":"IRONCLAD","items_purchased":[],"campfire_rested":0,"item_purchase_floors":[],"current_hp_per_floor":[80,80,80,80,80,80,80,80,80],"gold":183,"neow_bonus":"THREE_ENEMY_KILL","is_daily":false,"chose_seed":false,"campfire_upgraded":1,"win_rate":0.0,"timestamp":1610117222,"path_taken":["M","?","M","M","M","R","M","E"],"items_purchased_type":[],"build_version":"2020-12-22","purchased_purges":0,"victory":false,"max_hp_per_floor":[80,80,80,80,80,80,80,80,80],"relic_stats":{"counters":[6,16],"Orichalcum":[24],"obtain_stats":[{"NeowsBlessing":0,"Orichalcum":2,"Burning Blood":0},{"NeowsBlessing":0,"Orichalcum":1,"Burning Blood":0},{"NeowsBlessing":0,"Orichalcum":1,"Burning Blood":0}],"Burning Blood":9},"card_choices":[{"not_picked":["Iron Wave","Havoc"],"picked":"Flex","floor":1},{"not_picked":["Bloodletting","Intimidate"],"picked":"Battle Trance","floor":3},{"not_picked":["Sword Boomerang","Havoc"],"picked":"Shrug It Off","floor":4},{"not_picked":["Body Slam","Clothesline"],"picked":"Sword Boomerang","floor":5},{"not_picked":["Juggernaut","Massacre"],"picked":"Clash","floor":7}],"player_experience":993740,"relics_obtained":[{"floor":2,"key":"Orichalcum"}],"event_choices":[],"is_beta":false,"boss_relics":[],"items_purged_floors":[],"is_endless":false,"potions_floor_spawned":[3,4,7],"killed_by":"Lagavulin","ascension_level":1}}