{"host":"3jpwrwmmgyabjceh","time":1610147929,"event":{"mods":["AchievementEnabler","BaseMod","Colored Map","Colored Powertips","Highlight Path","Minty Spire (QoL Compilation)","Quick Restart","Relic Stats","StSLib","SuperFastMode"],"gold_per_floor":[119,130,130,145,161,188,207,207,234,280,292,317,341,381,393,501,513,543,573,598,272,187,187,213,213,213,183,216,226,237,270,270,270,270],"floor_reached":33,"playtime":1609,"items_purged":["Defend_P"],"score":480,"play_id":"64dc64d9-ec94-4681-9f29-8c5310bd72f4","local_time":"20210109021849","is_ascension_mode":true,"campfire_choices":[{"floor":8,"key":"REST"},{"data":"Eruption","floor":11,"key":"SMITH"},{"data":"Wallop","floor":15,"key":"SMITH"},{"data":"Omniscience","floor":23,"key":"SMITH"},{"floor":32,"key":"REST"}],"circlet_count":0,"master_deck":["Strike_P","Strike_P","Defend_P","Defend_P","Eruption+1","Vigilance+1","ThirdEye+1","Adaptation+1","Tantrum","SashWhip","CutThroughFate","Halt+1","Tantrum","CutThroughFate","Wallop+1","EmptyBody","Omniscience+1","MentalFortress","Indignation+1","WheelKick","Wireheading","EmptyBody+1","EmptyFist+1","FearNoEvil+1","LikeWater","MentalFortress"],"relics":["Astrolabe","Lantern","MawBank","Bag of Preparation","Omamori","Calling Bell","Potion Belt","Pear","CaptainsWheel","War Paint","Dream Catcher","Art of War","Molten Egg 2","Strawberry","Oddly Smooth Stone","Bottled Flame"],"acts_visited":["Exordium","TheCity"],"potions_floor_usage":[6,14,20,20,24,24,29],"damage_taken":[{"damage":1,"enemies":"2 Louse","floor":1,"turns":3},{"damage":0,"enemies":"Cultist","floor":2,"turns":2},{"damage":4,"enemies":"Small Slimes","floor":4,"turns":2},{"damage":3,"enemies":"Exordium Wildlife","floor":5,"turns":5},{"damage":27,"enemies":"3 Sentries","floor":6,"turns":5},{"damage":6,"enemies":"2 Fungi Beasts","floor":7,"turns":2},{"damage":0,"enemies":"Gremlin Nob","floor":10,"turns":2},{"damage":0,"enemies":"Lots of Slimes","floor":12,"turns":3},{"damage":0,"enemies":"Blue Slaver","floor":13,"turns":2},{"damage":0,"enemies":"Lagavulin","floor":14,"turns":2},{"damage":21,"enemies":"Slime Boss","floor":16,"turns":6},{"damage":0,"enemies":"Shell Parasite","floor":18,"turns":3},{"damage":0,"enemies":"Chosen","floor":19,"turns":3},{"damage":10,"enemies":"Sentry and Sphere","floor":20,"turns":3},{"damage":21,"enemies":"Slavers","floor":24,"turns":3},{"damage":27,"enemies":"Book of Stabbing","floor":28,"turns":7},{"damage":0,"enemies":"3 Cultists","floor":29,"turns":5},{"damage":24,"enemies":"Snake Plant","floor":30,"turns":3},{"damage":21,"enemies":"Gremlin Leader","floor":31,"turns":11},{"damage":59,"enemies":"Automaton","floor":33,"turns":8}],"seed_played":"586671583221756054","potions_obtained":[{"floor":1,"key":"SteroidPotion"},{"floor":2,"key":"CultistPotion"},{"floor":7,"key":"PowerPotion"},{"floor":10,"key":"SkillPotion"},{"floor":18,"key":"ColorlessPotion"},{"floor":20,"key":"Fruit Juice"},{"floor":27,"key":"SkillPotion"},{"floor":27,"key":"FairyPotion"},{"floor":29,"key":"FearPotion"}],"is_trial":false,"path_per_floor":["M","M","?","M","M","E","M","R","T","E","R","M","M","E","R","B",null,"M","M","M","$","?","R","E","T","T","?","E","M","M","E","R","B"],"character_chosen":"WATCHER","items_purchased":["War Paint","WheelKick","Wireheading"],"campfire_rested":2,"item_purchase_floors":[21,21,21],"current_hp_per_floor":[71,71,72,68,65,38,32,53,53,53,53,53,53,53,53,32,82,82,82,77,77,77,77,56,56,63,63,36,36,12,28,56,0,0],"gold":270,"neow_bonus":"BOSS_RELIC","is_daily":false,"chose_seed":false,"campfire_upgraded":3,"win_rate":0.0,"timestamp":1610147929,"path_taken":["M","M","?","M","M","E","?","R","T","E","R","M","M","E","R","BOSS","M","M","?","$","?","R","E","?","T","?","E","?","M","E","R","BOSS"],"items_purchased_type":["Relic","Card","Card"],"build_version":"2020-12-22","purchased_purges":1,"victory":false,"max_hp_per_floor":[72,72,72,72,72,72,72,72,72,72,72,72,72,72,72,72,82,82,82,87,87,87,87,87,87,94,94,94,94,94,94,94,94,94],"relic_stats":{"Dream Catcher":1,"counters":[20,80],"Astrolabe":["ThirdEye","Adaptation","Fasting2"],"Bag of Preparation":[26],"Art of War":[2],"War Paint":["Halt","Vigilance"],"MawBank":144,"obtain_stats":[{"Potion Belt":17,"Lantern":6,"Pear":17,"Astrolabe":0,"Oddly Smooth Stone":28,"Bag of Preparation":10,"Omamori":14,"War Paint":21,"MawBank":9,"Calling Bell":17,"CaptainsWheel":17,"Dream Catcher":22,"Bottled Flame":31,"Strawberry":26,"Molten Egg 2":25,"Art of War":24,"PureWater":0},{"Potion Belt":11,"Lantern":5,"Pear":11,"Astrolabe":0,"Oddly Smooth Stone":16,"Bag of Preparation":7,"Omamori":10,"War Paint":14,"MawBank":6,"Calling Bell":11,"CaptainsWheel":11,"Dream Catcher":14,"Bottled Flame":19,"Strawberry":15,"Molten Egg 2":15,"Art of War":15,"PureWater":0},{"Potion Belt":34,"Lantern":17,"Pear":34,"Astrolabe":0,"Oddly Smooth Stone":53,"Bag of Preparation":21,"Omamori":28,"War Paint":43,"MawBank":19,"Calling Bell":34,"CaptainsWheel":34,"Dream Catcher":43,"Bottled Flame":72,"Strawberry":46,"Molten Egg 2":46,"Art of War":46,"PureWater":0}]},"card_choices":[{"not_picked":["FollowUp","BowlingBash"],"picked":"Tantrum","floor":1},{"not_picked":["Protect","Sanctity"],"picked":"SashWhip","floor":2},{"not_picked":["Protect","JustLucky"],"picked":"CutThroughFate","floor":4},{"not_picked":["Consecrate","DeceiveReality"],"picked":"Halt","floor":5},{"not_picked":["Halt","CrushJoints"],"picked":"Tantrum","floor":6},{"not_picked":["JustLucky","Study"],"picked":"CutThroughFate","floor":7},{"not_picked":["Vengeance","ForeignInfluence","Prostrate"],"picked":"SKIP","floor":10},{"not_picked":["Judgement","PathToVictory"],"picked":"Wallop","floor":12},{"not_picked":["CutThroughFate","PathToVictory"],"picked":"EmptyBody","floor":13},{"not_picked":["BowlingBash","Prostrate","SignatureMove"],"picked":"SKIP","floor":14},{"not_picked":["Brilliance","Ragnarok"],"picked":"Omniscience","floor":16},{"not_picked":["Protect+1","PathToVictory","Crescendo"],"picked":"SKIP","floor":18},{"not_picked":["DeceiveReality+1","Perseverance+1"],"picked":"MentalFortress","floor":19},{"not_picked":["Crescendo","SashWhip"],"picked":"Indignation+1","floor":20},{"not_picked":["CrushJoints+1","Consecrate"],"picked":"EmptyBody+1","floor":24},{"not_picked":["PathToVictory+1","ThirdEye"],"picked":"EmptyFist+1","floor":28},{"not_picked":["Nirvana+1","JustLucky+1","LessonLearned+1"],"picked":"SKIP","floor":29},{"not_picked":["JustLucky+1","Consecrate+1"],"picked":"FearNoEvil+1","floor":30},{"not_picked":["InnerPeace","FlurryOfBlows+1"],"picked":"LikeWater","floor":31},{"not_picked":["BowlingBash+1","Worship+1"],"picked":"MentalFortress","floor":32}],"player_experience":238925,"relics_obtained":[{"floor":6,"key":"Lantern"},{"floor":9,"key":"MawBank"},{"floor":10,"key":"Bag of Preparation"},{"floor":14,"key":"Omamori"},{"floor":17,"key":"Potion Belt"},{"floor":17,"key":"Pear"},{"floor":17,"key":"CaptainsWheel"},{"floor":24,"key":"Art of War"},{"floor":25,"key":"Molten Egg 2"},{"floor":26,"key":"Strawberry"},{"floor":28,"key":"Oddly Smooth Stone"},{"floor":31,"key":"Bottled Flame"}],"event_choices":[{"cards_removed":["Fasting2"],"damage_healed":1,"gold_gain":0,"player_choice":"Offered Uncommon","damage_taken":0,"max_hp_gain":0,"max_hp_loss":0,"event_name":"Bonfire Elementals","floor":3,"gold_loss":0},{"damage_healed":0,"gold_gain":0,"player_choice":"Obtained Relic","damage_taken":0,"relics_obtained":["Dream Catcher"],"max_hp_gain":0,"max_hp_loss":0,"event_name":"Addict","floor":22,"gold_loss":85},{"damage_healed":0,"gold_gain":0,"player_choice":"Bought 2 Potions","damage_taken":0,"max_hp_gain":0,"max_hp_loss":0,"event_name":"The Woman in Blue","floor":27,"gold_loss":0}],"is_beta":false,"boss_relics":[{"not_picked":["Runic Dome","Snecko Eye"],"picked":"Calling Bell"}],"items_purged_floors":[21],"is_endless":false,"potions_floor_spawned":[1,2,7,10,18,20,29],"killed_by":"Automaton","ascension_level":4}}