{"host":"k4et7hlhlqy8fuoz","time":1610099400,"event":{"mods":["2.2 Compatiblity","AchievementEnabler","BaseMod","Colored Map","DeckTracker","Highlight Path","Minty Spire (QoL Compilation)","Random Character Button","Rare Cards Sparkle"],"gold_per_floor":[144,189,234,36,211,211,256,301,326,485,530,530,620,665,665,965,965,1019,1073,1127,1127,1181,1181,1181,1235,1260,1260,1314,1368,336,336,336,336,336],"floor_reached":33,"playtime":3226,"items_purged":["Doubt"],"score":323,"play_id":"04232fbe-2864-4e0a-bc7c-ba7e6c6dbe4b","local_time":"20210108105000","daily_mods":["Draft","Uncertain Future","Midas"],"is_ascension_mode":false,"campfire_choices":[{"floor":12,"key":"REST"},{"floor":15,"key":"REST"},{"floor":24,"key":"REST"},{"floor":27,"key":"REST"},{"floor":32,"key":"REST"}],"circlet_count":0,"master_deck":["Iron Wave","Anger","Clothesline","Anger","Flame Barrier","Disarm","Armaments","Cleave","Sword Boomerang","Wild Strike","Metallicize","Shrug It Off","Seeing Red+1","Cleave","Thunderclap","Perfected Strike","Ghostly Armor","Clothesline","Blood for Blood","Havoc","Dramatic Entrance","Pommel Strike","Cleave","Corruption","Intimidate","Infernal Blade","Clothesline","Fiend Fire","CurseOfTheBell","Inflame+1","Twin Strike+1","Rampage+1","Twin Strike+1","Entrench+1","Heavy Blade+1","Pommel Strike+1","Feed+1","Infernal Blade","Fiend Fire+1","Feel No Pain","Blood for Blood+1","Dramatic Entrance+1"],"relics":["Burning Blood","Meat on the Bone","Gremlin Horn","Calling Bell","CeramicFish","Molten Egg 2","Torii","Bag of Preparation","Prayer Wheel","DollysMirror","Vajra"],"acts_visited":["Exordium","TheCity"],"potions_floor_usage":[16,16,16,23,29,33,33],"damage_taken":[{"damage":0,"enemies":"2 Louse","floor":1,"turns":2},{"damage":0,"enemies":"Small Slimes","floor":2,"turns":3},{"damage":3,"enemies":"Jaw Worm","floor":3,"turns":3},{"damage":0,"enemies":"Gremlin Gang","floor":7,"turns":1},{"damage":14,"enemies":"2 Fungi Beasts","floor":8,"turns":3},{"damage":22,"enemies":"Lagavulin Event","floor":10,"turns":6},{"damage":0,"enemies":"3 Louse","floor":11,"turns":3},{"damage":33,"enemies":"Gremlin Nob","floor":13,"turns":5},{"damage":7,"enemies":"Blue Slaver","floor":14,"turns":3},{"damage":45,"enemies":"Hexaghost","floor":16,"turns":10},{"damage":11,"enemies":"Chosen","floor":18,"turns":6},{"damage":11,"enemies":"Shell Parasite","floor":19,"turns":7},{"damage":21,"enemies":"Sentry and Sphere","floor":20,"turns":4},{"damage":21,"enemies":"Shelled Parasite and Fungi","floor":22,"turns":7},{"damage":15,"enemies":"Book of Stabbing","floor":23,"turns":3},{"damage":59,"enemies":"Centurion and Healer","floor":25,"turns":8},{"damage":31,"enemies":"Snecko","floor":28,"turns":5},{"damage":36,"enemies":"Snake Plant","floor":29,"turns":3},{"damage":1,"enemies":"Colosseum Slavers","floor":31,"turns":2},{"damage":81,"enemies":"Collector","floor":33,"turns":5}],"seed_played":"-6062085814737979882","potions_obtained":[{"floor":1,"key":"Weak Potion"},{"floor":8,"key":"GamblersBrew"},{"floor":10,"key":"SteroidPotion"},{"floor":16,"key":"AttackPotion"},{"floor":18,"key":"SneckoOil"},{"floor":22,"key":"SmokeBomb"},{"floor":25,"key":"DistilledChaos"}],"is_trial":false,"path_per_floor":["M","M","M","$","?","?","M","M","T","?","M","R","E","M","R","B",null,"M","M","M","?","M","E","R","M","T","R","M","M","$","?","R","B"],"character_chosen":"IRONCLAD","items_purchased":["Blood for Blood","Havoc","Dramatic Entrance","Feed+1","Infernal Blade","Prayer Wheel","DollysMirror","Feel No Pain","Blood for Blood+1","Dramatic Entrance+1","Vajra"],"campfire_rested":5,"item_purchase_floors":[4,4,4,30,30,30,30,30,30,30,30],"current_hp_per_floor":[80,80,80,80,80,80,80,72,72,56,62,80,53,52,76,49,80,75,70,55,47,44,47,71,30,30,54,41,23,23,40,64,0,0],"gold":336,"neow_bonus":"","is_daily":true,"chose_seed":false,"campfire_upgraded":0,"win_rate":0.0,"timestamp":1610099400,"path_taken":["M","M","M","$","?","?","M","M","T","?","M","R","E","M","R","BOSS","M","M","M","?","M","E","R","M","T","R","?","M","$","?","R","BOSS"],"items_purchased_type":["Card","Card","Card","Card","Card","Relic","Relic","Card","Card","Card","Relic"],"build_version":"2020-12-22","purchased_purges":1,"victory":false,"max_hp_per_floor":[80,80,80,80,80,80,80,80,80,80,80,80,80,80,80,80,80,80,80,80,80,80,80,80,80,80,80,80,80,80,80,80,80,80],"card_choices":[{"not_picked":["Intimidate","Metallicize"],"picked":"Iron Wave","floor":0},{"not_picked":["Rampage","Sword Boomerang"],"picked":"Anger","floor":0},{"not_picked":["Havoc","Wild Strike"],"picked":"Clothesline","floor":0},{"not_picked":["Twin Strike","Clash"],"picked":"Anger","floor":0},{"not_picked":["Pommel Strike","Warcry"],"picked":"Flame Barrier","floor":0},{"not_picked":["Warcry","Flex"],"picked":"Disarm","floor":0},{"not_picked":["Fire Breathing","Cleave"],"picked":"Armaments","floor":0},{"not_picked":["Battle Trance","Rupture"],"picked":"Cleave","floor":0},{"not_picked":["Sever Soul","Dual Wield"],"picked":"Sword Boomerang","floor":0},{"not_picked":["Whirlwind","Combust"],"picked":"Wild Strike","floor":0},{"not_picked":["Flex","Reckless Charge"],"picked":"Metallicize","floor":0},{"not_picked":["Entrench","Battle Trance"],"picked":"Shrug It Off","floor":0},{"not_picked":["True Grit","Reckless Charge"],"picked":"Seeing Red","floor":0},{"not_picked":["Clash","Warcry"],"picked":"Cleave","floor":0},{"not_picked":["Disarm","Flex"],"picked":"Thunderclap","floor":0},{"not_picked":["Armaments","True Grit"],"picked":"Perfected Strike","floor":1},{"not_picked":["Hemokinesis","Flex"],"picked":"Ghostly Armor","floor":2},{"not_picked":["Flame Barrier","Rupture"],"picked":"Clothesline","floor":3},{"not_picked":["Wild Strike","Burning Pact"],"picked":"Pommel Strike","floor":7},{"not_picked":["Bloodletting","Battle Trance"],"picked":"Cleave","floor":8},{"not_picked":["Power Through","Pommel Strike"],"picked":"Corruption","floor":10},{"not_picked":["Perfected Strike","Fire Breathing"],"picked":"Intimidate","floor":11},{"not_picked":["Metallicize","Rage"],"picked":"Infernal Blade","floor":13},{"not_picked":["Metallicize","Combust"],"picked":"Clothesline","floor":14},{"not_picked":["Immolate","Corruption"],"picked":"Fiend Fire","floor":16},{"not_picked":["Thunderclap+1","Warcry"],"picked":"Inflame+1","floor":18},{"not_picked":["Armaments","Clothesline+1"],"picked":"Twin Strike+1","floor":19},{"not_picked":["Ghostly Armor","Shrug It Off"],"picked":"Rampage+1","floor":20},{"not_picked":["Dual Wield","Body Slam+1"],"picked":"Twin Strike+1","floor":22},{"not_picked":["Shrug It Off","Spot Weakness"],"picked":"Entrench+1","floor":25},{"not_picked":["Headbutt+1","Intimidate"],"picked":"Heavy Blade+1","floor":28},{"not_picked":["Entrench+1","Anger+1"],"picked":"Pommel Strike+1","floor":29}],"player_experience":101361,"relics_obtained":[{"floor":13,"key":"Gremlin Horn"},{"floor":17,"key":"CeramicFish"},{"floor":17,"key":"Molten Egg 2"},{"floor":17,"key":"Torii"},{"floor":26,"key":"Bag of Preparation"}],"event_choices":[{"damage_healed":0,"gold_gain":175,"player_choice":"AGREE","damage_taken":0,"max_hp_gain":0,"max_hp_loss":0,"event_name":"Liars Game","floor":5,"gold_loss":0,"cards_obtained":["Doubt"]},{"damage_healed":0,"gold_gain":0,"player_choice":"Grow","damage_taken":0,"max_hp_gain":0,"max_hp_loss":0,"event_name":"Living Wall","floor":6,"gold_loss":0,"cards_upgraded":["Seeing Red"]},{"damage_healed":0,"gold_gain":0,"player_choice":"Searched \u00272\u0027 times","damage_taken":0,"relics_obtained":["Meat on the Bone"],"max_hp_gain":0,"max_hp_loss":0,"event_name":"Dead Adventurer","floor":10,"gold_loss":0},{"damage_healed":0,"gold_gain":0,"player_choice":"Damaged","damage_taken":8,"max_hp_gain":0,"max_hp_loss":0,"event_name":"Wheel of Change","floor":21,"gold_loss":0},{"damage_healed":0,"gold_gain":0,"player_choice":"Fight","damage_taken":0,"max_hp_gain":0,"max_hp_loss":0,"event_name":"Colosseum","floor":31,"gold_loss":0},{"damage_healed":0,"gold_gain":0,"player_choice":"Fled From Nobs","damage_taken":0,"max_hp_gain":0,"max_hp_loss":0,"event_name":"Colosseum","floor":31,"gold_loss":0}],"is_beta":false,"boss_relics":[{"not_picked":["Runic Cube","Runic Pyramid"],"picked":"Calling Bell"}],"items_purged_floors":[30],"is_endless":false,"potions_floor_spawned":[1,8,10,13,16,18,22,25,28],"killed_by":"Collector","ascension_level":0}}