{"host":"o0q01dgb4z8zpo6o","time":1610143669,"event":{"mods":["BaseMod","GifTheSpireLib","Minty Spire (QoL Compilation)","Relic Stats","StSLib"],"gold_per_floor":[109,184,196,196,209,209,227,227,227,244,258,271,289,289,289,360,360,370,382,270,283,283,283],"floor_reached":22,"playtime":1044,"items_purged":["Strike_B"],"score":452,"play_id":"14d5b42e-acbc-4e4a-b841-3da543d52d75","local_time":"20210108140749","is_ascension_mode":true,"campfire_choices":[{"data":"Dualcast","floor":6.0,"key":"SMITH"},{"data":"Defragment","floor":8.0,"key":"SMITH"},{"data":"Creative AI","floor":15.0,"key":"SMITH"}],"circlet_count":0,"master_deck":["AscendersBane","Strike_B","Strike_B+1","Defend_B","Defend_B+1","Defend_B","Defend_B","Zap","Dualcast+1","Compile Driver","Undo","Defragment+1","Creative AI+1","Storm","Cold Snap","Amplify","Coolheaded","Hologram","Self Repair","Loop"],"relics":["Cracked Core","NeowsBlessing","HornCleat","Eternal Feather","Snecko Eye"],"acts_visited":["Exordium","TheCity"],"potions_floor_usage":[],"damage_taken":[{"damage":0.0,"enemies":"Cultist","floor":1.0,"turns":1.0},{"damage":0.0,"enemies":"Small Slimes","floor":3.0,"turns":1.0},{"damage":0.0,"enemies":"Jaw Worm","floor":5.0,"turns":1.0},{"damage":0.0,"enemies":"Lots of Slimes","floor":7.0,"turns":3.0},{"damage":2.0,"enemies":"2 Fungi Beasts","floor":10.0,"turns":4.0},{"damage":3.0,"enemies":"Exordium Thugs","floor":11.0,"turns":6.0},{"damage":0.0,"enemies":"Blue Slaver","floor":12.0,"turns":3.0},{"damage":20.0,"enemies":"Lots of Slimes","floor":13.0,"turns":9.0},{"damage":0.0,"enemies":"Slime Boss","floor":16.0,"turns":9.0},{"damage":12.0,"enemies":"Chosen","floor":18.0,"turns":4.0},{"damage":19.0,"enemies":"Spheric Guardian","floor":19.0,"turns":5.0},{"damage":16,"enemies":"Snecko","floor":21,"turns":6},{"damage":34,"enemies":"3 Cultists","floor":22,"turns":5}],"seed_played":"-9051491614077790006","potions_obtained":[{"floor":5.0,"key":"Block Potion"},{"floor":10.0,"key":"LiquidMemories"},{"floor":12.0,"key":"SpeedPotion"},{"floor":16.0,"key":"Weak Potion"}],"is_trial":false,"path_per_floor":["M","T","M","?","M","R","M","R","T","M","M","M","M","?","R","B",null,"M","M","$","M","M"],"character_chosen":"DEFECT","items_purchased":["Self Repair"],"campfire_rested":0,"item_purchase_floors":[20],"current_hp_per_floor":[64,64,64,43,43,43,43,43,43,41,38,38,18,18,27,27,60,48,29,29,27,0,0],"gold":283,"neow_bonus":"THREE_ENEMY_KILL","is_daily":false,"chose_seed":false,"campfire_upgraded":3,"win_rate":0.0,"timestamp":1610143669,"path_taken":["M","?","?","?","M","R","M","R","T","M","M","M","M","?","R","BOSS","M","M","$","?","M"],"items_purchased_type":["Card"],"build_version":"2020-12-22","purchased_purges":1,"victory":false,"max_hp_per_floor":[71,71,71,71,71,71,71,71,71,71,71,71,71,71,71,71,71,71,71,71,71,71,71],"relic_stats":{"counters":[13,57],"Snecko Eye":[35,28,29,35],"Eternal Feather":9,"obtain_stats":[{"HornCleat":2,"NeowsBlessing":0,"Snecko Eye":17,"Eternal Feather":9,"Cracked Core":0},{"HornCleat":1,"NeowsBlessing":0,"Snecko Eye":9,"Eternal Feather":4,"Cracked Core":0},{"HornCleat":1,"NeowsBlessing":0,"Snecko Eye":37,"Eternal Feather":6,"Cracked Core":0}]},"card_choices":[{"not_picked":["Rebound","Gash"],"picked":"Compile Driver","floor":1.0},{"not_picked":["Steam","Redo","Lockon"],"picked":"SKIP","floor":3.0},{"not_picked":["Barrage","Hologram"],"picked":"Undo","floor":5.0},{"not_picked":["Barrage","Rebound"],"picked":"Defragment","floor":7.0},{"not_picked":["Hello World","Streamline","Hologram"],"picked":"SKIP","floor":10.0},{"not_picked":["Conserve Battery","Gash"],"picked":"Creative AI","floor":11.0},{"not_picked":["Redo","Leap"],"picked":"Storm","floor":12.0},{"not_picked":["Conserve Battery","Barrage"],"picked":"Cold Snap","floor":13.0},{"not_picked":["All For One","Seek"],"picked":"Amplify","floor":16.0},{"not_picked":["Rebound","Conserve Battery"],"picked":"Coolheaded","floor":18.0},{"not_picked":["Auto Shields","Blizzard"],"picked":"Hologram","floor":19.0},{"not_picked":["Tempest+1","Rip and Tear"],"picked":"Loop","floor":21}],"player_experience":1072458,"relics_obtained":[{"floor":2.0,"key":"HornCleat"},{"floor":9.0,"key":"Eternal Feather"}],"event_choices":[{"damage_healed":0.0,"max_hp_gain":0.0,"max_hp_loss":0.0,"gold_gain":0.0,"event_name":"Shining Light","player_choice":"Entered Light","floor":4.0,"gold_loss":0.0,"damage_taken":21.0,"cards_upgraded":["Defend_B","Strike_B"]},{"cards_removed":["Strike_B"],"damage_healed":0.0,"max_hp_gain":0.0,"max_hp_loss":0.0,"gold_gain":0.0,"event_name":"Purifier","player_choice":"Purged","floor":14.0,"gold_loss":0.0,"damage_taken":0.0}],"is_beta":false,"boss_relics":[{"not_picked":["Pandora\u0027s Box","Ectoplasm"],"picked":"Snecko Eye"}],"items_purged_floors":[20],"is_endless":false,"potions_floor_spawned":[5,10,12,16],"killed_by":"3 Cultists","ascension_level":19}}