{"host":"Zion","time":1610088581,"event":{"mods":["AchievementEnabler","BaseMod","Colored Map","DeckTracker","Minty Spire (QoL Compilation)","Quick Restart","Rare Cards Sparkle"],"gold_per_floor":[109,128,53,69,69,69,87,87,87,87,87,87,50,63,63,194,194,218,254,169,69,93,131,131,166,166,166,181,196,211,211,211],"floor_reached":31,"playtime":1334,"items_purged":["Strike_G","Defend_G"],"score":334,"play_id":"e2ff3a02-87cf-436c-9697-1c56135c2d32","local_time":"20210108154941","is_ascension_mode":true,"campfire_choices":[{"data":"Crippling Poison","floor":6.0,"key":"SMITH"},{"data":"Backflip","floor":8.0,"key":"SMITH"},{"data":"Neutralize","floor":10.0,"key":"SMITH"},{"data":"PiercingWail","floor":12.0,"key":"SMITH"},{"data":"Noxious Fumes","floor":15.0,"key":"SMITH"},{"data":"Corpse Explosion","floor":24.0,"key":"SMITH"}],"circlet_count":0,"master_deck":["Strike_G","Strike_G","Strike_G","Strike_G","Defend_G","Defend_G","Defend_G","Defend_G","Survivor","Neutralize+1","Crippling Poison+1","Backflip+1","PiercingWail+1","Noxious Fumes+1","Deadly Poison","Corpse Explosion+1","Leg Sweep+1"],"relics":["Ring of the Snake","NeowsBlessing","Golden Idol","Cursed Key","Red Mask","Kunai","Bronze Scales","Potion Belt"],"acts_visited":["Exordium","TheCity"],"potions_floor_usage":[31,31,31],"damage_taken":[{"damage":0.0,"enemies":"Jaw Worm","floor":1.0,"turns":1.0},{"damage":0.0,"enemies":"2 Louse","floor":2.0,"turns":1.0},{"damage":0.0,"enemies":"Cultist","floor":4.0,"turns":1.0},{"damage":1.0,"enemies":"2 Fungi Beasts","floor":7.0,"turns":3.0},{"damage":10.0,"enemies":"Looter","floor":14.0,"turns":4.0},{"damage":26.0,"enemies":"Hexaghost","floor":16.0,"turns":11.0},{"damage":0.0,"enemies":"3 Byrds","floor":18.0,"turns":2.0},{"damage":5.0,"enemies":"Masked Bandits","floor":19.0,"turns":3.0},{"damage":1.0,"enemies":"Chosen","floor":22.0,"turns":4.0},{"damage":17.0,"enemies":"Book of Stabbing","floor":23.0,"turns":6.0},{"damage":10.0,"enemies":"Gremlin Leader","floor":25.0,"turns":5.0},{"damage":7.0,"enemies":"Centurion and Healer","floor":28.0,"turns":4.0},{"damage":21.0,"enemies":"Snake Plant","floor":29.0,"turns":4.0},{"damage":0.0,"enemies":"Shelled Parasite and Fungi","floor":30.0,"turns":4.0},{"damage":15,"enemies":"Slavers","floor":31,"turns":2}],"seed_played":"1059986732575478675","potions_obtained":[{"floor":1.0,"key":"SpeedPotion"},{"floor":16.0,"key":"Ancient Potion"},{"floor":22.0,"key":"Strength Potion"},{"floor":25.0,"key":"GamblersBrew"},{"floor":29.0,"key":"Weak Potion"},{"floor":30.0,"key":"PowerPotion"}],"is_trial":false,"path_per_floor":["M","M","$","M","?","R","M","R","T","R","?","R","$","M","R","B",null,"M","?","?","$","M","E","R","E","T","T","M","M","M","E"],"character_chosen":"THE_SILENT","items_purchased":["Noxious Fumes"],"campfire_rested":0,"item_purchase_floors":[13],"current_hp_per_floor":[70,70,70,70,53,53,52,52,52,52,57,57,57,47,47,21,75,75,70,70,70,69,52,52,42,42,42,35,14,14,0,0],"gold":211,"neow_bonus":"THREE_ENEMY_KILL","is_daily":false,"chose_seed":false,"campfire_upgraded":6,"win_rate":0.0,"timestamp":1610088581,"path_taken":["M","M","$","M","?","R","M","R","T","R","?","R","$","M","R","BOSS","M","?","?","$","M","E","R","E","T","?","M","?","M","E"],"items_purchased_type":["Card"],"build_version":"2020-12-18","purchased_purges":2,"victory":false,"max_hp_per_floor":[70,70,70,70,70,70,70,70,70,70,75,75,75,75,75,75,75,75,75,75,75,75,75,75,75,75,75,75,75,75,75,75],"card_choices":[{"not_picked":["Reflex","Deadly Poison"],"picked":"Crippling Poison","floor":1.0},{"not_picked":["Dagger Throw","Slice","Leg Sweep"],"picked":"SKIP","floor":2.0},{"not_picked":["Dagger Spray","Flying Knee"],"picked":"Backflip","floor":4.0},{"not_picked":["Heel Hook","Bane"],"picked":"PiercingWail","floor":7.0},{"not_picked":["PiercingWail","Dash"],"picked":"Deadly Poison","floor":14.0},{"not_picked":["Phantasmal Killer","Tools of the Trade"],"picked":"Corpse Explosion","floor":16.0},{"not_picked":["Noxious Fumes","Sucker Punch+1","Finisher"],"picked":"SKIP","floor":18.0},{"not_picked":["Riddle With Holes","Flying Knee+1","Acrobatics"],"picked":"SKIP","floor":22.0},{"not_picked":["Dagger Throw","Choke","Crippling Poison"],"picked":"SKIP","floor":23.0},{"not_picked":["Unload","Prepared","Acrobatics"],"picked":"SKIP","floor":25.0},{"not_picked":["Flying Knee","Riddle With Holes","Reflex+1"],"picked":"SKIP","floor":28.0},{"not_picked":["Expertise","Eviscerate","Deadly Poison"],"picked":"SKIP","floor":29.0},{"not_picked":["Accuracy","Prepared+1"],"picked":"Leg Sweep+1","floor":30.0}],"player_experience":206379,"relics_obtained":[{"floor":19.0,"key":"Red Mask"},{"floor":23.0,"key":"Bronze Scales"},{"floor":25.0,"key":"Potion Belt"}],"event_choices":[{"damage_healed":0.0,"max_hp_gain":0.0,"max_hp_loss":0.0,"gold_gain":0.0,"event_name":"Golden Idol","player_choice":"Take Damage","floor":5.0,"gold_loss":0.0,"damage_taken":17.0,"relics_obtained":["Golden Idol"]},{"damage_healed":0.0,"max_hp_gain":5.0,"max_hp_loss":0.0,"gold_gain":0.0,"event_name":"Big Fish","player_choice":"Donut","floor":11.0,"gold_loss":0.0,"damage_taken":0.0},{"damage_healed":0.0,"max_hp_gain":0.0,"max_hp_loss":0.0,"gold_gain":0.0,"event_name":"Masked Bandits","player_choice":"Fought Bandits","floor":19.0,"gold_loss":0.0,"damage_taken":0.0},{"damage_healed":0.0,"max_hp_gain":0.0,"max_hp_loss":0.0,"gold_gain":0.0,"event_name":"Addict","player_choice":"Obtained Relic","floor":20.0,"gold_loss":85.0,"damage_taken":0.0,"relics_obtained":["Kunai"]}],"is_beta":true,"boss_relics":[{"not_picked":["Coffee Dripper","SacredBark"],"picked":"Cursed Key"}],"items_purged_floors":[3,21],"is_endless":false,"potions_floor_spawned":[1,16,22,25,29,30],"killed_by":"Slavers","ascension_level":3}}