{"host":"3jpwrwmmgyabjceh","time":1610146317,"event":{"mods":["AchievementEnabler","BaseMod","Colored Map","Colored Powertips","Highlight Path","Minty Spire (QoL Compilation)","Quick Restart","Relic Stats","StSLib","SuperFastMode"],"gold_per_floor":[115,65,15,15,30,44,73,73,73,90,365,365,380,397,397,397,397],"floor_reached":16,"playtime":388,"items_purged":[],"score":122,"play_id":"350ea616-7f03-4605-a2e3-af4a82ad0fa7","local_time":"20210109015157","is_ascension_mode":true,"campfire_choices":[{"data":"Eruption","floor":8,"key":"SMITH"},{"floor":12,"key":"REST"},{"data":"CutThroughFate","floor":15,"key":"SMITH"}],"circlet_count":0,"master_deck":["Strike_P","Strike_P","Defend_P","Defend_P","Defend_P","Eruption+1","Vigilance","EmptyFist","Crescendo+1","PathToVictory","CutThroughFate+1","Halt","Conclude+1","Regret","LessonLearned","ClearTheMind+1"],"relics":["Empty Cage","Damaru","Toxic Egg 2"],"acts_visited":["Exordium"],"potions_floor_usage":[10,14,16],"damage_taken":[{"damage":0,"enemies":"2 Louse","floor":1,"turns":2},{"damage":0,"enemies":"Cultist","floor":5,"turns":3},{"damage":2,"enemies":"Jaw Worm","floor":6,"turns":3},{"damage":30,"enemies":"Lagavulin","floor":7,"turns":5},{"damage":26,"enemies":"Gremlin Gang","floor":10,"turns":5},{"damage":0,"enemies":"2 Fungi Beasts","floor":13,"turns":1},{"damage":18,"enemies":"Large Slime","floor":14,"turns":7},{"damage":25,"enemies":"Slime Boss","floor":16,"turns":4}],"seed_played":"760072972994805888","potions_obtained":[{"floor":5,"key":"Dexterity Potion"},{"floor":7,"key":"BottledMiracle"},{"floor":10,"key":"Fruit Juice"}],"is_trial":false,"path_per_floor":["M","?","$","?","M","M","E","R","T","M","?","R","M","M","R","B"],"character_chosen":"WATCHER","items_purchased":["Crescendo"],"campfire_rested":1,"item_purchase_floors":[3],"current_hp_per_floor":[72,72,72,72,72,70,40,40,40,19,19,42,42,24,24,0,0],"gold":397,"neow_bonus":"BOSS_RELIC","is_daily":false,"chose_seed":false,"campfire_upgraded":2,"win_rate":0.0,"timestamp":1610146317,"path_taken":["M","?","$","?","?","M","E","R","T","M","?","R","?","M","R","BOSS"],"items_purchased_type":["Card"],"build_version":"2020-12-22","purchased_purges":0,"victory":false,"max_hp_per_floor":[72,72,72,72,72,72,72,72,72,77,77,77,77,77,77,77,77],"relic_stats":{"counters":[8,30],"obtain_stats":[{"Damaru":7,"PureWater":0,"Toxic Egg 2":9,"Empty Cage":0},{"Damaru":4,"PureWater":0,"Toxic Egg 2":4,"Empty Cage":0},{"Damaru":13,"PureWater":0,"Toxic Egg 2":13,"Empty Cage":0}]},"card_choices":[{"not_picked":["FlyingSleeves","Evaluate"],"picked":"EmptyFist","floor":1},{"not_picked":["EmptyBody","CrushJoints"],"picked":"PathToVictory","floor":5},{"not_picked":["EmptyBody","SandsOfTime"],"picked":"CutThroughFate","floor":6},{"not_picked":["BattleHymn","EmptyMind"],"picked":"Halt","floor":7},{"not_picked":["ThirdEye+1","ClearTheMind+1"],"picked":"Conclude","floor":10},{"not_picked":["Conclude","SignatureMove"],"picked":"LessonLearned","floor":13},{"not_picked":["FlyingSleeves","JustLucky"],"picked":"ClearTheMind+1","floor":14}],"player_experience":238925,"relics_obtained":[{"floor":7,"key":"Damaru"},{"floor":9,"key":"Toxic Egg 2"}],"event_choices":[{"cards_removed":["Strike_P"],"damage_healed":0,"gold_gain":0,"player_choice":"Card Removal","damage_taken":0,"max_hp_gain":0,"max_hp_loss":0,"event_name":"The Cleric","floor":2,"gold_loss":50},{"damage_healed":0,"gold_gain":0,"player_choice":"Upgraded","damage_taken":0,"max_hp_gain":0,"max_hp_loss":0,"event_name":"Upgrade Shrine","floor":4,"gold_loss":0,"cards_upgraded":["Crescendo"]},{"damage_healed":0,"gold_gain":275,"player_choice":"Desecrate","damage_taken":0,"max_hp_gain":0,"max_hp_loss":0,"event_name":"Golden Shrine","floor":11,"gold_loss":0,"cards_obtained":["Regret"]}],"is_beta":false,"boss_relics":[],"items_purged_floors":[],"is_endless":false,"potions_floor_spawned":[5,7,10],"killed_by":"Slime Boss","ascension_level":4}}