{"host":"s41rn2jhghpwfrvz","time":1610106955,"event":{"mods":["BaseMod","Minty Spire (QoL Compilation)","Quick Restart","Relic Stats","SuperFastMode"],"gold_per_floor":[115,134,134,144,154,184,197,197,245,255,288,288,305,334,334,411,411,428,223,240,253,523,555,555,581,627,654,668,668,668],"floor_reached":29,"playtime":900,"items_purged":["Static Discharge"],"score":664,"play_id":"78ef61ac-d851-43c2-bb40-245ea22bfa02","local_time":"20210108135555","daily_mods":["SealedDeck","Diverse","DeadlyEvents"],"is_ascension_mode":true,"campfire_choices":[{"data":"Finisher","floor":12.0,"key":"SMITH"},{"data":"Prostrate","floor":15.0,"key":"SMITH"},{"floor":24.0,"key":"DIG"}],"circlet_count":0,"master_deck":["AscendersBane","Finisher+1","Steam","Battle Trance","Accuracy","Infinite Blades","Beam Cell+1","Ghostly Armor","PiercingWail","Prostrate+1","Skim+1","Recycle+1","Turbo+1","TalkToTheHand"],"relics":["Burning Blood","Dream Catcher","Kunai","Strawberry","Red Skull","Nunchaku","Calling Bell","Centennial Puzzle","Toxic Egg 2","Shovel","Membership Card","Anchor","Whetstone","Paper Frog","Happy Flower","StrikeDummy"],"acts_visited":["Exordium","TheCity"],"potions_floor_usage":[],"damage_taken":[{"damage":0.0,"enemies":"2 Louse","floor":1.0,"turns":2.0},{"damage":0.0,"enemies":"Cultist","floor":2.0,"turns":2.0},{"damage":4.0,"enemies":"Small Slimes","floor":4.0,"turns":4.0},{"damage":2.0,"enemies":"Red Slaver","floor":5.0,"turns":3.0},{"damage":35.0,"enemies":"Gremlin Nob","floor":6.0,"turns":4.0},{"damage":0.0,"enemies":"Looter","floor":7.0,"turns":2.0},{"damage":8.0,"enemies":"Blue Slaver","floor":10.0,"turns":3.0},{"damage":38.0,"enemies":"3 Sentries","floor":11.0,"turns":7.0},{"damage":10.0,"enemies":"Exordium Wildlife","floor":13.0,"turns":3.0},{"damage":5.0,"enemies":"Gremlin Nob","floor":14.0,"turns":3.0},{"damage":2.0,"enemies":"Hexaghost","floor":16.0,"turns":4.0},{"damage":0.0,"enemies":"Spheric Guardian","floor":18.0,"turns":3.0},{"damage":0.0,"enemies":"2 Thieves","floor":20.0,"turns":3.0},{"damage":19.0,"enemies":"Sentry and Sphere","floor":21.0,"turns":4.0},{"damage":0.0,"enemies":"Gremlin Leader","floor":23.0,"turns":3.0},{"damage":35,"enemies":"Slavers","floor":25,"turns":6},{"damage":4,"enemies":"Book of Stabbing","floor":27,"turns":4},{"damage":7,"enemies":"Cultist and Chosen","floor":28,"turns":5},{"damage":33,"enemies":"Slavers","floor":29,"turns":3}],"seed_played":"2962536308051705093","potions_obtained":[{"floor":4.0,"key":"Energy Potion"},{"floor":5.0,"key":"EssenceOfSteel"},{"floor":14.0,"key":"Dexterity Potion"},{"floor":28,"key":"Ancient Potion"}],"is_trial":true,"path_per_floor":["M","M","?","M","M","E","M","?","T","M","E","R","M","E","R","B",null,"M","$","M","M","?","E","R","E","T","E","M","E"],"character_chosen":"IRONCLAD","items_purchased":["Membership Card"],"campfire_rested":0,"item_purchase_floors":[19],"current_hp_per_floor":[74,75,75,75,75,46,52,59,59,57,25,25,21,22,22,26,68,74,74,80,67,40,46,46,17,17,19,18,0,0],"gold":668,"neow_bonus":"","is_daily":false,"chose_seed":false,"campfire_upgraded":2,"win_rate":0.0,"timestamp":1610106955,"path_taken":["M","M","?","?","M","E","M","?","T","M","E","R","M","E","R","BOSS","M","$","?","M","?","E","R","?","T","E","M","E"],"items_purchased_type":["Relic"],"build_version":"2020-12-22","purchased_purges":1,"victory":false,"max_hp_per_floor":[75,75,75,75,75,75,75,82,82,82,82,82,82,82,82,82,82,82,82,82,82,82,82,82,82,82,82,82,82,82],"relic_stats":{"Dream Catcher":0,"Nunchaku":[8],"Centennial Puzzle":[15],"Shovel":1,"Happy Flower":[4],"counters":[19,68],"Kunai":[25],"Whetstone":["Beam Cell"],"obtain_stats":[{"Happy Flower":26,"Whetstone":24,"Burning Blood":0,"Calling Bell":17,"Dream Catcher":3,"Nunchaku":14,"Centennial Puzzle":17,"Anchor":23,"Shovel":17,"Strawberry":8,"Kunai":6,"Membership Card":19,"Toxic Egg 2":17,"StrikeDummy":27,"Red Skull":11,"Paper Frog":25},{"Happy Flower":16,"Whetstone":15,"Burning Blood":0,"Calling Bell":11,"Dream Catcher":2,"Nunchaku":10,"Centennial Puzzle":11,"Anchor":15,"Shovel":11,"Strawberry":6,"Kunai":5,"Membership Card":12,"Toxic Egg 2":11,"StrikeDummy":17,"Red Skull":8,"Paper Frog":16},{"Happy Flower":56,"Whetstone":50,"Burning Blood":0,"Calling Bell":37,"Dream Catcher":4,"Nunchaku":33,"Centennial Puzzle":37,"Anchor":50,"Shovel":37,"Strawberry":17,"Kunai":15,"Membership Card":40,"Toxic Egg 2":37,"StrikeDummy":60,"Red Skull":27,"Paper Frog":56}],"Burning Blood":97},"card_choices":[{"not_picked":["Twin Strike","Slice","Go for the Eyes"],"picked":"SKIP","floor":1.0},{"not_picked":["Anger","Cloak And Dagger","Pommel Strike"],"picked":"SKIP","floor":2.0},{"not_picked":["Backstab","ClearTheMind","Shockwave"],"picked":"SKIP","floor":4.0},{"not_picked":["PathToVictory","Crippling Poison","Feed"],"picked":"SKIP","floor":5.0},{"not_picked":["Poisoned Stab","Thunderclap","Spot Weakness"],"picked":"SKIP","floor":6.0},{"not_picked":["WheelKick","Dodge and Roll","Double Energy"],"picked":"SKIP","floor":7.0},{"not_picked":["ThirdEye","Reckless Charge","Doppelganger"],"picked":"SKIP","floor":10.0},{"not_picked":["Masterful Stab","Twin Strike","Dodge and Roll"],"picked":"SKIP","floor":11.0},{"not_picked":["Dagger Throw","EmptyBody"],"picked":"Prostrate","floor":13.0},{"not_picked":["Perfected Strike","Calculated Gamble","WreathOfFlame"],"picked":"SKIP","floor":14.0},{"not_picked":["Metallicize","Crescendo+1","Pummel"],"picked":"SKIP","floor":18.0},{"not_picked":["Bouncing Flask+1","Loop"],"picked":"Skim+1","floor":20.0},{"not_picked":["Ball Lightning","Well Laid Plans+1","Recycle+1"],"picked":"SKIP","floor":21.0},{"not_picked":["Ball Lightning","Well Laid Plans+1"],"picked":"Recycle+1","floor":21.0},{"not_picked":["Cleave","Defragment"],"picked":"Turbo+1","floor":23.0},{"not_picked":["WreathOfFlame+1","Leap+1","Eviscerate"],"picked":"SKIP","floor":25},{"not_picked":["Gash","Reprogram+1","Storm of Steel+1"],"picked":"SKIP","floor":27},{"not_picked":["Halt+1","Slice"],"picked":"TalkToTheHand","floor":28}],"player_experience":1675391,"relics_obtained":[{"floor":6.0,"key":"Kunai"},{"floor":8.0,"key":"Strawberry"},{"floor":11.0,"key":"Red Skull"},{"floor":14.0,"key":"Nunchaku"},{"floor":17.0,"key":"Centennial Puzzle"},{"floor":17.0,"key":"Toxic Egg 2"},{"floor":17.0,"key":"Shovel"},{"floor":23.0,"key":"Anchor"},{"floor":24.0,"key":"Whetstone"},{"floor":25,"key":"Paper Frog"},{"floor":26,"key":"Happy Flower"},{"floor":27,"key":"StrikeDummy"}],"event_choices":[{"cards_removed":["WheelKick"],"damage_healed":0.0,"max_hp_gain":0.0,"max_hp_loss":0.0,"gold_gain":0.0,"event_name":"WeMeetAgain","player_choice":"Gave Card","floor":3.0,"gold_loss":0.0,"damage_taken":0.0,"relics_obtained":["Dream Catcher"]},{"damage_healed":0.0,"max_hp_gain":0.0,"max_hp_loss":0.0,"gold_gain":0.0,"event_name":"Wheel of Change","player_choice":"Relic","floor":8.0,"gold_loss":0.0,"damage_taken":0.0},{"damage_healed":0.0,"max_hp_gain":0.0,"max_hp_loss":0.0,"gold_gain":270.0,"event_name":"Knowing Skull","player_choice":"GOLD GOLD GOLD ","floor":22.0,"potions_obtained":[],"gold_loss":0.0,"damage_taken":27.0,"cards_obtained":[]}],"is_beta":false,"boss_relics":[{"not_picked":["Fusion Hammer","Velvet Choker"],"picked":"Calling Bell"}],"items_purged_floors":[19],"is_endless":false,"potions_floor_spawned":[4,5,6,11,13,14,20,23,27,28],"killed_by":"Slavers","ascension_level":20}}