{"host":"i0avyit1s6jb1siw","time":1610116556,"event":{"mods":["BaseMod","DeckTracker","Dota2Spire","Highlight Path","Minty Spire (QoL Compilation)","Quick Restart","StSLib","SuperFastMode"],"gold_per_floor":[20,37,37,62,82,82,118,178,178,178,178,201,201,217,217,217,217],"floor_reached":16,"playtime":400,"items_purged":[],"score":204,"play_id":"6b333377-3313-4826-b0a3-be5a3bd57955","local_time":"20210108153556","is_ascension_mode":true,"campfire_choices":[{"data":"Venomology","floor":6,"key":"SMITH"},{"floor":11,"key":"REST"},{"data":"Finisher","floor":15,"key":"SMITH"}],"circlet_count":0,"master_deck":["AscendersBane","Strike_G","Strike_G+1","Strike_G","Strike_G","Strike_G","Defend_G","Defend_G","Defend_G","Defend_G","Defend_G","Survivor","Neutralize","Venomology+1","Tactician","Dash","Infinite Blades+1","Underhanded Strike","Finisher+1"],"relics":["Ring of the Snake","Golden Idol","Eternal Feather"],"acts_visited":[],"potions_floor_usage":[4,5,7,7,14,16,16,16],"damage_taken":[{"damage":7,"enemies":"Jaw Worm","floor":1,"turns":9},{"damage":1,"enemies":"Small Slimes","floor":2,"turns":4},{"damage":2,"enemies":"2 Louse","floor":4,"turns":4},{"damage":18,"enemies":"Exordium Wildlife","floor":5,"turns":6},{"damage":27,"enemies":"Lagavulin","floor":7,"turns":7},{"damage":0,"enemies":"3 Louse","floor":12,"turns":5},{"damage":3,"enemies":"Blue Slaver","floor":14,"turns":6},{"damage":34,"enemies":"Slime Boss","floor":16,"turns":7}],"seed_played":"1446575514329116704","potions_obtained":[{"floor":2,"key":"Weak Potion"}],"is_trial":false,"path_per_floor":["M","M","?","M","M","R","E","?","T","?","R","M","?","M","R","B"],"character_chosen":"THE_SILENT","items_purchased":[],"campfire_rested":1,"item_purchase_floors":[],"current_hp_per_floor":[52,51,51,49,31,31,4,4,4,9,37,37,17,14,23,0,0],"gold":217,"neow_bonus":"THREE_RARE_CARDS","is_daily":false,"chose_seed":false,"campfire_upgraded":2,"win_rate":0.0,"timestamp":1610116556,"path_taken":["M","M","?","M","M","R","E","?","T","?","R","M","?","M","R","BOSS"],"items_purchased_type":[],"build_version":"2020-12-22","purchased_purges":0,"victory":false,"max_hp_per_floor":[66,66,60,60,60,60,60,60,60,65,65,65,65,65,65,65,65],"card_choices":[{"not_picked":["Night Terror","Doppelganger"],"picked":"Venomology","floor":0},{"not_picked":["Backflip","Caltrops","Slice"],"picked":"SKIP","floor":1},{"not_picked":["Slice","Acrobatics"],"picked":"Tactician","floor":2},{"not_picked":["Expertise","Backstab"],"picked":"Dash","floor":4},{"not_picked":["Poisoned Stab","Dash"],"picked":"Infinite Blades","floor":5},{"not_picked":["Deadly Poison","PiercingWail"],"picked":"Underhanded Strike","floor":7},{"not_picked":["Outmaneuver","Quick Slash"],"picked":"Finisher","floor":12},{"not_picked":["Outmaneuver","Underhanded Strike","Riddle With Holes"],"picked":"SKIP","floor":14}],"player_experience":2185546,"relics_obtained":[{"floor":7,"key":"Eternal Feather"}],"event_choices":[{"damage_healed":0,"gold_gain":0,"player_choice":"Lose Max HP","damage_taken":0,"relics_obtained":["Golden Idol"],"max_hp_gain":0,"max_hp_loss":6,"event_name":"Golden Idol","floor":3,"gold_loss":0},{"damage_healed":0,"gold_gain":60,"player_choice":"Gained Gold","damage_taken":0,"max_hp_gain":0,"max_hp_loss":0,"event_name":"Golden Wing","floor":8,"gold_loss":0},{"damage_healed":0,"gold_gain":0,"player_choice":"Donut","damage_taken":0,"max_hp_gain":5,"max_hp_loss":0,"event_name":"Big Fish","floor":10,"gold_loss":0},{"damage_healed":0,"gold_gain":0,"player_choice":"Entered Light","damage_taken":20,"max_hp_gain":0,"max_hp_loss":0,"event_name":"Shining Light","floor":13,"gold_loss":0,"cards_upgraded":["Infinite Blades","Strike_G"]}],"is_beta":false,"boss_relics":[],"items_purged_floors":[],"is_endless":false,"potions_floor_spawned":[2,4,5],"killed_by":"Slime Boss","ascension_level":20}}