{"host":"w5ovz9boloi14a0g","time":1610085944,"event":{"mods":["BaseMod","Downfall","Googly Eyes","Minty Spire (QoL Compilation)","StSLib","SuperFastMode"],"gold_per_floor":[99,111,121,221,124,144,170,183,183,193,193,222,222,238,248,350,400,400,411,411,411,411],"floor_reached":20,"playtime":857,"items_purged":[],"score":166,"play_id":"c5dc8ce4-50a9-4571-bea9-63f68278b940","local_time":"20210108000544","is_ascension_mode":false,"campfire_choices":[{"data":"hexamod:Sear","floor":1,"key":"SMITH"},{"data":"hexamod:AdvancingGuard","floor":11,"key":"SMITH"},{"data":"hexamod:ThermalTransfer","floor":13,"key":"SMITH"},{"data":"hexamod:InspiringFlames","floor":18,"key":"SMITH"}],"circlet_count":0,"master_deck":["hexamod:Strike","hexamod:Strike","hexamod:Strike","hexamod:Strike","hexamod:Defend+1","hexamod:Defend","hexamod:Defend","hexamod:Defend","hexamod:Sear+1","hexamod:Float","hexamod:InspiringFlames+1","hexamod:ThermalTransfer+1","hexamod:PhantomFireball","hexamod:AdvancingGuard+1","hexamod:FlamesFromBeyond","hexamod:GhostflameBarrier"],"relics":["hexamod:SpiritBrand","Smiling Mask","Boot","Odd Mushroom","Tiny House"],"acts_visited":["Exordium","TheCity"],"potions_floor_usage":[],"damage_taken":[{"damage":0,"enemies":"Jaw Worm","floor":2,"turns":3},{"damage":0,"enemies":"Cultist","floor":3,"turns":3},{"damage":0,"enemies":"downfall:FleeingMerchant","floor":5,"turns":4},{"damage":0,"enemies":"Small Slimes","floor":6,"turns":3},{"damage":0,"enemies":"Red Slaver","floor":8,"turns":4},{"damage":5,"enemies":"Large Slime","floor":10,"turns":6},{"damage":4,"enemies":"The Mushroom Lair","floor":12,"turns":5},{"damage":5,"enemies":"Gremlin Gang","floor":14,"turns":4},{"damage":1,"enemies":"Blue Slaver","floor":15,"turns":4},{"damage":31,"enemies":"downfall:Silent","floor":16,"turns":12},{"damage":14,"enemies":"Spheric Guardian","floor":19,"turns":6},{"damage":67,"enemies":"downfall:LadyInBlue","floor":20,"turns":14}],"seed_played":"-4908965231770579857","potions_obtained":[{"floor":6,"key":"Guardian:BlockOnCardUsePotion"},{"floor":8,"key":"Strength Potion"},{"floor":10,"key":"champ:CounterPotion"}],"is_trial":false,"path_per_floor":["R","M","M","?","$","M","T","M","?","M","R","?","R","M","M","B",null,"R","M","?"],"character_chosen":"THE_SPIRIT","items_purchased":["hexamod:PhantomFireball"],"campfire_rested":0,"item_purchase_floors":[5],"current_hp_per_floor":[70,70,70,70,70,70,70,70,70,65,65,61,61,56,55,24,75,75,61,0,0,0],"gold":411,"neow_bonus":"RANDOM_COMMON_RELIC","is_daily":false,"chose_seed":false,"campfire_upgraded":4,"win_rate":0.0,"timestamp":1610085944,"path_taken":["R","M","M","?","?","M","T","M","?","?","R","?","R","M","M","BOSS","R","M","?"],"items_purchased_type":["Card"],"build_version":"2020-12-22","purchased_purges":0,"victory":false,"max_hp_per_floor":[70,70,70,70,70,70,70,70,70,70,70,70,70,70,70,70,75,75,75,75,75,75],"card_choices":[{"not_picked":["hexamod:GhostOfSpirePresent","hexamod:NecessarySacrifice"],"picked":"hexamod:InspiringFlames","floor":2},{"not_picked":["hexamod:NightmareGuise","hexamod:Hexaguard"],"picked":"hexamod:ThermalTransfer","floor":3},{"not_picked":["hexamod:NightmareGuise","hexamod:BurningTouch","hexamod:Hexaguard"],"picked":"SKIP","floor":5},{"not_picked":["hexamod:UnleashSpirits","hexamod:BurningTouch"],"picked":"hexamod:AdvancingGuard","floor":6},{"not_picked":["hexamod:SpectersWail","hexamod:AdvancingGuard","hexamod:GhostShield"],"picked":"SKIP","floor":8},{"not_picked":["hexamod:RainOfEmbers","hexamod:SpectersWail"],"picked":"hexamod:FlamesFromBeyond","floor":10},{"not_picked":["hexamod:GhostOfSpirePresent","hexamod:NightmareGuise"],"picked":"hexamod:GhostflameBarrier","floor":12},{"not_picked":["hexamod:BurningTouch","hexamod:NecessarySacrifice","hexamod:GhostLash"],"picked":"SKIP","floor":14},{"not_picked":["hexamod:PhantomFireball","hexamod:ChargedBarrage","hexamod:ShieldOfDarkness"],"picked":"SKIP","floor":15},{"not_picked":["hexamod:ThermalTransfer","hexamod:HeatShield","hexamod:ShieldOfDarkness"],"picked":"SKIP","floor":19}],"player_experience":75481,"relics_obtained":[{"floor":7,"key":"Boot"},{"floor":12,"key":"Odd Mushroom"}],"event_choices":[{"damage_healed":0,"gold_gain":0,"player_choice":"Ignored","damage_taken":0,"max_hp_gain":0,"max_hp_loss":0,"event_name":"Transmorgrifier","floor":9,"gold_loss":0},{"damage_healed":0,"gold_gain":0,"player_choice":"Fought Mushrooms","damage_taken":0,"max_hp_gain":0,"max_hp_loss":0,"event_name":"Mushrooms","floor":12,"gold_loss":0}],"is_beta":false,"boss_relics":[{"not_picked":["Cursed Key","Astrolabe"],"picked":"Tiny House"}],"items_purged_floors":[],"is_endless":false,"potions_floor_spawned":[6,8,10,12,15],"killed_by":"downfall:LadyInBlue","ascension_level":0}}