{"host":"dn6kke80v5f7isus","time":1610118109,"event":{"mods":["AchievementEnabler","Act Like it!","BaseMod","Colored Powertips","Custom Start","Defuse TimeMaze Blight","Downfall","Duelist Mod","Gremlin Skip","Highlight Path","Hubris","Infinite Spire","Minty Spire (QoL Compilation)","Rare Cards Sparkle","Replay The Spire","StSLib","Uncapped"],"gold_per_floor":[138,138,138,138,138,172,192,209,209,209,242,80,80,93,93,190,190,204,204,315,515,21817,21817,21844,21885,21967,21507,21545,21566,21611,21642,21642,21793,21793,21818,21842,21864,21929,21969,22036,22065,22065,22065,22252,22252],"floor_reached":44,"playtime":1908,"items_purged":["theDuelist:ClownZombie"],"score":795,"play_id":"0b38e9cb-231e-49ee-86a7-8755c32d8f4e","local_time":"20210108100149","is_ascension_mode":true,"campfire_choices":[{"data":"theDuelist:SupersonicSkullFlame","floor":13.0,"key":"SMITH"},{"floor":15.0,"key":"REST"},{"data":"theDuelist:GhostrickWarwolf","floor":23.0,"key":"SMITH"},{"data":"theDuelist:BloodSparks","floor":32.0,"key":"SMITH"}],"circlet_count":0,"master_deck":["theDuelist:ZombieCorpse","theDuelist:ZombieCorpse","theDuelist:ArmoredZombie","theDuelist:ArmoredZombie","theDuelist:ArmoredZombie","theDuelist:ClownZombie+1","theDuelist:PatricianDarkness","theDuelist:ShallowGrave+1","theDuelist:SkullConductor","theDuelist:TutanMask","theDuelist:PyramidLight","theDuelist:Chopman+1","theDuelist:FusionGuard","theDuelist:BloodSparks+1","theDuelist:RyuKokki","theDuelist:DesLacooda","theDuelist:Relinkuriboh+1","theDuelist:CurseDarkness","theDuelist:Wasteland+1","theDuelist:Chewbone","ReplayTheSpireMod:Haul","theDuelist:Relinkuriboh+1"],"relics":["theDuelist:MillenniumPuzzle","theDuelist:CardPoolRelic","theDuelist:CardPoolBasicRelic","theDuelist:BoosterPackPoolRelic","theDuelist:CardPoolAddRelic","theDuelist:CardPoolMinusRelic","theDuelist:CardPoolSaveRelic","theDuelist:CardPoolOptionsRelic","hubris:Towel","infinitespire:BottledMercury","Chameleon Ring","MealTicket","SlaversCollar","hubris:Icosahedron","hubris:SphereOfDissonance","Guardian:PocketSentry","theDuelist:MillenniumToken","Replay:Bandana","infinitespire:EmpoweringShard","Blood Vial","theDuelist:DuelistOrichalcum","Peace Pipe","hexamod:BolsterEngine","hubris:Stopwatch","Anchor","ReplayFunnel","theDuelist:SummonAnchor","hubris:MedicalManual"],"acts_visited":["Exordium","TheCity","TheBeyond"],"potions_floor_usage":[44,44,44],"damage_taken":[{"damage":0.0,"enemies":"Cultist","floor":1.0,"turns":4.0},{"damage":8.0,"enemies":"3 Sentries","floor":6.0,"turns":5.0},{"damage":0.0,"enemies":"2 Louse","floor":7.0,"turns":2.0},{"damage":0.0,"enemies":"Small Slimes","floor":8.0,"turns":1.0},{"damage":22.0,"enemies":"Lagavulin","floor":11.0,"turns":4.0},{"damage":9.0,"enemies":"2 Fungi Beasts","floor":14.0,"turns":3.0},{"damage":31.0,"enemies":"Hexaghost","floor":16.0,"turns":5.0},{"damage":9.0,"enemies":"Spheric Guardian","floor":18.0,"turns":4.0},{"damage":0.0,"enemies":"Chosen","floor":20.0,"turns":2.0},{"damage":6.0,"enemies":"Replay:Snechameleon","floor":24.0,"turns":3.0},{"damage":3.0,"enemies":"Centurion and Healer","floor":25.0,"turns":4.0},{"damage":3.0,"enemies":"theDuelist:KaibaA2","floor":28.0,"turns":3.0},{"damage":0.0,"enemies":"Snake Plant","floor":29.0,"turns":2.0},{"damage":0.0,"enemies":"Replay:Snechameleon","floor":30.0,"turns":2.0},{"damage":0.0,"enemies":"Sentry and Sphere","floor":31.0,"turns":2.0},{"damage":0.0,"enemies":"Champ","floor":33.0,"turns":5.0},{"damage":6.0,"enemies":"3 Shapes","floor":35.0,"turns":3.0},{"damage":0.0,"enemies":"Orb Walker","floor":37.0,"turns":4.0},{"damage":0.0,"enemies":"3 Darklings","floor":38.0,"turns":3.0},{"damage":0.0,"enemies":"Spire Growth","floor":39.0,"turns":2.0},{"damage":33,"enemies":"Nightmare","floor":40,"turns":6},{"damage":14,"enemies":"Writhing Mass","floor":41,"turns":3},{"damage":11,"enemies":"infinitespire:Three Voidlings","floor":44,"turns":4},{"damage":108,"enemies":"Nightmare_Alpha","floor":44,"turns":10}],"seed_played":"-544977356867103604","potions_obtained":[{"floor":1.0,"key":"Dexterity Potion"},{"floor":7.0,"key":"theDuelist:SolderPotionB"},{"floor":11.0,"key":"SkillPotion"},{"floor":16.0,"key":"theDuelist:SoulPotion"},{"floor":18.0,"key":"sneckomod:MuddlingPotion"},{"floor":41,"key":"Dexterity Potion"},{"floor":44,"key":"theDuelist:FusionPotion"}],"is_trial":false,"path_per_floor":["M","?","?","?","?","E","M","M","T","$","E","$","R","M","R","B",null,"M","?","M","?","$","R","E","M","T","$","E","M","E","M","R","B",null,"M","T","M","M","M","NM","M","?","T","?"],"character_chosen":"THE_DUELIST","items_purchased":["theDuelist:SupersonicSkullFlame","hubris:SphereOfDissonance","Guardian:PocketSentry","theDuelist:MillenniumToken","Blood Vial","theDuelist:DuelistOrichalcum","theDuelist:RyuKokki"],"campfire_rested":1,"item_purchase_floors":[12,22,22,22,27,27,27],"current_hp_per_floor":[80,80,80,64,64,56,56,56,56,56,34,49,49,40,64,33,80,71,71,71,71,180,180,178,179,179,188,185,187,188,188,188,188,188,182,182,184,186,188,149,141,141,141,39,39],"gold":22252,"neow_bonus":"RANDOM_COLORLESS","is_daily":false,"chose_seed":false,"campfire_upgraded":3,"win_rate":0.0,"timestamp":1610118109,"path_taken":["M","?","?","?","?","E","M","?","T","$","E","?","R","M","R","BOSS","M","?","M","?","$","R","E","M","T","$","E","M","E","?","R","BOSS","M","?","M","M","M","NM","M","?","T","?"],"items_purchased_type":["Card","Relic","Relic","Relic","Relic","Relic","Card"],"build_version":"2020-12-22","purchased_purges":1,"victory":false,"max_hp_per_floor":[80,80,80,80,80,80,80,80,80,80,80,80,80,80,80,80,80,80,80,80,80,180,180,184,188,188,188,188,188,188,188,188,188,188,188,188,188,188,188,182,184,184,184,186,186],"card_choices":[{"not_picked":["theDuelist:FusionFire","theDuelist:FutureFusion"],"picked":"theDuelist:PyramidLight","floor":0.0},{"not_picked":["theDuelist:AbsorbFusion","theDuelist:NightmareHorse","theDuelist:VendreadHoundhorde","theDuelist:AvendreadSavior"],"picked":"theDuelist:Chopman","floor":1.0},{"not_picked":["theDuelist:OvertexQoatlus","theDuelist:VendreadRevolution","theDuelist:Tsukahagi","theDuelist:ParallelWorldFusion","theDuelist:VampireFamiliar"],"picked":"SKIP","floor":6.0},{"not_picked":["theDuelist:Relinkuriboh","theDuelist:GhostrickFairy","theDuelist:FlameGhost","theDuelist:BlackPendant","theDuelist:GhostrickNekomusume"],"picked":"SKIP","floor":7.0},{"not_picked":["theDuelist:Skelesaurus","theDuelist:Miscellaneousaurus","theDuelist:MammothGraveyard","theDuelist:FossilSkullknight","theDuelist:FossilSkullKing"],"picked":"SKIP","floor":8.0},{"not_picked":["theDuelist:CorrodingShark","theDuelist:ShiranuiSpectralsword","theDuelist:ShiranuiSwordmaster","theDuelist:SkullFlame","theDuelist:PMCaptor"],"picked":"SKIP","floor":11.0},{"not_picked":["theDuelist:CorrodingShark","theDuelist:ShiranuiShogunsaga","theDuelist:ShiranuiSamurai","theDuelist:ShiftingShadows","theDuelist:PyramidLight"],"picked":"SKIP","floor":14.0},{"not_picked":["theDuelist:YukiOnnaAbsolute","theDuelist:VendreadStriges","theDuelist:MayakashiWinter","theDuelist:BookEclipse"],"picked":"theDuelist:FusionGuard","floor":16.0},{"not_picked":["theDuelist:Kasha","theDuelist:GhostrickJiangshi","theDuelist:GhostrickSpecter+1","theDuelist:VampireDesire","theDuelist:VampireBaby"],"picked":"SKIP","floor":18.0},{"not_picked":["theDuelist:ShadowVampire","theDuelist:ShiranuiSkillsagaSupremacy","theDuelist:RevendreadSlayer+1","theDuelist:Dakki"],"picked":"theDuelist:GhostrickWarwolf","floor":20.0},{"not_picked":["theDuelist:ShiranuiSwordmaster","theDuelist:ShiranuiSunsaga+1","theDuelist:EarthGiant","theDuelist:MagicalizedFusion","theDuelist:FutureFusion+1"],"picked":"SKIP","floor":24.0},{"not_picked":["theDuelist:SpiritPharaoh","theDuelist:VendreadBattlelord","theDuelist:Miscellaneousaurus","theDuelist:DoomkingBalerdroch","theDuelist:DecayedCommander"],"picked":"SKIP","floor":25.0},{"not_picked":["theDuelist:GhostrickYeti+1","theDuelist:BoneMouse","theDuelist:IlBlud","theDuelist:TyrantDinoFusion"],"picked":"theDuelist:DesLacooda","floor":28.0},{"not_picked":["theDuelist:VampireLady","theDuelist:VampireSorcerer","theDuelist:Tsukahagi","theDuelist:VampireFamiliar","theDuelist:VampireHunter"],"picked":"SKIP","floor":29.0},{"not_picked":["theDuelist:FossilSkullknight","theDuelist:BattleFusion","theDuelist:GhostrickJackfrost","theDuelist:FusionTag","theDuelist:Mezuki"],"picked":"SKIP","floor":30.0},{"not_picked":["theDuelist:YukiOnnaAbsolute","theDuelist:VendreadStriges","theDuelist:RobbinZombie","theDuelist:MayakashiWinter","theDuelist:InstantFusion"],"picked":"SKIP","floor":31.0},{"not_picked":["theDuelist:BigEye+1","theDuelist:GhostrickFairy+1","theDuelist:BookTaiyou+1","theDuelist:CallHaunted+1"],"picked":"theDuelist:Relinkuriboh+1","floor":35.0},{"not_picked":["theDuelist:VampireGrace","theDuelist:VendreadHoundhorde+1","theDuelist:RevendreadExecutor","theDuelist:GhostrickWarwolf+1","theDuelist:GhostrickGhoul+1"],"picked":"SKIP","floor":37.0},{"not_picked":["theDuelist:VendreadCharge","theDuelist:RevendreadOrigin+1","theDuelist:VampireKingdom","theDuelist:Mausoleum","theDuelist:VampireDesire+1"],"picked":"SKIP","floor":38.0},{"not_picked":["theDuelist:RebornZombie+1","theDuelist:RedMedicine+1","theDuelist:ShiranuiSquiresaga","theDuelist:MagicalGhost"],"picked":"theDuelist:Wiseman","floor":39.0},{"not_picked":["theDuelist:OboroGuruma","theDuelist:GhostrickScare","theDuelist:GhostrickMansion+1"],"picked":"theDuelist:Wasteland+1","floor":40},{"not_picked":["theDuelist:ZombieWarrior+1","theDuelist:TriWight+1","theDuelist:VampireBaby+1","theDuelist:VendreadRevenants"],"picked":"theDuelist:Chewbone","floor":41},{"not_picked":["infinitespire:Menacing","infinitespire:FutureSight"],"picked":"ReplayTheSpireMod:Haul","floor":44},{"not_picked":["theDuelist:FossilDragon","theDuelist:GhostrickFairy+1","theDuelist:MiracleFusion","theDuelist:FlashFusion"],"picked":"theDuelist:Relinkuriboh+1","floor":44}],"player_experience":550279,"relics_obtained":[{"floor":6.0,"key":"infinitespire:BottledMercury"},{"floor":9.0,"key":"Chameleon Ring"},{"floor":11.0,"key":"MealTicket"},{"floor":24.0,"key":"Replay:Bandana"},{"floor":26.0,"key":"infinitespire:EmpoweringShard"},{"floor":28.0,"key":"Peace Pipe"},{"floor":30.0,"key":"hexamod:BolsterEngine"},{"floor":36.0,"key":"Anchor"},{"floor":40,"key":"ReplayFunnel"},{"floor":43,"key":"theDuelist:SummonAnchor"},{"floor":44,"key":"hubris:MedicalManual"}],"event_choices":[{"damage_healed":0.0,"max_hp_gain":0.0,"max_hp_loss":0.0,"gold_gain":0.0,"event_name":"Shining Light","player_choice":"Entered Light","floor":4.0,"gold_loss":0.0,"damage_taken":16.0,"cards_upgraded":["theDuelist:ClownZombie","theDuelist:Chopman"]},{"damage_healed":0.0,"max_hp_gain":0.0,"max_hp_loss":0.0,"gold_gain":250.0,"event_name":"The Joust","player_choice":"Bet on Owner","floor":21.0,"gold_loss":50.0,"damage_taken":0.0},{"damage_healed":0,"gold_gain":0,"player_choice":"Memory 1","damage_taken":0,"max_hp_gain":0,"max_hp_loss":0,"event_name":"SensoryStone","floor":42,"gold_loss":0}],"is_beta":false,"boss_relics":[{"not_picked":["hubris:BlackHole","Abe\u0027s Treasure"],"picked":"SlaversCollar"},{"not_picked":["theDuelist:ElectricKey","Fusion Hammer"],"picked":"hubris:Stopwatch"}],"items_purged_floors":[27],"is_endless":true,"potions_floor_spawned":[1,7,11,16,18,20,29,33,35,39,41,44],"killed_by":"Nightmare_Alpha","ascension_level":3}}