{"host":"i41n6wh529970c2c","time":1610130649,"event":{"mods":["Act Like it!","BaseMod","BetterRewards","Friendly Minions","Gold Saver","Hallownest","Hermit","Minty Spire (QoL Compilation)","Replay The Spire","Shop Mod","StSLib","The Bug Knight"],"gold_per_floor":[353,364,378,395,395,429,440,469,538,538,552,580,599,599,599,701,701,717,737,737,373,389,423,423,454,454,454,454,454],"floor_reached":28,"playtime":17079,"items_purged":["HollowMod:NailStrikeStart"],"score":427,"play_id":"821e8a4c-3473-4257-abf4-83726ba4d05f","local_time":"20210108133049","is_ascension_mode":true,"campfire_choices":[{"floor":10.0,"key":"REST"},{"floor":15.0,"key":"DIG"},{"floor":24,"key":"REST"},{"floor":27,"key":"REST"}],"circlet_count":0,"master_deck":["HollowMod:NailStrikeStart","HollowMod:NailStrikeStart","HollowMod:QuickDashStart","HollowMod:QuickDashStart","HollowMod:QuickDashStart","HollowMod:QuickDashStart","HollowMod:FocusHealStart","HollowMod:PogoStrike","HollowMod:ChannelNail","HollowMod:MonomonsArchive","HollowMod:HowlingWraiths","HollowMod:GreatSlash","HollowMod:MonarchWings","HollowMod:PureNailStrike","HollowMod:VengefulSpirit","HollowMod:CycloneSlash","HollowMod:HeavyBlow","HollowMod:PureVessel","HollowMod:CycloneSlash+1"],"relics":["HollowMod:VesselMask","WingedGreaves","Hallownest:DreamNailRelic","Shovel","Iron Hammer","Meat on the Bone","Replay:Arrowhead","Pantograph","Potion Belt","ReplayTheSpireMod:DimensionalGlitch","Anchor","HandDrill","Blood Vial","Pen Nib","Boot"],"acts_visited":["Hallownest:Greenpath","Hallownest:CityofTears"],"potions_floor_usage":[19,25],"damage_taken":[{"damage":3.0,"enemies":"Hallownest:monsterHuskGuard","floor":1.0,"turns":5.0},{"damage":3.0,"enemies":"Hallownest:2_Baldur","floor":2.0,"turns":4.0},{"damage":2.0,"enemies":"Hallownest:2_MossCreeps","floor":3.0,"turns":7.0},{"damage":13.0,"enemies":"Hallownest:2_Tiktiks_1_Baldur_1_Crawlid","floor":4.0,"turns":4.0},{"damage":33.0,"enemies":"Hallownest:eliteCrystalGuardian","floor":6.0,"turns":8.0},{"damage":0.0,"enemies":"Hallownest:monsterAspidMother","floor":7.0,"turns":4.0},{"damage":32.0,"enemies":"Hallownest:eliteMossKnight","floor":8.0,"turns":12.0},{"damage":0.0,"enemies":"Hallownest:monsterFoolEater","floor":11.0,"turns":5.0},{"damage":21.0,"enemies":"Hallownest:eliteCrystalGuardian","floor":12.0,"turns":6.0},{"damage":9.0,"enemies":"Hallownest:Wandering_and_Horned","floor":13.0,"turns":4.0},{"damage":46.0,"enemies":"Hallownest:BossBrokenVessel","floor":16.0,"turns":11.0},{"damage":2,"enemies":"Hallownest:3_Youths","floor":18,"turns":5},{"damage":15,"enemies":"Hallownest:Flukemon_and_Top","floor":19,"turns":5},{"damage":36,"enemies":"Hallownest:monsterShrumalOgre","floor":22,"turns":5},{"damage":15,"enemies":"Hallownest:Nosk","floor":23,"turns":9},{"damage":43,"enemies":"Hallownest:eliteWatcherKnight","floor":25,"turns":10},{"damage":34,"enemies":"Hallownest:eliteSoulWarrior","floor":28,"turns":6}],"seed_played":"-8305695364027170860","potions_obtained":[{"floor":1.0,"key":"Toxic Potion"},{"floor":7.0,"key":"LiquidMemories"},{"floor":8.0,"key":"LiquidBronze"},{"floor":16.0,"key":"DuplicationPotion"},{"floor":23,"key":"Adrenaline Potion"},{"floor":25,"key":"Strength Potion"}],"is_trial":false,"path_per_floor":["M","M","M","M","?","E","M","E","T","R","M","E","M","T","R","B",null,"M","M","?","$","M","E","R","E","T","R","E"],"character_chosen":"THE_BUGKNIGHT","items_purchased":["Anchor","HandDrill"],"campfire_rested":3,"item_purchase_floors":[21,21],"current_hp_per_floor":[60,63,67,54,54,21,27,1,1,23,35,26,29,29,29,26,75,75,60,56,56,26,20,42,11,11,33,0,0],"gold":454,"neow_bonus":"","is_daily":false,"chose_seed":false,"campfire_upgraded":0,"win_rate":0.0,"timestamp":1610130649,"path_taken":["M","?","M","M","?","E","?","E","T","R","M","E","M","?","R","BOSS","M","?","?","$","?","E","R","E","T","R","E"],"items_purchased_type":["Relic","Relic"],"build_version":"2020-12-22","purchased_purges":1,"victory":false,"max_hp_per_floor":[75,75,75,75,75,75,75,75,75,75,75,75,75,75,75,75,75,75,75,75,75,75,75,75,75,75,75,75,75],"card_choices":[{"not_picked":["HollowMod:SoulSplash","HollowMod:GrimmsGift"],"picked":"HollowMod:MonomonsArchive","floor":1.0},{"not_picked":["HollowMod:InfectedCysts","HollowMod:MonomonsArchive"],"picked":"HollowMod:HowlingWraiths","floor":2.0},{"not_picked":["HollowMod:CloakDash","HollowMod:NewLittleFool"],"picked":"HollowMod:GreatSlash","floor":3.0},{"not_picked":["HollowMod:BlackTendrils","HollowMod:VengefulVoid","HollowMod:CrystalDash"],"picked":"SKIP","floor":4.0},{"not_picked":["HollowMod:VengefulVoid","HollowMod:InfectedCysts"],"picked":"HollowMod:MonarchWings","floor":6.0},{"not_picked":["HollowMod:GrimmsGift","HollowMod:DesolateDive"],"picked":"HollowMod:PureNailStrike","floor":7.0},{"not_picked":["HollowMod:CornifersMapStart","HollowMod:TaintedHusks"],"picked":"HollowMod:VengefulSpirit","floor":8.0},{"not_picked":["HollowMod:LifebloodCocoon","HollowMod:DungDefenderAura"],"picked":"HollowMod:CycloneSlash","floor":11.0},{"not_picked":["HollowMod:TaintedHusks","HollowMod:WhiteLadysBlessing","HollowMod:SharpenedNail"],"picked":"SKIP","floor":12.0},{"not_picked":["HollowMod:SoulStrike","HollowMod:CycloneSlash"],"picked":"HollowMod:HeavyBlow","floor":13.0},{"not_picked":["HollowMod:ElderbugsWisdom","HollowMod:MidwifesHunger"],"picked":"HollowMod:PureVessel","floor":16.0},{"not_picked":["HollowMod:SharpenedShadows+1","HollowMod:VengefulVoid","HollowMod:WraithStrike"],"picked":"SKIP","floor":18},{"not_picked":["HollowMod:CoiledNail","HollowMod:VengefulVoid","HollowMod:InfectedCysts+1"],"picked":"SKIP","floor":19},{"not_picked":["HollowMod:ShadowDash","HollowMod:LifebloodCocoon"],"picked":"HollowMod:CycloneSlash+1","floor":22},{"not_picked":["HollowMod:HeavyBlow","HollowMod:MonomonsArchive","HollowMod:AbyssShriek"],"picked":"SKIP","floor":23},{"not_picked":["HollowMod:MothsMistake","HollowMod:InfectionAssault","HollowMod:HowlingWraiths"],"picked":"SKIP","floor":25}],"player_experience":984019,"relics_obtained":[{"floor":6.0,"key":"Shovel"},{"floor":8.0,"key":"Iron Hammer"},{"floor":9.0,"key":"Meat on the Bone"},{"floor":12.0,"key":"Replay:Arrowhead"},{"floor":14.0,"key":"Pantograph"},{"floor":15.0,"key":"Potion Belt"},{"floor":23,"key":"Blood Vial"},{"floor":25,"key":"Pen Nib"},{"floor":26,"key":"Boot"}],"event_choices":[],"is_beta":false,"boss_relics":[{"not_picked":["Ring of Chaos","Kintsugi"],"picked":"ReplayTheSpireMod:DimensionalGlitch"}],"items_purged_floors":[21],"is_endless":false,"potions_floor_spawned":[1,7,8,16,23,25],"killed_by":"Hallownest:eliteSoulWarrior","ascension_level":3}}