{"host":"s9mizfpm0ux1oq2e","time":1610105264,"event":{"mods":["Aspiration","BaseMod","Downfall","Minty Spire (QoL Compilation)","Permanent Neow","Replay The Spire","StSLib","SuperFastMode"],"gold_per_floor":[99,113,113,130,148,148,173,173,191,109,109,217,217,255,271,380,380,380,390,172,172,188,230,254,266,285,306,237,162,87,110,133,245,295,220,234,261,183,234,234,234,40,40,40,40,40,40,90,104,104],"floor_reached":51,"playtime":3166,"items_purged":["hexamod:Strike","Voices","Writhe"],"score":815,"play_id":"eaad099d-e3d7-4627-9d05-1ab74ed0a567","local_time":"25640108182744","is_ascension_mode":false,"campfire_choices":[{"floor":1.0,"key":"DIG"},{"data":"hexamod:Rewind","floor":11,"key":"SMITH"},{"data":"hexamod:GhostOfSpirePresent","floor":13,"key":"SMITH"},{"floor":30,"key":"RECALL"},{"data":"hexamod:PowerFromBeyond","floor":35,"key":"SMITH"},{"data":"hexamod:GhostOfSpirePast","floor":43,"key":"SMITH"},{"data":"hexamod:PhantomCloak","floor":47,"key":"SMITH"}],"circlet_count":0,"master_deck":["hexamod:Defend+1","hexamod:Sear+1","hexamod:Float+1","hexamod:Rewind+1","hexamod:GhostOfSpirePresent+1","hexamod:HauntingEcho+1","hexamod:FourthSeal","hexamod:GhostOfSpirePast+1","hexamod:RainOfEmbers+1","hexamod:Again+1","hexamod:Hexaguard+1","hexamod:SixthSeal","hexamod:GhostOfSpireFuture+1","hexamod:PowerFromBeyond+1","hexamod:GhostOfSpirePresent+1","hexamod:GhostOfSpirePresent+1","hexamod:PhantomCloak+1","hexamod:GhostOfSpirePast+1"],"relics":["hexamod:SpiritBrand","MealTicket","Boot","Replay:Baseball","Potion Belt","Counterbalance","Cursed Key","Busted Crown","Replay:Drink Me","aspiration:Nostalgia","Replay:M_SmolderingBlood","Nloth\u0027s Gift","Pen Nib","Regal Pillow","Chemical X","downfall:HeartBlessingGreen","Tiny House","downfall:HeartBlessingRed","hexamod:TheBrokenSeal","Replay:Bottled Flurry","Replay:Arrowhead"],"acts_visited":["Exordium","TheCity","TheBeyond"],"potions_floor_usage":[12,12,14,14,15,15,16,16,20,20,23,28,28,32,33,33,36,36,37,37,50,50,50,50],"damage_taken":[{"damage":2.0,"enemies":"Small Slimes","floor":2.0,"turns":3.0},{"damage":1,"enemies":"2 Louse","floor":4,"turns":3},{"damage":1,"enemies":"Cultist","floor":5,"turns":4},{"damage":0,"enemies":"Exordium Wildlife","floor":9,"turns":3},{"damage":0,"enemies":"downfall:FleeingMerchant","floor":10,"turns":4},{"damage":9,"enemies":"downfall:LadyInBlue","floor":12,"turns":5},{"damage":2,"enemies":"Lagavulin","floor":14,"turns":5},{"damage":1,"enemies":"Exordium Thugs","floor":15,"turns":4},{"damage":10,"enemies":"downfall:Silent","floor":16,"turns":6},{"damage":11,"enemies":"Spheric Guardian","floor":19,"turns":5},{"damage":0,"enemies":"downfall:FleeingMerchant","floor":20,"turns":4},{"damage":0,"enemies":"Chosen","floor":22,"turns":3},{"damage":18,"enemies":"Gremlin Leader","floor":23,"turns":4},{"damage":9,"enemies":"Shelled Parasite and Fungi","floor":25,"turns":3},{"damage":7,"enemies":"Snake Plant","floor":26,"turns":3},{"damage":0,"enemies":"Snecko","floor":27,"turns":5},{"damage":0,"enemies":"downfall:FleeingMerchant","floor":28,"turns":4},{"damage":0,"enemies":"3 Cultists","floor":31,"turns":3},{"damage":3,"enemies":"Snake Plant","floor":32,"turns":3},{"damage":0,"enemies":"downfall:Ironclad","floor":33,"turns":3},{"damage":24,"enemies":"3 Shapes","floor":36,"turns":4},{"damage":9,"enemies":"3 Darklings","floor":37,"turns":4},{"damage":0,"enemies":"Mind Bloom Boss Battle","floor":48,"turns":3},{"damage":0,"enemies":"Transient","floor":49,"turns":4},{"damage":0,"enemies":"downfall:Watcher","floor":50,"turns":3}],"seed_played":"-8873855301687709895","potions_obtained":[{"floor":2.0,"key":"Dexterity Potion"},{"floor":4,"key":"SkillPotion"},{"floor":5,"key":"FairyPotion"},{"floor":5,"key":"Fire Potion"},{"floor":9,"key":"hexamod:EctoCoolerPotion"},{"floor":12,"key":"Block Potion"},{"floor":12,"key":"Fire Potion"},{"floor":12,"key":"hexamod:EctoCoolerPotion"},{"floor":12,"key":"Adrenaline Potion"},{"floor":12,"key":"Strength Potion"},{"floor":14,"key":"CultistPotion"},{"floor":14,"key":"SmokeBomb"},{"floor":15,"key":"Flashbang"},{"floor":15,"key":"DuplicationPotion"},{"floor":16,"key":"hexamod:InfernoChargePotion"},{"floor":16,"key":"Ancient Potion"},{"floor":19,"key":"hexamod:DoubleChargePotion"},{"floor":20,"key":"SneckoOil"},{"floor":22,"key":"Guardian:BlockOnCardUsePotion"},{"floor":23,"key":"Cursed Concoction"},{"floor":23,"key":"Block Potion"},{"floor":25,"key":"Toxic Potion"},{"floor":31,"key":"DistilledChaos"},{"floor":32,"key":"Doom Potion"},{"floor":32,"key":"Doom Potion"},{"floor":32,"key":"Death Potion"},{"floor":33,"key":"LifebloodPotion"},{"floor":33,"key":"Death Potion"},{"floor":36,"key":"Explosive Potion"},{"floor":36,"key":"Death Potion"},{"floor":37,"key":"PowerPotion"},{"floor":37,"key":"Languid Potion"},{"floor":48,"key":"Fire Potion"}],"is_trial":false,"path_per_floor":["R","M","?","M","M","?","T","?","M","$","R","?","R","E","M","B",null,"R","M","$","?","M","E","T","M","M","M","$","$","R","M","M","B",null,"R","M","M","$","?","$","T","$","R","?","?","?","R","?","M","B",null],"character_chosen":"THE_SPIRIT","items_purchased":["hexamod:Hexaguard","aspiration:Nostalgia","Chemical X","hexamod:PowerFromBeyond","hexamod:GhostOfSpirePresent","hexamod:GhostOfSpirePresent","hexamod:PhantomCloak","hexamod:GhostOfSpirePast"],"campfire_rested":0,"item_purchase_floors":[20,20,28,28,28,29,38,42],"current_hp_per_floor":[49,47,47,46,45,45,45,33,33,48,48,39,39,37,36,26,53,45,34,49,49,49,31,31,22,15,15,30,45,45,45,42,42,58,58,34,65,68,51,66,66,68,68,68,68,68,68,68,68,68],"gold":104,"neow_bonus":"REMOVE_TWO","is_daily":false,"chose_seed":false,"campfire_upgraded":5,"win_rate":0.0,"timestamp":1610105264,"path_taken":["R","M","?","M","M","?","T","?","M","$","R","?","R","E","M","BOSS","R","M","$","?","M","E","T","M","M","M","?","$","R","M","M","BOSS","R","M","M","$","?","$","T","$","R","?","?","?","R","?","M","BOSS"],"items_purchased_type":["Card","Relic","Relic","Card","Card","Card","Card","Card"],"build_version":"2020-12-22","purchased_purges":3,"victory":true,"max_hp_per_floor":[70,70,70,70,70,70,70,70,70,70,70,70,70,70,70,70,53,53,53,53,53,53,53,53,53,53,53,53,53,53,53,53,53,58,58,58,68,68,68,68,68,68,68,68,68,68,68,68,68,68],"card_choices":[{"not_picked":["hexamod:FastForward","hexamod:InspiringFlames"],"picked":"hexamod:Rewind","floor":2.0},{"not_picked":["hexamod:Hexaguard","hexamod:SpectralSpark"],"picked":"hexamod:GhostOfSpirePresent","floor":4},{"not_picked":["hexamod:AdvancingGuard","hexamod:NecessarySacrifice"],"picked":"hexamod:HauntingEcho","floor":5},{"not_picked":["hexamod:GhostShield","hexamod:ParanormalForm"],"picked":"hexamod:SecondSeal","floor":9},{"not_picked":["hexamod:HauntingEcho","hexamod:Firestarter"],"picked":"hexamod:FourthSeal","floor":10},{"not_picked":["hexamod:RainOfEmbers","hexamod:GhostShield","hexamod:BacktrackSmack"],"picked":"SKIP","floor":14},{"not_picked":["hexamod:ThermalTransfer","hexamod:Hexaguard"],"picked":"hexamod:GhostOfSpirePast","floor":15},{"not_picked":["hexamod:CrushingStance","hexamod:GiftsFromTheDead"],"picked":"hexamod:FifthSeal","floor":16},{"not_picked":[],"picked":"hexamod:ThirdSeal","floor":19},{"not_picked":["hexamod:GhostLash"],"picked":"SKIP","floor":19},{"not_picked":[],"picked":"hexamod:RainOfEmbers+1","floor":20},{"not_picked":[],"picked":"hexamod:SixthSeal","floor":20},{"not_picked":[],"picked":"hexamod:Again","floor":20},{"not_picked":[],"picked":"hexamod:SixthSeal","floor":22},{"not_picked":["Searing Blow"],"picked":"SKIP","floor":22},{"not_picked":["hexamod:GhostShield"],"picked":"SKIP","floor":22},{"not_picked":[],"picked":"hexamod:GhostOfSpireFuture","floor":23},{"not_picked":["hexamod:ThirdSeal"],"picked":"SKIP","floor":23},{"not_picked":["hexamod:ThirdSeal"],"picked":"SKIP","floor":23},{"not_picked":["hexamod:SecondSeal"],"picked":"SKIP","floor":25},{"not_picked":["hexamod:ThermalTransfer"],"picked":"SKIP","floor":25},{"not_picked":["hexamod:SixthSeal"],"picked":"SKIP","floor":26},{"not_picked":["EmptyFist"],"picked":"SKIP","floor":26},{"not_picked":["CrushJoints"],"picked":"SKIP","floor":27},{"not_picked":["hexamod:FourthSeal"],"picked":"SKIP","floor":27},{"not_picked":["hexamod:Firestarter"],"picked":"SKIP","floor":27},{"not_picked":["CrushJoints"],"picked":"SKIP","floor":27},{"not_picked":["hexamod:FourthSeal"],"picked":"SKIP","floor":27},{"not_picked":["hexamod:Firestarter"],"picked":"SKIP","floor":27},{"not_picked":["hexamod:SecondSeal"],"picked":"SKIP","floor":28},{"not_picked":["Uppercut"],"picked":"SKIP","floor":28},{"not_picked":["hexamod:ThirdSeal"],"picked":"SKIP","floor":31},{"not_picked":["hexamod:Haunt"],"picked":"SKIP","floor":31},{"not_picked":["hexamod:SixthSeal"],"picked":"SKIP","floor":32},{"not_picked":["hexamod:GhostShield"],"picked":"SKIP","floor":32},{"not_picked":[],"picked":"hexamod:FirstSeal","floor":36},{"not_picked":["hexamod:SuperheatedStrike+1"],"picked":"SKIP","floor":36},{"not_picked":["hexamod:NightmareStrike"],"picked":"SKIP","floor":36},{"not_picked":["hexamod:ThirdSeal"],"picked":"SKIP","floor":37},{"not_picked":["hexamod:SixthSeal"],"picked":"SKIP","floor":37},{"not_picked":["hexamod:NecessarySacrifice"],"picked":"SKIP","floor":49}],"player_experience":177783,"relics_obtained":[{"floor":1.0,"key":"MealTicket"},{"floor":7,"key":"Boot"},{"floor":12,"key":"Potion Belt"},{"floor":14,"key":"Counterbalance"},{"floor":23,"key":"Pen Nib"},{"floor":24,"key":"Regal Pillow"},{"floor":39,"key":"Replay:Bottled Flurry"},{"floor":48,"key":"Replay:Arrowhead"}],"event_choices":[{"damage_healed":0,"gold_gain":0,"player_choice":"Success","damage_taken":12,"relics_obtained":["Replay:Baseball"],"max_hp_gain":0,"max_hp_loss":0,"event_name":"Scrap Ooze","floor":8,"gold_loss":0}],"is_beta":false,"boss_relics":[{"not_picked":["aspiration:DefectSkillbook","Fusion Hammer"],"picked":"Replay:Grab Bag"},{"not_picked":["Painkiller Herb","Replay:Wanted Poster"],"picked":"Cursed Key"},{"not_picked":["Sozu","downfall:Hecktoplasm"],"picked":"Busted Crown"},{"not_picked":["Calling Bell","aspiration:SecretTechniqueScroll"],"picked":"Replay:Drink Me"},{"not_picked":["Snecko Eye","Astrolabe"],"picked":"Tiny House"}],"items_purged_floors":[10,28,42],"is_endless":false,"potions_floor_spawned":[2,5,12,23,25,27,32,33,37,49],"ascension_level":0}}