{"host":"50per11302020","time":1610074301,"event":{"mods":["AchievementEnabler","BaseMod","Colored Map","Minty Spire (QoL Compilation)","Relic Stats","StSLib"],"gold_per_floor":[119,136,136,153,165,165,340,371,371,390,390,390,63,51,51,51,51],"floor_reached":16,"playtime":917,"items_purged":["Strike_R"],"score":122,"play_id":"5b26b8a5-9650-47e9-9dd1-f2f837e8a647","local_time":"20210107185141","is_ascension_mode":true,"campfire_choices":[{"data":"Blind","floor":6.0,"key":"SMITH"},{"floor":11.0,"key":"REST"},{"data":"Bash","floor":15.0,"key":"SMITH"}],"circlet_count":0,"master_deck":["Strike_R","Strike_R","Strike_R","Strike_R","Defend_R","Defend_R","Defend_R","Defend_R","Bash+1","Blind+1","Dropkick","Disarm","Havoc","Limit Break","Doubt","Dark Embrace","Rupture+1"],"relics":["Burning Blood","Self Forming Clay","Bird Faced Urn","Golden Idol","Frozen Egg 2"],"acts_visited":["Exordium"],"potions_floor_usage":[16,16],"damage_taken":[{"damage":1.0,"enemies":"2 Louse","floor":1.0,"turns":4.0},{"damage":3.0,"enemies":"Cultist","floor":2.0,"turns":4.0},{"damage":6.0,"enemies":"Small Slimes","floor":4.0,"turns":6.0},{"damage":11.0,"enemies":"Looter","floor":5.0,"turns":3.0},{"damage":55.0,"enemies":"Gremlin Nob","floor":8.0,"turns":6.0},{"damage":20.0,"enemies":"Exordium Wildlife","floor":10.0,"turns":6.0},{"damage":6.0,"enemies":"Exordium Thugs","floor":14.0,"turns":5.0},{"damage":26,"enemies":"Hexaghost","floor":16,"turns":9}],"seed_played":"-7737946355876903373","potions_obtained":[{"floor":3.0,"key":"BlessingOfTheForge"},{"floor":3.0,"key":"DuplicationPotion"},{"floor":3.0,"key":"Explosive Potion"},{"floor":8.0,"key":"DuplicationPotion"},{"floor":10.0,"key":"BlessingOfTheForge"},{"floor":14.0,"key":"Fruit Juice"}],"is_trial":false,"path_per_floor":["M","M","?","M","M","R","?","E","T","M","R","?","$","M","R","B"],"character_chosen":"IRONCLAD","items_purchased":["Frozen Egg 2"],"campfire_rested":1,"item_purchase_floors":[13],"current_hp_per_floor":[80,80,80,80,75,75,75,26,26,12,36,16,16,21,21,0,0],"gold":51,"neow_bonus":"RANDOM_COLORLESS","is_daily":false,"chose_seed":false,"campfire_upgraded":2,"win_rate":0.0,"timestamp":1610074301,"path_taken":["M","M","?","?","M","R","?","E","T","M","R","?","$","M","R","BOSS"],"items_purchased_type":["Relic"],"build_version":"2020-12-18","purchased_purges":1,"victory":false,"max_hp_per_floor":[80,80,80,80,80,80,80,80,80,80,80,80,80,85,85,85,85],"relic_stats":{"counters":[8,43],"Self Forming Clay":[36],"Golden Idol":4,"Bird Faced Urn":[4],"obtain_stats":[{"Self Forming Clay":8,"Golden Idol":12,"Bird Faced Urn":9,"Frozen Egg 2":13,"Burning Blood":0},{"Self Forming Clay":5,"Golden Idol":6,"Bird Faced Urn":5,"Frozen Egg 2":6,"Burning Blood":0},{"Self Forming Clay":23,"Golden Idol":29,"Bird Faced Urn":23,"Frozen Egg 2":29,"Burning Blood":0}],"Burning Blood":34},"card_choices":[{"not_picked":["Panacea","Swift Strike"],"picked":"Blind","floor":0.0},{"not_picked":["Armaments","Twin Strike"],"picked":"Dropkick","floor":1.0},{"not_picked":["Dual Wield","Body Slam"],"picked":"Disarm","floor":2.0},{"not_picked":["Iron Wave","Heavy Blade"],"picked":"Havoc","floor":4.0},{"not_picked":["Twin Strike","Dark Embrace"],"picked":"Limit Break","floor":5.0},{"not_picked":["Thunderclap","Pommel Strike"],"picked":"Dark Embrace","floor":8.0},{"not_picked":["Anger","Thunderclap","Infernal Blade"],"picked":"SKIP","floor":10.0},{"not_picked":["Perfected Strike","Havoc"],"picked":"Rupture+1","floor":14.0}],"player_experience":107945,"relics_obtained":[{"floor":8.0,"key":"Self Forming Clay"},{"floor":9.0,"key":"Bird Faced Urn"}],"event_choices":[{"damage_healed":0.0,"max_hp_gain":0.0,"max_hp_loss":0.0,"gold_gain":0.0,"event_name":"Lab","player_choice":"Got Potions","floor":3.0,"gold_loss":0.0,"damage_taken":0.0},{"damage_healed":0.0,"max_hp_gain":0.0,"max_hp_loss":0.0,"gold_gain":175.0,"event_name":"Liars Game","player_choice":"AGREE","floor":7.0,"gold_loss":0.0,"damage_taken":0.0,"cards_obtained":["Doubt"]},{"damage_healed":0.0,"max_hp_gain":0.0,"max_hp_loss":0.0,"gold_gain":0.0,"event_name":"Golden Idol","player_choice":"Take Damage","floor":12.0,"gold_loss":0.0,"damage_taken":20.0,"relics_obtained":["Golden Idol"]}],"is_beta":true,"boss_relics":[],"items_purged_floors":[13],"is_endless":false,"potions_floor_spawned":[8,10,14],"killed_by":"Hexaghost","ascension_level":4}}