{"host":"juzjn19svz7o4sdd","time":1610072146,"event":{"mods":["AchievementEnabler","BaseMod","Better Third Choice","BetterRewards","Colored Powertips","Minty Spire (QoL Compilation)","StSLib","Transform Curses"],"gold_per_floor":[112,112,37,54,54,54,54,54,54,54,89,104,125,196,196,317,317,332,58,81,99,99,99,135,135,135,174,174,84,183,197,197,327,327,347,347,347,367,390,390,406,406,406,406,406],"floor_reached":44,"playtime":2898,"items_purged":["Strike_G","Strike_G","Strike_G"],"score":466,"play_id":"7dc6f6fc-858b-41b0-95e3-6f5653015958","local_time":"20210108101546","is_ascension_mode":true,"campfire_choices":[{"floor":6.0,"key":"RECALL"},{"floor":8.0,"key":"REST"},{"data":"Accuracy","floor":10.0,"key":"SMITH"},{"data":"Infinite Blades","floor":15.0,"key":"SMITH"},{"data":"Venomology","floor":23.0,"key":"SMITH"},{"data":"Unload","floor":25.0,"key":"SMITH"},{"data":"Finisher","floor":32.0,"key":"SMITH"},{"floor":40.0,"key":"REST"}],"circlet_count":0,"master_deck":["Defend_G+1","Defend_G","Defend_G","Defend_G","Defend_G","Survivor","Neutralize","Cloak And Dagger","Tactician","Accuracy+1","Footwork","Dagger Spray","Infinite Blades+1","Unload+1","Dagger Throw","Dagger Throw+1","Venomology+1","Finisher+1","Accuracy","Unload","Storm of Steel"],"relics":["Ring of the Snake","Incense Burner","Mummified Hand","Golden Idol","Matryoshka","Pear","Letter Opener","Busted Crown","Membership Card","Juzu Bracelet","The Courier","PreservedInsect","MealTicket","WristBlade","Blood Vial","Frozen Egg 2"],"acts_visited":["Exordium","TheCity","TheBeyond"],"potions_floor_usage":[44,44],"damage_taken":[{"damage":0.0,"enemies":"Cultist","floor":1.0,"turns":4.0},{"damage":1.0,"enemies":"Jaw Worm","floor":4.0,"turns":4.0},{"damage":9.0,"enemies":"Lagavulin","floor":11.0,"turns":10.0},{"damage":1.0,"enemies":"2 Louse","floor":12.0,"turns":3.0},{"damage":0.0,"enemies":"Blue Slaver","floor":13.0,"turns":5.0},{"damage":20.0,"enemies":"Gremlin Nob","floor":14.0,"turns":6.0},{"damage":18.0,"enemies":"Slime Boss","floor":16.0,"turns":12.0},{"damage":4.0,"enemies":"Chosen","floor":18.0,"turns":5.0},{"damage":0.0,"enemies":"Shell Parasite","floor":20.0,"turns":5.0},{"damage":23.0,"enemies":"Chosen and Byrds","floor":21.0,"turns":6.0},{"damage":18.0,"enemies":"Slavers","floor":24.0,"turns":6.0},{"damage":2.0,"enemies":"Book of Stabbing","floor":27.0,"turns":5.0},{"damage":0.0,"enemies":"Sentry and Sphere","floor":31.0,"turns":3.0},{"damage":35.0,"enemies":"Champ","floor":33.0,"turns":11.0},{"damage":6.0,"enemies":"Orb Walker","floor":35.0,"turns":2.0},{"damage":27.0,"enemies":"3 Darklings","floor":38.0,"turns":4.0},{"damage":39.0,"enemies":"Writhing Mass","floor":39.0,"turns":4.0},{"damage":18.0,"enemies":"Maw","floor":41.0,"turns":7.0},{"damage":28,"enemies":"Nemesis","floor":44,"turns":3}],"seed_played":"4950154140075132125","potions_obtained":[{"floor":1.0,"key":"LiquidBronze"},{"floor":4.0,"key":"Dexterity Potion"},{"floor":11.0,"key":"Energy Potion"},{"floor":27.0,"key":"Swift Potion"},{"floor":33.0,"key":"PowerPotion"},{"floor":39.0,"key":"Swift Potion"}],"is_trial":false,"path_per_floor":["M","?","$","M","$","R","?","R","T","R","E","M","M","?","R","B",null,"M","$","M","M","?","R","E","R","T","E","?","$","?","M","R","B",null,"M","?","?","M","M","R","M","?","T","E"],"character_chosen":"THE_SILENT","items_purchased":["HornCleat","Mummified Hand","Membership Card","Juzu Bracelet","Accuracy"],"campfire_rested":2,"item_purchase_floors":[0,0,19,19,29],"current_hp_per_floor":[38,38,38,37,37,37,20,41,41,41,42,41,41,21,21,3,80,76,76,76,53,53,53,35,35,35,33,33,48,48,48,48,13,80,74,74,74,47,8,32,14,14,14,0,0],"gold":406,"neow_bonus":"","is_daily":false,"chose_seed":false,"campfire_upgraded":5,"win_rate":0.0,"timestamp":1610072146,"path_taken":["M","?","?","M","$","R","?","R","T","R","E","M","?","?","R","BOSS","M","$","M","M","?","R","E","R","T","E","?","$","?","M","R","BOSS","M","?","?","M","M","R","M","?","T","E"],"items_purchased_type":["Relic","Relic","Relic","Relic","Card"],"build_version":"2020-12-22","purchased_purges":3,"victory":false,"max_hp_per_floor":[70,70,70,70,70,70,70,70,70,70,80,80,80,80,80,80,80,80,80,80,80,80,80,80,80,80,80,80,80,80,80,80,80,80,80,80,80,80,80,80,80,80,80,80,80],"card_choices":[{"not_picked":["Quick Slash","Backflip"],"picked":"Tactician","floor":1.0},{"not_picked":["Skewer","Well Laid Plans"],"picked":"Accuracy","floor":4.0},{"not_picked":["Predator","Poisoned Stab","Dodge and Roll"],"picked":"SKIP","floor":11.0},{"not_picked":["Heel Hook","Dagger Spray"],"picked":"Footwork","floor":12.0},{"not_picked":["Crippling Poison","Slice"],"picked":"Dagger Spray","floor":13.0},{"not_picked":["Underhanded Strike","Venomology"],"picked":"Infinite Blades","floor":14.0},{"not_picked":["Wraith Form v2","Bullet Time"],"picked":"Unload","floor":16.0},{"not_picked":[],"picked":"Dagger Throw","floor":18.0},{"not_picked":["Sucker Punch"],"picked":"SKIP","floor":20.0},{"not_picked":[],"picked":"Dagger Throw+1","floor":21.0},{"not_picked":["Backflip"],"picked":"SKIP","floor":24.0},{"not_picked":["Distraction"],"picked":"SKIP","floor":27.0},{"not_picked":[],"picked":"Unload","floor":31.0},{"not_picked":[],"picked":"Storm of Steel","floor":33.0},{"not_picked":["Deflect+1"],"picked":"SKIP","floor":35.0},{"not_picked":["Riddle With Holes"],"picked":"SKIP","floor":38.0},{"not_picked":["Dagger Throw"],"picked":"SKIP","floor":39.0},{"not_picked":["Eviscerate"],"picked":"SKIP","floor":41.0}],"player_experience":61795,"relics_obtained":[{"floor":9.0,"key":"Matryoshka"},{"floor":11.0,"key":"Pear"},{"floor":24.0,"key":"The Courier"},{"floor":26.0,"key":"PreservedInsect"},{"floor":27.0,"key":"MealTicket"},{"floor":43.0,"key":"Blood Vial"},{"floor":43.0,"key":"Frozen Egg 2"}],"event_choices":[{"damage_healed":0.0,"max_hp_gain":0.0,"max_hp_loss":0.0,"gold_gain":0.0,"event_name":"NoteForYourself","player_choice":"Ignored","floor":2.0,"gold_loss":0.0,"damage_taken":0.0},{"damage_healed":0.0,"max_hp_gain":0.0,"max_hp_loss":0.0,"gold_gain":0.0,"event_name":"Golden Idol","player_choice":"Take Damage","floor":7.0,"gold_loss":0.0,"damage_taken":17.0,"relics_obtained":["Golden Idol"]},{"damage_healed":0.0,"max_hp_gain":0.0,"max_hp_loss":0.0,"gold_gain":30.0,"event_name":"Dead Adventurer","player_choice":"Searched \u00273\u0027 times","floor":14.0,"gold_loss":0.0,"damage_taken":0.0,"relics_obtained":["Letter Opener"]},{"damage_healed":0.0,"max_hp_gain":0.0,"max_hp_loss":0.0,"gold_gain":0.0,"cards_transformed":["Strike_G"],"event_name":"Transmorgrifier","player_choice":"Transformed","floor":22.0,"gold_loss":0.0,"damage_taken":0.0,"cards_obtained":["Venomology"]},{"damage_healed":0.0,"max_hp_gain":0.0,"max_hp_loss":0.0,"gold_gain":0.0,"event_name":"The Library","player_choice":"Read","floor":28.0,"gold_loss":0.0,"damage_taken":0.0,"cards_obtained":["Finisher"]},{"damage_healed":0.0,"max_hp_gain":0.0,"max_hp_loss":0.0,"gold_gain":99.0,"event_name":"betterThird:BetterNest","player_choice":"Steal","floor":30.0,"gold_loss":0.0,"damage_taken":0.0},{"damage_healed":0.0,"max_hp_gain":0.0,"max_hp_loss":0.0,"gold_gain":0.0,"event_name":"Tomb of Lord Red Mask","player_choice":"Ignored","floor":36.0,"gold_loss":0.0,"damage_taken":0.0},{"cards_removed":["Strike_G"],"damage_healed":0.0,"max_hp_gain":0.0,"max_hp_loss":0.0,"gold_gain":0.0,"event_name":"Falling","player_choice":"Removed Attack","floor":37.0,"gold_loss":0.0,"damage_taken":0.0},{"damage_healed":0.0,"max_hp_gain":0.0,"max_hp_loss":0.0,"gold_gain":0.0,"event_name":"Upgrade Shrine","player_choice":"Upgraded","floor":42.0,"gold_loss":0.0,"damage_taken":0.0,"cards_upgraded":["Defend_G"]}],"is_beta":false,"boss_relics":[{"not_picked":["Tiny House","Runic Pyramid"],"picked":"Busted Crown"},{"not_picked":["Runic Dome","Cursed Key"],"picked":"WristBlade"}],"items_purged_floors":[3,19,29],"is_endless":false,"potions_floor_spawned":[1,4,11,27,33,39],"killed_by":"Nemesis","ascension_level":1}}