{"host":"pvafbce70weqvzks","time":1610073596,"event":{"mods":["BaseMod","Gremlin Mod","Hermit","Minty Spire (QoL Compilation)","StSLib","themimic"],"gold_per_floor":[114,114,124,124,124,150,225,259,285,302,76,97,111,130,130,232,232,242,48,48,61,61,61,80,95,122,139,0,11,23,23,23,127,127,145,161,172,227,246,246,262,273,273,36,36,51,66,86,86,86,86],"floor_reached":50,"playtime":2254,"items_purged":[],"score":537,"play_id":"4944a86b-5748-4417-9484-33611b2a1668","local_time":"20210107233956","is_ascension_mode":false,"campfire_choices":[{"data":"Armaments","floor":15,"key":"SMITH"},{"data":"Perfected Strike","floor":23,"key":"SMITH"},{"data":"Swift Strike","floor":32,"key":"SMITH"},{"floor":40,"key":"REST"},{"data":"Bludgeon","floor":49,"key":"SMITH"}],"circlet_count":0,"master_deck":["Strike_R","Strike_R","Strike_R","Strike_R","Strike_R","Defend_R","Defend_R","Defend_R","Defend_R","Bash","Thunderclap","Inflame","Twin Strike","Reckless Charge","Armaments+1","Carnage","Shrug It Off","Pommel Strike","Perfected Strike+1","Impervious","Flex+1","Bandage Up","Pummel","Cleave+1","Thunderclap+1","Intimidate","Double Tap","Swift Strike+1","Shrug It Off","Anger+1","Clash","Juggernaut","Thunderclap","Twin Strike","Headbutt+1","Reckless Charge+1","Flex","Bludgeon+1","Dramatic Entrance+1","Blood for Blood+1","Uppercut+1","Uppercut+1","Clash+1","Headbutt+1","Feed+1"],"relics":["Burning Blood","NeowsBlessing","Omamori","Magic Flower","Blood Vial","Orichalcum","Odd Mushroom","SlaversCollar","PreservedInsect","Meat on the Bone","Philosopher\u0027s Stone","Unceasing Top","Molten Egg 2"],"acts_visited":["Exordium","TheCity","TheBeyond"],"potions_floor_usage":[8,27,33,33,33,37,39,42,50,50],"damage_taken":[{"damage":0,"enemies":"2 Louse","floor":1,"turns":1},{"damage":0,"enemies":"Small Slimes","floor":3,"turns":1},{"damage":0,"enemies":"Lagavulin","floor":6,"turns":1},{"damage":3,"enemies":"Gremlin Nob","floor":8,"turns":3},{"damage":1,"enemies":"Jaw Worm","floor":10,"turns":3},{"damage":15,"enemies":"The Mushroom Lair","floor":12,"turns":4},{"damage":17,"enemies":"Exordium Wildlife","floor":13,"turns":4},{"damage":12,"enemies":"3 Louse","floor":14,"turns":4},{"damage":35,"enemies":"Slime Boss","floor":16,"turns":11},{"damage":6,"enemies":"Chosen","floor":18,"turns":4},{"damage":31,"enemies":"3 Byrds","floor":21,"turns":6},{"damage":27,"enemies":"Shelled Parasite and Fungi","floor":24,"turns":5},{"damage":16,"enemies":"Snake Plant","floor":25,"turns":4},{"damage":14,"enemies":"Snecko","floor":27,"turns":6},{"damage":18,"enemies":"Centurion and Healer","floor":29,"turns":6},{"damage":18,"enemies":"Sentry and Sphere","floor":30,"turns":4},{"damage":68,"enemies":"Champ","floor":33,"turns":10},{"damage":31,"enemies":"3 Shapes","floor":35,"turns":4},{"damage":43,"enemies":"3 Darklings","floor":36,"turns":5},{"damage":40,"enemies":"Sphere and 2 Shapes","floor":37,"turns":6},{"damage":75,"enemies":"2 Orb Walkers","floor":38,"turns":6},{"damage":11,"enemies":"Transient","floor":39,"turns":5},{"damage":7,"enemies":"4 Shapes","floor":41,"turns":4},{"damage":49,"enemies":"Spire Growth","floor":42,"turns":5},{"damage":35,"enemies":"Maw","floor":46,"turns":7},{"damage":11,"enemies":"Sphere and 2 Shapes","floor":47,"turns":2},{"damage":18,"enemies":"Writhing Mass","floor":48,"turns":4},{"damage":90,"enemies":"Donu and Deca","floor":50,"turns":6}],"seed_played":"7002990418367254050","potions_obtained":[{"floor":6,"key":"AttackPotion"},{"floor":8,"key":"LiquidMemories"},{"floor":12,"key":"Explosive Potion"},{"floor":21,"key":"CultistPotion"},{"floor":30,"key":"Fruit Juice"},{"floor":33,"key":"ColorlessPotion"},{"floor":35,"key":"DistilledChaos"},{"floor":38,"key":"Strength Potion"},{"floor":39,"key":"FearPotion"},{"floor":47,"key":"Fire Potion"}],"is_trial":false,"path_per_floor":["M","?","M","?","?","E","?","E","T","M","$","?","M","M","R","B",null,"M","$","?","M","?","R","M","M","T","M","$","M","M","T","R","B",null,"M","M","M","?","M","R","M","M","T","$","?","M","M","M","R","B"],"character_chosen":"IRONCLAD","items_purchased":["Carnage","Orichalcum","Bandage Up","Flex","Pummel","Swift Strike","Shrug It Off","Dramatic Entrance+1","Blood for Blood+1","Uppercut+1"],"campfire_rested":1,"item_purchase_floors":[11,11,19,19,19,28,28,44,44,44],"current_hp_per_floor":[80,80,80,80,85,85,74,77,77,85,85,79,74,74,74,51,85,85,85,69,56,61,61,55,60,60,58,58,58,61,61,61,37,95,79,72,71,32,51,79,90,71,71,71,71,66,67,67,67,0,0],"gold":86,"neow_bonus":"THREE_ENEMY_KILL","is_daily":false,"chose_seed":false,"campfire_upgraded":4,"win_rate":0.0,"timestamp":1610073596,"path_taken":["M","?","M","?","?","E","?","E","T","?","$","?","M","M","R","BOSS","M","$","?","M","?","R","M","M","T","?","?","M","M","?","R","BOSS","M","M","M","?","M","R","M","M","T","$","?","M","M","M","R","BOSS"],"items_purchased_type":["Card","Relic","Card","Card","Card","Card","Card","Card","Card","Card"],"build_version":"2020-12-22","purchased_purges":0,"victory":false,"max_hp_per_floor":[80,80,80,80,85,85,85,85,85,85,85,85,85,85,85,85,85,85,85,90,90,90,90,90,90,90,90,90,90,90,90,90,95,95,95,95,95,95,95,95,95,95,95,95,95,95,95,95,95,95,95],"card_choices":[{"not_picked":["Fire Breathing","Warcry"],"picked":"Thunderclap","floor":1},{"not_picked":["Body Slam","Wild Strike"],"picked":"Inflame","floor":3},{"not_picked":["Seeing Red","Entrench"],"picked":"Twin Strike","floor":6},{"not_picked":["Clothesline","Pommel Strike"],"picked":"Reckless Charge","floor":8},{"not_picked":["Sword Boomerang","Heavy Blade"],"picked":"Armaments","floor":10},{"not_picked":["Body Slam","Berserk"],"picked":"Shrug It Off","floor":12},{"not_picked":["Pummel","Iron Wave"],"picked":"Pommel Strike","floor":13},{"not_picked":["Battle Trance","Entrench"],"picked":"Perfected Strike","floor":14},{"not_picked":["Brutality","Fiend Fire"],"picked":"Impervious","floor":16},{"not_picked":["Body Slam","Perfected Strike"],"picked":"Flex+1","floor":18},{"not_picked":["Body Slam","Heavy Blade"],"picked":"Cleave+1","floor":21},{"not_picked":["Shrug It Off","Whirlwind"],"picked":"Thunderclap+1","floor":24},{"not_picked":["Armaments","Shockwave"],"picked":"Intimidate","floor":25},{"not_picked":["Pummel+1","Searing Blow"],"picked":"Double Tap","floor":27},{"not_picked":["Heavy Blade+1","True Grit+1"],"picked":"Anger+1","floor":29},{"not_picked":["Feel No Pain","Seeing Red"],"picked":"Clash","floor":30},{"not_picked":["Limit Break","Demon Form"],"picked":"Juggernaut","floor":33},{"not_picked":["Shrug It Off+1","Inflame"],"picked":"Shockwave+1","floor":35},{"not_picked":["Dual Wield","Sentinel+1"],"picked":"Thunderclap","floor":36},{"not_picked":["Spot Weakness","Sword Boomerang"],"picked":"Twin Strike","floor":37},{"not_picked":["Hemokinesis+1","Disarm+1"],"picked":"Headbutt+1","floor":38},{"not_picked":["Power Through+1","Heavy Blade+1"],"picked":"Reckless Charge+1","floor":39},{"not_picked":["Clash+1","Perfected Strike"],"picked":"Flex","floor":41},{"not_picked":["Sword Boomerang","Spot Weakness"],"picked":"Bludgeon","floor":42},{"not_picked":["Sword Boomerang+1","Dropkick+1"],"picked":"Clash+1","floor":46},{"not_picked":["Pummel+1","Bloodletting"],"picked":"Headbutt+1","floor":47},{"not_picked":["Havoc","Headbutt+1"],"picked":"Feed+1","floor":48}],"player_experience":54081,"relics_obtained":[{"floor":6,"key":"Omamori"},{"floor":8,"key":"Magic Flower"},{"floor":9,"key":"Blood Vial"},{"floor":12,"key":"Odd Mushroom"},{"floor":26,"key":"PreservedInsect"},{"floor":31,"key":"Meat on the Bone"},{"floor":38,"key":"Unceasing Top"},{"floor":43,"key":"Molten Egg 2"}],"event_choices":[{"damage_healed":0,"gold_gain":0,"player_choice":"Ignored","damage_taken":0,"max_hp_gain":0,"max_hp_loss":0,"event_name":"Golden Idol","floor":2,"gold_loss":0},{"damage_healed":0,"gold_gain":0,"player_choice":"Ignored","damage_taken":0,"max_hp_gain":0,"max_hp_loss":0,"event_name":"Golden Wing","floor":4,"gold_loss":0},{"damage_healed":0,"gold_gain":0,"player_choice":"Donut","damage_taken":0,"max_hp_gain":5,"max_hp_loss":0,"event_name":"Big Fish","floor":5,"gold_loss":0},{"damage_healed":0,"gold_gain":75,"player_choice":"Gather Gold","damage_taken":11,"max_hp_gain":0,"max_hp_loss":0,"event_name":"World of Goop","floor":7,"gold_loss":0},{"damage_healed":0,"gold_gain":0,"player_choice":"Fought Mushrooms","damage_taken":0,"max_hp_gain":0,"max_hp_loss":0,"event_name":"Mushrooms","floor":12,"gold_loss":0},{"damage_healed":0,"gold_gain":0,"player_choice":"Shed Blood","damage_taken":21,"max_hp_gain":5,"max_hp_loss":0,"event_name":"Forgotten Altar","floor":20,"gold_loss":0},{"cards_removed":["Flex"],"damage_healed":5,"gold_gain":0,"player_choice":"Offered Common","damage_taken":0,"max_hp_gain":0,"max_hp_loss":0,"event_name":"Bonfire Elementals","floor":22,"gold_loss":0},{"cards_removed":["Flex"],"damage_healed":5,"gold_gain":0,"player_choice":"Offered Special","damage_taken":0,"max_hp_gain":0,"max_hp_loss":0,"event_name":"Bonfire Elementals","floor":22,"gold_loss":0},{"damage_healed":0,"gold_gain":0,"player_choice":"Fight","damage_taken":0,"max_hp_gain":0,"max_hp_loss":0,"event_name":"Mysterious Sphere","floor":38,"gold_loss":0},{"damage_healed":0,"gold_gain":0,"cards_transformed":["Shockwave"],"player_choice":"Transformed","damage_taken":0,"max_hp_gain":0,"max_hp_loss":0,"event_name":"Transmorgrifier","floor":45,"gold_loss":0,"cards_obtained":["Uppercut"]}],"is_beta":false,"boss_relics":[{"not_picked":["SacredBark","Tiny House"],"picked":"SlaversCollar"},{"not_picked":["Runic Dome","Empty Cage"],"picked":"Philosopher\u0027s Stone"}],"items_purged_floors":[],"is_endless":false,"potions_floor_spawned":[6,8,12,21,25,30,33,35,38,39,47],"killed_by":"Donu and Deca","ascension_level":0}}