{"host":"qdfumeom6htv8yxl","time":1610137649,"event":{"mods":["AchievementEnabler","BaseMod","Bestiary","Block Reminder","Minty Spire (QoL Compilation)","Quick Restart","Relic Stats"],"gold_per_floor":[115,41,116,391,6,41,51,51,120,120,134,134,162,173,173,250,250,250,250,250,250,250,250,250,250,250,250,250,250,250,250,250,250,250,250,250,250,250,250,250,250,250,250,47,47,47,47,21,21,21,21],"floor_reached":52,"playtime":6875,"items_purged":["Regret"],"score":2008,"play_id":"9176ff6c-f2be-47f2-b3d2-aa45fb8c0224","local_time":"20210108142729","is_ascension_mode":true,"campfire_choices":[{"data":"Footwork","floor":8.0,"key":"SMITH"},{"data":"Neutralize","floor":10.0,"key":"SMITH"},{"data":"Choke","floor":12.0,"key":"SMITH"},{"data":"Backstab","floor":15.0,"key":"SMITH"},{"data":"Choke","floor":25.0,"key":"SMITH"},{"floor":29.0,"key":"REST"},{"data":"Dagger Throw","floor":32.0,"key":"SMITH"},{"floor":40.0,"key":"REST"},{"data":"Survivor","floor":49,"key":"SMITH"}],"circlet_count":0,"master_deck":["AscendersBane","Strike_G","Strike_G+1","Strike_G+1","Strike_G","Strike_G","Defend_G","Defend_G","Defend_G","Defend_G","Defend_G","Survivor+1","Neutralize+1","Footwork+1","Backstab+1","Blade Dance+1","Escape Plan+1","Choke+1","Deflect+1","Venomology+1","After Image+1","Dagger Throw+1","Leg Sweep+1","Acrobatics+1","Terror+1","Choke+1","Blade Dance+1","Backflip+1","Envenom+1","PiercingWail+1","Blade Dance+1","Accuracy+1","Cloak And Dagger+1","Blade Dance+1","Dodge and Roll+1"],"relics":["Ring of the Snake","NeowsBlessing","Frozen Egg 2","Toxic Egg 2","HornCleat","Toy Ornithopter","Ectoplasm","CaptainsWheel","Pocketwatch","Bag of Preparation","Oddly Smooth Stone","HoveringKite","Whetstone","Tough Bandages","White Beast Statue","Potion Belt","Ice Cream"],"acts_visited":["Exordium","TheCity","TheBeyond"],"potions_floor_usage":[47,47,50,50,51,51],"damage_taken":[{"damage":0.0,"enemies":"Small Slimes","floor":1.0,"turns":2.0},{"damage":0.0,"enemies":"3 Sentries","floor":6.0,"turns":2.0},{"damage":0.0,"enemies":"Jaw Worm","floor":7.0,"turns":1.0},{"damage":0.0,"enemies":"Cultist","floor":11.0,"turns":3.0},{"damage":9.0,"enemies":"Gremlin Nob","floor":13.0,"turns":4.0},{"damage":0.0,"enemies":"Lots of Slimes","floor":14.0,"turns":3.0},{"damage":44.0,"enemies":"Slime Boss","floor":16.0,"turns":17.0},{"damage":7.0,"enemies":"Spheric Guardian","floor":18.0,"turns":5.0},{"damage":0.0,"enemies":"3 Byrds","floor":19.0,"turns":5.0},{"damage":0.0,"enemies":"Shelled Parasite and Fungi","floor":20.0,"turns":5.0},{"damage":1.0,"enemies":"Snake Plant","floor":22.0,"turns":5.0},{"damage":6.0,"enemies":"Sentry and Sphere","floor":23.0,"turns":8.0},{"damage":23.0,"enemies":"Slavers","floor":24.0,"turns":6.0},{"damage":4.0,"enemies":"Book of Stabbing","floor":27.0,"turns":5.0},{"damage":17.0,"enemies":"Shelled Parasite and Fungi","floor":28.0,"turns":4.0},{"damage":0.0,"enemies":"Centurion and Healer","floor":30.0,"turns":5.0},{"damage":0.0,"enemies":"Gremlin Leader","floor":31.0,"turns":6.0},{"damage":84.0,"enemies":"Champ","floor":33.0,"turns":15.0},{"damage":0.0,"enemies":"Orb Walker","floor":35.0,"turns":2.0},{"damage":14.0,"enemies":"3 Shapes","floor":36.0,"turns":6.0},{"damage":11.0,"enemies":"Jaw Worm Horde","floor":39.0,"turns":4.0},{"damage":0.0,"enemies":"Mind Bloom Boss Battle","floor":41.0,"turns":6.0},{"damage":0.0,"enemies":"Spire Growth","floor":42.0,"turns":3.0},{"damage":0.0,"enemies":"Nemesis","floor":45.0,"turns":5.0},{"damage":12.0,"enemies":"4 Shapes","floor":46.0,"turns":4.0},{"damage":0,"enemies":"Maw","floor":47,"turns":4},{"damage":22,"enemies":"Donu and Deca","floor":50,"turns":12},{"damage":61,"enemies":"Awakened One","floor":51,"turns":13}],"seed_played":"7627897110635022163","potions_obtained":[{"floor":6.0,"key":"CultistPotion"},{"floor":7.0,"key":"EssenceOfSteel"},{"floor":14.0,"key":"EssenceOfSteel"},{"floor":16.0,"key":"CunningPotion"},{"floor":23.0,"key":"Explosive Potion"},{"floor":24.0,"key":"FearPotion"},{"floor":30.0,"key":"Energy Potion"},{"floor":35.0,"key":"Swift Potion"},{"floor":42.0,"key":"Ancient Potion"},{"floor":45.0,"key":"Ancient Potion"},{"floor":46.0,"key":"Block Potion"},{"floor":47,"key":"SpeedPotion"}],"is_trial":false,"path_per_floor":["M","$","?","?","$","E","M","R","T","R","M","R","E","M","R","B",null,"M","M","M","?","M","M","E","R","T","E","M","R","M","E","R","B",null,"M","M","?","T","M","R","?","M","T","$","E","M","M","$","R","B","B",null],"character_chosen":"THE_SILENT","items_purchased":["Footwork","Frozen Egg 2","Backstab","Accuracy+1","Potion Belt","Dodge and Roll+1"],"campfire_rested":2,"item_purchase_floors":[2,5,5,44,44,48],"current_hp_per_floor":[59,59,48,48,48,48,48,48,48,48,48,48,39,39,39,5,51,44,49,54,35,53,57,44,44,44,45,33,52,57,66,66,4,51,51,47,47,47,36,54,59,63,63,63,63,56,63,63,63,46,23],"gold":21,"neow_bonus":"THREE_ENEMY_KILL","is_daily":false,"chose_seed":false,"campfire_upgraded":7,"win_rate":0.0,"timestamp":1610137649,"path_taken":["M","$","?","?","$","E","?","R","T","R","M","R","E","?","R","BOSS","M","?","?","?","M","M","E","R","T","E","?","R","M","E","R","BOSS","M","M","?","?","M","R","?","M","T","$","E","M","?","$","R","BOSS","BOSS"],"items_purchased_type":["Card","Relic","Card","Card","Relic","Card"],"build_version":"2020-12-22","purchased_purges":1,"victory":true,"max_hp_per_floor":[66,66,66,66,66,66,66,66,66,66,66,66,66,66,66,66,66,66,66,66,66,66,66,66,66,66,66,66,66,66,66,66,66,66,66,66,63,63,63,63,63,63,63,63,63,63,63,63,63,63,63],"relic_stats":{"Tough Bandages":[45],"counters":[28,160],"HoveringKite":[17],"Ectoplasm":573,"Bag of Preparation":[28],"Whetstone":["Strike_G","Strike_G"],"obtain_stats":[{"Potion Belt":44,"Ice Cream":45,"NeowsBlessing":0,"Oddly Smooth Stone":31,"HoveringKite":34,"Bag of Preparation":27,"Whetstone":38,"Frozen Egg 2":5,"White Beast Statue":43,"CaptainsWheel":24,"Tough Bandages":41,"HornCleat":9,"Ectoplasm":17,"Toxic Egg 2":6,"Toy Ornithopter":13,"Ring of the Snake":0,"Pocketwatch":26},{"Potion Belt":23,"Ice Cream":24,"NeowsBlessing":0,"Oddly Smooth Stone":17,"HoveringKite":18,"Bag of Preparation":14,"Whetstone":20,"Frozen Egg 2":1,"White Beast Statue":23,"CaptainsWheel":13,"Tough Bandages":22,"HornCleat":3,"Ectoplasm":7,"Toxic Egg 2":2,"Toy Ornithopter":5,"Ring of the Snake":0,"Pocketwatch":13},{"Potion Belt":122,"Ice Cream":127,"NeowsBlessing":0,"Oddly Smooth Stone":86,"HoveringKite":101,"Bag of Preparation":71,"Whetstone":109,"Frozen Egg 2":2,"White Beast Statue":122,"CaptainsWheel":66,"Tough Bandages":119,"HornCleat":5,"Ectoplasm":32,"Toxic Egg 2":4,"Toy Ornithopter":12,"Ring of the Snake":0,"Pocketwatch":66}],"Toy Ornithopter":115,"Ring of the Snake":[56],"Pocketwatch":[12]},"card_choices":[{"not_picked":["Prepared","Bane","Expertise"],"picked":"SKIP","floor":1.0},{"not_picked":["Dagger Spray","Dagger Throw"],"picked":"Blade Dance+1","floor":6.0},{"not_picked":["Well Laid Plans+1","All Out Attack"],"picked":"Escape Plan+1","floor":7.0},{"not_picked":["Quick Slash","PiercingWail+1"],"picked":"Choke","floor":11.0},{"not_picked":["Sucker Punch","Well Laid Plans+1"],"picked":"Deflect+1","floor":13.0},{"not_picked":["Slice","Deadly Poison+1"],"picked":"Venomology+1","floor":14.0},{"not_picked":["Burst+1","Bullet Time+1"],"picked":"After Image+1","floor":16.0},{"not_picked":["Quick Slash","Deflect+1"],"picked":"Dagger Throw","floor":18.0},{"not_picked":["Outmaneuver+1","Bane"],"picked":"Leg Sweep+1","floor":19.0},{"not_picked":["PiercingWail+1","Grand Finale"],"picked":"Acrobatics+1","floor":20.0},{"not_picked":["Prepared+1","Deflect+1"],"picked":"Terror+1","floor":22.0},{"not_picked":["All Out Attack","Deflect+1"],"picked":"Choke","floor":23.0},{"not_picked":["Quick Slash","Crippling Poison+1"],"picked":"Blade Dance+1","floor":24.0},{"not_picked":["Leg Sweep+1","Dagger Spray","Flying Knee+1"],"picked":"SKIP","floor":27.0},{"not_picked":["Expertise+1","Bane","Prepared+1"],"picked":"SKIP","floor":28.0},{"not_picked":["Well Laid Plans+1","Underhanded Strike"],"picked":"Backflip+1","floor":30.0},{"not_picked":["Flying Knee","Acrobatics+1","Sucker Punch"],"picked":"SKIP","floor":31.0},{"not_picked":["Venomology+1","Burst+1"],"picked":"Envenom+1","floor":33.0},{"not_picked":["Choke","Slice","Caltrops+1"],"picked":"SKIP","floor":35.0},{"not_picked":["Poisoned Stab","Outmaneuver+1"],"picked":"PiercingWail+1","floor":36.0},{"not_picked":["Quick Slash+1","Infinite Blades+1"],"picked":"Blade Dance+1","floor":39.0},{"not_picked":["Blade Dance+1","Expertise+1","Endless Agony+1"],"picked":"SKIP","floor":42.0},{"not_picked":["Poisoned Stab","Distraction+1"],"picked":"Cloak And Dagger+1","floor":45.0},{"not_picked":["Outmaneuver+1","Backflip+1","Slice"],"picked":"SKIP","floor":46.0},{"not_picked":["Poisoned Stab","Dagger Spray"],"picked":"Blade Dance+1","floor":47}],"player_experience":1747396,"relics_obtained":[{"floor":6.0,"key":"Toxic Egg 2"},{"floor":9.0,"key":"HornCleat"},{"floor":13.0,"key":"Toy Ornithopter"},{"floor":24.0,"key":"CaptainsWheel"},{"floor":26.0,"key":"Pocketwatch"},{"floor":27.0,"key":"Bag of Preparation"},{"floor":31.0,"key":"Oddly Smooth Stone"},{"floor":38.0,"key":"Whetstone"},{"floor":41.0,"key":"Tough Bandages"},{"floor":43.0,"key":"White Beast Statue"},{"floor":45.0,"key":"Ice Cream"}],"event_choices":[{"damage_healed":0.0,"max_hp_gain":0.0,"max_hp_loss":0.0,"gold_gain":75.0,"event_name":"World of Goop","player_choice":"Gather Gold","floor":3.0,"gold_loss":0.0,"damage_taken":11.0},{"damage_healed":0.0,"max_hp_gain":0.0,"max_hp_loss":0.0,"gold_gain":275.0,"event_name":"Golden Shrine","player_choice":"Desecrate","floor":4.0,"gold_loss":0.0,"damage_taken":0.0,"cards_obtained":["Regret"]},{"damage_healed":0.0,"max_hp_gain":0.0,"max_hp_loss":0.0,"gold_gain":180.0,"event_name":"Knowing Skull","player_choice":"GOLD GOLD ","floor":21.0,"potions_obtained":[],"gold_loss":0.0,"damage_taken":19.0,"cards_obtained":[]},{"damage_healed":0.0,"max_hp_gain":0.0,"max_hp_loss":3.0,"gold_gain":0.0,"event_name":"Winding Halls","player_choice":"Max HP","floor":37.0,"gold_loss":0.0,"damage_taken":0.0},{"damage_healed":0.0,"max_hp_gain":0.0,"max_hp_loss":0.0,"gold_gain":0.0,"event_name":"MindBloom","player_choice":"Fight","floor":41.0,"gold_loss":0.0,"damage_taken":0.0}],"is_beta":false,"boss_relics":[{"not_picked":["Velvet Choker","Runic Dome"],"picked":"Ectoplasm"},{"not_picked":["Pandora\u0027s Box","Busted Crown"],"picked":"HoveringKite"}],"items_purged_floors":[5],"is_endless":false,"potions_floor_spawned":[6,7,11,14,16,22,23,24,27,30,35,42,45,46,47],"ascension_level":20}}