{"host":"dqv8oo4v229c1o2l","time":1610137778,"event":{"mods":["AchievementEnabler","BaseMod","Colored Map","Colored Powertips","Minty Spire (QoL Compilation)","Quick Restart","Rare Cards Sparkle","StSLib","Synergy Search"],"gold_per_floor":[114,131,131,145,164,192,192,192,217,239,280,257,296,308,320,431,443,475,487,499,511,208,238,86,104,104,104,133,133,167,180,180,283,283,295,314,328,328,341,367,377,402,479,497,532,532,550,585,585,585,585,585,45,70,70,70],"floor_reached":55,"playtime":4450,"items_purged":["Defend_P"],"score":1063,"play_id":"2d4795de-f5fe-426f-a546-a24bcaf6e344","local_time":"20210108122938","is_ascension_mode":true,"campfire_choices":[{"data":"Judgement","floor":8,"key":"SMITH"},{"data":"WindmillStrike","floor":15,"key":"SMITH"},{"data":"Scrawl","floor":27,"key":"SMITH"},{"floor":32,"key":"RECALL"},{"data":"EmptyMind","floor":46,"key":"SMITH"},{"data":"Ghostly","floor":49,"key":"SMITH"},{"data":"Ghostly","floor":52,"key":"SMITH"}],"circlet_count":0,"master_deck":["Strike_P","Strike_P","Strike_P","Defend_P","Defend_P","Defend_P","Eruption+1","Vigilance","Judgement+1","EmptyMind+1","EmptyFist","FollowUp","FlurryOfBlows+1","WindmillStrike+1","Scrawl+1","JustLucky","Writhe","Ghostly","Ghostly","Ghostly","Ghostly","Ghostly+1","Ghostly+1","DevaForm","Establishment","FlurryOfBlows+1","JustLucky+1","FlurryOfBlows","CutThroughFate+1"],"relics":["PureWater","Lantern","MawBank","Whetstone","Bottled Lightning","SlaversCollar","Incense Burner","MutagenicStrength","Ice Cream","Sundial","DollysMirror","Shuriken","TungstenRod","Boot","Runic Pyramid","Bottled Tornado","Juzu Bracelet","Singing Bowl","The Courier","Art of War","Anchor","Bottled Flame","Damaru"],"acts_visited":["Exordium","TheCity","TheBeyond","TheEnding"],"potions_floor_usage":[13,23,33,54,55,55],"damage_taken":[{"damage":1,"enemies":"Jaw Worm","floor":1,"turns":2},{"damage":0,"enemies":"2 Louse","floor":2,"turns":3},{"damage":5,"enemies":"Small Slimes","floor":4,"turns":3},{"damage":2,"enemies":"Blue Slaver","floor":5,"turns":2},{"damage":26,"enemies":"3 Sentries","floor":6,"turns":6},{"damage":0,"enemies":"Large Slime","floor":10,"turns":4},{"damage":10,"enemies":"Lagavulin","floor":11,"turns":3},{"damage":0,"enemies":"Gremlin Nob","floor":13,"turns":2},{"damage":37,"enemies":"The Guardian","floor":16,"turns":13},{"damage":25,"enemies":"Shell Parasite","floor":18,"turns":4},{"damage":9,"enemies":"Book of Stabbing","floor":23,"turns":6},{"damage":5,"enemies":"3 Byrds","floor":25,"turns":3},{"damage":2,"enemies":"Gremlin Leader","floor":28,"turns":4},{"damage":0,"enemies":"Book of Stabbing","floor":30,"turns":4},{"damage":0,"enemies":"Snecko","floor":31,"turns":5},{"damage":7,"enemies":"Champ","floor":33,"turns":11},{"damage":0,"enemies":"3 Shapes","floor":35,"turns":4},{"damage":0,"enemies":"3 Darklings","floor":36,"turns":7},{"damage":0,"enemies":"Transient","floor":37,"turns":5},{"damage":0,"enemies":"Jaw Worm Horde","floor":39,"turns":5},{"damage":0,"enemies":"Reptomancer","floor":40,"turns":6},{"damage":10,"enemies":"Spire Growth","floor":41,"turns":5},{"damage":0,"enemies":"Nemesis","floor":42,"turns":5},{"damage":0,"enemies":"Maw","floor":44,"turns":6},{"damage":1,"enemies":"Reptomancer","floor":45,"turns":4},{"damage":0,"enemies":"Jaw Worm Horde","floor":47,"turns":3},{"damage":0,"enemies":"Nemesis","floor":48,"turns":4},{"damage":13,"enemies":"Awakened One","floor":50,"turns":10},{"damage":0,"enemies":"Shield and Spear","floor":54,"turns":7},{"damage":48,"enemies":"The Heart","floor":55,"turns":8}],"seed_played":"1498583429498046068","potions_obtained":[{"floor":1,"key":"Block Potion"},{"floor":2,"key":"FearPotion"},{"floor":6,"key":"Regen Potion"},{"floor":13,"key":"PowerPotion"},{"floor":23,"key":"FearPotion"},{"floor":33,"key":"Dexterity Potion"},{"floor":42,"key":"GamblersBrew"},{"floor":54,"key":"BottledMiracle"}],"is_trial":false,"path_per_floor":["M","M","?","M","M","E","?","R","T","M","E","?","E","?","R","B",null,"M","?","?","?","$","E","$","M","T","R","E","$","E","M","R","B",null,"M","M","M","?","M","E","M","E","T","M","E","R","M","E","R","B",null,"R","$","E","B"],"character_chosen":"WATCHER","items_purchased":["Ice Cream","DollysMirror","FlurryOfBlows","Art of War","Anchor","Bottled Flame"],"campfire_rested":0,"item_purchase_floors":[22,24,53,53,53,53],"current_hp_per_floor":[71,71,71,66,64,38,43,43,43,43,33,52,52,45,45,8,77,52,52,52,38,38,29,29,24,24,24,22,22,22,22,22,24,38,38,38,38,38,38,38,28,28,28,28,29,29,31,33,33,20,44,44,44,44,0,0],"gold":70,"neow_bonus":"ONE_RANDOM_RARE_CARD","is_daily":false,"chose_seed":false,"campfire_upgraded":6,"win_rate":0.0,"timestamp":1610137778,"path_taken":["M","M","?","M","M","E","?","R","T","M","E","?","E","?","R","BOSS","M","?","?","?","$","E","$","M","T","R","E","?","E","M","R","BOSS","M","M","M","?","M","E","M","E","T","M","E","R","M","E","R","BOSS","R","$","E","BOSS"],"items_purchased_type":["Relic","Relic","Card","Relic","Relic","Relic"],"build_version":"2020-12-22","purchased_purges":1,"victory":false,"max_hp_per_floor":[72,72,72,72,72,72,77,77,77,77,77,77,77,77,77,77,77,77,77,77,38,38,38,38,38,38,38,38,38,38,38,38,38,38,38,38,38,38,38,38,38,38,38,38,40,40,42,44,44,44,44,44,44,44,44,44],"card_choices":[{"not_picked":["CrushJoints","SashWhip"],"picked":"EmptyMind","floor":1},{"not_picked":["EmptyMind","EmptyBody"],"picked":"EmptyFist","floor":2},{"not_picked":["ThirdEye","WaveOfTheHand"],"picked":"FollowUp","floor":4},{"not_picked":["Tantrum","FlyingSleeves","Study"],"picked":"SKIP","floor":5},{"not_picked":["Tantrum","Consecrate","CarveReality"],"picked":"SKIP","floor":6},{"not_picked":["EmptyBody","BowlingBash"],"picked":"FlurryOfBlows","floor":10},{"not_picked":["ClearTheMind","Judgement"],"picked":"WindmillStrike","floor":11},{"not_picked":["Consecrate","WheelKick","Protect"],"picked":"SKIP","floor":13},{"not_picked":["Alpha","MasterReality"],"picked":"Scrawl","floor":16},{"not_picked":["Collect","Halt"],"picked":"JustLucky","floor":18},{"not_picked":["Halt","Alpha","CrushJoints"],"picked":"SKIP","floor":23},{"not_picked":["Halt","EmptyFist+1","Crescendo"],"picked":"SKIP","floor":25},{"not_picked":["SashWhip","ClearTheMind","Scrawl"],"picked":"SKIP","floor":28},{"not_picked":["JustLucky+1","FlyingSleeves"],"picked":"DevaForm","floor":30},{"not_picked":["CrushJoints+1","WaveOfTheHand+1","BattleHymn"],"picked":"SKIP","floor":31},{"not_picked":["Alpha","Blasphemy"],"picked":"Establishment","floor":33},{"not_picked":["TalkToTheHand+1","Weave"],"picked":"FlurryOfBlows+1","floor":35},{"not_picked":["Protect+1","Halt+1","EmptyFist"],"picked":"SKIP","floor":36},{"not_picked":["Halt","SashWhip+1","BowlingBash"],"picked":"SKIP","floor":37},{"not_picked":["Prostrate","Perseverance+1","Consecrate"],"picked":"SKIP","floor":39},{"not_picked":["Protect","CrushJoints","Consecrate+1"],"picked":"SKIP","floor":40},{"not_picked":["Conclude","ThirdEye"],"picked":"JustLucky+1","floor":41},{"not_picked":["BattleHymn","InnerPeace+1","SashWhip+1"],"picked":"SKIP","floor":42},{"not_picked":["WaveOfTheHand","ClearTheMind+1","Halt+1"],"picked":"SKIP","floor":44},{"not_picked":["ThirdEye","SashWhip+1","TalkToTheHand"],"picked":"Singing Bowl","floor":45},{"not_picked":["Halt","WreathOfFlame","Crescendo"],"picked":"Singing Bowl","floor":47},{"not_picked":["Perseverance+1","Alpha","Evaluate+1"],"picked":"Singing Bowl","floor":48},{"not_picked":["Vengeance+1","SignatureMove"],"picked":"CutThroughFate+1","floor":54}],"player_experience":254822,"relics_obtained":[{"floor":6,"key":"Lantern"},{"floor":9,"key":"MawBank"},{"floor":11,"key":"Whetstone"},{"floor":13,"key":"Bottled Lightning"},{"floor":23,"key":"Sundial"},{"floor":26,"key":"Shuriken"},{"floor":28,"key":"TungstenRod"},{"floor":30,"key":"Boot"},{"floor":40,"key":"Bottled Tornado"},{"floor":42,"key":"Juzu Bracelet"},{"floor":45,"key":"Singing Bowl"},{"floor":48,"key":"The Courier"},{"floor":54,"key":"Damaru"}],"event_choices":[{"damage_healed":0,"gold_gain":0,"player_choice":"Ignored","damage_taken":0,"max_hp_gain":0,"max_hp_loss":0,"event_name":"Liars Game","floor":3,"gold_loss":0},{"damage_healed":0,"gold_gain":0,"player_choice":"Donut","damage_taken":0,"max_hp_gain":5,"max_hp_loss":0,"event_name":"Big Fish","floor":7,"gold_loss":0},{"damage_healed":19,"gold_gain":0,"player_choice":"Healed","damage_taken":0,"max_hp_gain":0,"max_hp_loss":0,"event_name":"The Cleric","floor":12,"gold_loss":35},{"cards_removed":["Strike_P"],"damage_healed":0,"gold_gain":0,"player_choice":"Card Removal","damage_taken":7,"max_hp_gain":0,"max_hp_loss":0,"event_name":"Golden Wing","floor":14,"gold_loss":0},{"damage_healed":0,"gold_gain":0,"player_choice":"Opened","damage_taken":0,"relics_obtained":["Incense Burner"],"max_hp_gain":0,"max_hp_loss":0,"event_name":"The Mausoleum","floor":19,"gold_loss":0,"cards_obtained":["Writhe"]},{"damage_healed":0,"gold_gain":0,"player_choice":"Inject Mutagens","damage_taken":0,"relics_obtained":["MutagenicStrength"],"max_hp_gain":0,"max_hp_loss":0,"event_name":"Drug Dealer","floor":20,"gold_loss":0},{"damage_healed":0,"gold_gain":0,"player_choice":"Became a Ghost","damage_taken":0,"max_hp_gain":0,"max_hp_loss":39,"event_name":"Ghosts","floor":21,"gold_loss":0,"cards_obtained":["Ghostly","Ghostly","Ghostly","Ghostly","Ghostly"]},{"damage_healed":0,"gold_gain":0,"player_choice":"Memory 1","damage_taken":0,"max_hp_gain":0,"max_hp_loss":0,"event_name":"SensoryStone","floor":38,"gold_loss":0}],"is_beta":false,"boss_relics":[{"not_picked":["Sozu","Runic Dome"],"picked":"SlaversCollar"},{"not_picked":["HolyWater","Fusion Hammer"],"picked":"Runic Pyramid"}],"items_purged_floors":[53],"is_endless":false,"potions_floor_spawned":[1,2,6,13,23,28,33,36,37,39,41,42,54],"killed_by":"The Heart","ascension_level":1}}