{"host":"2se5dq1do2gp0x9k","time":1610124581,"event":{"mods":["BaseMod","Block Reminder","Colored Map","Colored Powertips","Minty Spire (QoL Compilation)","Relic Stats","StSLib","SuperFastMode","Synergy Search"],"gold_per_floor":[118,43,54,54,68,68,98,98,178,206,221,250,266,300,300,374,374,386,346,358,228,243,269,283,294,320,348,273,289,289,289,289,366,366,377,0,54,54,90,90,90,90],"floor_reached":41,"playtime":2439,"items_purged":["Defend_P"],"score":1026,"play_id":"0a085b7c-0f35-4b10-b101-3977162715ea","local_time":"20210108084941","is_ascension_mode":true,"campfire_choices":[{"floor":6.0,"key":"REST"},{"data":"Tantrum","floor":8.0,"key":"SMITH"},{"data":"TalkToTheHand","floor":15.0,"key":"SMITH"},{"floor":30,"key":"REST"},{"floor":32,"key":"REST"},{"floor":40,"key":"REST"}],"circlet_count":0,"master_deck":["AscendersBane","Strike_P+1","Defend_P+1","Defend_P+1","Defend_P","Eruption","Vigilance+1","LessonLearned+1","Consecrate","Tantrum+1","CarveReality+1","Evaluate+1","Tantrum+1","TalkToTheHand+1","ForeignInfluence+1","MentalFortress+1","Blasphemy+1","Consecrate+1","Halt+1","MasterReality+1","ReachHeaven","ThirdEye+1","MentalFortress+1","EmptyFist","Sanctity+1","Tantrum+1","ClearTheMind+1","CutThroughFate+1","ClearTheMind+1","Omniscience+1","Meditate+1","HandOfGreed","Forethought+1","Chrysalis+1"],"relics":["PureWater","War Paint","Toxic Egg 2","Mummified Hand","Toy Ornithopter","Darkstone Periapt","Astrolabe","Akabeko","Bag of Preparation","Art of War","SlaversCollar","Anchor","Toolbox","StoneCalendar"],"acts_visited":["Exordium","TheCity","TheBeyond"],"potions_floor_usage":[25,27,33,35,41],"damage_taken":[{"damage":0.0,"enemies":"2 Louse","floor":1.0,"turns":2.0},{"damage":13.0,"enemies":"Jaw Worm","floor":3.0,"turns":4.0},{"damage":5.0,"enemies":"Cultist","floor":5.0,"turns":4.0},{"damage":12.0,"enemies":"Gremlin Nob","floor":7.0,"turns":3.0},{"damage":15.0,"enemies":"3 Sentries","floor":10.0,"turns":4.0},{"damage":0.0,"enemies":"3 Louse","floor":11.0,"turns":2.0},{"damage":0.0,"enemies":"Lagavulin","floor":12.0,"turns":6.0},{"damage":0.0,"enemies":"2 Fungi Beasts","floor":13.0,"turns":3.0},{"damage":0.0,"enemies":"Gremlin Nob","floor":14.0,"turns":2.0},{"damage":0.0,"enemies":"Slime Boss","floor":16.0,"turns":5.0},{"damage":27.0,"enemies":"2 Thieves","floor":18.0,"turns":4.0},{"damage":9.0,"enemies":"3 Byrds","floor":20.0,"turns":4.0},{"damage":0.0,"enemies":"Centurion and Healer","floor":22.0,"turns":4.0},{"damage":19,"enemies":"Book of Stabbing","floor":23,"turns":3},{"damage":0,"enemies":"3 Cultists","floor":24,"turns":4},{"damage":4,"enemies":"Cultist and Chosen","floor":25,"turns":4},{"damage":7,"enemies":"Slavers","floor":27,"turns":5},{"damage":0,"enemies":"Shelled Parasite and Fungi","floor":29,"turns":1},{"damage":7,"enemies":"Collector","floor":33,"turns":4},{"damage":0,"enemies":"3 Darklings","floor":35,"turns":3},{"damage":13,"enemies":"2 Orb Walkers","floor":37,"turns":4},{"damage":0,"enemies":"3 Shapes","floor":39,"turns":7},{"damage":100011,"enemies":"Giant Head","floor":41,"turns":7}],"seed_played":"4549178452910064396","potions_obtained":[{"floor":3.0,"key":"SkillPotion"},{"floor":5.0,"key":"ColorlessPotion"},{"floor":11.0,"key":"StancePotion"},{"floor":12.0,"key":"Regen Potion"},{"floor":19.0,"key":"Swift Potion"},{"floor":19.0,"key":"LiquidMemories"},{"floor":24,"key":"PowerPotion"},{"floor":25,"key":"GamblersBrew"},{"floor":27,"key":"Block Potion"},{"floor":33,"key":"FearPotion"},{"floor":39,"key":"FearPotion"}],"is_trial":false,"path_per_floor":["M","$","M","?","M","R","E","R","T","E","M","E","M","E","R","B",null,"M","?","M","$","M","E","M","M","T","E","?","M","R","?","R","B",null,"M","$","?","?","M","R","E"],"character_chosen":"WATCHER","items_purchased":["ThirdEye+1","MentalFortress","Meditate+1","Anchor","Toolbox"],"campfire_rested":4,"item_purchase_floors":[21,21,36,36,36],"current_hp_per_floor":[43,43,30,30,25,45,33,33,33,18,18,18,18,18,18,37,60,33,33,29,29,29,10,10,11,11,9,9,9,29,29,49,47,63,68,68,55,45,45,65,0,0],"gold":90,"neow_bonus":"THREE_RARE_CARDS","is_daily":false,"chose_seed":false,"campfire_upgraded":2,"win_rate":0.0,"timestamp":1610124581,"path_taken":["M","$","M","?","M","R","E","R","T","E","M","E","M","E","R","BOSS","M","?","M","$","?","E","M","M","T","E","?","M","R","?","R","BOSS","M","?","?","?","M","R","E"],"items_purchased_type":["Card","Card","Card","Relic","Relic"],"build_version":"2020-12-22","purchased_purges":1,"victory":false,"max_hp_per_floor":[68,68,68,68,68,68,68,68,68,68,68,68,68,68,68,68,68,68,68,68,68,68,68,68,68,68,68,68,68,68,68,68,68,68,68,68,68,68,68,68,68,68],"relic_stats":{"Darkstone Periapt":0,"counters":[23,88],"Mummified Hand":[36],"Astrolabe":["Consecrate","Halt","MasterReality"],"StoneCalendar":[24],"Bag of Preparation":[14],"Art of War":[6],"War Paint":["Defend_P","Evaluate"],"obtain_stats":[{"Darkstone Periapt":14,"Astrolabe":17,"StoneCalendar":37,"Bag of Preparation":26,"War Paint":7,"Akabeko":23,"SlaversCollar":34,"Anchor":36,"Mummified Hand":10,"Toolbox":36,"Art of War":27,"PureWater":0,"Toxic Egg 2":9,"Toy Ornithopter":12},{"Darkstone Periapt":9,"Astrolabe":10,"StoneCalendar":21,"Bag of Preparation":16,"War Paint":4,"Akabeko":14,"SlaversCollar":19,"Anchor":20,"Mummified Hand":5,"Toolbox":20,"Art of War":17,"PureWater":0,"Toxic Egg 2":4,"Toy Ornithopter":7},{"Darkstone Periapt":30,"Astrolabe":35,"StoneCalendar":75,"Bag of Preparation":58,"War Paint":13,"Akabeko":50,"SlaversCollar":68,"Anchor":71,"Mummified Hand":17,"Toolbox":71,"Art of War":63,"PureWater":0,"Toxic Egg 2":13,"Toy Ornithopter":25}],"Toy Ornithopter":35},"card_choices":[{"not_picked":["Judgement","Brilliance"],"picked":"LessonLearned","floor":0.0},{"not_picked":["FollowUp","Crescendo"],"picked":"Consecrate","floor":1.0},{"not_picked":["InnerPeace","BowlingBash"],"picked":"Tantrum","floor":3.0},{"not_picked":["Halt","FollowUp"],"picked":"CarveReality","floor":5.0},{"not_picked":["CutThroughFate","ReachHeaven"],"picked":"Evaluate","floor":7.0},{"not_picked":["BowlingBash","ReachHeaven"],"picked":"Tantrum","floor":10.0},{"not_picked":["EmptyBody+1","FlyingSleeves"],"picked":"TalkToTheHand","floor":11.0},{"not_picked":["JustLucky","Vengeance+1"],"picked":"ForeignInfluence+1","floor":12.0},{"not_picked":["Evaluate+1","ThirdEye+1"],"picked":"MentalFortress","floor":13.0},{"not_picked":["LikeWater","Nirvana"],"picked":"MasterReality","floor":14.0},{"not_picked":["Vault+1","Omniscience+1"],"picked":"Blasphemy+1","floor":16.0},{"not_picked":["LikeWater","JustLucky"],"picked":"ReachHeaven","floor":18.0},{"not_picked":["CarveReality","Consecrate","Prostrate+1"],"picked":"SKIP","floor":20.0},{"not_picked":["PathToVictory+1","MentalFortress"],"picked":"EmptyFist","floor":22.0},{"not_picked":["Consecrate","Prostrate+1"],"picked":"Sanctity+1","floor":23},{"not_picked":["CutThroughFate","FlurryOfBlows+1"],"picked":"Tantrum+1","floor":24},{"not_picked":["Protect+1","Blasphemy+1"],"picked":"ClearTheMind+1","floor":25},{"not_picked":["WreathOfFlame+1","Consecrate"],"picked":"CutThroughFate+1","floor":27},{"not_picked":["Tantrum","SashWhip"],"picked":"ClearTheMind+1","floor":29},{"not_picked":["Judgement+1","LessonLearned"],"picked":"Omniscience+1","floor":33},{"not_picked":["Wireheading","SignatureMove","Consecrate"],"picked":"SKIP","floor":35},{"not_picked":["Impatience+1","Flash of Steel"],"picked":"HandOfGreed","floor":38},{"not_picked":["Apotheosis+1","Dramatic Entrance"],"picked":"Forethought+1","floor":38},{"not_picked":["Apotheosis+1","Swift Strike"],"picked":"Chrysalis+1","floor":38},{"not_picked":["EmptyFist","EmptyBody+1","EmptyMind+1"],"picked":"SKIP","floor":39}],"player_experience":3801026,"relics_obtained":[{"floor":7.0,"key":"War Paint"},{"floor":9.0,"key":"Toxic Egg 2"},{"floor":10.0,"key":"Mummified Hand"},{"floor":12.0,"key":"Toy Ornithopter"},{"floor":14.0,"key":"Darkstone Periapt"},{"floor":23,"key":"Akabeko"},{"floor":26,"key":"Bag of Preparation"},{"floor":27,"key":"Art of War"},{"floor":37,"key":"StoneCalendar"}],"event_choices":[{"damage_healed":0.0,"max_hp_gain":0.0,"max_hp_loss":0.0,"gold_gain":0.0,"event_name":"Liars Game","player_choice":"Ignored","floor":4.0,"gold_loss":0.0,"damage_taken":0.0},{"damage_healed":0.0,"max_hp_gain":0.0,"max_hp_loss":0.0,"gold_gain":0.0,"event_name":"The Woman in Blue","player_choice":"Bought 3 Potions","floor":19.0,"gold_loss":0.0,"damage_taken":0.0},{"cards_removed":["MasterReality"],"damage_healed":0,"gold_gain":0,"player_choice":"Gave Gold","damage_taken":0,"max_hp_gain":0,"max_hp_loss":0,"event_name":"Beggar","floor":28,"gold_loss":75},{"damage_healed":0,"gold_gain":0,"player_choice":"Forge","damage_taken":0,"max_hp_gain":0,"max_hp_loss":0,"event_name":"Accursed Blacksmith","floor":31,"gold_loss":0,"cards_upgraded":["MentalFortress"]},{"damage_healed":0,"gold_gain":0,"player_choice":"Fight","damage_taken":0,"max_hp_gain":0,"max_hp_loss":0,"event_name":"Mysterious Sphere","floor":37,"gold_loss":0},{"damage_healed":0,"gold_gain":0,"player_choice":"Memory 3","damage_taken":10,"max_hp_gain":0,"max_hp_loss":0,"event_name":"SensoryStone","floor":38,"gold_loss":0}],"is_beta":false,"boss_relics":[{"not_picked":["Coffee Dripper","Runic Dome"],"picked":"Astrolabe"},{"not_picked":["Philosopher\u0027s Stone","Pandora\u0027s Box"],"picked":"SlaversCollar"}],"items_purged_floors":[2],"is_endless":false,"potions_floor_spawned":[3,5,7,11,12,24,25,27,33,39],"killed_by":"Giant Head","ascension_level":15}}