{"host":"duxoyu97j36znyap","time":1610086521,"event":{"mods":["AlwaysNeverKeys","BaseMod","Bestiary","BetterRewards","Colored Map","DeckTracker","Filter the Spire","Googly Eyes","Minty Spire (QoL Compilation)","Permanent Neow","Rare Cards Sparkle","Relic Stats","StSLib"],"gold_per_floor":[114,0,18,30,30,30,30],"floor_reached":6,"playtime":183,"items_purged":["Strike_R"],"score":63,"play_id":"3e9acd43-fc98-433e-88bc-f9451b583618","local_time":"20210108011521","is_ascension_mode":true,"campfire_choices":[],"circlet_count":0,"master_deck":["AscendersBane","Strike_R","Strike_R","Strike_R","Strike_R","Defend_R","Defend_R","Defend_R","Defend_R","Bash","Iron Wave","Whirlwind","Flex","Shrug It Off","Regret"],"relics":["Black Star","Shuriken"],"acts_visited":["Exordium"],"potions_floor_usage":[],"damage_taken":[{"damage":0.0,"enemies":"Small Slimes","floor":1.0,"turns":3.0},{"damage":2.0,"enemies":"2 Louse","floor":3.0,"turns":3.0},{"damage":6.0,"enemies":"Cultist","floor":4.0,"turns":3.0},{"damage":60,"enemies":"Lagavulin","floor":6,"turns":8}],"seed_played":"-2825190979275845327","potions_obtained":[{"floor":3.0,"key":"Weak Potion"}],"is_trial":false,"path_per_floor":["M","$","M","M","?","E"],"character_chosen":"IRONCLAD","items_purchased":["Whirlwind"],"campfire_rested":0,"item_purchase_floors":[2],"current_hp_per_floor":[68,68,66,60,60,0,0],"gold":30,"neow_bonus":"BOSS_RELIC","is_daily":false,"chose_seed":false,"campfire_upgraded":0,"win_rate":0.0,"timestamp":1610086521,"path_taken":["M","$","M","M","?","E"],"items_purchased_type":["Card"],"build_version":"2020-12-22","purchased_purges":1,"victory":false,"max_hp_per_floor":[75,75,75,75,75,75,75],"relic_stats":{"counters":[4,17],"Shuriken":[1],"Black Star":0,"obtain_stats":[{"Shuriken":5,"Black Star":0,"Burning Blood":0},{"Shuriken":3,"Black Star":0,"Burning Blood":0},{"Shuriken":9,"Black Star":0,"Burning Blood":0}]},"card_choices":[{"not_picked":["Intimidate","Blood for Blood"],"picked":"Iron Wave","floor":1.0},{"not_picked":["Thunderclap","Clothesline"],"picked":"Flex","floor":3.0},{"not_picked":["Anger","Hemokinesis"],"picked":"Shrug It Off","floor":4.0}],"player_experience":556071,"relics_obtained":[],"event_choices":[{"damage_healed":0.0,"max_hp_gain":0.0,"max_hp_loss":0.0,"gold_gain":0.0,"event_name":"Big Fish","player_choice":"Box","floor":5.0,"gold_loss":0.0,"damage_taken":0.0,"relics_obtained":["Shuriken"],"cards_obtained":["Regret"]}],"is_beta":false,"boss_relics":[],"items_purged_floors":[2],"is_endless":false,"potions_floor_spawned":[3],"killed_by":"Lagavulin","ascension_level":15}}