{"host":"v4nyfngrgywi7zc6","time":1610078855,"event":{"mods":["2.2 Compatiblity","BaseMod","Custom Start","Minty Spire (QoL Compilation)","Shop Mod","StSLib","The Dragon Tamer","The Jungle","The Marked"],"gold_per_floor":[114,132,57,57,7,7,36,36,36,56,131,131,164,174,174,279,279,291,304,24,24,24,24,39,39,39,139,39,39,52,71,71,173,173,189,208,208,208,223,223,240,240,240,240],"floor_reached":42,"playtime":3188,"items_purged":["DTMod:Strike","DTMod:Strike"],"score":556,"play_id":"96f5d6f4-3889-4562-95e3-dae6666faadf","local_time":"20210107220735","is_ascension_mode":false,"metric_token":595,"campfire_choices":[{"data":"DTMod:SwitchingTactic","floor":6.0,"key":"SMITH"},{"data":"DTMod:Training","floor":8.0,"key":"SMITH"},{"floor":12.0,"key":"RECALL"},{"floor":15.0,"key":"REST"},{"floor":23.0,"key":"REST"},{"data":"DTMod:Harmonize","floor":25.0,"key":"SMITH"},{"data":"DTMod:Training","floor":29.0,"key":"SMITH"},{"data":"DTMod:HeadStart","floor":32.0,"key":"SMITH"},{"floor":40,"key":"REST"}],"dtmod_dragon_data":[47,50,3,3,2,2],"circlet_count":0,"master_deck":["DTMod:Strike","DTMod:Strike","DTMod:DoubleHit","DTMod:TargetDefense","DTMod:TargetDefense","DTMod:TargetDefense","DTMod:TargetDefense","DTMod:SwitchingTactic+1","DTMod:ComboAttack","DTMod:Training+1","DTMod:ComboAttack","DTMod:WarmUp","DTMod:Training+1","DTMod:Harmonize+1","DTMod:Adaptation","DTMod:HeadStart+1","DTMod:HeadStart","DTMod:WarmUp","DTMod:MagiciansMark+1","DTMod:HeadStart","DTMod:Safeguard"],"relics":["DTMod:PactStone","NeowsBlessing","Oddly Smooth Stone","Darkstone Periapt","Dead Branch","Dream Catcher","Black Star","DollysMirror","Busted Crown"],"acts_visited":["Exordium","Exordium","TheBeyond"],"potions_floor_usage":[42],"damage_taken":[{"damage":0.0,"enemies":"Cultist","floor":1.0,"turns":1.0},{"damage":0.0,"enemies":"Small Slimes","floor":2.0,"turns":1.0},{"damage":0.0,"enemies":"Gremlin Nob","floor":7.0,"turns":1.0},{"damage":0.0,"enemies":"2 Louse","floor":10.0,"turns":2.0},{"damage":0.0,"enemies":"3 Sentries","floor":13.0,"turns":6.0},{"damage":0.0,"enemies":"Blue Slaver","floor":14.0,"turns":3.0},{"damage":0.0,"enemies":"Slime Boss","floor":16.0,"turns":10.0},{"damage":11.0,"enemies":"Shell Parasite","floor":18.0,"turns":7.0},{"damage":15.0,"enemies":"theJungle:GiantWrat","floor":19.0,"turns":4.0},{"damage":0.0,"enemies":"Snake Plant","floor":24.0,"turns":5.0},{"damage":0.0,"enemies":"theJungle:SlimyTreeVines","floor":30.0,"turns":4.0},{"damage":0.0,"enemies":"theJungle:Lyon","floor":31.0,"turns":2.0},{"damage":0.0,"enemies":"theJungle:QueenSpyder","floor":33.0,"turns":7.0},{"damage":0.0,"enemies":"Orb Walker","floor":35.0,"turns":3.0},{"damage":5.0,"enemies":"3 Darklings","floor":36.0,"turns":4.0},{"damage":11.0,"enemies":"Sphere and 2 Shapes","floor":39.0,"turns":5.0},{"damage":0,"enemies":"Maw","floor":41,"turns":8},{"damage":50,"enemies":"Reptomancer","floor":42,"turns":5}],"seed_played":"311363029529424135","potions_obtained":[{"floor":7.0,"key":"SneckoOil"},{"floor":10.0,"key":"PowerPotion"},{"floor":16.0,"key":"LiquidBronze"},{"floor":18.0,"key":"AttackPotion"},{"floor":24.0,"key":"Regen Potion"},{"floor":30.0,"key":"BlessingOfTheForge"},{"floor":31.0,"key":"Dexterity Potion"},{"floor":36.0,"key":"SpeedPotion"},{"floor":39.0,"key":"Fruit Juice"}],"is_trial":false,"path_per_floor":["M","M","$","?","?","R","E","R","T","M","?","R","E","M","R","B",null,"M","M","$","?","?","R","M","R","T","?","$","R","M","M","R","B",null,"M","M","?","?","M","R","M","E"],"character_chosen":"THE_DT","items_purchased":["DTMod:HeadStart","DollysMirror"],"campfire_rested":3,"item_purchase_floors":[20,20],"current_hp_per_floor":[45,45,45,45,45,45,45,45,45,45,34,34,34,34,45,45,45,34,19,19,19,25,38,38,38,38,38,38,38,38,38,38,38,45,45,40,40,40,34,49,49,0,0,0],"gold":240,"neow_bonus":"THREE_ENEMY_KILL","is_daily":false,"chose_seed":false,"campfire_upgraded":5,"win_rate":0.0,"timestamp":1610078855,"path_taken":["M","M","$","?","?","R","E","R","T","M","?","R","E","?","R","BOSS","M","M","$","?","?","R","M","R","T","?","$","R","M","?","R","BOSS","M","M","?","?","M","R","M","E"],"items_purchased_type":["Card","Relic"],"build_version":"2020-12-22","purchased_purges":2,"victory":false,"max_hp_per_floor":[45,45,45,45,45,45,45,45,45,45,45,45,45,45,45,45,45,45,45,45,45,45,45,45,45,45,45,45,45,45,45,45,45,45,45,45,45,45,50,50,50,50,50,50],"card_choices":[{"not_picked":["DTMod:MasterPlan","DTMod:BurningEnergy"],"picked":"DTMod:ComboAttack","floor":1.0},{"not_picked":["DTMod:MasterPlan","DTMod:BizarreTactic","DTMod:CleansingStrike"],"picked":"SKIP","floor":2.0},{"not_picked":["DTMod:BizarreTactic","DTMod:Prediction"],"picked":"DTMod:Training","floor":7.0},{"not_picked":["DTMod:Shift","DTMod:Weaken"],"picked":"DTMod:ComboAttack","floor":10.0},{"not_picked":["DTMod:FlameSlash","DTMod:BurningEnergy"],"picked":"DTMod:WarmUp","floor":13.0},{"not_picked":["DTMod:Feint","DTMod:BuildUp","DTMod:BlazingStrike"],"picked":"SKIP","floor":14.0},{"not_picked":["DTMod:BreakAttack","DTMod:BurningEnergy"],"picked":"DTMod:Training","floor":15.0},{"not_picked":["DTMod:ExcessFootwork","DTMod:HeadStart"],"picked":"DTMod:Harmonize","floor":16.0},{"not_picked":["DTMod:Feint+1","DTMod:BizarreTactic+1"],"picked":"DTMod:Adaptation","floor":18.0},{"not_picked":["DTMod:Weaken","DTMod:BlazingStrike","DTMod:ForkedFire+1"],"picked":"SKIP","floor":19.0},{"not_picked":["DTMod:Weaken","DTMod:BizarreTactic+1"],"picked":"DTMod:WarmUp","floor":23.0},{"not_picked":["DTMod:DarkBreath","DTMod:MaximumCharge"],"picked":"DTMod:MagiciansMark+1","floor":24.0},{"not_picked":["DTMod:Cover","DTMod:Coolant"],"picked":"DTMod:HeadStart","floor":30.0},{"not_picked":["DTMod:Feint+1","DTMod:Weaken","DTMod:ForkedFire"],"picked":"SKIP","floor":31.0},{"not_picked":["DTMod:ResonanceForm","DTMod:FierySynthesis"],"picked":"DTMod:Safeguard","floor":33.0},{"not_picked":["DTMod:Punisher"],"picked":"SKIP","floor":35.0},{"not_picked":["DTMod:Threaten+1"],"picked":"SKIP","floor":36.0},{"not_picked":["DTMod:Feint+1"],"picked":"SKIP","floor":39.0},{"not_picked":["DTMod:HeatWave"],"picked":"SKIP","floor":41}],"player_experience":222062,"relics_obtained":[{"floor":7.0,"key":"Darkstone Periapt"},{"floor":9.0,"key":"Dead Branch"},{"floor":13.0,"key":"Dream Catcher"}],"event_choices":[{"damage_healed":0.0,"max_hp_gain":0.0,"max_hp_loss":0.0,"gold_gain":0.0,"event_name":"Big Fish","player_choice":"Box","floor":4.0,"gold_loss":0.0,"damage_taken":0.0,"relics_obtained":["Oddly Smooth Stone"],"cards_obtained":["Regret"]},{"cards_removed":["Regret"],"damage_healed":0.0,"max_hp_gain":0.0,"max_hp_loss":0.0,"gold_gain":0.0,"event_name":"The Cleric","player_choice":"Card Removal","floor":5.0,"gold_loss":50.0,"damage_taken":0.0},{"damage_healed":0.0,"max_hp_gain":0.0,"max_hp_loss":0.0,"gold_gain":75.0,"event_name":"World of Goop","player_choice":"Gather Gold","floor":11.0,"gold_loss":0.0,"damage_taken":11.0},{"damage_healed":0.0,"max_hp_gain":0.0,"max_hp_loss":0.0,"gold_gain":100.0,"event_name":"Golden Shrine","player_choice":"Pray","floor":27.0,"gold_loss":0.0,"damage_taken":0.0},{"damage_healed":0.0,"max_hp_gain":0.0,"max_hp_loss":0.0,"gold_gain":0.0,"event_name":"SensoryStone","player_choice":"Memory 1","floor":37.0,"gold_loss":0.0,"damage_taken":0.0},{"damage_healed":0.0,"max_hp_gain":0.0,"max_hp_loss":0.0,"gold_gain":0.0,"event_name":"SecretPortal","player_choice":"Ignored","floor":38.0,"gold_loss":0.0,"damage_taken":0.0}],"is_beta":false,"boss_relics":[{"not_picked":["SlaversCollar","Runic Dome"],"picked":"Black Star"},{"not_picked":["Coffee Dripper","Sozu"],"picked":"Busted Crown"}],"items_purged_floors":[3,28],"is_endless":false,"potions_floor_spawned":[7,10,16,18,24,30,31,36,39],"killed_by":"Reptomancer","ascension_level":0}}