{"host":"baiuyraednrljtmn","time":1610082179,"event":{"mods":["BaseMod","Colored Map","Colored Powertips","Current Relic Mod","DeckTracker","Keyboard Shortcuts","Minty Spire (QoL Compilation)","Relic Stats","StSLib","SuperFastMode","everything is the same but u backflip on backflip"],"gold_per_floor":[119,44,44,68,68,111,111,111,111],"floor_reached":8,"playtime":137,"items_purged":[],"score":158,"play_id":"452e4ab3-3329-483d-896f-ec8434dd7cab","local_time":"20210108140259","is_ascension_mode":true,"campfire_choices":[{"data":"Eruption","floor":7,"key":"SMITH"}],"circlet_count":0,"master_deck":["AscendersBane","Strike_P","Strike_P","Strike_P","Strike_P","Defend_P","Defend_P","Defend_P","Eruption+1","Vigilance","Consecrate"],"relics":["PureWater","NeowsBlessing","Golden Idol","Tiny Chest","Omamori"],"acts_visited":["Exordium"],"potions_floor_usage":[8,8],"damage_taken":[{"damage":0,"enemies":"Cultist","floor":1,"turns":1},{"damage":0,"enemies":"Small Slimes","floor":4,"turns":1},{"damage":0,"enemies":"Lagavulin","floor":6,"turns":1},{"damage":51,"enemies":"3 Sentries","floor":8,"turns":11}],"seed_played":"-1472303606322436778","potions_obtained":[{"floor":1,"key":"LiquidBronze"},{"floor":6,"key":"Dexterity Potion"}],"is_trial":false,"path_per_floor":["M","?","?","M","?","E","R","E"],"character_chosen":"WATCHER","items_purchased":[],"campfire_rested":0,"item_purchase_floors":[],"current_hp_per_floor":[61,61,61,61,50,50,50,0,0],"gold":111,"neow_bonus":"THREE_ENEMY_KILL","is_daily":false,"chose_seed":false,"campfire_upgraded":1,"win_rate":0.0,"timestamp":1610082179,"path_taken":["M","?","?","M","?","E","R","E"],"items_purchased_type":[],"build_version":"2020-12-22","purchased_purges":0,"victory":false,"max_hp_per_floor":[68,68,62,62,62,62,62,62,62],"relic_stats":{"counters":[4,14],"Golden Idol":14,"Tiny Chest":0,"obtain_stats":[{"NeowsBlessing":0,"Golden Idol":3,"Tiny Chest":5,"Omamori":6,"PureWater":0},{"NeowsBlessing":0,"Golden Idol":1,"Tiny Chest":2,"Omamori":3,"PureWater":0},{"NeowsBlessing":0,"Golden Idol":1,"Tiny Chest":2,"Omamori":3,"PureWater":0}]},"card_choices":[{"not_picked":["LikeWater","SashWhip","ClearTheMind"],"picked":"SKIP","floor":1},{"not_picked":["Evaluate","ForeignInfluence","BattleHymn"],"picked":"SKIP","floor":4},{"not_picked":["Wireheading","JustLucky"],"picked":"Consecrate","floor":6}],"player_experience":1415210,"relics_obtained":[{"floor":6,"key":"Omamori"}],"event_choices":[{"cards_removed":["Defend_P"],"damage_healed":0,"gold_gain":0,"player_choice":"Card Removal","damage_taken":0,"max_hp_gain":0,"max_hp_loss":0,"event_name":"The Cleric","floor":2,"gold_loss":75},{"damage_healed":0,"gold_gain":0,"player_choice":"Lose Max HP","damage_taken":0,"relics_obtained":["Golden Idol"],"max_hp_gain":0,"max_hp_loss":6,"event_name":"Golden Idol","floor":3,"gold_loss":0},{"damage_healed":0,"gold_gain":0,"player_choice":"Success","damage_taken":11,"relics_obtained":["Tiny Chest"],"max_hp_gain":0,"max_hp_loss":0,"event_name":"Scrap Ooze","floor":5,"gold_loss":0}],"is_beta":false,"boss_relics":[],"items_purged_floors":[],"is_endless":false,"potions_floor_spawned":[1,6],"killed_by":"3 Sentries","ascension_level":20}}