{"host":"pz87x9dpp9bwa7hb","time":1610122292,"event":{"mods":["AchievementEnabler","BaseMod","BetterRewards","Colored Powertips","GifTheSpireLib","Minty Spire (QoL Compilation)","Quick Restart","StSLib","Stuff the Spire","SuperFastMode"],"gold_per_floor":[116,127,127,127,127,127,167,167,192,192,50,50,27,47,47,167,167,151,151,164,263,109,109,142,142,191,211,224,224,247,270,270,270,270],"floor_reached":33,"playtime":790,"items_purged":[],"score":263,"play_id":"c53891ab-c3cb-4b5d-bfc8-334de4db6776","local_time":"20210108181132","is_ascension_mode":false,"campfire_choices":[{"floor":6,"key":"REST"},{"floor":8,"key":"REST"},{"data":"Bloodletting","floor":10,"key":"SMITH"},{"data":"Anger","floor":15,"key":"SMITH"},{"floor":23,"key":"REST"},{"floor":25,"key":"REST"},{"floor":29,"key":"REST"},{"floor":32,"key":"REST"}],"circlet_count":0,"master_deck":["Strike_R+1","Strike_R","Strike_R","Strike_R","Strike_R","Defend_R","Defend_R","Defend_R","Defend_R","Bash","Rampage+1","Bloodletting+1","Injury","Armaments","Anger","Dark Shackles","Heavy Blade","Anger+1","Offering","Anger","Headbutt","Carnage","StuffTheSpire:CopiaOfFamine","Infernal Blade","Cleave","Headbutt","Rampage+1"],"relics":["Burning Blood","Strawberry","Torii","Golden Idol","MealTicket","StuffTheSpire:HeavyRock","Mark of Pain","Cauldron","Oddly Smooth Stone","StuffTheSpire:Mouthbags"],"acts_visited":["Exordium","TheCity"],"potions_floor_usage":[7,27],"damage_taken":[{"damage":7,"enemies":"2 Louse","floor":1,"turns":4},{"damage":0,"enemies":"Small Slimes","floor":2,"turns":3},{"damage":64,"enemies":"Gremlin Nob","floor":7,"turns":5},{"damage":4,"enemies":"Jaw Worm","floor":14,"turns":3},{"damage":42,"enemies":"Hexaghost","floor":16,"turns":12},{"damage":18,"enemies":"2 Thieves","floor":18,"turns":4},{"damage":22,"enemies":"Spheric Guardian","floor":20,"turns":5},{"damage":43,"enemies":"Book of Stabbing","floor":24,"turns":7},{"damage":1,"enemies":"Centurion and Healer","floor":27,"turns":5},{"damage":34,"enemies":"3 Cultists","floor":28,"turns":6},{"damage":27,"enemies":"Cultist and Chosen","floor":30,"turns":6},{"damage":9,"enemies":"Snake Plant","floor":31,"turns":4},{"damage":158,"enemies":"Champ","floor":33,"turns":16}],"seed_played":"4080605900752962050","potions_obtained":[{"floor":1,"key":"ElixirPotion"},{"floor":2,"key":"BloodPotion"},{"floor":18,"key":"FairyPotion"},{"floor":22,"key":"FairyPotion"},{"floor":22,"key":"Energy Potion"},{"floor":24,"key":"Fire Potion"},{"floor":30,"key":"Energy Potion"}],"is_trial":false,"path_per_floor":["M","M","?","?","?","R","E","R","T","R","$","?","$","M","R","B",null,"M","?","M","?","$","R","E","R","T","M","M","R","M","M","R","B"],"character_chosen":"IRONCLAD","items_purchased":["Anger","Dark Shackles","Heavy Blade","Cauldron"],"campfire_rested":6,"item_purchase_floors":[11,11,13,22],"current_hp_per_floor":[86,87,69,69,52,78,37,63,63,63,78,78,87,87,87,51,87,75,55,39,39,54,80,43,69,69,74,46,72,51,48,74,0,0],"gold":270,"neow_bonus":"RANDOM_COMMON_RELIC","is_daily":false,"chose_seed":false,"campfire_upgraded":2,"win_rate":0.0,"timestamp":1610122292,"path_taken":["M","M","?","?","?","R","E","R","T","R","?","?","$","M","R","BOSS","M","?","M","?","$","R","E","R","T","?","M","R","M","?","R","BOSS"],"items_purchased_type":["Card","Card","Card","Relic"],"build_version":"2020-12-22","purchased_purges":0,"victory":false,"max_hp_per_floor":[87,87,87,87,87,87,87,87,87,87,87,87,87,87,87,87,87,87,87,87,87,87,87,87,87,87,87,87,87,87,87,87,87,87],"card_choices":[{"not_picked":["Blood for Blood","Power Through"],"picked":"Rampage","floor":1},{"not_picked":["Flex","Searing Blow"],"picked":"Bloodletting","floor":2},{"not_picked":["Hemokinesis","Fire Breathing"],"picked":"Armaments","floor":7},{"not_picked":["Twin Strike","Inflame"],"picked":"Anger","floor":14},{"not_picked":["Impervious","Barricade"],"picked":"Offering","floor":16},{"not_picked":["Inflame","Clothesline"],"picked":"Anger","floor":18},{"not_picked":["Anger+1","Fire Breathing"],"picked":"Headbutt","floor":20},{"not_picked":["Heavy Blade","Anger"],"picked":"Carnage","floor":24},{"not_picked":["Body Slam+1","Flame Barrier"],"picked":"Infernal Blade","floor":27},{"not_picked":["Bloodletting","Warcry+1"],"picked":"Cleave","floor":28},{"not_picked":["Limit Break","StuffTheSpire:Incineration"],"picked":"Headbutt","floor":30},{"not_picked":["Body Slam","Perfected Strike"],"picked":"Rampage+1","floor":31}],"player_experience":56699,"relics_obtained":[{"floor":7,"key":"MealTicket"},{"floor":9,"key":"StuffTheSpire:HeavyRock"},{"floor":24,"key":"Oddly Smooth Stone"},{"floor":26,"key":"StuffTheSpire:Mouthbags"}],"event_choices":[{"damage_healed":0,"gold_gain":0,"player_choice":"Success","damage_taken":18,"relics_obtained":["Torii"],"max_hp_gain":0,"max_hp_loss":0,"event_name":"Scrap Ooze","floor":3,"gold_loss":0},{"damage_healed":0,"gold_gain":0,"player_choice":"Take Wound","damage_taken":0,"relics_obtained":["Golden Idol"],"max_hp_gain":0,"max_hp_loss":0,"event_name":"Golden Idol","floor":4,"gold_loss":0,"cards_obtained":["Injury"]},{"damage_healed":0,"gold_gain":0,"player_choice":"Entered Light","damage_taken":17,"max_hp_gain":0,"max_hp_loss":0,"event_name":"Shining Light","floor":5,"gold_loss":0,"cards_upgraded":["Rampage","Strike_R"]},{"damage_healed":0,"gold_gain":0,"player_choice":"Ignored","damage_taken":0,"max_hp_gain":0,"max_hp_loss":0,"event_name":"Liars Game","floor":12,"gold_loss":0},{"damage_healed":0,"gold_gain":99,"player_choice":"Stole From Cult","damage_taken":0,"max_hp_gain":0,"max_hp_loss":0,"event_name":"Nest","floor":21,"gold_loss":0}],"is_beta":false,"boss_relics":[{"not_picked":["StuffTheSpire:RunicConfusion","Runic Dome"],"picked":"Mark of Pain"}],"items_purged_floors":[],"is_endless":false,"potions_floor_spawned":[1,2,16,18,24,30],"killed_by":"Champ","ascension_level":0}}