{"host":"i0avyit1s6jb1siw","time":1610136671,"event":{"mods":["BaseMod","DeckTracker","Dota2Spire","Highlight Path","Minty Spire (QoL Compilation)","Quick Restart","StSLib","SuperFastMode"],"gold_per_floor":[111,36,36,36,36,36,69,69,93,103,123,48,82,99,99,176,176,186,236,253,264,264,264],"floor_reached":22,"playtime":396,"items_purged":["Strike_G"],"score":438,"play_id":"33e2a021-c60e-4686-8f18-47abc0ed6251","local_time":"20210108211111","is_ascension_mode":true,"campfire_choices":[{"data":"Noxious Fumes","floor":6.0,"key":"SMITH"},{"floor":8.0,"key":"REST"},{"floor":15,"key":"REST"}],"circlet_count":0,"master_deck":["AscendersBane","Strike_G","Strike_G","Strike_G","Defend_G","Defend_G","Defend_G","Defend_G","Defend_G","Survivor","Neutralize","Noxious Fumes+1","Poisoned Stab+1","Well Laid Plans","Noxious Fumes","Backflip","Masterful Stab","Corpse Explosion","Backflip+1","Calculated Gamble","Leg Sweep+1"],"relics":["Ring of the Snake","Lantern","Dota2Spire:Satanic","Art of War","Dota2Spire:PowerTreads","Dota2Spire:Bloodstone"],"acts_visited":["Exordium","TheCity"],"potions_floor_usage":[16],"damage_taken":[{"damage":0.0,"enemies":"Small Slimes","floor":1.0,"turns":4.0},{"damage":15.0,"enemies":"Lagavulin","floor":7.0,"turns":6.0},{"damage":0,"enemies":"Jaw Worm","floor":10,"turns":4},{"damage":0,"enemies":"Cultist","floor":11,"turns":3},{"damage":22,"enemies":"3 Sentries","floor":13,"turns":6},{"damage":0,"enemies":"Lots of Slimes","floor":14,"turns":3},{"damage":23,"enemies":"Slime Boss","floor":16,"turns":5},{"damage":13,"enemies":"2 Thieves","floor":18,"turns":3},{"damage":10,"enemies":"Spheric Guardian","floor":20,"turns":4},{"damage":26,"enemies":"Centurion and Healer","floor":21,"turns":6},{"damage":5,"enemies":"Chosen and Byrds","floor":22,"turns":3}],"seed_played":"392052796646281164","potions_obtained":[{"floor":10,"key":"GamblersBrew"},{"floor":11,"key":"AttackPotion"},{"floor":16,"key":"Swift Potion"}],"is_trial":false,"path_per_floor":["M","?","?","$","?","R","E","R","T","M","M","$","E","M","R","B",null,"M","?","M","M","M"],"character_chosen":"THE_SILENT","items_purchased":[],"campfire_rested":2,"item_purchase_floors":[],"current_hp_per_floor":[59,59,59,59,41,41,26,45,45,45,45,45,23,23,42,19,54,41,41,31,5,0,0],"gold":264,"neow_bonus":"THREE_CARDS","is_daily":false,"chose_seed":false,"campfire_upgraded":1,"win_rate":0.0,"timestamp":1610136671,"path_taken":["M","?","?","$","?","R","E","R","T","M","M","?","E","M","R","BOSS","M","?","M","M","?"],"items_purchased_type":[],"build_version":"2020-12-22","purchased_purges":1,"victory":false,"max_hp_per_floor":[66,66,66,66,66,66,66,66,66,66,66,66,66,66,66,66,66,66,66,66,66,66,66],"card_choices":[{"not_picked":["Eviscerate","Cloak And Dagger"],"picked":"Noxious Fumes","floor":0.0},{"not_picked":["Acrobatics","Riddle With Holes"],"picked":"Poisoned Stab","floor":1.0},{"not_picked":["Poisoned Stab","Endless Agony"],"picked":"Well Laid Plans","floor":7.0},{"not_picked":["Dagger Spray","Deadly Poison"],"picked":"Noxious Fumes","floor":10},{"not_picked":["Sucker Punch","Flying Knee"],"picked":"Backflip","floor":11},{"not_picked":["Endless Agony","Finisher"],"picked":"Masterful Stab","floor":13},{"not_picked":["Dodge and Roll","Cloak And Dagger","Flying Knee"],"picked":"SKIP","floor":14},{"not_picked":["Bullet Time","Die Die Die"],"picked":"Corpse Explosion","floor":16},{"not_picked":["Bane","Dagger Throw"],"picked":"Backflip+1","floor":18},{"not_picked":["Prepared","Dodge and Roll"],"picked":"Calculated Gamble","floor":20},{"not_picked":["Acrobatics","Cloak And Dagger"],"picked":"Leg Sweep+1","floor":21}],"player_experience":2189791,"relics_obtained":[{"floor":7.0,"key":"Dota2Spire:Satanic"},{"floor":9.0,"key":"Art of War"},{"floor":13,"key":"Dota2Spire:PowerTreads"}],"event_choices":[{"cards_removed":["Strike_G"],"damage_healed":0.0,"max_hp_gain":0.0,"max_hp_loss":0.0,"gold_gain":0.0,"event_name":"The Cleric","player_choice":"Card Removal","floor":2.0,"gold_loss":75.0,"damage_taken":0.0},{"damage_healed":0.0,"max_hp_gain":0.0,"max_hp_loss":0.0,"gold_gain":0.0,"event_name":"Living Wall","player_choice":"Grow","floor":3.0,"gold_loss":0.0,"damage_taken":0.0,"cards_upgraded":["Poisoned Stab"]},{"damage_healed":0.0,"max_hp_gain":0.0,"max_hp_loss":0.0,"gold_gain":0.0,"event_name":"Scrap Ooze","player_choice":"Success","floor":5.0,"gold_loss":0.0,"damage_taken":18.0,"relics_obtained":["Lantern"]},{"damage_healed":0,"gold_gain":50,"player_choice":"Pray","damage_taken":0,"max_hp_gain":0,"max_hp_loss":0,"event_name":"Golden Shrine","floor":19,"gold_loss":0}],"is_beta":false,"boss_relics":[{"not_picked":["Runic Pyramid","Busted Crown"],"picked":"Dota2Spire:Bloodstone"}],"items_purged_floors":[12],"is_endless":false,"potions_floor_spawned":[10,11,16],"killed_by":"Chosen and Byrds","ascension_level":20}}