{"host":"3vgzk5mhz751jdrj","time":1610128040,"event":{"mods":["2.2 Compatiblity","AchievementEnabler","Act Like it!","Aspiration","BaseMod","Better Altar","Better Match","Better Note","Better Sensory Stone","Better Skull","Better Third Choice","Block Reminder","Colored Map","Conspire","Curses Come First","Dark Map","Displayed Cursed Tome","Downfall","Friendly Minions","GifTheSpireLib","Halation","Hubris","Marked Mod","Mimic Mod","Minty Spire (QoL Compilation)","Quick Restart","Rare Cards Sparkle","Replay The Spire","Reworked Bosses","Shop Mod","Spicy Shops","Spikes Relics","StSLib","Stuff the Spire","Thieving Mod","Trackpad","vexMod"],"gold_per_floor":[349,362,403,403,403,417,417,392,317,327,352,352,371,40,52,156,156,81,98,60,77,96,112,194,214,241,261,261,23,23,88,110,213,213,213,232,232,249,249,281,281,281,299,316,356,281,281,319,344,346,346,377,64,64,70,70,70],"floor_reached":55,"playtime":5467,"items_purged":["Slimebound:Strike_Slimebound","Shame","Slimebound:Tackle","Decay"],"score":910,"play_id":"1f15813b-5d27-41e7-a043-267dd380b4ed","local_time":"20210108124720","is_ascension_mode":true,"campfire_choices":[{"data":"Slimebound:Split","floor":1.0,"key":"SMITH"},{"data":"Slimebound:Schlurp","floor":9.0,"key":"SMITH"},{"data":"Slimebound:OozeBath","floor":18.0,"key":"SMITH"},{"data":"Slimebound:Gluttony","floor":30.0,"key":"SMITH"},{"data":"Offering","floor":30.0,"key":"SMITH"},{"data":"Slimebound:DuplicatedForm","floor":35.0,"key":"SMITH"},{"data":"Slimebound:MassFeed","floor":35.0,"key":"SMITH"},{"floor":42.0,"key":"RECALL"},{"data":"Slimebound:MassRepurpose","floor":46.0,"key":"SMITH"},{"data":"Slimebound:MassRepurpose","floor":46.0,"key":"SMITH"},{"data":"Slimebound:OozeBath","floor":54,"key":"SMITH"}],"circlet_count":0,"master_deck":["Slimebound:Strike_Slimebound","Slimebound:Strike_Slimebound","Slimebound:Defend_Slimebound","Slimebound:Defend_Slimebound","Slimebound:Defend_Slimebound","Slimebound:Defend_Slimebound","Slimebound:Split+1","Slimebound:CorrosiveSpit+1","Slimebound:SamplingLick","ReplayTheSpireMod:Splinters","Slimebound:SplitMire","Slimebound:Schlurp+1","Slimebound:PressTheAttack","Slimebound:LeechLife","Slimebound:Recollect","Slimebound:Schlurp+1","Slimebound:MassRepurpose+1","Slimebound:MassRepurpose+1","Slimebound:OozeBath+1","Slimebound:SplitLeeching","Offering+1","Slimebound:SplitMire+1","Slimebound:Gluttony+1","Slimebound:SplitMire","Slimebound:Schlurp+1","Slimebound:ItLooksTasty+1","Slimebound:SelfFormingGoo+1","Slimebound:GoopSpray+1","Slimebound:LeechEnergy","Slimebound:MassFeed+1","Slimebound:SplitMire","Slimebound:DuplicatedForm+1","champ:IgnorePain+1","Slimebound:LevelUp+1","Parasite","Slimebound:MegaLick+1","Reaper","Slimebound:OozeBath+1","Slimebound:SplitMire"],"relics":["hubris:Icosahedron","m_BurningSludge","downfall:HeartBlessingBlue","Regal Pillow","trackpad:Coffee","downfall:HeartBlessingGreen","Replay:Bottled Flurry","Replay:Bandana","aspiration:RitualDagger","Replay:Accelerometer","aspiration:StickyExplosives_weak","Replay:Kaleidoscope","downfall:HeartBlessingRed","ReplayTheSpireMod:TigerMarble","MerchantsRug","hubris:TenFootPole"],"acts_visited":["Exordium","TheCity","TheBeyond","TheEnding"],"potions_floor_usage":[48,50,50,52,55],"damage_taken":[{"damage":23.0,"enemies":"Small Slimes","floor":2.0,"turns":4.0},{"damage":12.0,"enemies":"2 Louse","floor":6.0,"turns":2.0},{"damage":15.0,"enemies":"Jaw Worm","floor":10.0,"turns":2.0},{"damage":38.0,"enemies":"Lagavulin","floor":11.0,"turns":6.0},{"damage":22.0,"enemies":"2 Fungi Beasts","floor":13.0,"turns":3.0},{"damage":21.0,"enemies":"downfall:FleeingMerchant","floor":14.0,"turns":4.0},{"damage":12.0,"enemies":"Large Slime","floor":15.0,"turns":3.0},{"damage":108.0,"enemies":"downfall:Defect","floor":16.0,"turns":8.0},{"damage":39.0,"enemies":"Shell Parasite","floor":19.0,"turns":6.0},{"damage":26.0,"enemies":"downfall:FleeingMerchant","floor":20.0,"turns":4.0},{"damage":29.0,"enemies":"Chosen","floor":21.0,"turns":3.0},{"damage":37.0,"enemies":"Centurion and Healer","floor":22.0,"turns":6.0},{"damage":41.0,"enemies":"Snake Plant","floor":23.0,"turns":4.0},{"damage":48.0,"enemies":"Cultist and Chosen","floor":25.0,"turns":5.0},{"damage":79.0,"enemies":"Gremlin Leader","floor":26.0,"turns":7.0},{"damage":43.0,"enemies":"Centurion and Healer","floor":27.0,"turns":5.0},{"damage":33.0,"enemies":"downfall:FleeingMerchant","floor":29.0,"turns":4.0},{"damage":42.0,"enemies":"downfall:FleeingMerchant","floor":31.0,"turns":4.0},{"damage":36.0,"enemies":"Shelled Parasite and Fungi","floor":32.0,"turns":4.0},{"damage":56.0,"enemies":"downfall:Ironclad","floor":33.0,"turns":7.0},{"damage":64.0,"enemies":"3 Shapes","floor":36.0,"turns":4.0},{"damage":51.0,"enemies":"Orb Walker","floor":38.0,"turns":4.0},{"damage":123.0,"enemies":"Giant Head","floor":40.0,"turns":8.0},{"damage":96.0,"enemies":"Writhing Mass","floor":43.0,"turns":6.0},{"damage":45.0,"enemies":"4 Shapes","floor":44.0,"turns":4.0},{"damage":99.0,"enemies":"Sphere and 2 Shapes","floor":45.0,"turns":9.0},{"damage":132,"enemies":"Reptomancer","floor":48,"turns":8},{"damage":53,"enemies":"Sphere and 2 Shapes","floor":49,"turns":5},{"damage":182,"enemies":"downfall:Silent","floor":50,"turns":10},{"damage":218,"enemies":"downfall:CharBossMerchant","floor":52,"turns":8},{"damage":342,"enemies":"downfall:NeowBoss","floor":55,"turns":16}],"seed_played":"-4210142674776557015","potions_obtained":[{"floor":3.0,"key":"Slimebound:SlimedPotion"},{"floor":11.0,"key":"Explosive Potion"},{"floor":13.0,"key":"hexamod:EctoCoolerPotion"},{"floor":23.0,"key":"Adrenaline Potion"},{"floor":26.0,"key":"Adrenaline Potion"},{"floor":33.0,"key":"sneckomod:MuddlingPotion"},{"floor":39.0,"key":"downfall:CursedFountainPotion"},{"floor":43.0,"key":"Energy Potion"},{"floor":44.0,"key":"Regen Potion"},{"floor":48,"key":"Strength Potion"},{"floor":49,"key":"Weak Potion"}],"is_trial":false,"path_per_floor":["R","M","?","?","?","M","T","?","R","M","E","?","M","$","M","B",null,"R","M","$","M","M","M","T","M","E","M","?","$","R","$","M","B",null,"R","M","?","M","?","E","T","R","M","M","MIM","R","?","E","M","B",null,"E","$","R","B"],"character_chosen":"SLIMEBOUND","items_purchased":["Slimebound:MassRepurpose","Slimebound:OozeBath","Slimebound:SplitMire","Replay:Bandana","Tiny Chest","BargainBundle","DistilledChaos","champ:CounterPotion","Block Potion","Slimebound:SplitMire","Lee\u0027s Waffle","MerchantsRug","hubris:TenFootPole","Swift Potion","Slimebound:SplitMire"],"campfire_rested":0,"item_purchase_floors":[14,14,20,29,31,31,31,31,31,31,53,53,53,53,53],"current_hp_per_floor":[42,31,31,31,31,49,49,49,59,50,42,42,62,69,70,14,70,70,70,70,63,61,64,64,70,70,70,62,53,53,70,55,71,73,73,56,56,63,63,50,50,50,81,85,85,85,85,99,107,86,111,48,122,122,0,0,0],"gold":70,"neow_bonus":"TWO_FIFTY_GOLD","is_daily":false,"chose_seed":false,"campfire_upgraded":10,"win_rate":0.0,"timestamp":1610128040,"path_taken":["R","M","?","?","?","?","T","?","R","M","E","?","?","$","M","BOSS","R","M","$","M","M","M","T","M","E","?","?","?","R","$","M","BOSS","R","M","?","M","?","E","T","R","M","?","?","R","?","E","M","BOSS","E","$","R","BOSS"],"items_purchased_type":["Card","Card","Card","Relic","Relic","Relic","Potion","Potion","Potion","Card","Relic","Relic","Relic","Potion","Card"],"build_version":"2020-12-22","purchased_purges":4,"victory":false,"max_hp_per_floor":[60,60,60,60,60,60,60,60,70,70,70,70,70,70,70,70,70,70,70,70,70,70,70,70,70,70,70,70,70,70,70,73,73,73,73,81,81,81,81,81,81,81,81,85,85,85,85,99,107,111,111,115,122,122,122,122,122],"card_choices":[{"not_picked":["Slimebound:DivideAndConquer","Slimebound:SlimeSpikes"],"picked":"Slimebound:SamplingLick","floor":2.0},{"not_picked":["Slimebound:Schlurp","Slimebound:SplitAcid"],"picked":"Slimebound:SplitMire","floor":3.0},{"not_picked":["Whirlwind","Slimebound:SplitAcid"],"picked":"Slimebound:Schlurp","floor":6.0},{"not_picked":["Slimebound:BestDefense","Slimebound:SplitLeeching"],"picked":"Slimebound:PressTheAttack","floor":10.0},{"not_picked":["Slimebound:DivideAndConquer","Slimebound:RainOfGoop"],"picked":"Slimebound:LeechLife","floor":11.0},{"not_picked":["Slimebound:ViciousTackle","Slimebound:SplitBruiser"],"picked":"Slimebound:Recollect","floor":13.0},{"not_picked":["Slimebound:FinishingTackle","Slimebound:ComboTackle"],"picked":"Slimebound:Schlurp","floor":14.0},{"not_picked":["Slimebound:HungryTackle","Slimebound:DisruptingSlam"],"picked":"Slimebound:SplitLeeching","floor":15.0},{"not_picked":["Slimebound:MinionMaster","Slimebound:CheckThePlaybook"],"picked":"Offering","floor":16.0},{"not_picked":["Slimebound:RollThrough+1","Slimebound:Grow+1"],"picked":"Slimebound:SplitMire+1","floor":19.0},{"not_picked":["Slimebound:FinishingTackle+1","Slimebound:Recollect"],"picked":"Slimebound:Gluttony","floor":20.0},{"not_picked":["Slimebound:RollThrough","Slimebound:BestDefense"],"picked":"Slimebound:Schlurp+1","floor":21.0},{"not_picked":["Slimebound:GoopSpray","Slimebound:Chomp"],"picked":"Slimebound:ItLooksTasty+1","floor":22.0},{"not_picked":["Slimebound:Schlurp+1","Slimebound:PressTheAttack","Slimebound:Chomp"],"picked":"SKIP","floor":23.0},{"not_picked":["Slimebound:SplitBruiser","Slimebound:SpikyOuterGoop"],"picked":"Slimebound:SelfFormingGoo","floor":25.0},{"not_picked":["Slimebound:PressTheAttack","Slimebound:FlameTackle","Slimebound:SlimeSpikes+1"],"picked":"SKIP","floor":26.0},{"not_picked":["Slimebound:ComboTackle","Slimebound:PressTheAttack"],"picked":"Slimebound:GoopSpray+1","floor":27.0},{"not_picked":["Slimebound:SplitLeeching","Slimebound:Dissolve"],"picked":"Slimebound:LeechEnergy","floor":29.0},{"not_picked":["Slimebound:ViciousTackle","Slimebound:SamplingLick"],"picked":"Slimebound:MassFeed","floor":31.0},{"not_picked":["Slimebound:SlimeBrawl","Slimebound:SamplingLick","Slimebound:SplitLeeching+1"],"picked":"SKIP","floor":32.0},{"not_picked":["Slimebound:WasteNot","Slimebound:Overexert"],"picked":"Slimebound:DuplicatedForm","floor":33.0},{"not_picked":["Slimebound:HauntingLick","Slimebound:SlimeBarrage+1","Slimebound:Dissolve+1"],"picked":"SKIP","floor":36.0},{"not_picked":["Slimebound:SamplingLick","Slimebound:ViciousTackle"],"picked":"Slimebound:LevelUp+1","floor":38.0},{"not_picked":["Slimebound:GoopSpray","Slimebound:SplitBruiser+1","Slimebound:SlimeBarrage+1"],"picked":"SKIP","floor":40.0},{"not_picked":["Slimebound:FinishingTackle+1","Slimebound:GoopSpray+1"],"picked":"Slimebound:MegaLick+1","floor":43.0},{"not_picked":["Slimebound:Chomp","Slimebound:Dissolve","Slimebound:SplitBruiser"],"picked":"SKIP","floor":44.0},{"not_picked":["Slimebound:SlimeSpikes+1","Pummel+1","Slimebound:MegaLick+1"],"picked":"SKIP","floor":48},{"not_picked":["Slimebound:SlimeBarrage","Slimebound:ViciousTackle+1"],"picked":"Reaper","floor":49},{"not_picked":["Slimebound:ViciousTackle+1","Slimebound:SamplingLick"],"picked":"Slimebound:OozeBath","floor":52}],"player_experience":377701,"relics_obtained":[{"floor":3.0,"key":"Meat on the Bone"},{"floor":11.0,"key":"Regal Pillow"},{"floor":24.0,"key":"Replay:Bottled Flurry"},{"floor":26.0,"key":"Replay:Arrowhead"},{"floor":40.0,"key":"Replay:Accelerometer"},{"floor":41.0,"key":"aspiration:StickyExplosives_weak"},{"floor":45.0,"key":"Replay:Kaleidoscope"},{"floor":48,"key":"Mango"},{"floor":52,"key":"ReplayTheSpireMod:TigerMarble"}],"event_choices":[{"damage_healed":0.0,"max_hp_gain":0.0,"max_hp_loss":0.0,"gold_gain":0.0,"event_name":"Accursed Blacksmith","player_choice":"Forge","floor":12.0,"gold_loss":0.0,"damage_taken":0.0,"cards_upgraded":["Slimebound:CorrosiveSpit"]},{"damage_healed":0.0,"max_hp_gain":0.0,"max_hp_loss":0.0,"gold_gain":3.0,"event_name":"betterStone:BetterStone","player_choice":"4","floor":37.0,"gold_loss":0.0,"damage_taken":0.0,"cards_obtained":["champ:IgnorePain"]}],"is_beta":false,"boss_relics":[{"not_picked":["halation:LoveArrow","vexMod:DeviousBotling"],"picked":"trackpad:Coffee"},{"not_picked":["aspiration:IroncladSkillbook","aspiration:FutureDiary"],"picked":"aspiration:RitualDagger"}],"items_purged_floors":[29,31,31,53],"is_endless":false,"potions_floor_spawned":[11,13,23,26,32,33,43,44,48,49],"killed_by":"downfall:NeowBoss","ascension_level":1}}