{"host":"4cz9gr89nglr7k8k","time":1610142868,"event":{"mods":["BaseMod","Minty Spire (QoL Compilation)","Relic Stats","Slay-I"],"gold_per_floor":[114,133,408,422,441,441,457,457,457,457,477,95,129,85,85,158,458,474,284,299,131,131,131,131,166,166,266,299,299,318,338,338,414,414,427,437,457,16,41,69,69,85,158,191,191,209,227,29,29,29,29],"floor_reached":50,"playtime":2302,"items_purged":["Regret","Writhe"],"score":1094,"play_id":"2845c0c1-102d-4bcf-a727-87d4f921b906","local_time":"20210108225428","is_ascension_mode":true,"campfire_choices":[{"data":"Reaper","floor":6,"key":"SMITH"},{"data":"Anger","floor":10,"key":"SMITH"},{"floor":15,"key":"REST"},{"data":"Magnetism","floor":23,"key":"SMITH"},{"data":"Demon Form","floor":29,"key":"SMITH"},{"data":"Pummel","floor":32,"key":"SMITH"},{"floor":41,"key":"REST"},{"floor":49,"key":"REST"}],"circlet_count":0,"master_deck":["AscendersBane","Strike_R","Strike_R","Strike_R","Strike_R","Strike_R","Defend_R","Defend_R","Defend_R+1","Defend_R","Bash","Flex+1","Anger+1","Anger","Reaper+1","Ghostly Armor","Flex","Whirlwind","Cleave","Disarm","Reaper","CurseOfTheBell","Spot Weakness","Magnetism+1","Shrug It Off","Pummel+1","Cleave","Demon Form+1","Intimidate","Shrug It Off+1","Feed","Ghostly Armor","Clothesline+1","Fiend Fire","Perfected Strike+1","Heavy Blade+1","Shrug It Off+1","Demon Form+1","Cleave+1","Berserk","Infernal Blade"],"relics":["Burning Blood","NeowsBlessing","Centennial Puzzle","Red Skull","Bag of Preparation","Calling Bell","Regal Pillow","Eternal Feather","Old Coin","Brimstone","Pear","Red Mask","Bottled Tornado","Lizard Tail","Sundial","War Paint","Velvet Choker","Girya","FossilizedHelix","Smiling Mask","Self Forming Clay","Unceasing Top"],"acts_visited":["Exordium","TheCity","TheBeyond"],"potions_floor_usage":[16,20,25,30,50],"damage_taken":[{"damage":0,"enemies":"2 Louse","floor":1,"turns":1},{"damage":0,"enemies":"Cultist","floor":2,"turns":1},{"damage":0,"enemies":"Jaw Worm","floor":4,"turns":1},{"damage":19,"enemies":"Lots of Slimes","floor":5,"turns":5},{"damage":20,"enemies":"Red Slaver","floor":7,"turns":3},{"damage":26,"enemies":"3 Louse","floor":11,"turns":4},{"damage":52,"enemies":"Gremlin Nob","floor":13,"turns":5},{"damage":57,"enemies":"Hexaghost","floor":16,"turns":12},{"damage":28,"enemies":"Spheric Guardian","floor":18,"turns":5},{"damage":24,"enemies":"3 Byrds","floor":20,"turns":6},{"damage":68,"enemies":"Masked Bandits","floor":25,"turns":4},{"damage":55,"enemies":"Colosseum Slavers","floor":27,"turns":5},{"damage":58,"enemies":"Colosseum Nobs","floor":27,"turns":4},{"damage":6,"enemies":"Gremlin Leader","floor":28,"turns":5},{"damage":35,"enemies":"Snake Plant","floor":30,"turns":4},{"damage":23,"enemies":"Centurion and Healer","floor":31,"turns":4},{"damage":108,"enemies":"Collector","floor":33,"turns":8},{"damage":1,"enemies":"Orb Walker","floor":35,"turns":2},{"damage":16,"enemies":"3 Shapes","floor":36,"turns":6},{"damage":38,"enemies":"Spire Growth","floor":37,"turns":5},{"damage":34,"enemies":"Mind Bloom Boss Battle","floor":39,"turns":5},{"damage":70,"enemies":"Reptomancer","floor":40,"turns":7},{"damage":0,"enemies":"3 Darklings","floor":42,"turns":3},{"damage":64,"enemies":"Nemesis","floor":44,"turns":5},{"damage":26,"enemies":"Jaw Worm Horde","floor":46,"turns":4},{"damage":14,"enemies":"Writhing Mass","floor":47,"turns":6},{"damage":153,"enemies":"Donu and Deca","floor":50,"turns":6}],"seed_played":"-4398108515186841899","potions_obtained":[{"floor":2,"key":"Swift Potion"},{"floor":4,"key":"Weak Potion"},{"floor":5,"key":"FairyPotion"},{"floor":16,"key":"DuplicationPotion"},{"floor":18,"key":"Ancient Potion"},{"floor":20,"key":"PowerPotion"},{"floor":28,"key":"Weak Potion"},{"floor":33,"key":"PowerPotion"}],"is_trial":false,"path_per_floor":["M","M","?","M","M","R","M","?","T","R","M","$","E","$","R","B",null,"M","$","M","$","?","R","?","?","T","?","E","R","M","M","R","B",null,"M","M","M","$","?","E","R","M","T","E","?","M","M","$","R","B"],"character_chosen":"IRONCLAD","items_purchased":["Red Skull","Flex","Whirlwind","Disarm","Magnetism","Brimstone","Girya","CultistPotion","Infernal Blade"],"campfire_rested":3,"item_purchase_floors":[12,12,12,14,19,21,38,48,48],"current_hp_per_floor":[74,75,75,75,62,62,55,60,60,60,55,55,14,14,36,18,61,39,39,37,37,47,62,79,85,85,30,85,85,56,85,85,19,69,85,85,56,56,48,37,88,88,88,59,59,67,59,59,88,0,0],"gold":29,"neow_bonus":"THREE_ENEMY_KILL","is_daily":false,"chose_seed":false,"campfire_upgraded":5,"win_rate":0.0,"timestamp":1610142868,"path_taken":["M","M","?","?","M","R","M","?","T","R","?","?","E","$","R","BOSS","M","$","M","$","?","R","?","?","T","?","E","R","M","M","R","BOSS","M","M","M","$","?","E","R","M","T","E","?","M","?","$","R","BOSS"],"items_purchased_type":["Relic","Card","Card","Card","Card","Relic","Relic","Potion","Card"],"build_version":"2020-12-22","purchased_purges":2,"victory":false,"max_hp_per_floor":[75,75,75,75,75,75,75,75,75,75,75,75,75,75,75,75,75,75,75,75,75,85,85,85,85,85,85,85,85,85,85,85,85,85,85,85,88,88,88,88,88,88,88,88,88,88,88,88,88,88,88],"relic_stats":{"Regal Pillow":4,"counters":[27,126],"Self Forming Clay":[48],"Eternal Feather":60,"Bag of Preparation":[40],"War Paint":["Defend_R","Flex"],"Smiling Mask":0,"Burning Blood":118,"Centennial Puzzle":[63],"Lizard Tail":44,"Sundial":[2],"obtain_stats":[{"Girya":38,"Regal Pillow":17,"Pear":22,"NeowsBlessing":0,"Self Forming Clay":43,"Velvet Choker":34,"Eternal Feather":17,"Bag of Preparation":13,"Bottled Tornado":26,"War Paint":28,"Smiling Mask":40,"Burning Blood":0,"Old Coin":17,"Calling Bell":17,"Centennial Puzzle":9,"Lizard Tail":27,"Brimstone":21,"Sundial":27,"Red Mask":25,"Red Skull":12,"FossilizedHelix":39,"Unceasing Top":44},{"Girya":20,"Regal Pillow":8,"Pear":10,"NeowsBlessing":0,"Self Forming Clay":23,"Velvet Choker":17,"Eternal Feather":8,"Bag of Preparation":7,"Bottled Tornado":11,"War Paint":14,"Smiling Mask":22,"Burning Blood":0,"Old Coin":8,"Calling Bell":8,"Centennial Puzzle":5,"Lizard Tail":13,"Brimstone":10,"Sundial":13,"Red Mask":11,"Red Skull":6,"FossilizedHelix":21,"Unceasing Top":24},{"Girya":90,"Regal Pillow":32,"Pear":43,"NeowsBlessing":0,"Self Forming Clay":105,"Velvet Choker":77,"Eternal Feather":32,"Bag of Preparation":20,"Bottled Tornado":47,"War Paint":61,"Smiling Mask":102,"Burning Blood":0,"Old Coin":32,"Calling Bell":32,"Centennial Puzzle":11,"Lizard Tail":56,"Brimstone":43,"Sundial":56,"Red Mask":47,"Red Skull":15,"FossilizedHelix":95,"Unceasing Top":110}],"Unceasing Top":[0]},"card_choices":[{"not_picked":["Iron Wave","Sentinel"],"picked":"Flex","floor":1},{"not_picked":["Armaments","Clothesline"],"picked":"Anger","floor":2},{"not_picked":["Thunderclap","Perfected Strike"],"picked":"Anger","floor":4},{"not_picked":["Anger","Armaments"],"picked":"Reaper","floor":5},{"not_picked":["Shrug It Off","Thunderclap"],"picked":"Cleave","floor":7},{"not_picked":["Heavy Blade","Body Slam"],"picked":"Ghostly Armor","floor":11},{"not_picked":["Armaments","Brutality"],"picked":"Cleave","floor":13},{"not_picked":["Berserk","Corruption"],"picked":"Reaper","floor":16},{"not_picked":["Twin Strike","Heavy Blade"],"picked":"Spot Weakness","floor":18},{"not_picked":["Cleave","Blood for Blood"],"picked":"Shrug It Off","floor":20},{"not_picked":["Flex","Clothesline"],"picked":"Pummel","floor":25},{"not_picked":["Armaments","Reckless Charge"],"picked":"Cleave","floor":27},{"not_picked":["Juggernaut","Wild Strike"],"picked":"Demon Form","floor":28},{"not_picked":["Pommel Strike","Warcry"],"picked":"Intimidate","floor":30},{"not_picked":["Entrench","Warcry"],"picked":"Shrug It Off+1","floor":31},{"not_picked":["Demon Form","Exhume"],"picked":"Feed","floor":33},{"not_picked":["Headbutt","Wild Strike"],"picked":"Ghostly Armor","floor":35},{"not_picked":["Sword Boomerang","Shockwave"],"picked":"Clothesline+1","floor":36},{"not_picked":["Wild Strike+1","Clothesline+1"],"picked":"Fiend Fire","floor":37},{"not_picked":["Clash","Iron Wave"],"picked":"Perfected Strike+1","floor":39},{"not_picked":["Dual Wield","Armaments","Headbutt+1"],"picked":"SKIP","floor":40},{"not_picked":["Clothesline","Thunderclap"],"picked":"Heavy Blade+1","floor":42},{"not_picked":["Rampage","Wild Strike"],"picked":"Shrug It Off+1","floor":44},{"not_picked":["Thunderclap","Combust"],"picked":"Cleave+1","floor":46},{"not_picked":["Armaments","Second Wind"],"picked":"Berserk","floor":47}],"player_experience":1483523,"relics_obtained":[{"floor":9,"key":"Centennial Puzzle"},{"floor":13,"key":"Bag of Preparation"},{"floor":17,"key":"Regal Pillow"},{"floor":17,"key":"Eternal Feather"},{"floor":17,"key":"Old Coin"},{"floor":25,"key":"Red Mask"},{"floor":26,"key":"Bottled Tornado"},{"floor":27,"key":"Lizard Tail"},{"floor":27,"key":"Sundial"},{"floor":28,"key":"War Paint"},{"floor":39,"key":"FossilizedHelix"},{"floor":40,"key":"Smiling Mask"},{"floor":43,"key":"Self Forming Clay"},{"floor":44,"key":"Unceasing Top"}],"event_choices":[{"damage_healed":0,"gold_gain":275,"player_choice":"Desecrate","damage_taken":0,"max_hp_gain":0,"max_hp_loss":0,"event_name":"Golden Shrine","floor":3,"gold_loss":0,"cards_obtained":["Regret"]},{"cards_removed":["Cleave"],"damage_healed":5,"gold_gain":0,"player_choice":"Offered Common","damage_taken":0,"max_hp_gain":0,"max_hp_loss":0,"event_name":"Bonfire Elementals","floor":8,"gold_loss":0},{"cards_removed":["Cleave"],"damage_healed":5,"gold_gain":0,"player_choice":"Offered Special","damage_taken":0,"max_hp_gain":0,"max_hp_loss":0,"event_name":"Bonfire Elementals","floor":8,"gold_loss":0},{"damage_healed":0,"gold_gain":0,"player_choice":"Opened","damage_taken":0,"relics_obtained":["Pear"],"max_hp_gain":0,"max_hp_loss":0,"event_name":"The Mausoleum","floor":22,"gold_loss":0,"cards_obtained":["Writhe"]},{"damage_healed":17,"gold_gain":0,"player_choice":"Heal","damage_taken":0,"max_hp_gain":0,"max_hp_loss":0,"event_name":"The Library","floor":24,"gold_loss":0},{"damage_healed":0,"gold_gain":0,"player_choice":"Fought Bandits","damage_taken":0,"max_hp_gain":0,"max_hp_loss":0,"event_name":"Masked Bandits","floor":25,"gold_loss":0},{"damage_healed":0,"gold_gain":0,"player_choice":"Fight","damage_taken":0,"max_hp_gain":0,"max_hp_loss":0,"event_name":"Colosseum","floor":27,"gold_loss":0},{"damage_healed":0,"gold_gain":0,"player_choice":"Fought Nobs","damage_taken":0,"max_hp_gain":0,"max_hp_loss":0,"event_name":"Colosseum","floor":27,"gold_loss":0},{"damage_healed":0,"gold_gain":0,"player_choice":"Fight","damage_taken":0,"max_hp_gain":0,"max_hp_loss":0,"event_name":"MindBloom","floor":39,"gold_loss":0},{"damage_healed":0,"gold_gain":0,"player_choice":"Copied","damage_taken":0,"max_hp_gain":0,"max_hp_loss":0,"event_name":"Duplicator","floor":45,"gold_loss":0,"cards_obtained":["Demon Form"]}],"is_beta":false,"boss_relics":[{"not_picked":["Snecko Eye","Philosopher\u0027s Stone"],"picked":"Calling Bell"},{"not_picked":["Runic Pyramid","Astrolabe"],"picked":"Velvet Choker"}],"items_purged_floors":[12,38],"is_endless":false,"potions_floor_spawned":[2,4,5,16,18,20,27,28,33,37,40,47],"killed_by":"Donu and Deca","ascension_level":20}}