{"host":"7zdktqb5xjtif29d","time":1610144889,"event":{"mods":["AchievementEnabler","BaseMod","Colored Map","Colored Powertips","Highlight Path","Minty Spire (QoL Compilation)","Rare Cards Sparkle","SuperFastMode","Waifu the Spire","everything is the same but u backflip on backflip"],"gold_per_floor":[15,26,39,59,70,100,116,116,116],"floor_reached":8,"playtime":258,"items_purged":[],"score":65,"play_id":"0fd26599-68d9-45ce-b5b5-9d5c1240798b","local_time":"20210108222809","is_ascension_mode":true,"campfire_choices":[],"circlet_count":0,"master_deck":["Strike_B","Strike_B","Strike_B","Strike_B","Defend_B","Defend_B","Defend_B","Defend_B","Zap","Dualcast","Ball Lightning","Lockon","Leap"],"relics":["Cracked Core","Peace Pipe","Girya"],"acts_visited":["Exordium"],"potions_floor_usage":[],"damage_taken":[{"damage":1,"enemies":"Cultist","floor":1,"turns":4},{"damage":8,"enemies":"2 Louse","floor":2,"turns":3},{"damage":5,"enemies":"Small Slimes","floor":3,"turns":3},{"damage":5,"enemies":"Looter","floor":4,"turns":3},{"damage":10,"enemies":"Red Slaver","floor":5,"turns":4},{"damage":26,"enemies":"Lagavulin","floor":6,"turns":5},{"damage":15,"enemies":"Gremlin Gang","floor":7,"turns":5},{"damage":13,"enemies":"3 Sentries","floor":8,"turns":2}],"seed_played":"-2228577088143091022","potions_obtained":[{"floor":4,"key":"DistilledChaos"},{"floor":5,"key":"Swift Potion"}],"is_trial":false,"path_per_floor":["M","M","M","M","M","E","M","E"],"character_chosen":"DEFECT","items_purchased":[],"campfire_rested":0,"item_purchase_floors":[],"current_hp_per_floor":[74,66,61,56,46,20,5,0,0],"gold":116,"neow_bonus":"ONE_RARE_RELIC","is_daily":false,"chose_seed":false,"campfire_upgraded":0,"win_rate":0.0,"timestamp":1610144889,"path_taken":["M","M","M","M","M","E","M","E"],"items_purchased_type":[],"build_version":"2020-12-22","purchased_purges":0,"victory":false,"max_hp_per_floor":[75,75,75,75,75,75,75,75,75],"card_choices":[{"not_picked":["Streamline","Go for the Eyes"],"picked":"Ball Lightning","floor":1},{"not_picked":["Coolheaded","Auto Shields"],"picked":"Lockon","floor":2},{"not_picked":["Leap","Turbo","Coolheaded"],"picked":"SKIP","floor":3},{"not_picked":["Cold Snap","Fusion","Echo Form"],"picked":"SKIP","floor":4},{"not_picked":["Chill","Streamline","Skim"],"picked":"SKIP","floor":5},{"not_picked":["Hologram","Glacier","Tempest"],"picked":"SKIP","floor":6},{"not_picked":["Go for the Eyes","Stack"],"picked":"Leap","floor":7}],"player_experience":208851,"relics_obtained":[{"floor":6,"key":"Girya"}],"event_choices":[],"is_beta":false,"boss_relics":[],"items_purged_floors":[],"is_endless":false,"potions_floor_spawned":[4,5],"killed_by":"3 Sentries","ascension_level":1}}