{"host":"gqcohn9v5baj3dmw","time":1610145842,"event":{"mods":["BaseMod","Better Note","Better Sensory Stone","Better Skull","Colored Map","Downfall","Marked Mod","Minty Spire (QoL Compilation)","Rare Cards Sparkle","Relic Stats","StSLib"],"gold_per_floor":[99,111,129,279,294,311,311,311,321,350,350,350,369,389,400,400,400,400],"floor_reached":16,"playtime":702,"items_purged":[],"score":106,"play_id":"7c54de76-82d5-4866-9628-995fdb118c92","local_time":"20210108234402","is_ascension_mode":false,"campfire_choices":[{"data":"hexamod:Sear","floor":1,"key":"SMITH"},{"data":"hexamod:HeatCrush","floor":8,"key":"SMITH"},{"floor":11,"key":"REST"}],"circlet_count":0,"master_deck":["hexamod:Strike","hexamod:Strike","hexamod:Strike","hexamod:Defend","hexamod:Defend","hexamod:Defend","hexamod:Sear+1","hexamod:Float","hexamod:HeatCrush+1","Slimebound:Icky","hexamod:Hexaguard","hexamod:GhostflameBarrier","hexamod:ExtraCrispy","hexamod:HeatShield","hexamod:ThermalTransfer+1"],"relics":["Empty Cage","Oddly Smooth Stone","Letter Opener","Molten Egg 2"],"acts_visited":["Exordium"],"potions_floor_usage":[6,16,16],"damage_taken":[{"damage":1,"enemies":"Jaw Worm","floor":2,"turns":3},{"damage":1,"enemies":"2 Louse","floor":3,"turns":3},{"damage":0,"enemies":"Cultist","floor":5,"turns":4},{"damage":9,"enemies":"Blue Slaver","floor":6,"turns":2},{"damage":7,"enemies":"2 Fungi Beasts","floor":9,"turns":3},{"damage":23,"enemies":"Lagavulin","floor":10,"turns":7},{"damage":4,"enemies":"3 Louse","floor":13,"turns":5},{"damage":22,"enemies":"Gremlin Gang","floor":14,"turns":7},{"damage":0,"enemies":"Large Slime","floor":15,"turns":8},{"damage":30,"enemies":"downfall:Ironclad","floor":16,"turns":9}],"seed_played":"-7974953729080092155","potions_obtained":[{"floor":3,"key":"Weak Potion"},{"floor":13,"key":"DuplicationPotion"},{"floor":14,"key":"Energy Potion"}],"is_trial":false,"path_per_floor":["R","M","M","?","M","M","T","R","M","E","R","T","M","M","M","B"],"character_chosen":"THE_SPIRIT","items_purchased":[],"campfire_rested":1,"item_purchase_floors":[],"current_hp_per_floor":[70,69,68,68,68,59,59,59,52,29,50,50,46,24,24,0,0,0],"gold":400,"neow_bonus":"BOSS_RELIC","is_daily":false,"chose_seed":false,"campfire_upgraded":2,"win_rate":0.0,"timestamp":1610145842,"path_taken":["R","M","M","?","M","M","T","R","M","E","R","?","M","M","M","BOSS"],"items_purchased_type":[],"build_version":"2020-12-22","purchased_purges":0,"victory":false,"max_hp_per_floor":[70,70,70,70,70,70,70,70,70,70,70,70,70,70,70,70,70,70],"relic_stats":{"counters":[10,51],"Letter Opener":[35],"obtain_stats":[{"Oddly Smooth Stone":7,"Molten Egg 2":12,"Letter Opener":10,"Empty Cage":0,"hexamod:SpiritBrand":0},{"Oddly Smooth Stone":4,"Molten Egg 2":6,"Letter Opener":6,"Empty Cage":0,"hexamod:SpiritBrand":0},{"Oddly Smooth Stone":12,"Molten Egg 2":22,"Letter Opener":22,"Empty Cage":0,"hexamod:SpiritBrand":0}]},"card_choices":[{"not_picked":["hexamod:SwordOfDarkness","hexamod:Hexaguard"],"picked":"hexamod:HeatCrush","floor":2},{"not_picked":["hexamod:GhostShield","hexamod:NightmareStrike","hexamod:FlamesFromBeyond"],"picked":"SKIP","floor":3},{"not_picked":["hexamod:FastForward","hexamod:NightmareGuise","hexamod:EmpoweredFlame"],"picked":"SKIP","floor":5},{"not_picked":["hexamod:RadiantFlame","hexamod:EmpoweredFlame"],"picked":"hexamod:Hexaguard","floor":6},{"not_picked":["hexamod:HeatCrush","hexamod:Again"],"picked":"hexamod:GhostflameBarrier","floor":9},{"not_picked":["hexamod:SwordOfDarkness","hexamod:ThirdSeal"],"picked":"hexamod:ExtraCrispy","floor":10},{"not_picked":["hexamod:PhantomFireball+1","hexamod:RecurringNightmare"],"picked":"hexamod:HeatShield","floor":13},{"not_picked":["hexamod:NightmareGuise","hexamod:SixthSeal"],"picked":"hexamod:ThermalTransfer+1","floor":14},{"not_picked":["hexamod:HeatCrush+1","hexamod:ThermalTransfer+1","hexamod:InspiringFlames"],"picked":"SKIP","floor":15}],"player_experience":472347,"relics_obtained":[{"floor":7,"key":"Oddly Smooth Stone"},{"floor":10,"key":"Letter Opener"},{"floor":12,"key":"Molten Egg 2"}],"event_choices":[],"is_beta":false,"boss_relics":[],"items_purged_floors":[],"is_endless":false,"potions_floor_spawned":[3,13,14],"killed_by":"downfall:Ironclad","ascension_level":0}}