{"host":"gzsdmyo07u314vug","time":1610122904,"event":{"mods":["2.2 Compatiblity","BaseMod","Downfall","GifTheSpireLib","Minty Spire (QoL Compilation)","Quick Restart","Rare Cards Sparkle","Relic Stats","Replay The Spire","Robot Space Explorer","Shop Mod","StSLib","The Bug Knight","The Construct","The Elementalist","The IronCluck","The Marked","The Servant 0.9.4","Unceasing Turn Reminder","everything is the same but u backflip on backflip","slay the spire mod where everything is the same but ironclad has a cowboy hat","vexMod"],"gold_per_floor":[112,123,135,149,224,224,224,224,273,289,303,253,253,253,253,350,350,363,375,254,254,74,108,108,126,126,146,146,157,157,176,176,274,274,289,269,281,292,307,307,338,338,361,381,381,397,397,50,50,50],"floor_reached":51,"playtime":3024,"items_purged":["Strike_P","MentalFortress","Eruption"],"score":869,"play_id":"9e74d00a-a69a-497b-b9f7-95d32e48c935","local_time":"20210108132144","is_ascension_mode":true,"campfire_choices":[{"data":"PathToVictory","floor":6,"key":"SMITH"},{"data":"PathToVictory","floor":13,"key":"SMITH"},{"data":"PathToVictory","floor":15,"key":"SMITH"},{"data":"Perseverance","floor":24,"key":"SMITH"},{"data":"Pot Of Greed","floor":28,"key":"SMITH"},{"data":"Pot Of Greed","floor":30,"key":"SMITH"},{"floor":32,"key":"REST"},{"data":"Protect","floor":40,"key":"SMITH"},{"data":"Sanctity","floor":42,"key":"SMITH"},{"floor":45,"key":"REST"},{"data":"Judgement","floor":47,"key":"SMITH"},{"data":"PathToVictory","floor":49,"key":"SMITH"}],"circlet_count":0,"master_deck":["Defend_P","Defend_P","Defend_P","Defend_P","Vigilance","FlyingSleeves","PathToVictory+1","Sanctity+1","Pot Of Greed+1","Pot Of Greed+1","PathToVictory+1","PathToVictory+1","Replay:AtTheReady","Protect+1","Perseverance+1","ThirdEye+1","CutThroughFate","Alpha","WaveOfTheHand","CutThroughFate+1","Judgement+1","PathToVictory+1","Pot Of Greed","Replay:SS_fish_2","Wireheading"],"relics":["PureWater","Grinning Jar","ReplayFunnel","Ring of Chaos","The Courier","Mercury Hourglass","vexMod:BigBerry","Letter Opener","Ancient Tea Set"],"acts_visited":["Exordium","TheCity","TheBeyond"],"potions_floor_usage":[16,19,35,37,44,50,50],"damage_taken":[{"damage":3,"enemies":"2 Louse","floor":1,"turns":3},{"damage":2,"enemies":"Jaw Worm","floor":2,"turns":3},{"damage":1,"enemies":"Cultist","floor":3,"turns":3},{"damage":3,"enemies":"Blue Slaver","floor":4,"turns":4},{"damage":0,"enemies":"2 Fungi Beasts","floor":10,"turns":3},{"damage":0,"enemies":"3 Louse","floor":11,"turns":2},{"damage":20,"enemies":"Slime Boss","floor":16,"turns":10},{"damage":5,"enemies":"Shell Parasite","floor":18,"turns":4},{"damage":8,"enemies":"Spheric Guardian","floor":19,"turns":4},{"damage":20,"enemies":"Slavers","floor":23,"turns":9},{"damage":0,"enemies":"3 Cultists","floor":25,"turns":6},{"damage":0,"enemies":"Snecko","floor":27,"turns":3},{"damage":0,"enemies":"Centurion and Healer","floor":29,"turns":5},{"damage":0,"enemies":"Snake Plant","floor":31,"turns":3},{"damage":8,"enemies":"Automaton","floor":33,"turns":10},{"damage":0,"enemies":"Orb Walker","floor":35,"turns":3},{"damage":28,"enemies":"3 Darklings","floor":37,"turns":4},{"damage":2,"enemies":"Sphere and 2 Shapes","floor":38,"turns":6},{"damage":0,"enemies":"Transient","floor":39,"turns":5},{"damage":17,"enemies":"Nemesis","floor":41,"turns":7},{"damage":19,"enemies":"Maw","floor":44,"turns":5},{"damage":1,"enemies":"3 Darklings","floor":46,"turns":5},{"damage":25,"enemies":"Time Eater","floor":50,"turns":11}],"seed_played":"-1375550537731049087","potions_obtained":[{"floor":1,"key":"EssenceOfSteel"},{"floor":2,"key":"Weak Potion"},{"floor":11,"key":"Weak Potion"},{"floor":23,"key":"Adrenaline Potion"},{"floor":27,"key":"Toxic Potion"},{"floor":36,"key":"CultistPotion"},{"floor":37,"key":"Energy Potion"}],"is_trial":false,"path_per_floor":["M","M","M","M","?","R","?","?","T","M","M","?","R","?","R","B",null,"M","M","$","?","$","E","R","M","T","M","R","M","R","M","R","B",null,"M","?","M","M","M","R","E","R","T","M","R","M","R","$","R","B",null],"character_chosen":"WATCHER","items_purchased":["Protect","Perseverance","PathToVictory","DuplicationPotion","PowerPotion","Replay:SS_fish_2","Wireheading"],"campfire_rested":2,"item_purchase_floors":[20,22,48,48,48,48,48],"current_hp_per_floor":[69,67,66,63,52,52,52,52,52,52,52,52,52,45,45,25,72,67,59,59,59,59,39,39,39,39,39,39,39,39,39,60,52,102,102,102,74,72,72,72,55,55,55,36,66,65,65,65,65,48],"gold":50,"neow_bonus":"REMOVE_CARD","is_daily":false,"chose_seed":false,"campfire_upgraded":10,"win_rate":0.0,"timestamp":1610122904,"path_taken":["M","M","M","M","?","R","?","?","T","M","?","?","R","?","R","BOSS","M","M","$","?","$","E","R","M","T","M","R","M","R","M","R","BOSS","M","?","?","?","M","R","E","R","T","M","R","M","R","$","R","BOSS"],"items_purchased_type":["Card","Card","Card","Potion","Potion","Card","Card"],"build_version":"2020-12-22","purchased_purges":3,"victory":true,"max_hp_per_floor":[72,72,72,72,72,72,72,72,72,72,72,72,72,72,72,72,72,72,72,72,72,72,72,72,72,72,72,72,72,72,72,72,72,102,102,102,102,102,102,102,102,102,102,102,102,102,102,102,102,102],"relic_stats":{"counters":[23,117],"Letter Opener":[97],"obtain_stats":[{"ReplayFunnel":14,"Ring of Chaos":17,"The Courier":23,"Letter Opener":41,"PureWater":0,"Grinning Jar":9,"Ancient Tea Set":43,"Mercury Hourglass":26,"vexMod:BigBerry":34},{"ReplayFunnel":6,"Ring of Chaos":7,"The Courier":10,"Letter Opener":20,"PureWater":0,"Grinning Jar":4,"Ancient Tea Set":20,"Mercury Hourglass":11,"vexMod:BigBerry":15},{"ReplayFunnel":18,"Ring of Chaos":28,"The Courier":45,"Letter Opener":96,"PureWater":0,"Grinning Jar":13,"Ancient Tea Set":96,"Mercury Hourglass":51,"vexMod:BigBerry":72}],"Mercury Hourglass":[240]},"card_choices":[{"not_picked":["Halt","Replay:ManipulateFuture"],"picked":"FlyingSleeves","floor":1},{"not_picked":["Replay:AtTheReady","Replay:Cycle","FlyingSleeves"],"picked":"SKIP","floor":2},{"not_picked":["SashWhip","JustLucky"],"picked":"PathToVictory","floor":3},{"not_picked":["CutThroughFate","WreathOfFlame"],"picked":"Sanctity","floor":4},{"not_picked":["Protect","FlyingSleeves"],"picked":"PathToVictory","floor":10},{"not_picked":["FollowUp","FlurryOfBlows"],"picked":"PathToVictory","floor":11},{"not_picked":["CarveReality+1","Meditate","FollowUp"],"picked":"SKIP","floor":18},{"not_picked":["Sanctity","Crescendo"],"picked":"Replay:AtTheReady","floor":19},{"not_picked":["Crescendo+1","Swivel+1"],"picked":"ThirdEye+1","floor":23},{"not_picked":["Replay:ManipulateFuture","Consecrate","JustLucky+1"],"picked":"SKIP","floor":25},{"not_picked":["SashWhip","CrushJoints","FollowUp"],"picked":"SKIP","floor":27},{"not_picked":["Replay:ManipulateFuture","TalkToTheHand"],"picked":"CutThroughFate","floor":29},{"not_picked":["CarveReality","Swivel","Crescendo"],"picked":"SKIP","floor":31},{"not_picked":["Ragnarok","Brilliance"],"picked":"Alpha","floor":33},{"not_picked":["ReachHeaven","FlurryOfBlows","Protect+1"],"picked":"SKIP","floor":35},{"not_picked":["Protect+1","BowlingBash+1"],"picked":"WaveOfTheHand","floor":37},{"not_picked":["BowlingBash+1","FearNoEvil","CarveReality+1"],"picked":"SKIP","floor":38},{"not_picked":["EmptyFist","Protect","ReachHeaven"],"picked":"SKIP","floor":39},{"not_picked":["SignatureMove+1","Pray"],"picked":"CutThroughFate+1","floor":41},{"not_picked":["CutThroughFate","InnerPeace+1","Study+1"],"picked":"SKIP","floor":44},{"not_picked":["FlyingSleeves+1","EmptyBody"],"picked":"Judgement","floor":46}],"player_experience":668379,"relics_obtained":[{"floor":9,"key":"Grinning Jar"},{"floor":23,"key":"The Courier"},{"floor":26,"key":"Mercury Hourglass"},{"floor":41,"key":"Letter Opener"},{"floor":43,"key":"Ancient Tea Set"}],"event_choices":[{"damage_healed":0,"gold_gain":75,"player_choice":"Gather Gold","damage_taken":11,"max_hp_gain":0,"max_hp_loss":0,"event_name":"World of Goop","floor":5,"gold_loss":0},{"damage_healed":0,"gold_gain":0,"cards_transformed":["Strike_P"],"player_choice":"Transformed","damage_taken":0,"max_hp_gain":0,"max_hp_loss":0,"event_name":"Transmorgrifier","floor":8,"gold_loss":0,"cards_obtained":["MentalFortress"]},{"cards_removed":["Strike_P"],"damage_healed":0,"gold_gain":0,"player_choice":"Card Removal","damage_taken":0,"max_hp_gain":0,"max_hp_loss":0,"event_name":"The Cleric","floor":12,"gold_loss":50},{"damage_healed":0,"gold_gain":0,"player_choice":"Success","damage_taken":7,"relics_obtained":["ReplayFunnel"],"max_hp_gain":0,"max_hp_loss":0,"event_name":"Scrap Ooze","floor":14,"gold_loss":0},{"damage_healed":0,"gold_gain":0,"player_choice":"Bought 1 Potion","damage_taken":0,"max_hp_gain":0,"max_hp_loss":0,"event_name":"The Woman in Blue","floor":36,"gold_loss":0}],"is_beta":false,"boss_relics":[{"not_picked":["vexMod:FluxCapacitor","Pandora\u0027s Box"],"picked":"Ring of Chaos"},{"not_picked":["vexMod:RockOfEvil","vexMod:EndlessSickness"],"picked":"vexMod:BigBerry"}],"items_purged_floors":[20,22,48],"is_endless":false,"potions_floor_spawned":[1,2,11,23,27,29,31,37,39],"ascension_level":4}}