{"host":"q1tlngmkbyqa4avn","time":1610074398,"event":{"mods":["BaseMod","Curses Come First","Hermit","Minty Spire (QoL Compilation)","Rare Cards Sparkle","StSLib"],"gold_per_floor":[112,125,125,145,66,66,16,16,65,84,84,84,157,186,186,288,288,298,298,298,318,196,221,221,141,141,141,141,141,154,123,123,224,224,238,238,238,1237,1237,1237,1237,1237,1237,942,23,41,53,378,378,378,378],"floor_reached":50,"playtime":1634,"items_purged":["Writhe","hermit:Strike_Hermit","Normality","Normality"],"score":832,"play_id":"47506ff5-d4fb-4f18-91bc-901c28b8f8be","local_time":"20210107215318","is_ascension_mode":true,"campfire_choices":[{"data":"hermit:FlashPowder","floor":6.0,"key":"SMITH"},{"data":"hermit:Ricochet","floor":8.0,"key":"SMITH"},{"data":"hermit:WideOpen","floor":11.0,"key":"SMITH"},{"data":"hermit:TakeCover","floor":15.0,"key":"SMITH"},{"floor":24,"key":"REST"},{"floor":27,"key":"REST"},{"data":"hermit:HeroicBravado","floor":29,"key":"SMITH"},{"floor":32,"key":"REST"},{"data":"J.A.X.","floor":40,"key":"SMITH"},{"floor":49,"key":"REST"}],"circlet_count":0,"master_deck":["hermit:Strike_Hermit+1","hermit:Strike_Hermit","hermit:Defend_Hermit","hermit:Defend_Hermit","hermit:Defend_Hermit","hermit:Defend_Hermit","hermit:Snapshot+1","hermit:Covet","hermit:Deadeye+1","hermit:Ricochet+1","Regret","hermit:FlashPowder+1","hermit:WideOpen+1","hermit:TakeCover+1","hermit:HeroicBravado+1","hermit:Misfire+1","J.A.X.+1","hermit:ShadowCloak","hermit:GhostlyPresence","Writhe","hermit:GoldenBullet+1","hermit:Brawl","hermit:RoundhouseKick","CurseOfTheBell","Writhe","Parasite","hermit:Dive","hermit:SprayPray+1"],"relics":["hermit:Momento","Lizard Tail","StrikeDummy","Juzu Bracelet","Sundial","Cursed Key","The Courier","InkBottle","hermit:Horseshoe","Calling Bell","Pen Nib","Pear","TungstenRod","Whetstone","Boot","Kunai","ClockworkSouvenir","Strawberry","Toy Ornithopter","Oddly Smooth Stone","Letter Opener","Vajra","Old Coin"],"acts_visited":["Exordium","TheCity","TheBeyond"],"potions_floor_usage":[23,48,48,50,50],"damage_taken":[{"damage":5.0,"enemies":"Small Slimes","floor":1.0,"turns":3.0},{"damage":3.0,"enemies":"2 Louse","floor":2.0,"turns":4.0},{"damage":2.0,"enemies":"Jaw Worm","floor":4.0,"turns":2.0},{"damage":11.0,"enemies":"Exordium Wildlife","floor":10.0,"turns":5.0},{"damage":23.0,"enemies":"3 Sentries","floor":14.0,"turns":6.0},{"damage":10.0,"enemies":"Hexaghost","floor":16.0,"turns":11.0},{"damage":6.0,"enemies":"2 Thieves","floor":18.0,"turns":5.0},{"damage":10.0,"enemies":"Chosen","floor":21.0,"turns":3.0},{"damage":36,"enemies":"Gremlin Leader","floor":23,"turns":6},{"damage":25,"enemies":"Snecko","floor":30,"turns":7},{"damage":65,"enemies":"Automaton","floor":33,"turns":12},{"damage":0,"enemies":"Orb Walker","floor":35,"turns":4},{"damage":15,"enemies":"3 Shapes","floor":46,"turns":4},{"damage":37,"enemies":"3 Darklings","floor":47,"turns":6},{"damage":4,"enemies":"Reptomancer","floor":48,"turns":10},{"damage":60,"enemies":"Awakened One","floor":50,"turns":3}],"seed_played":"5990977845025405298","potions_obtained":[{"floor":1.0,"key":"Energy Potion"},{"floor":14.0,"key":"GamblersBrew"},{"floor":18.0,"key":"Weak Potion"},{"floor":36,"key":"hermit:Eclipse"},{"floor":36,"key":"SpeedPotion"},{"floor":36,"key":"hermit:BlackBile"},{"floor":47,"key":"AttackPotion"},{"floor":48,"key":"LiquidBronze"}],"is_trial":false,"path_per_floor":["M","M","?","M","$","R","?","R","T","M","R","?","?","E","R","B",null,"M","?","?","M","$","E","R","$","T","R","?","R","M","$","R","B",null,"M","?","?","?","T","R","?","?","T","$","$","M","M","E","R","B"],"character_chosen":"HERMIT","items_purchased":["hermit:FlashPowder","hermit:ShadowCloak","hermit:Brawl","Kunai","ClockworkSouvenir","Strawberry","Toy Ornithopter","Oddly Smooth Stone","Letter Opener","Vajra"],"campfire_rested":4,"item_purchase_floors":[5,22,31,44,45,45,45,45,45,45],"current_hp_per_floor":[63,60,60,58,58,58,58,58,58,47,47,47,47,24,24,14,55,49,49,49,39,39,3,23,23,23,43,43,43,18,18,38,22,67,67,67,67,67,67,67,67,58,58,58,65,50,13,19,44,0,0],"gold":378,"neow_bonus":"ONE_RARE_RELIC","is_daily":false,"chose_seed":false,"campfire_upgraded":6,"win_rate":0.0,"timestamp":1610074398,"path_taken":["M","M","?","M","$","R","?","R","T","M","R","?","?","E","R","BOSS","M","?","?","M","?","E","R","$","T","R","?","R","M","$","R","BOSS","M","?","?","?","?","R","?","?","T","?","$","M","M","E","R","BOSS"],"items_purchased_type":["Card","Card","Card","Relic","Relic","Relic","Relic","Relic","Relic","Relic"],"build_version":"2020-12-22","purchased_purges":4,"victory":false,"max_hp_per_floor":[68,68,68,68,68,68,68,68,68,68,68,68,68,68,68,68,68,68,68,68,68,68,68,68,68,68,68,68,68,68,68,68,68,78,78,78,78,78,78,78,78,78,78,78,85,85,85,85,85,85,85],"card_choices":[{"not_picked":["hermit:NoHoldsBarred","hermit:Combo"],"picked":"hermit:Deadeye","floor":1.0},{"not_picked":["hermit:Feint","hermit:Quickdraw"],"picked":"hermit:Ricochet","floor":2.0},{"not_picked":["hermit:SprayPray","hermit:Feint","hermit:Ricochet"],"picked":"SKIP","floor":4.0},{"not_picked":["hermit:LowProfile","hermit:HoleUp"],"picked":"hermit:WideOpen","floor":10.0},{"not_picked":["hermit:Quickdraw","hermit:HighCaliber"],"picked":"hermit:TakeCover","floor":14.0},{"not_picked":["hermit:RoundhouseKick","hermit:Purgatory"],"picked":"hermit:HeroicBravado","floor":16.0},{"not_picked":["hermit:LowProfile","hermit:TrackingShot"],"picked":"hermit:Misfire+1","floor":18.0},{"not_picked":["hermit:Snipe","hermit:Quickdraw","hermit:Vantage"],"picked":"SKIP","floor":21.0},{"not_picked":["hermit:Roulette","hermit:Desperado+1"],"picked":"hermit:GhostlyPresence","floor":23},{"not_picked":["hermit:Brawl","hermit:FlashPowder"],"picked":"hermit:GoldenBullet+1","floor":30},{"not_picked":["hermit:Roughhouse","hermit:OverwhelmingPower"],"picked":"hermit:RoundhouseKick","floor":33},{"not_picked":["hermit:CursedWeapon+1","hermit:Combo+1","hermit:TrackingShot"],"picked":"SKIP","floor":35},{"not_picked":["hermit:Headshot","hermit:Roulette","hermit:FullyLoaded"],"picked":"SKIP","floor":46},{"not_picked":["hermit:HighCaliber","hermit:LowProfile"],"picked":"hermit:Dive","floor":47},{"not_picked":["hermit:Vantage+1","hermit:Quickdraw"],"picked":"hermit:SprayPray+1","floor":48}],"player_experience":990145,"relics_obtained":[{"floor":9.0,"key":"Juzu Bracelet"},{"floor":14.0,"key":"Sundial"},{"floor":23,"key":"InkBottle"},{"floor":26,"key":"hermit:Horseshoe"},{"floor":34,"key":"Pen Nib"},{"floor":34,"key":"Pear"},{"floor":34,"key":"TungstenRod"},{"floor":39,"key":"Whetstone"},{"floor":43,"key":"Boot"},{"floor":48,"key":"Old Coin"}],"event_choices":[{"damage_healed":0.0,"max_hp_gain":0.0,"max_hp_loss":0.0,"gold_gain":0.0,"event_name":"Big Fish","player_choice":"Box","floor":3.0,"gold_loss":0.0,"damage_taken":0.0,"relics_obtained":["StrikeDummy"],"cards_obtained":["Regret"]},{"cards_removed":["hermit:Strike_Hermit"],"damage_healed":0.0,"max_hp_gain":0.0,"max_hp_loss":0.0,"gold_gain":0.0,"event_name":"The Cleric","player_choice":"Card Removal","floor":7.0,"gold_loss":50.0,"damage_taken":0.0},{"damage_healed":0.0,"max_hp_gain":0.0,"max_hp_loss":0.0,"gold_gain":0.0,"event_name":"Living Wall","player_choice":"Grow","floor":12.0,"gold_loss":0.0,"damage_taken":0.0,"cards_upgraded":["hermit:Snapshot"]},{"damage_healed":0.0,"max_hp_gain":0.0,"max_hp_loss":0.0,"gold_gain":73.0,"event_name":"Golden Wing","player_choice":"Gained Gold","floor":13.0,"gold_loss":0.0,"damage_taken":0.0},{"damage_healed":0.0,"max_hp_gain":0.0,"max_hp_loss":0.0,"gold_gain":0.0,"event_name":"The Mausoleum","player_choice":"Opened","floor":19.0,"gold_loss":0.0,"damage_taken":0.0,"relics_obtained":["The Courier"],"cards_obtained":["Writhe"]},{"damage_healed":0.0,"max_hp_gain":0.0,"max_hp_loss":0.0,"gold_gain":0.0,"event_name":"Drug Dealer","player_choice":"Obtain J.A.X.","floor":20.0,"gold_loss":0.0,"damage_taken":0.0,"cards_obtained":["J.A.X."]},{"damage_healed":0,"gold_gain":0,"player_choice":"Ignored","damage_taken":0,"max_hp_gain":0,"max_hp_loss":0,"event_name":"Vampires","floor":28,"gold_loss":0},{"damage_healed":0,"gold_gain":0,"player_choice":"Got Potions","damage_taken":0,"max_hp_gain":0,"max_hp_loss":0,"event_name":"Lab","floor":36,"gold_loss":0},{"damage_healed":0,"gold_gain":0,"player_choice":"Ignored","damage_taken":0,"max_hp_gain":0,"max_hp_loss":0,"event_name":"Tomb of Lord Red Mask","floor":37,"gold_loss":0},{"damage_healed":0,"gold_gain":999,"player_choice":"Gold","damage_taken":0,"max_hp_gain":0,"max_hp_loss":0,"event_name":"MindBloom","floor":38,"gold_loss":0,"cards_obtained":["Normality","Normality"]},{"damage_healed":0,"gold_gain":0,"player_choice":"Ignored","damage_taken":0,"max_hp_gain":0,"max_hp_loss":0,"event_name":"Mysterious Sphere","floor":41,"gold_loss":0},{"damage_healed":0,"gold_gain":0,"player_choice":"Memory 3","damage_taken":10,"max_hp_gain":0,"max_hp_loss":0,"event_name":"SensoryStone","floor":42,"gold_loss":0}],"is_beta":false,"boss_relics":[{"not_picked":["Sozu","Busted Crown"],"picked":"Cursed Key"},{"not_picked":["Fusion Hammer","Philosopher\u0027s Stone"],"picked":"Calling Bell"}],"items_purged_floors":[22,25,44,45],"is_endless":false,"potions_floor_spawned":[1,14,18,47,48],"killed_by":"Awakened One","ascension_level":7}}