{"host":"milnbpnt8q6cnpmr","time":1610073236,"event":{"mods":["BaseMod","Marisa????????","Minty Spire (QoL Compilation)"],"gold_per_floor":[119,119,119,119,0,34,34,78,78,99,99,140,183,208,208,304,304,328,348,348,49,49,49],"floor_reached":22,"playtime":900,"items_purged":["Defend_B","Writhe"],"score":520,"play_id":"c2dc5187-6e96-4857-930b-4e002f8b6361","local_time":"20210107183356","is_ascension_mode":true,"campfire_choices":[{"data":"Zap","floor":7.0,"key":"SMITH"},{"data":"Dualcast","floor":11.0,"key":"SMITH"},{"data":"Genetic Algorithm","floor":15.0,"key":"SMITH"}],"circlet_count":0,"master_deck":["AscendersBane","Zap+1","Dualcast+1","Streamline","Static Discharge","All For One","Streamline","Leap","Gash","Genetic Algorithm+1","Fission","Compile Driver","Amplify","Steam","Redo","Buffer","Tempest","Steam"],"relics":["Cracked Core","NeowsBlessing","Golden Idol","Pantograph","Art of War","WingedGreaves","Eternal Feather","Bag of Preparation","Sundial","Pandora\u0027s Box","Nunchaku","Membership Card"],"acts_visited":["Exordium","TheCity"],"potions_floor_usage":[],"damage_taken":[{"damage":0.0,"enemies":"Jaw Worm","floor":1.0,"turns":1.0},{"damage":0.0,"enemies":"3 Sentries","floor":6.0,"turns":1.0},{"damage":0.0,"enemies":"Gremlin Nob","floor":8.0,"turns":1.0},{"damage":7.0,"enemies":"Small Slimes","floor":10.0,"turns":3.0},{"damage":11.0,"enemies":"Lagavulin","floor":12.0,"turns":6.0},{"damage":15.0,"enemies":"3 Sentries","floor":13.0,"turns":5.0},{"damage":1.0,"enemies":"Cultist","floor":14.0,"turns":3.0},{"damage":40.0,"enemies":"Hexaghost","floor":16.0,"turns":8.0},{"damage":34.0,"enemies":"2 Thieves","floor":18.0,"turns":3.0},{"damage":12.0,"enemies":"3 Byrds","floor":19.0,"turns":3.0},{"damage":9,"enemies":"Snake Plant","floor":22,"turns":1}],"seed_played":"3560588050838611603","potions_obtained":[{"floor":1.0,"key":"AttackPotion"},{"floor":8.0,"key":"Dexterity Potion"},{"floor":12.0,"key":"PowerPotion"},{"floor":13.0,"key":"Regen Potion"}],"is_trial":false,"path_per_floor":["M","?","?","?","$","E","R","E","T","M","R","E","E","M","R","B",null,"M","M","?","$","M"],"character_chosen":"DEFECT","items_purchased":["Static Discharge","Membership Card","Fruit Juice","SteroidPotion"],"campfire_rested":0,"item_purchase_floors":[5,21,21,21],"current_hp_per_floor":[64,64,46,39,39,39,39,39,39,32,38,27,12,11,20,5,49,15,3,3,8,0,0],"gold":49,"neow_bonus":"THREE_ENEMY_KILL","is_daily":false,"chose_seed":false,"campfire_upgraded":3,"win_rate":0.0,"timestamp":1610073236,"path_taken":["M","?","?","?","$","E","R","E","T","M","R","E","E","?","R","BOSS","M","M","?","$","M"],"items_purchased_type":["Card","Relic","Potion","Potion"],"build_version":"2020-12-22","purchased_purges":2,"victory":false,"max_hp_per_floor":[71,64,64,64,64,64,64,64,64,64,64,64,64,64,64,64,64,64,64,64,69,69,69],"card_choices":[{"not_picked":["Ball Lightning","Barrage"],"picked":"Streamline","floor":1.0},{"not_picked":["Ball Lightning","Aggregate"],"picked":"All For One","floor":6.0},{"not_picked":["Sweeping Beam","Barrage"],"picked":"Streamline","floor":8.0},{"not_picked":["Scrape","Stack"],"picked":"Leap","floor":10.0},{"not_picked":["Tempest","Darkness","Cold Snap"],"picked":"SKIP","floor":12.0},{"not_picked":["Darkness","Redo"],"picked":"Gash","floor":13.0},{"not_picked":["Compile Driver","Cold Snap"],"picked":"Genetic Algorithm","floor":14.0},{"not_picked":["Meteor Strike","Seek"],"picked":"Fission","floor":16.0},{"not_picked":["Double Energy","Reprogram+1"],"picked":"Steam","floor":18.0},{"not_picked":["Coolheaded","Reprogram","Stack"],"picked":"SKIP","floor":19.0}],"player_experience":1159966,"relics_obtained":[{"floor":6.0,"key":"Art of War"},{"floor":8.0,"key":"WingedGreaves"},{"floor":9.0,"key":"Eternal Feather"},{"floor":12.0,"key":"Bag of Preparation"},{"floor":13.0,"key":"Sundial"}],"event_choices":[{"damage_healed":0.0,"max_hp_gain":0.0,"max_hp_loss":7.0,"gold_gain":0.0,"event_name":"Golden Idol","player_choice":"Lose Max HP","floor":2.0,"gold_loss":0.0,"damage_taken":0.0,"relics_obtained":["Golden Idol"]},{"damage_healed":0.0,"max_hp_gain":0.0,"max_hp_loss":0.0,"gold_gain":0.0,"event_name":"Scrap Ooze","player_choice":"Success","floor":3.0,"gold_loss":0.0,"damage_taken":18.0,"relics_obtained":["Pantograph"]},{"cards_removed":["Strike_B"],"damage_healed":0.0,"max_hp_gain":0.0,"max_hp_loss":0.0,"gold_gain":0.0,"event_name":"Golden Wing","player_choice":"Card Removal","floor":4.0,"gold_loss":0.0,"damage_taken":7.0},{"damage_healed":0.0,"max_hp_gain":0.0,"max_hp_loss":0.0,"gold_gain":0.0,"event_name":"The Mausoleum","player_choice":"Opened","floor":20.0,"gold_loss":0.0,"damage_taken":0.0,"relics_obtained":["Nunchaku"],"cards_obtained":["Writhe"]}],"is_beta":false,"boss_relics":[{"not_picked":["Inserter","Coffee Dripper"],"picked":"Pandora\u0027s Box"}],"items_purged_floors":[5,21],"is_endless":false,"potions_floor_spawned":[1,8,12,13],"killed_by":"Snake Plant","ascension_level":20}}