{"host":"g01l53quoe6lrer0","time":1610140871,"event":{"mods":["2.2 Compatiblity","AchievementEnabler","BaseMod","Colored Map","Highlight Path","Keyboard Shortcuts","Minty Spire (QoL Compilation)","Permanent Neow","StSLib","SuperFastMode","everything is the same but u backflip on backflip"],"gold_per_floor":[114,132,150,164,1,30,30,55,81,108,108,108,122,122,122,122,122],"floor_reached":16,"playtime":390,"items_purged":[],"score":222,"play_id":"ed55e5e0-b3ea-4557-b514-801534501b99","local_time":"20210109062111","is_ascension_mode":true,"campfire_choices":[{"data":"Bludgeon","floor":7.0,"key":"SMITH"},{"floor":15.0,"key":"REST"}],"circlet_count":0,"master_deck":["AscendersBane","Strike_R","Strike_R","Strike_R","Strike_R","Defend_R","Defend_R","Defend_R","Defend_R","Bash","Bludgeon+1","Armaments+1","Flame Barrier","Wild Strike","Inflame","Entrench+1","Flame Barrier"],"relics":["Burning Blood","ClockworkSouvenir","Omamori","Juzu Bracelet","Potion Belt","Ancient Tea Set"],"acts_visited":["Exordium"],"potions_floor_usage":[],"damage_taken":[{"damage":12.0,"enemies":"Jaw Worm","floor":1.0,"turns":2.0},{"damage":1.0,"enemies":"Cultist","floor":2.0,"turns":3.0},{"damage":5.0,"enemies":"Small Slimes","floor":3.0,"turns":2.0},{"damage":6.0,"enemies":"2 Fungi Beasts","floor":4.0,"turns":3.0},{"damage":21.0,"enemies":"Gremlin Nob","floor":6.0,"turns":4.0},{"damage":23.0,"enemies":"Lagavulin","floor":8.0,"turns":6.0},{"damage":20.0,"enemies":"3 Sentries","floor":10.0,"turns":5.0},{"damage":7.0,"enemies":"Exordium Thugs","floor":13.0,"turns":7.0},{"damage":39,"enemies":"The Guardian","floor":16,"turns":14}],"seed_played":"8733557666334283377","potions_obtained":[{"floor":2.0,"key":"ColorlessPotion"},{"floor":3.0,"key":"Explosive Potion"}],"is_trial":false,"path_per_floor":["M","M","M","M","$","E","R","E","T","E","?","?","M","?","R","B"],"character_chosen":"IRONCLAD","items_purchased":["ClockworkSouvenir"],"campfire_rested":1,"item_purchase_floors":[5],"current_hp_per_floor":[62,67,68,68,68,53,53,36,36,22,22,15,14,14,34,0,0],"gold":122,"neow_bonus":"THREE_RARE_CARDS","is_daily":false,"chose_seed":false,"campfire_upgraded":1,"win_rate":0.0,"timestamp":1610140871,"path_taken":["M","M","M","M","$","E","R","E","T","E","?","?","M","?","R","BOSS"],"items_purchased_type":["Relic"],"build_version":"2020-12-22","purchased_purges":0,"victory":false,"max_hp_per_floor":[68,68,68,68,68,68,68,68,68,68,68,68,68,68,68,68,68],"card_choices":[{"not_picked":["Fiend Fire","Juggernaut"],"picked":"Bludgeon","floor":0.0},{"not_picked":["Sever Soul","Body Slam"],"picked":"Armaments","floor":1.0},{"not_picked":["Heavy Blade","Battle Trance"],"picked":"Flame Barrier","floor":2.0},{"not_picked":["Burning Pact","Armaments"],"picked":"Wild Strike","floor":3.0},{"not_picked":["Searing Blow","Iron Wave","Infernal Blade"],"picked":"SKIP","floor":4.0},{"not_picked":["Searing Blow","Iron Wave","Infernal Blade"],"picked":"SKIP","floor":4.0},{"not_picked":["Searing Blow","Iron Wave","Infernal Blade"],"picked":"SKIP","floor":4.0},{"not_picked":["Dual Wield","Armaments"],"picked":"Inflame","floor":6.0},{"not_picked":["Cleave","Perfected Strike"],"picked":"Entrench","floor":8.0},{"not_picked":["Armaments","Demon Form","Dropkick"],"picked":"SKIP","floor":10.0},{"not_picked":["Warcry","Inflame"],"picked":"Flame Barrier","floor":13.0}],"player_experience":98085,"relics_obtained":[{"floor":6.0,"key":"Omamori"},{"floor":8.0,"key":"Juzu Bracelet"},{"floor":9.0,"key":"Potion Belt"},{"floor":10.0,"key":"Ancient Tea Set"}],"event_choices":[{"damage_healed":0.0,"max_hp_gain":0.0,"max_hp_loss":0.0,"gold_gain":0.0,"event_name":"Upgrade Shrine","player_choice":"Upgraded","floor":11.0,"gold_loss":0.0,"damage_taken":0.0,"cards_upgraded":["Entrench"]},{"cards_removed":["Strike_R"],"damage_healed":0.0,"max_hp_gain":0.0,"max_hp_loss":0.0,"gold_gain":0.0,"event_name":"Golden Wing","player_choice":"Card Removal","floor":12.0,"gold_loss":0.0,"damage_taken":7.0},{"damage_healed":0.0,"max_hp_gain":0.0,"max_hp_loss":0.0,"gold_gain":0.0,"event_name":"Living Wall","player_choice":"Grow","floor":14.0,"gold_loss":0.0,"damage_taken":0.0,"cards_upgraded":["Armaments"]}],"is_beta":false,"boss_relics":[],"items_purged_floors":[],"is_endless":false,"potions_floor_spawned":[2,3,4],"killed_by":"The Guardian","ascension_level":17}}