{"host":"1a3cjta80tad0aqj","time":1610122541,"event":{"mods":["2.2 Compatiblity","AchievementEnabler","BaseMod","Colored Map","DeckTracker","KOR Keyword Fix","Keyboard Shortcuts","Minty Spire (QoL Compilation)","Permanent Neow","Quick Restart","Random Character Button","StSLib","SuperFastMode","everything is the same but u backflip on backflip"],"gold_per_floor":[116,129,4,21,21,52,52,68,68,82,115,115,127,77,77,181,181,191,205,304,321,321,321,348,93,93,93,30,42,72,96,108,120,120],"floor_reached":33,"playtime":1483,"items_purged":["Defend_R","Perfected Strike"],"score":291,"play_id":"793861eb-ff77-4ea4-a87e-16d7b45f9307","local_time":"20210109011541","is_ascension_mode":true,"campfire_choices":[{"data":"Hemokinesis","floor":7.0,"key":"SMITH"},{"floor":15,"key":"REST"},{"floor":23,"key":"REST"},{"floor":32,"key":"REST"}],"circlet_count":0,"master_deck":["Strike_R","Strike_R","Strike_R","Defend_R","Defend_R","Bash","Anger","Hemokinesis+1","Wild Strike+1","Flex","Whirlwind","Inflame","Offering","Metallicize","Shrug It Off","Power Through","Inflame","Heavy Blade+1"],"relics":["Black Blood","NeowsBlessing","Question Card","StrikeDummy","Bottled Lightning","MutagenicStrength","Ornamental Fan","Ancient Tea Set","Gremlin Horn","MawBank"],"acts_visited":["Exordium","TheCity"],"potions_floor_usage":[21,33,33],"damage_taken":[{"damage":0.0,"enemies":"Small Slimes","floor":1.0,"turns":1.0},{"damage":0.0,"enemies":"Cultist","floor":2.0,"turns":1.0},{"damage":0.0,"enemies":"Jaw Worm","floor":4.0,"turns":1.0},{"damage":6.0,"enemies":"Gremlin Nob","floor":6.0,"turns":3.0},{"damage":8.0,"enemies":"Exordium Wildlife","floor":8.0,"turns":4.0},{"damage":0.0,"enemies":"3 Louse","floor":10.0,"turns":3.0},{"damage":32.0,"enemies":"Lagavulin","floor":11.0,"turns":4.0},{"damage":12.0,"enemies":"Blue Slaver","floor":13.0,"turns":2.0},{"damage":61,"enemies":"Hexaghost","floor":16,"turns":8},{"damage":12,"enemies":"3 Byrds","floor":18,"turns":3},{"damage":30,"enemies":"2 Thieves","floor":19,"turns":4},{"damage":19,"enemies":"Snake Plant","floor":21,"turns":4},{"damage":51,"enemies":"Slavers","floor":24,"turns":8},{"damage":18,"enemies":"Shelled Parasite and Fungi","floor":30,"turns":4},{"damage":10,"enemies":"Cultist and Chosen","floor":31,"turns":4},{"damage":92,"enemies":"Automaton","floor":33,"turns":6}],"seed_played":"535568990378830364","potions_obtained":[{"floor":1.0,"key":"BlessingOfTheForge"},{"floor":2.0,"key":"AttackPotion"},{"floor":6.0,"key":"PowerPotion"},{"floor":8.0,"key":"Block Potion"}],"is_trial":false,"path_per_floor":["M","M","$","M","?","E","R","M","T","M","E","?","M","?","R","B",null,"M","M","?","M","?","R","E","$","T","T","?","?","M","M","R","B"],"character_chosen":"IRONCLAD","items_purchased":["Strength Potion","Ancient Tea Set"],"campfire_rested":3,"item_purchase_floors":[3,25],"current_hp_per_floor":[80,80,80,80,80,80,80,78,78,80,54,54,48,48,72,17,80,80,62,62,55,55,79,40,40,40,40,40,40,34,36,60,0,0],"gold":120,"neow_bonus":"THREE_ENEMY_KILL","is_daily":false,"chose_seed":false,"campfire_upgraded":1,"win_rate":0.0,"timestamp":1610122541,"path_taken":["M","M","$","M","?","E","R","M","T","?","E","?","M","?","R","BOSS","M","M","?","M","?","R","E","$","T","?","?","?","?","M","R","BOSS"],"items_purchased_type":["Potion","Relic"],"build_version":"2020-12-22","purchased_purges":2,"victory":false,"max_hp_per_floor":[80,80,80,80,80,80,80,80,80,80,80,80,80,80,80,80,80,80,80,80,80,80,80,80,80,80,80,80,80,80,80,80,80,80],"card_choices":[{"not_picked":["Intimidate","Flame Barrier"],"picked":"Perfected Strike","floor":1.0},{"not_picked":["Intimidate","Sentinel","Sever Soul"],"picked":"SKIP","floor":2.0},{"not_picked":["Disarm","Rage"],"picked":"Anger","floor":4.0},{"not_picked":["Heavy Blade","Dark Embrace"],"picked":"Hemokinesis","floor":6.0},{"not_picked":["Clash","Shrug It Off","Perfected Strike"],"picked":"Wild Strike","floor":8.0},{"not_picked":["Havoc","True Grit","Feel No Pain"],"picked":"Flex","floor":10.0},{"not_picked":["Sentinel","Burning Pact","Intimidate"],"picked":"Whirlwind","floor":11.0},{"not_picked":["Warcry","Hemokinesis","Evolve"],"picked":"Inflame","floor":13.0},{"not_picked":["Demon Form","Bludgeon","Brutality"],"picked":"Offering","floor":16},{"not_picked":["Dropkick","Warcry","Hemokinesis+1"],"picked":"Metallicize","floor":18},{"not_picked":["Cleave","Perfected Strike","Thunderclap+1"],"picked":"Shrug It Off","floor":19},{"not_picked":["Reckless Charge","Twin Strike","Burning Pact"],"picked":"Power Through","floor":21},{"not_picked":["Clash","True Grit","Wild Strike"],"picked":"Inflame","floor":24},{"not_picked":["Dual Wield","Sentinel+1","Cleave","Clash"],"picked":"SKIP","floor":30},{"not_picked":["Reaper","Body Slam","Blood for Blood"],"picked":"Heavy Blade+1","floor":31}],"player_experience":221362,"relics_obtained":[{"floor":6.0,"key":"Question Card"},{"floor":9.0,"key":"StrikeDummy"},{"floor":11.0,"key":"Bottled Lightning"},{"floor":24,"key":"Ornamental Fan"},{"floor":26,"key":"Gremlin Horn"},{"floor":27,"key":"MawBank"}],"event_choices":[{"cards_removed":["Strike_R"],"damage_healed":0.0,"max_hp_gain":0.0,"max_hp_loss":0.0,"gold_gain":0.0,"event_name":"Bonfire Elementals","player_choice":"Offered Basic","floor":5.0,"gold_loss":0.0,"damage_taken":0.0},{"damage_healed":0.0,"max_hp_gain":0.0,"max_hp_loss":0.0,"gold_gain":0.0,"event_name":"Liars Game","player_choice":"Ignored","floor":12.0,"gold_loss":0.0,"damage_taken":0.0},{"cards_removed":["Strike_R"],"damage_healed":0,"gold_gain":0,"player_choice":"Card Removal","damage_taken":0,"max_hp_gain":0,"max_hp_loss":0,"event_name":"The Cleric","floor":14,"gold_loss":50},{"damage_healed":0,"gold_gain":99,"player_choice":"Stole From Cult","damage_taken":0,"max_hp_gain":0,"max_hp_loss":0,"event_name":"Nest","floor":20,"gold_loss":0},{"damage_healed":0,"gold_gain":0,"player_choice":"Inject Mutagens","damage_taken":0,"relics_obtained":["MutagenicStrength"],"max_hp_gain":0,"max_hp_loss":0,"event_name":"Drug Dealer","floor":22,"gold_loss":0},{"cards_removed":["Defend_R"],"damage_healed":0,"gold_gain":0,"player_choice":"Gave Gold","damage_taken":0,"max_hp_gain":0,"max_hp_loss":0,"event_name":"Beggar","floor":28,"gold_loss":75},{"damage_healed":0,"gold_gain":0,"player_choice":"Upgraded","damage_taken":0,"max_hp_gain":0,"max_hp_loss":0,"event_name":"Upgrade Shrine","floor":29,"gold_loss":0,"cards_upgraded":["Wild Strike"]}],"is_beta":false,"boss_relics":[{"not_picked":["Runic Pyramid","SacredBark"],"picked":"Black Blood"}],"items_purged_floors":[3,25],"is_endless":false,"potions_floor_spawned":[1,2,6,8,13,18,19],"killed_by":"Automaton","ascension_level":1}}