{"host":"tm3ghj8mno6gwywm","time":1610139990,"event":{"mods":["2.2 Compatiblity","AchievementEnabler","Bard","BaseMod","Beaked The Cultist","Better Third Choice","Colored Map","Colored Powertips","Conspire","Downfall","Glutton Mod","GungeonMod","Halation","Hermit","Hubris","Infinite Spire","Jorbs\u0027s Wanderer Trilogy","Lobotomy","Mad Scientist","Marisa????????","Marked Mod","Mimic Mod","Minty Spire (QoL Compilation)","Potionbrewer","Quick Restart","READ ME - Guardian Mod","Replay The Spire","Shade Mod","Shop Mod","Somnambulant","Spicy Shops","StSLib","SuperFastMode","The Bug Knight","The Construct","The Cursed","The Disciple","The Factory","The Hierophant","The IronCluck","The Judge","The Jungle","The Necromancer","The Runesmith","The Servant 0.9.4","egg"],"gold_per_floor":[119,154,173,193,213,240,240,259,259,259,290,303,20,34,34,132,132,148,247,28,28,48,48,67,81,162,162,162,172,207,223,223,324,324,338,348,348,368,382,382,393,423,495,170,170,170,189,189,189,189,189,189,189,23,58,58,58],"floor_reached":56,"playtime":1662,"items_purged":[],"score":913,"play_id":"bbc8614d-6907-4725-b41d-ecf44807725d","local_time":"20210108160630","is_ascension_mode":false,"campfire_choices":[{"floor":7,"key":"REST"},{"floor":10,"key":"RECALL"},{"floor":15,"key":"REST"},{"floor":23,"key":"REST"},{"floor":32,"key":"REST"},{"floor":40,"key":"REST"},{"floor":45,"key":"REST"},{"floor":46,"key":"REST"},{"floor":49,"key":"REST"},{"data":"Eruption","floor":53,"key":"SMITH"}],"circlet_count":0,"master_deck":["Strike_P","Strike_P","Strike_P","Defend_P","Defend_P","Defend_P","Defend_P","Eruption+1","Vigilance","TalkToTheHand+1","MentalFortress+1","MentalFortress+1","SashWhip+1","Consecrate+1","BattleHymn+1","FearNoEvil+1","Study+1","Establishment+1","FlyingSleeves+1","DevaForm+1","Adaptation+1","Fasting2+1","ReachHeaven+1","Replay:BluntJabs+1","Replay:LoomingThreat+1","MentalFortress+1","SashWhip+1","FlurryOfBlows+1","Wallop+1","Bandage Up+1","Pot Of Greed+1","Pot Of Greed+1","Pot Of Greed+1","SandsOfTime+1","MentalFortress+1"],"relics":["PureWater","Lizard Tail","Mummified Hand","Black Star","Molten Egg 2","Toxic Egg 2","Frozen Egg 2","Quantum Egg","Membership Card","WingedGreaves","White Beast Statue","hubris:GlazedTorus","TungstenRod","DemoMod:BigBoy","ReplayFunnel","potionbrewer:Keyblade","Membership Card","infinitespire:Golems Mask","beaked:ShinyBauble","construct:WeddingRing","Bag of Preparation","Omamori","ReplayTheSpireMod:Ninjato","Onion Ring","Simple Rune","DemoMod:Metronome","halation:BlackBeret","halation:Toothbrush","Replay:WaspNest","Unceasing Top","halation:Sosunser","Grinning Jar","Lee\u0027s Waffle","Centennial Puzzle","potionbrewer:ToyAutogyro"],"acts_visited":["Exordium","TheCity","TheBeyond","TheEnding"],"potions_floor_usage":[6,29,50,50,56,56,56,56],"damage_taken":[{"damage":7,"enemies":"Small Slimes","floor":1,"turns":3},{"damage":12,"enemies":"conspire:MimicChest","floor":2,"turns":8},{"damage":0,"enemies":"Cultist","floor":3,"turns":3},{"damage":0,"enemies":"2 Louse","floor":4,"turns":3},{"damage":6,"enemies":"Large Slime","floor":5,"turns":4},{"damage":0,"enemies":"Lagavulin","floor":6,"turns":5},{"damage":0,"enemies":"2 Fungi Beasts","floor":8,"turns":2},{"damage":0,"enemies":"Gremlin Nob","floor":11,"turns":4},{"damage":0,"enemies":"Looter","floor":12,"turns":2},{"damage":3,"enemies":"Gremlin Gang","floor":14,"turns":3},{"damage":10,"enemies":"Slime Boss","floor":16,"turns":5},{"damage":10,"enemies":"Shell Parasite","floor":18,"turns":3},{"damage":9,"enemies":"Centurion and Healer","floor":22,"turns":3},{"damage":9,"enemies":"Snake Plant","floor":24,"turns":3},{"damage":0,"enemies":"Chosen and Byrds","floor":25,"turns":3},{"damage":2,"enemies":"conspire:HollyBat","floor":29,"turns":7},{"damage":0,"enemies":"conspire:SneckoGhost","floor":30,"turns":4},{"damage":2,"enemies":"Centurion and Healer","floor":31,"turns":3},{"damage":0,"enemies":"Collector","floor":33,"turns":5},{"damage":0,"enemies":"Orb Walker","floor":35,"turns":2},{"damage":4,"enemies":"3 Shapes","floor":36,"turns":3},{"damage":16,"enemies":"Jaw Worm Horde","floor":38,"turns":3},{"damage":4,"enemies":"Transient","floor":39,"turns":5},{"damage":0,"enemies":"Spire Growth","floor":41,"turns":4},{"damage":40,"enemies":"Reptomancer","floor":42,"turns":5},{"damage":9,"enemies":"4 Shapes","floor":47,"turns":2},{"damage":79,"enemies":"Awakened One","floor":50,"turns":7},{"damage":69,"enemies":"Shield and Spear","floor":55,"turns":4},{"damage":32,"enemies":"The Heart","floor":56,"turns":2}],"seed_played":"2096522684818421184","potions_obtained":[{"floor":1,"key":"AttackPotion"},{"floor":3,"key":"Reflective Coating"},{"floor":4,"key":"Regen Potion"},{"floor":6,"key":"potionbrewer:ToxicPotion"},{"floor":12,"key":"Ancient Potion"},{"floor":16,"key":"AttackPotion"},{"floor":30,"key":"DuplicationPotion"},{"floor":31,"key":"Flashbang"},{"floor":36,"key":"Dexterity Potion"},{"floor":55,"key":"Strength Potion"}],"is_trial":false,"path_per_floor":["M","?","M","M","M","E","R","M","T","R","E","M","$","M","R","B",null,"M","?","$","?","M","R","M","M","T","?","?","M","E","M","R","B",null,"M","M","?","M","M","R","M","E","T","$","R","R","M","T","R","B",null,null,"R","$","E","B"],"character_chosen":"WATCHER","items_purchased":["potionbrewer:Keyblade","Membership Card","infinitespire:Golems Mask","beaked:ShinyBauble","DevaForm+1","Bag of Preparation","Omamori","Replay:WaspNest","Bandage Up+1","Unceasing Top","halation:Sosunser","DemoMod:LeadSkinPotion","SandsOfTime+1","Lee\u0027s Waffle"],"campfire_rested":8,"item_purchase_floors":[13,13,13,13,20,20,20,44,44,44,44,54,54,54],"current_hp_per_floor":[65,53,53,53,47,47,68,68,68,68,68,68,68,65,72,62,72,62,62,62,62,53,72,63,63,63,63,63,61,61,59,72,72,72,72,68,68,52,48,69,69,29,29,29,50,71,62,62,72,54,54,72,72,79,16,0,0],"gold":58,"neow_bonus":"TRANSFORM_CARD","is_daily":false,"chose_seed":false,"campfire_upgraded":1,"win_rate":0.0,"timestamp":1610139990,"path_taken":["M","?","M","?","M","E","R","M","T","R","E","M","$","M","R","BOSS","M","?","$","?","M","R","M","M","T","?","?","M","E","M","R","BOSS","M","?","?","M","M","R","?","E","T","$","R","R","?","?","R","BOSS","R","$","E","BOSS"],"items_purchased_type":["Relic","Relic","Relic","Relic","Card","Relic","Relic","Relic","Card","Relic","Relic","Potion","Card","Relic"],"build_version":"2020-12-22","purchased_purges":0,"victory":false,"max_hp_per_floor":[72,72,72,72,72,72,72,72,72,72,72,72,72,72,72,72,72,72,72,72,72,72,72,72,72,72,72,72,72,72,72,72,72,72,72,72,72,72,72,72,72,72,72,72,72,72,72,72,72,72,72,72,72,79,79,79,79],"card_choices":[{"not_picked":["ClearTheMind+1","Evaluate+1"],"picked":"MentalFortress+1","floor":1},{"not_picked":["PathToVictory+1","SandsOfTime+1"],"picked":"MentalFortress+1","floor":2},{"not_picked":["Weave+1","Replay:Hum+1","Replay:AtTheReady+1"],"picked":"SKIP","floor":3},{"not_picked":["JustLucky+1","MarkedMod:GracefulMovements+1"],"picked":"SashWhip+1","floor":4},{"not_picked":["JustLucky+1","Replay:Cycle+1"],"picked":"Consecrate+1","floor":5},{"not_picked":["Replay:ManipulateFuture+1","Brilliance+1"],"picked":"BattleHymn+1","floor":6},{"not_picked":["InnerPeace+1","Replay:AtTheReady+1"],"picked":"FearNoEvil+1","floor":8},{"not_picked":["Replay:AtTheReady+1","Judgement+1","Worship+1"],"picked":"SKIP","floor":11},{"not_picked":["FollowUp+1","Replay:Anticipation+1","Prostrate+1"],"picked":"SKIP","floor":12},{"not_picked":["ClearTheMind+1","Replay:ManipulateFuture+1"],"picked":"Study+1","floor":14},{"not_picked":["Replay:AllIn+1","Ragnarok+1"],"picked":"Establishment+1","floor":16},{"not_picked":["MarkedMod:FirstStrike+1","FollowUp+1"],"picked":"FlyingSleeves+1","floor":18},{"not_picked":["FollowUp+1","Swivel+1","Prostrate+1"],"picked":"SKIP","floor":22},{"not_picked":["Worship+1","Pray+1"],"picked":"Adaptation+1","floor":24},{"not_picked":["BowlingBash+1","Consecrate+1"],"picked":"Fasting2+1","floor":25},{"not_picked":["MarkedMod:OneThousandNeedles+1","Prostrate+1"],"picked":"ReachHeaven+1","floor":29},{"not_picked":["Replay:ManipulateFuture+1","Tantrum+1","EmptyFist+1"],"picked":"SKIP","floor":30},{"not_picked":["Wireheading+1","Replay:ManipulateFuture+1"],"picked":"Replay:BluntJabs+1","floor":31},{"not_picked":["MarkedMod:ChiBlock+1","DevaForm+1"],"picked":"Replay:LoomingThreat+1","floor":33},{"not_picked":["Prostrate+1","Replay:BluntJabs+1","Replay:ManipulateFuture+1"],"picked":"SKIP","floor":35},{"not_picked":["MarkedMod:SlowDance+1","Prostrate+1","BowlingBash+1"],"picked":"SKIP","floor":36},{"not_picked":["Replay:ManipulateFuture+1","EmptyFist+1"],"picked":"SashWhip+1","floor":38},{"not_picked":["JustLucky+1","ReachHeaven+1"],"picked":"FlurryOfBlows+1","floor":39},{"not_picked":["CrushJoints+1","ReachHeaven+1"],"picked":"Wallop+1","floor":41},{"not_picked":["ReachHeaven+1","Replay:BluntJabs+1","MarkedMod:Acupuncture+1"],"picked":"SKIP","floor":42},{"not_picked":["WheelKick+1","MarkedMod:Acupuncture+1","CutThroughFate+1"],"picked":"SKIP","floor":47},{"not_picked":["CrushJoints+1","ClearTheMind+1"],"picked":"MentalFortress+1","floor":55}],"player_experience":802190,"relics_obtained":[{"floor":2,"key":"White Beast Statue"},{"floor":6,"key":"hubris:GlazedTorus"},{"floor":6,"key":"TungstenRod"},{"floor":11,"key":"DemoMod:BigBoy"},{"floor":11,"key":"ReplayFunnel"},{"floor":26,"key":"ReplayTheSpireMod:Ninjato"},{"floor":30,"key":"Onion Ring"},{"floor":30,"key":"Simple Rune"},{"floor":42,"key":"DemoMod:Metronome"},{"floor":42,"key":"halation:BlackBeret"},{"floor":43,"key":"halation:Toothbrush"},{"floor":48,"key":"Grinning Jar"},{"floor":55,"key":"Centennial Puzzle"},{"floor":55,"key":"potionbrewer:ToyAutogyro"}],"event_choices":[{"damage_healed":0,"gold_gain":99,"player_choice":"Steal","damage_taken":0,"max_hp_gain":0,"max_hp_loss":0,"event_name":"betterThird:BetterNest","floor":19,"gold_loss":0},{"damage_healed":0,"gold_gain":0,"player_choice":"Ignored","damage_taken":0,"max_hp_gain":0,"max_hp_loss":0,"event_name":"Transmorgrifier","floor":28,"gold_loss":0},{"damage_healed":0,"gold_gain":0,"player_choice":"Copied","damage_taken":0,"max_hp_gain":0,"max_hp_loss":0,"event_name":"Duplicator","floor":37,"gold_loss":0,"cards_obtained":["MentalFortress"]}],"is_beta":false,"boss_relics":[{"not_picked":["halation:LoveArrow","Replay:Bronze Core"],"picked":"construct:WeddingRing"},{"not_picked":["hubris:GrandSneckoEye","hubris:HollowSoul","Abe\u0027s Treasure"]}],"items_purged_floors":[],"is_endless":false,"potions_floor_spawned":[1,3,4,5,6,8,11,12,14,16,18,22,24,25,29,30,31,33,35,36,38,39,41,42,47,55],"killed_by":"The Heart","ascension_level":0}}