{"host":"appz8zkad29u9482","time":1610071976,"event":{"mods":["2.2 Compatiblity","Act Like it!","Aspiration","BaseMod","Beaked The Cultist","Better Altar","Better Match","Better Note","Better Skull","Better Third Choice","BetterRewards","CapriCore","Conspire","Disable Question Mark Monsters","Downfall","Energized Spire","Gensokyo","GifTheSpireLib","Gold Saver","Halation","Hermit","Hubris","Infinite Spire","Jedi Mod","Marisa????????","Minty Spire (QoL Compilation)","Permanent Neow","Reimu??????","Replay The Spire","Spicy Shops","StSLib","Strawberry Spire","Stuff the Spire","The Cursed","The Hierophant","The Immortal","Yuyuko","yUi"],"gold_per_floor":[353,305,362,381,392,426,426,437,464,464,464,464,484,498,498,593,593,606,229,229,242,242,272,272,272,272,75,24,38,58,78,78,181,181,181,181],"floor_reached":35,"playtime":1733,"items_purged":[],"score":377,"play_id":"b5facc60-8457-4717-b597-0886ca261eb2","local_time":"20210107161256","is_ascension_mode":false,"campfire_choices":[{"data":"beaked:Recite","floor":7,"key":"SMITH"},{"floor":10,"key":"REST"},{"data":"beaked:DarkPact","floor":15,"key":"SMITH"},{"floor":25,"key":"REST"},{"data":"beaked:AwakenedForm","floor":32,"key":"SMITH"}],"circlet_count":0,"master_deck":["beaked:Strike_Y","beaked:Strike_Y","beaked:Strike_Y","beaked:Strike_Y","beaked:Strike_Y","beaked:Strike_Y","beaked:Defend_Y","beaked:Defend_Y","beaked:Defend_Y","beaked:Defend_Y","beaked:Ceremony","beaked:Ceremony","beaked:Ceremony","beaked:Ceremony","beaked:DarkPact+1","beaked:FeelMyPain","beaked:TuckingFeathers","beaked:Recite+1","beaked:MimicWarrior","beaked:DesperateSwing","beaked:WarriorEssence","beaked:StickSmack","beaked:BraceForImpact","beaked:AwakenedForm+1","beaked:WarriorSpirit+1","beaked:CrazyRituals","beaked:AwakenedForm+1","beaked:RitualOfBody","beaked:Hexing+1","beaked:StickSmack","beaked:MimicHuntress","beaked:Caw"],"relics":["beaked:MendingPlumage","betterThird:SlimedRelic","infinitespire:FocusingShard","StuffTheSpire:SapphireSignet","jedi:crownofsimplicity","StuffTheSpire:Mouthbags","energizedSpire:SpiderWeb","Blue Doll","Potion Belt","Nloth\u0027s Gift","Replay:Accelerometer","halation:LettersToHer","halation:Prosthetics"],"acts_visited":["Exordium","TheCity","TheBeyond"],"potions_floor_usage":[4,6,16,16,23,23,33,33,35],"damage_taken":[{"damage":3,"enemies":"Small Slimes","floor":1,"turns":4},{"damage":1,"enemies":"2 Louse","floor":4,"turns":2},{"damage":15,"enemies":"Jaw Worm","floor":5,"turns":5},{"damage":34,"enemies":"Gremlin Nob","floor":6,"turns":6},{"damage":19,"enemies":"Red Slaver","floor":8,"turns":5},{"damage":8,"enemies":"Exordium Wildlife","floor":13,"turns":4},{"damage":9,"enemies":"Looter","floor":14,"turns":3},{"damage":30,"enemies":"Fading Forest","floor":16,"turns":11},{"damage":0,"enemies":"Chosen","floor":18,"turns":4},{"damage":27,"enemies":"2 Thieves","floor":21,"turns":4},{"damage":42,"enemies":"Slavers","floor":23,"turns":3},{"damage":47,"enemies":"3 Cultists","floor":29,"turns":6},{"damage":24,"enemies":"Snake Plant","floor":30,"turns":4},{"damage":27,"enemies":"Cultist and Chosen","floor":31,"turns":6},{"damage":38,"enemies":"Automaton","floor":33,"turns":6},{"damage":18,"enemies":"3 Shapes","floor":35,"turns":1}],"seed_played":"-3893722632439467467","potions_obtained":[{"floor":1,"key":"Fire Potion"},{"floor":3,"key":"Ancient Potion"},{"floor":5,"key":"jedi:StrikingPotion"},{"floor":8,"key":"SkillPotion"},{"floor":14,"key":"Dexterity Potion"},{"floor":21,"key":"Elixir"},{"floor":29,"key":"DistilledChaos"},{"floor":33,"key":"BlessingOfTheForge"}],"is_trial":false,"path_per_floor":["M","?","?","M","M","E","R","M","T","R","T","?","M","M","R","B",null,"M","$","?","M","?","E","?","R","T","$","$","M","M","M","R","B",null,"M"],"character_chosen":"BEAKED_THE_CULTIST","items_purchased":["beaked:CrazyRituals","Blue Doll","DollysMirror","beaked:Hexing+1","halation:LettersToHer","Weak Potion"],"campfire_rested":2,"item_purchase_floors":[19,19,19,27,27,28],"current_hp_per_floor":[50,39,27,31,30,8,8,4,4,19,19,35,46,47,47,47,50,50,50,50,49,49,19,19,34,34,34,34,25,27,33,33,49,15,0,0],"gold":181,"neow_bonus":"THREE_RARE_CARDS","is_daily":false,"chose_seed":false,"campfire_upgraded":3,"win_rate":0.0,"timestamp":1610071976,"path_taken":["M","?","?","?","M","E","R","M","T","R","?","?","?","M","R","BOSS","M","$","?","M","?","E","?","R","T","?","$","?","M","M","R","BOSS","M"],"items_purchased_type":["Card","Relic","Relic","Card","Relic","Potion"],"build_version":"2020-12-22","purchased_purges":0,"victory":false,"max_hp_per_floor":[50,50,50,50,50,50,50,50,50,50,50,50,50,50,50,50,50,50,50,50,50,50,50,50,50,50,50,50,50,50,50,50,50,15,15,15],"card_choices":[{"not_picked":["beaked:WildInstinct","beaked:Sacrifice"],"picked":"beaked:DarkPact","floor":0},{"not_picked":["beaked:Evade","beaked:DigDeeper"],"picked":"beaked:FeelMyPain","floor":1},{"not_picked":["beaked:SurvivalInstinct","beaked:Cower"],"picked":"beaked:TuckingFeathers","floor":3},{"not_picked":["beaked:Pecker","beaked:Evade"],"picked":"beaked:Recite","floor":4},{"not_picked":["beaked:Poke","beaked:FeelMyPain"],"picked":"beaked:MimicWarrior","floor":5},{"not_picked":["beaked:FullHouse","beaked:TuckingFeathers"],"picked":"beaked:WarriorEssence","floor":6},{"not_picked":["beaked:Daydream","beaked:CursingBlood"],"picked":"beaked:DesperateSwing","floor":8},{"not_picked":["beaked:Struggle","beaked:BarbedWire"],"picked":"beaked:StickSmack","floor":13},{"not_picked":["beaked:DigDeep","beaked:Tradeoff"],"picked":"beaked:BraceForImpact","floor":14},{"not_picked":["beaked:LiftOff","beaked:KnowThyFoe"],"picked":"beaked:AwakenedForm","floor":16},{"not_picked":["beaked:BloodRitual","beaked:Poke"],"picked":"beaked:WarriorSpirit+1","floor":18},{"not_picked":["beaked:Resilience+1","beaked:WindBringer","beaked:Tweet+1"],"picked":"SKIP","floor":21},{"not_picked":["beaked:SurvivalInstinct","beaked:ShadowFade"],"picked":"beaked:RitualOfBody","floor":23},{"not_picked":["beaked:SacrificialAttack","beaked:TuckingFeathers+1"],"picked":"beaked:StickSmack","floor":29},{"not_picked":["beaked:Poke+1","beaked:WarriorEssence","beaked:Tweet"],"picked":"SKIP","floor":30},{"not_picked":["beaked:Tradeoff+1","beaked:DesperateSwing"],"picked":"beaked:MimicHuntress","floor":31},{"not_picked":["beaked:DarkTribute","beaked:Sacrifice"],"picked":"beaked:Caw","floor":33}],"player_experience":479317,"relics_obtained":[{"floor":3,"key":"infinitespire:FocusingShard"},{"floor":6,"key":"StuffTheSpire:SapphireSignet"},{"floor":9,"key":"jedi:crownofsimplicity"},{"floor":11,"key":"StuffTheSpire:Mouthbags"},{"floor":23,"key":"Potion Belt"},{"floor":26,"key":"Replay:Accelerometer"}],"event_choices":[{"damage_healed":0,"gold_gain":0,"player_choice":"Slimed","damage_taken":11,"max_hp_gain":0,"max_hp_loss":0,"event_name":"betterThird:BetterGoop","floor":2,"gold_loss":48},{"damage_healed":16,"gold_gain":0,"player_choice":"Banana","damage_taken":0,"max_hp_gain":0,"max_hp_loss":0,"event_name":"Big Fish","floor":12,"gold_loss":0},{"cards_removed":["Defend_MRS"],"damage_healed":0,"gold_gain":0,"player_choice":"Purged","damage_taken":0,"max_hp_gain":0,"max_hp_loss":0,"event_name":"Purifier","floor":20,"gold_loss":0},{"damage_healed":0,"gold_gain":0,"player_choice":"Forge","damage_taken":0,"max_hp_gain":0,"max_hp_loss":0,"event_name":"Accursed Blacksmith","floor":22,"gold_loss":0,"cards_upgraded":["beaked:AwakenedForm"]},{"damage_healed":0,"gold_gain":0,"player_choice":"Traded Relic","damage_taken":0,"relics_obtained":["Nloth\u0027s Gift"],"max_hp_gain":0,"max_hp_loss":0,"event_name":"N\u0027loth","floor":24,"relics_lost":["DollysMirror"],"gold_loss":0}],"is_beta":false,"boss_relics":[{"not_picked":["Replay:Ancient Bell","hubris:ScarierMask"],"picked":"energizedSpire:SpiderWeb"},{"not_picked":["beaked:FlawlessSticks","Painkiller Herb"],"picked":"halation:Prosthetics"}],"items_purged_floors":[],"is_endless":false,"potions_floor_spawned":[1,5,8,14,21,29,33],"killed_by":"3 Shapes","ascension_level":0}}