{"host":"mydft8i2zzydgggw","time":1610141429,"event":{"mods":["AchievementEnabler","BaseMod","Colored Map","Colored Powertips","DeckTracker","Keyboard Shortcuts","Minty Spire (QoL Compilation)","Rare Cards Sparkle","StSLib","SuperFastMode","The Poker Player","everything is the same but u backflip on backflip"],"gold_per_floor":[113,113,124,124,134,134,134,134,134],"floor_reached":8,"playtime":136,"items_purged":[],"score":64,"play_id":"90ca3038-6a5d-413b-8204-0c28b2a67f32","local_time":"20210109063029","is_ascension_mode":true,"campfire_choices":[{"data":"Strike_B","floor":6,"key":"PURGE"}],"circlet_count":0,"master_deck":["Strike_B","Strike_B","Strike_B","Defend_B","Defend_B","Defend_B","Defend_B","Zap","Dualcast","Reinforced Body"],"relics":["Snecko Eye","Peace Pipe","Gremlin Horn"],"acts_visited":["Exordium"],"potions_floor_usage":[],"damage_taken":[{"damage":18,"enemies":"Jaw Worm","floor":1,"turns":5},{"damage":1,"enemies":"Cultist","floor":3,"turns":3},{"damage":7,"enemies":"2 Louse","floor":5,"turns":2},{"damage":0,"enemies":"3 Sentries","floor":8,"turns":4}],"seed_played":"-5934495753552038342","potions_obtained":[],"is_trial":false,"path_per_floor":["M","?","M","T","M","R","?","E"],"character_chosen":"DEFECT","items_purchased":[],"campfire_rested":0,"item_purchase_floors":[],"current_hp_per_floor":[50,32,31,31,24,24,24,24,24],"gold":134,"neow_bonus":"BOSS_RELIC","is_daily":false,"chose_seed":false,"campfire_upgraded":0,"win_rate":0.0,"timestamp":1610141429,"path_taken":["M","?","M","?","?","R","?","E"],"items_purchased_type":[],"build_version":"2020-12-22","purchased_purges":0,"victory":false,"max_hp_per_floor":[75,75,75,75,75,75,75,75,75],"card_choices":[{"not_picked":["Redo","Coolheaded","Compile Driver"],"picked":"SKIP","floor":1},{"not_picked":["Conserve Battery","Hello World","Barrage"],"picked":"SKIP","floor":3},{"not_picked":["Undo","Gash"],"picked":"Reinforced Body","floor":5}],"player_experience":153591,"relics_obtained":[{"floor":4,"key":"Gremlin Horn"}],"event_choices":[{"damage_healed":0,"gold_gain":0,"player_choice":"Success","damage_taken":18,"relics_obtained":["Peace Pipe"],"max_hp_gain":0,"max_hp_loss":0,"event_name":"Scrap Ooze","floor":2,"gold_loss":0},{"damage_healed":0,"gold_gain":0,"player_choice":"Ignored","damage_taken":0,"max_hp_gain":0,"max_hp_loss":0,"event_name":"Shining Light","floor":7,"gold_loss":0}],"is_beta":false,"boss_relics":[],"items_purged_floors":[],"is_endless":false,"potions_floor_spawned":[],"killed_by":"3 Sentries","ascension_level":8}}