{"host":"sxnl403xm2xmiyj1","time":1610106738,"event":{"mods":["BaseMod","Colored Map","Keyboard Shortcuts","Lobotomy","Minty Spire (QoL Compilation)","Quick Restart","StSLib","SuperFastMode"],"gold_per_floor":[117,136,236,28,47,78,94,94,171,190,190,225,225,236,236,338,338,353,363,377,393,408,434,434,459,486,60,60,78,177,95,95,192,192,207,0,14,30,30,30,30,30,30,30,62,62,73,85,85,85],"floor_reached":51,"playtime":2192,"items_purged":[],"score":1005,"play_id":"caaba5e7-47ed-4675-834c-9170fc2ea0a6","local_time":"20210108205218","is_ascension_mode":true,"campfire_choices":[],"circlet_count":0,"master_deck":["SpecialBullet","SpecialBullet","SpecialBullet","SpecialBullet","SpecialBullet","SpecialBullet","SpecialBullet","SpecialBullet","InformationCode","SecurityCode","TrainingCode","Bloodbath","Twilight","Soda","CherryBlossom","Sadistic Nature","SpiderBud","ShedSkin","DreamingCurrent","ShedSkin","Adoration","WallGazer","Regret_ego","Variant","Ecstasy","DisciplinaryCode","PunishingBird","GalaxyChild","Twilight","OldLady","OSAHOGD","BigBird","RecordCode","UniverseFragment","BlackSwan","GoldRush","GreenStem","BlackSwan_ego","Regret_ego","Diffraction","GreedKing","GoldRush","BodiesMountain","BlackArmy","WelfareCode","Madness","Madness"],"relics":["CogitoBucket","Turnip","HornCleat","LuminousBracelet","Akabeko","Runic Dome","AspirationHeart","Tiny Chest","Lizard Tail","MawBank","Calipers","FleshIdol","AtMidnight","Busted Crown","Red Mask","Ice Cream","Blue Candle","Unceasing Top"],"acts_visited":["Exordium","TheCity","TheBeyond"],"potions_floor_usage":[19,20,20,20,21,23,50,51,51],"damage_taken":[{"damage":12.0,"enemies":"Jaw Worm","floor":1.0,"turns":2.0},{"damage":0.0,"enemies":"Cultist","floor":2.0,"turns":3.0},{"damage":12.0,"enemies":"Small Slimes","floor":5.0,"turns":3.0},{"damage":20.0,"enemies":"Lagavulin","floor":6.0,"turns":9.0},{"damage":29.0,"enemies":"Red Slaver","floor":7.0,"turns":8.0},{"damage":22.0,"enemies":"Lots of Slimes","floor":10.0,"turns":7.0},{"damage":58.0,"enemies":"Gremlin Nob","floor":12.0,"turns":8.0},{"damage":7.0,"enemies":"Gremlin Gang","floor":14.0,"turns":6.0},{"damage":85.0,"enemies":"The Guardian","floor":16.0,"turns":12.0},{"damage":24,"enemies":"3 Byrds","floor":18,"turns":5},{"damage":107,"enemies":"2 Thieves","floor":19,"turns":9},{"damage":28,"enemies":"Sentry and Sphere","floor":20,"turns":6},{"damage":27,"enemies":"Snecko","floor":21,"turns":5},{"damage":26,"enemies":"Centurion and Healer","floor":22,"turns":7},{"damage":5,"enemies":"Slavers","floor":23,"turns":4},{"damage":18,"enemies":"Gremlin Leader","floor":25,"turns":13},{"damage":64,"enemies":"Chosen and Byrds","floor":29,"turns":8},{"damage":28,"enemies":"Collector","floor":33,"turns":7},{"damage":16,"enemies":"3 Shapes","floor":35,"turns":2},{"damage":11,"enemies":"3 Darklings","floor":37,"turns":3},{"damage":1,"enemies":"Transient","floor":38,"turns":5},{"damage":26,"enemies":"Reptomancer","floor":45,"turns":3},{"damage":19,"enemies":"Maw","floor":47,"turns":5},{"damage":9,"enemies":"Jaw Worm Horde","floor":48,"turns":2},{"damage":148,"enemies":"Donu and Deca","floor":50,"turns":8},{"damage":41,"enemies":"Malkuth","floor":51,"turns":7},{"damage":25,"enemies":"Netzach","floor":51,"turns":5},{"damage":36,"enemies":"Chesed","floor":51,"turns":7},{"damage":81,"enemies":"Binah","floor":51,"turns":15},{"damage":46,"enemies":"Angela","floor":51,"turns":9}],"seed_played":"1144146516424876848","potions_obtained":[{"floor":2.0,"key":"Weak Potion"},{"floor":6.0,"key":"FearPotion"},{"floor":12.0,"key":"LiquidBronze"},{"floor":16.0,"key":"FearPotion"},{"floor":19,"key":"EntropicBrew"},{"floor":20,"key":"BlessingOfTheForge"},{"floor":25,"key":"Regen Potion"},{"floor":33,"key":"Dexterity Potion"},{"floor":37,"key":"Energy Potion"},{"floor":45,"key":"Block Potion"}],"is_trial":false,"path_per_floor":["M","M","?","$","M","E","M","R","T","M","R","E","T","M","R","B",null,"M","M","M","M","M","E","R","E","T","$","R","M","?","$","R","B",null,"M","?","M","M","T","R","?","R","T","?","E","R","M","M","R","B",null],"character_chosen":"Angela","items_purchased":["CherryBlossom","Sadistic Nature","GreenStem","BlackSwan_ego","Calipers","Regret_ego","Diffraction"],"campfire_rested":0,"item_purchase_floors":[4,4,27,27,27,31,31],"current_hp_per_floor":[73,77,77,77,75,76,77,77,77,96,96,79,79,104,104,108,108,108,126,112,109,124,128,128,128,128,128,128,84,84,84,84,100,124,136,136,136,140,140,140,140,140,140,122,140,140,140,140,140,82],"gold":85,"neow_bonus":"TEN_PERCENT_HP_BONUS","is_daily":false,"chose_seed":false,"campfire_upgraded":0,"win_rate":0.0,"timestamp":1610106738,"path_taken":["M","M","?","?","M","E","M","R","T","?","R","E","?","M","R","BOSS","M","?","M","M","M","E","R","E","T","$","R","M","?","?","R","BOSS","M","?","M","M","?","R","?","R","T","?","E","R","M","M","R","BOSS"],"items_purchased_type":["Card","Card","Card","Card","Relic","Card","Card"],"build_version":"2020-12-22","purchased_purges":0,"victory":true,"max_hp_per_floor":[77,77,77,77,77,77,77,77,77,96,96,100,100,104,104,108,108,112,126,120,120,124,128,128,128,128,128,128,128,128,128,128,132,132,136,136,136,140,140,140,140,140,140,140,140,140,140,140,140,140],"card_choices":[{"not_picked":["MHz","GalaxyChild"],"picked":"Bloodbath","floor":1.0},{"not_picked":["SwordSharpenedByTears"],"picked":"Twilight","floor":1.0},{"not_picked":["Tough"],"picked":"Soda","floor":2.0},{"not_picked":["CherryBlossoms","HeroicMonk"],"picked":"SpiderBud","floor":5.0},{"not_picked":["SoundOfStar"],"picked":"ShedSkin","floor":5.0},{"not_picked":["Mercenary","PunishingBird"],"picked":"DreamingCurrent","floor":6.0},{"not_picked":["CUTE"],"picked":"ShedSkin","floor":6.0},{"not_picked":["Hypocrisy","Adoration"],"picked":"SKIP","floor":7.0},{"not_picked":["Hypocrisy"],"picked":"Adoration","floor":7.0},{"not_picked":["Murderer","MeatLantern"],"picked":"WallGazer","floor":10.0},{"not_picked":["Discord"],"picked":"Regret_ego","floor":10.0},{"not_picked":["BeautyBeast","Rudolta"],"picked":"Variant","floor":12.0},{"not_picked":["CrimsonScar"],"picked":"Ecstasy","floor":12.0},{"not_picked":["Laetitia","LittlePrince"],"picked":"PunishingBird","floor":14.0},{"not_picked":["CUTE","Loneliness"],"picked":"SKIP","floor":14.0},{"not_picked":["SnowQueen","CherryBlossoms"],"picked":"GalaxyChild","floor":16.0},{"not_picked":["SoundOfStar"],"picked":"Twilight","floor":16.0},{"not_picked":["Scorched","Murderer"],"picked":"OldLady","floor":18},{"not_picked":["Horn","Penitence"],"picked":"SKIP","floor":18},{"not_picked":["UniverseFragment","VoidDream"],"picked":"OSAHOGD","floor":19},{"not_picked":["Laetitia_ego","FeatherOfHonor"],"picked":"SKIP","floor":19},{"not_picked":["HappyTeddy","Scorched"],"picked":"BigBird","floor":20},{"not_picked":["Beak","Noise"],"picked":"SKIP","floor":20},{"not_picked":["InTheNameOfLoveAndHate","Noise"],"picked":"SKIP","floor":21},{"not_picked":["Yin","WhitesApple"],"picked":"UniverseFragment","floor":22},{"not_picked":["Lantern","Galaxy+1"],"picked":"SKIP","floor":22},{"not_picked":["Freischutz","GreedKing"],"picked":"BlackSwan","floor":23},{"not_picked":["Tough"],"picked":"RapturousDream","floor":23},{"not_picked":["CUTE"],"picked":"GoldRush","floor":25},{"not_picked":["Noise+1","Tough"],"picked":"SKIP","floor":29},{"not_picked":["DespairKnight","QueenBee"],"picked":"GreedKing","floor":33},{"not_picked":["Adoration"],"picked":"GoldRush","floor":33},{"not_picked":["SnowQueen","ShyLook"],"picked":"BodiesMountain","floor":35},{"not_picked":["HappyTeddy","Porccubus"],"picked":"BlackArmy","floor":38}],"player_experience":208638,"relics_obtained":[{"floor":6.0,"key":"Turnip"},{"floor":9.0,"key":"HornCleat"},{"floor":12.0,"key":"Akabeko"},{"floor":23,"key":"Tiny Chest"},{"floor":25,"key":"Lizard Tail"},{"floor":26,"key":"MawBank"},{"floor":29,"key":"AtMidnight"},{"floor":39,"key":"Ice Cream"},{"floor":43,"key":"Blue Candle"},{"floor":45,"key":"Unceasing Top"}],"event_choices":[{"damage_healed":0.0,"max_hp_gain":0.0,"max_hp_loss":0.0,"gold_gain":100.0,"event_name":"Golden Shrine","player_choice":"Pray","floor":3.0,"gold_loss":0.0,"damage_taken":0.0},{"damage_healed":0,"gold_gain":99,"player_choice":"Stole From Cult","damage_taken":0,"max_hp_gain":0,"max_hp_loss":0,"event_name":"Nest","floor":30,"gold_loss":0},{"damage_healed":0,"gold_gain":0,"player_choice":"Paid","damage_taken":0,"relics_obtained":["Red Mask"],"max_hp_gain":0,"max_hp_loss":0,"event_name":"Tomb of Lord Red Mask","floor":36,"gold_loss":207},{"cards_removed":["RapturousDream"],"damage_healed":0,"gold_gain":0,"player_choice":"Removed Skill","damage_taken":0,"max_hp_gain":0,"max_hp_loss":0,"event_name":"Falling","floor":41,"gold_loss":0},{"damage_healed":0,"gold_gain":0,"player_choice":"Embrace Madness","damage_taken":18,"max_hp_gain":0,"max_hp_loss":0,"event_name":"Winding Halls","floor":44,"gold_loss":0,"cards_obtained":["Madness","Madness"]}],"is_beta":false,"boss_relics":[{"not_picked":["Snecko Eye","Tiny House"],"picked":"Runic Dome"},{"not_picked":["Black Star","Calling Bell"],"picked":"Busted Crown"}],"items_purged_floors":[],"is_endless":false,"potions_floor_spawned":[2,6,12,16,19,20,25,33,37,45,47],"ascension_level":5}}