{"host":"p9t7qd83igtcp2bh","time":1610107025,"event":{"mods":["2.2 Compatiblity","AchievementEnabler","BaseMod","Colored Map","Colored Powertips","Custom Start","DeckTracker","Keyboard Shortcuts","Minty Spire (QoL Compilation)","Permanent Neow","Spicy Shops","StSLib","SuperFastMode","everything is the same but u backflip on backflip"],"gold_per_floor":[112,130,130,150,164,193,193,20,47,47,47,64,81,110,110,207,207,226,242,73,73,73,102,102,102,102,102,122,153,153,169,169,271,271,289,302,302,46,65,65,98,113,137,157,157,189,189,200,200,200,200,200,30,60,60,60],"floor_reached":55,"playtime":2328,"items_purged":["Strike_B","Strike_B"],"score":1127,"play_id":"34b461dd-00ea-4fd3-823b-7c104087d57c","local_time":"20210108205705","is_ascension_mode":true,"campfire_choices":[{"data":"Defragment","floor":7.0,"key":"SMITH"},{"data":"Apotheosis","floor":11.0,"key":"SMITH"},{"floor":15.0,"key":"REST"},{"data":"Coolheaded","floor":24.0,"key":"SMITH"},{"data":"Capacitor","floor":30.0,"key":"SMITH"},{"data":"Heatsinks","floor":32.0,"key":"SMITH"},{"floor":40.0,"key":"RECALL"}],"circlet_count":0,"master_deck":["Strike_B","Strike_B","Defend_B","Defend_B","Defend_B","Defend_B","Zap","Dualcast","Thunder Strike+1","Defragment+1","Sweeping Beam+1","Glacier","Reinforced Body","Apotheosis+1","Auto Shields","Capacitor+1","Loop","Machine Learning","Cold Snap","Coolheaded+1","Heatsinks+1","Go for the Eyes","Undo+1","Barrage","Blizzard+1","Coolheaded","Self Repair+1","Hologram+1","Chill+1","Glacier","BootSequence+1"],"relics":["Cracked Core","MealTicket","Whetstone","Bag of Preparation","Bird Faced Urn","Coffee Dripper","Turnip","Bottled Lightning","Ornamental Fan","Fusion Hammer","OrangePellets","Nunchaku","Ancient Tea Set","Bottled Tornado"],"acts_visited":["Exordium","TheCity","TheBeyond","TheEnding"],"potions_floor_usage":[54,55],"damage_taken":[{"damage":0.0,"enemies":"Cultist","floor":1.0,"turns":4.0},{"damage":10.0,"enemies":"Small Slimes","floor":2.0,"turns":3.0},{"damage":1.0,"enemies":"2 Louse","floor":4.0,"turns":3.0},{"damage":2.0,"enemies":"Looter","floor":5.0,"turns":4.0},{"damage":12.0,"enemies":"3 Sentries","floor":6.0,"turns":7.0},{"damage":0.0,"enemies":"Blue Slaver","floor":12.0,"turns":4.0},{"damage":9.0,"enemies":"Exordium Wildlife","floor":13.0,"turns":5.0},{"damage":38.0,"enemies":"Gremlin Nob","floor":14.0,"turns":5.0},{"damage":17.0,"enemies":"The Guardian","floor":16.0,"turns":8.0},{"damage":19.0,"enemies":"2 Thieves","floor":18.0,"turns":5.0},{"damage":4.0,"enemies":"Shell Parasite","floor":19.0,"turns":6.0},{"damage":6.0,"enemies":"Book of Stabbing","floor":23.0,"turns":10.0},{"damage":8.0,"enemies":"Centurion and Healer","floor":28.0,"turns":8.0},{"damage":26.0,"enemies":"Slavers","floor":29.0,"turns":6.0},{"damage":0.0,"enemies":"Cultist and Chosen","floor":31.0,"turns":8.0},{"damage":22.0,"enemies":"Champ","floor":33.0,"turns":12.0},{"damage":14.0,"enemies":"3 Shapes","floor":35.0,"turns":6.0},{"damage":12.0,"enemies":"3 Darklings","floor":36.0,"turns":6.0},{"damage":64.0,"enemies":"4 Shapes","floor":39.0,"turns":8.0},{"damage":24.0,"enemies":"Nemesis","floor":41.0,"turns":14.0},{"damage":10.0,"enemies":"Spire Growth","floor":42.0,"turns":6.0},{"damage":7.0,"enemies":"3 Darklings","floor":44.0,"turns":6.0},{"damage":0.0,"enemies":"Giant Head","floor":46.0,"turns":11.0},{"damage":7.0,"enemies":"Writhing Mass","floor":48.0,"turns":8.0},{"damage":18.0,"enemies":"Time Eater","floor":50.0,"turns":19.0},{"damage":58,"enemies":"Shield and Spear","floor":54,"turns":13},{"damage":47,"enemies":"The Heart","floor":55,"turns":11}],"seed_played":"-7479721468139528501","potions_obtained":[{"floor":1.0,"key":"PotionOfCapacity"},{"floor":2.0,"key":"SneckoOil"},{"floor":4.0,"key":"Explosive Potion"},{"floor":10.0,"key":"PowerPotion"},{"floor":10.0,"key":"EssenceOfDarkness"},{"floor":18.0,"key":"GamblersBrew"},{"floor":31.0,"key":"Regen Potion"},{"floor":39.0,"key":"Swift Potion"},{"floor":42.0,"key":"DistilledChaos"},{"floor":44.0,"key":"GamblersBrew"}],"is_trial":false,"path_per_floor":["M","M","?","M","M","E","R","$","T","?","R","M","M","E","R","B",null,"M","M","$","?","?","E","R","?","T","$","M","E","R","M","R","B",null,"M","M","?","$","M","R","E","M","T","M","R","E","R","M","R","B",null,"R","$","E","B"],"character_chosen":"DEFECT","items_purchased":["Apotheosis","Coolheaded","OrangePellets","Coolheaded","Glacier"],"campfire_rested":1,"item_purchase_floors":[8,20,38,38,53],"current_hp_per_floor":[68,58,55,54,52,40,40,55,55,55,55,55,46,8,28,17,55,42,46,61,49,49,51,51,51,51,66,67,53,53,63,63,51,68,63,61,61,73,9,9,22,34,34,49,49,71,71,73,73,73,73,73,73,31,0,0],"gold":60,"neow_bonus":"THREE_RARE_CARDS","is_daily":false,"chose_seed":false,"campfire_upgraded":5,"win_rate":0.0,"timestamp":1610107025,"path_taken":["M","M","?","M","M","E","R","$","T","?","R","M","M","E","R","BOSS","M","M","$","?","?","E","R","?","T","?","?","E","R","M","R","BOSS","M","M","?","$","M","R","E","M","T","M","R","E","R","M","R","BOSS","R","$","E","BOSS"],"items_purchased_type":["Card","Card","Relic","Card","Card"],"build_version":"2020-12-22","purchased_purges":2,"victory":false,"max_hp_per_floor":[68,68,68,68,68,68,68,68,68,68,68,68,68,68,68,68,68,68,68,68,73,73,73,73,73,73,73,73,73,73,73,73,73,73,73,73,73,73,73,73,73,73,73,73,73,73,73,73,73,73,73,73,73,73,73,73],"card_choices":[{"not_picked":["Buffer","Amplify"],"picked":"Thunder Strike","floor":0.0},{"not_picked":["Tempest","FTL"],"picked":"Defragment","floor":1.0},{"not_picked":["Beam Cell","Hello World"],"picked":"Sweeping Beam","floor":2.0},{"not_picked":["Steam","Coolheaded","Compile Driver"],"picked":"SKIP","floor":4.0},{"not_picked":["Compile Driver","Darkness"],"picked":"Glacier","floor":5.0},{"not_picked":["Conserve Battery","Steam"],"picked":"Reinforced Body","floor":6.0},{"not_picked":["Lockon","FTL"],"picked":"Auto Shields","floor":12.0},{"not_picked":["Gash","Static Discharge"],"picked":"Capacitor","floor":13.0},{"not_picked":["Rainbow","Creative AI"],"picked":"Loop","floor":14.0},{"not_picked":["Reboot","Hyperbeam"],"picked":"Machine Learning","floor":16.0},{"not_picked":["Gash+1","Auto Shields"],"picked":"Cold Snap","floor":18.0},{"not_picked":["Loop","Conserve Battery+1","Doom and Gloom"],"picked":"SKIP","floor":19.0},{"not_picked":["Steam Power","Gash","Hyperbeam"],"picked":"SKIP","floor":23.0},{"not_picked":["Leap","Ball Lightning+1"],"picked":"Go for the Eyes","floor":28.0},{"not_picked":["Compile Driver","Stack+1"],"picked":"Undo+1","floor":29.0},{"not_picked":["Compile Driver","Leap"],"picked":"Barrage","floor":31.0},{"not_picked":["Beam Cell+1","Go for the Eyes","Rebound"],"picked":"SKIP","floor":35.0},{"not_picked":["Sweeping Beam","Gash+1"],"picked":"Blizzard+1","floor":36.0},{"not_picked":["Ball Lightning","Steam+1"],"picked":"Self Repair+1","floor":39.0},{"not_picked":["Conserve Battery+1","Gash","Coolheaded"],"picked":"SKIP","floor":41.0},{"not_picked":["Go for the Eyes+1","Rebound+1"],"picked":"Hologram+1","floor":42.0},{"not_picked":["Creative AI","Double Energy"],"picked":"Chill+1","floor":44.0},{"not_picked":["Compile Driver","Gash+1","All For One"],"picked":"SKIP","floor":46.0},{"not_picked":["Gash","Steam+1","FTL+1"],"picked":"SKIP","floor":48.0},{"not_picked":["Seek","Gash"],"picked":"BootSequence+1","floor":54}],"player_experience":604932,"relics_obtained":[{"floor":6.0,"key":"Whetstone"},{"floor":9.0,"key":"Bag of Preparation"},{"floor":14.0,"key":"Bird Faced Urn"},{"floor":23.0,"key":"Turnip"},{"floor":26.0,"key":"Bottled Lightning"},{"floor":29.0,"key":"Ornamental Fan"},{"floor":41.0,"key":"Nunchaku"},{"floor":46.0,"key":"Ancient Tea Set"},{"floor":54,"key":"Bottled Tornado"}],"event_choices":[{"damage_healed":0.0,"max_hp_gain":0.0,"max_hp_loss":0.0,"gold_gain":0.0,"event_name":"Scrap Ooze","player_choice":"Success","floor":3.0,"gold_loss":0.0,"damage_taken":3.0,"relics_obtained":["MealTicket"]},{"damage_healed":0.0,"max_hp_gain":0.0,"max_hp_loss":0.0,"gold_gain":0.0,"event_name":"Lab","player_choice":"Got Potions","floor":10.0,"gold_loss":0.0,"damage_taken":0.0},{"damage_healed":0.0,"max_hp_gain":5.0,"max_hp_loss":0.0,"gold_gain":0.0,"event_name":"Forgotten Altar","player_choice":"Shed Blood","floor":21.0,"gold_loss":0.0,"damage_taken":17.0},{"damage_healed":0.0,"max_hp_gain":0.0,"max_hp_loss":0.0,"gold_gain":0.0,"event_name":"The Library","player_choice":"Read","floor":25.0,"gold_loss":0.0,"damage_taken":0.0,"cards_obtained":["Heatsinks"]},{"damage_healed":0.0,"max_hp_gain":0.0,"max_hp_loss":0.0,"gold_gain":0.0,"event_name":"Tomb of Lord Red Mask","player_choice":"Ignored","floor":37.0,"gold_loss":0.0,"damage_taken":0.0}],"is_beta":false,"boss_relics":[{"not_picked":["Astrolabe","SacredBark"],"picked":"Coffee Dripper"},{"not_picked":["SlaversCollar","Nuclear Battery"],"picked":"Fusion Hammer"}],"items_purged_floors":[20,53],"is_endless":false,"potions_floor_spawned":[1,2,4,13,14,18,19,31,39,42,44,48],"killed_by":"The Heart","ascension_level":9}}