{"host":"oiw60b5ins9fyx34","time":1610103561,"event":{"mods":["BaseMod","Colored Powertips","Minty Spire (QoL Compilation)","Permanent Neow","Quick Restart","Relic Stats","StSLib"],"gold_per_floor":[419,150,169,187,4,29,42,75,75,94,113,113,129,153,153,250,250,250,250],"floor_reached":18,"playtime":869,"items_purged":["Strike_P","Defend_P"],"score":174,"play_id":"2cc4e309-d817-4131-8c33-b4f52388eaee","local_time":"20210108195921","is_ascension_mode":false,"campfire_choices":[{"floor":12,"key":"REST"},{"floor":15,"key":"REST"}],"circlet_count":0,"master_deck":["Eruption","Vigilance","Wallop","Adaptation","Conclude","ClearTheMind","Crescendo","MentalFortress","Wallop","Consecrate","Judgement","SashWhip","BowlingBash","EmptyBody","CutThroughFate","MentalFortress","MentalFortress","ConjureBlade","ThirdEye","Blasphemy","Vault","Sanctity","PathToVictory","Wish"],"relics":["PureWater","Old Coin","Strawberry","Ginger","Odd Mushroom","Pandora\u0027s Box"],"acts_visited":["Exordium","TheCity"],"potions_floor_usage":[16],"damage_taken":[{"damage":3,"enemies":"2 Louse","floor":1,"turns":4},{"damage":0,"enemies":"Jaw Worm","floor":3,"turns":2},{"damage":0,"enemies":"Cultist","floor":4,"turns":3},{"damage":10,"enemies":"Gremlin Nob","floor":6,"turns":3},{"damage":0,"enemies":"Blue Slaver","floor":7,"turns":2},{"damage":39,"enemies":"Lagavulin","floor":8,"turns":5},{"damage":0,"enemies":"3 Louse","floor":10,"turns":2},{"damage":0,"enemies":"Large Slime","floor":11,"turns":2},{"damage":0,"enemies":"Exordium Wildlife","floor":13,"turns":2},{"damage":13,"enemies":"The Mushroom Lair","floor":14,"turns":2},{"damage":26,"enemies":"Hexaghost","floor":16,"turns":11},{"damage":22,"enemies":"Shell Parasite","floor":18,"turns":4}],"seed_played":"-659484056566332835","potions_obtained":[{"floor":1,"key":"FearPotion"},{"floor":6,"key":"SpeedPotion"},{"floor":7,"key":"FearPotion"},{"floor":8,"key":"Energy Potion"}],"is_trial":false,"path_per_floor":["M","$","M","M","$","E","M","E","T","M","M","R","M","?","R","B",null,"M"],"character_chosen":"WATCHER","items_purchased":["Adaptation","Conclude","ClearTheMind","Wallop","Consecrate"],"campfire_rested":2,"item_purchase_floors":[2,2,2,5,5],"current_hp_per_floor":[62,62,62,62,62,59,59,20,20,20,20,41,41,28,49,23,72,50,50],"gold":250,"neow_bonus":"ONE_RARE_RELIC","is_daily":false,"chose_seed":false,"campfire_upgraded":0,"win_rate":0.0,"timestamp":1610103561,"path_taken":["M","$","M","M","$","E","M","E","T","M","M","R","M","?","R","BOSS","M"],"items_purchased_type":["Card","Card","Card","Card","Card"],"build_version":"2020-12-22","purchased_purges":2,"victory":false,"max_hp_per_floor":[65,65,65,65,65,72,72,72,72,72,72,72,72,72,72,72,72,72,72],"relic_stats":{"counters":[12,42],"Pandora\u0027s Box":["ThirdEye","Blasphemy","Vault","Sanctity","PathToVictory","Wish"],"Ginger":[0],"obtain_stats":[{"Strawberry":6,"Pandora\u0027s Box":17,"Ginger":8,"PureWater":0,"Odd Mushroom":14,"Old Coin":0},{"Strawberry":4,"Pandora\u0027s Box":11,"Ginger":6,"PureWater":0,"Odd Mushroom":10,"Old Coin":0},{"Strawberry":12,"Pandora\u0027s Box":38,"Ginger":19,"PureWater":0,"Odd Mushroom":27,"Old Coin":0}]},"card_choices":[{"not_picked":["Worship","CutThroughFate"],"picked":"Wallop","floor":1},{"not_picked":["EmptyFist","JustLucky"],"picked":"Crescendo","floor":3},{"not_picked":["WaveOfTheHand","SashWhip"],"picked":"MentalFortress","floor":4},{"not_picked":["JustLucky","ThirdEye"],"picked":"Judgement","floor":6},{"not_picked":["ClearTheMind","FlyingSleeves"],"picked":"SashWhip","floor":7},{"not_picked":["PathToVictory","EmptyFist"],"picked":"BowlingBash","floor":8},{"not_picked":["Swivel","ThirdEye"],"picked":"EmptyBody","floor":10},{"not_picked":["Evaluate","Sanctity"],"picked":"CutThroughFate","floor":11},{"not_picked":["SashWhip","BowlingBash"],"picked":"MentalFortress","floor":13},{"not_picked":["EmptyFist","FearNoEvil"],"picked":"MentalFortress","floor":14},{"not_picked":["Establishment","Devotion"],"picked":"ConjureBlade","floor":16}],"player_experience":557384,"relics_obtained":[{"floor":6,"key":"Strawberry"},{"floor":8,"key":"Ginger"},{"floor":14,"key":"Odd Mushroom"}],"event_choices":[{"damage_healed":0,"gold_gain":0,"player_choice":"Fought Mushrooms","damage_taken":0,"max_hp_gain":0,"max_hp_loss":0,"event_name":"Mushrooms","floor":14,"gold_loss":0}],"is_beta":false,"boss_relics":[{"not_picked":["Coffee Dripper","SacredBark"],"picked":"Pandora\u0027s Box"}],"items_purged_floors":[2,5],"is_endless":false,"potions_floor_spawned":[1,6,7,8,13,14],"killed_by":"Shell Parasite","ascension_level":0}}