{"host":"iyinq9z1nwwa1sts","time":1610117404,"event":{"mods":["BaseMod","Colored Map","Downfall","Minty Spire (QoL Compilation)","Replay The Spire","StSLib"],"gold_per_floor":[116,170,2,2,2,37,14,14,39,66,82,102,113,128,128,223,223,233,233,23,41,41,68,83,83,83,101,126,201,212,243,243,348,348,364,379,379,399,412,412,36,36,36,36,117,143,243,253,282,300,300,300,300,300,7,35,35],"floor_reached":58,"playtime":20225,"items_purged":[],"score":1237,"play_id":"cb7ebb76-58ca-4040-adf3-3ec4f9f778ed","local_time":"20210108225004","is_ascension_mode":false,"campfire_choices":[{"data":"Metamorphosis","floor":8.0,"key":"SMITH"},{"floor":15.0,"key":"RECALL"},{"floor":25.0,"key":"REST"},{"floor":32.0,"key":"REST"},{"floor":40.0,"key":"REST"},{"floor":42.0,"key":"REST"},{"floor":51.0,"key":"REST"},{"floor":54.0,"key":"REST"}],"circlet_count":0,"master_deck":["Strike_P+1","Strike_P+1","Strike_P+1","Defend_P+1","Defend_P+1","Defend_P+1","Defend_P+1","Eruption","Vigilance","SashWhip","ReplayTheSpireMod:Splinters","ClearTheMind","Metamorphosis+1","Evaluate","BowlingBash","Pray","FlurryOfBlows","Replay:AtTheReady","Scrawl","Vengeance","Devotion","Replay:AtTheReady+1","Shame","Pot Of Greed","Pot Of Greed","Pot Of Greed","SandsOfTime","SandsOfTime","Weave+1","Crescendo","WaveOfTheHand+1","MentalFortress+1","EmptyFist","ForeignInfluence+1","EmptyBody","Establishment","Adaptation+1","DeceiveReality+1","Pot Of Greed","BattleHymn+1","Vengeance+1","FlurryOfBlows","Fasting2","Delirium","FearNoEvil+1","BowlingBash+1","Judgement","MentalFortress+1","Meditate","Replay:LoomingThreat"],"relics":["PureWater","NeowsBlessing","White Beast Statue","Potion Belt","Thread and Needle","Regal Pillow","Darkstone Periapt","Fusion Hammer","Grinning Jar","Toolbox","Ginger","HornCleat","Lizard Tail","Pantograph","Replay:Grab Bag","SlaversCollar","Cursed Key","SacredBark","Calipers","Replay:WaspNest","Bottled Lightning","HandDrill","Happy Flower"],"acts_visited":["Exordium","TheCity","TheBeyond","TheEnding"],"potions_floor_usage":[56,57],"damage_taken":[{"damage":0.0,"enemies":"2 Louse","floor":1.0,"turns":1.0},{"damage":0.0,"enemies":"Gremlin Nob","floor":6.0,"turns":1.0},{"damage":0.0,"enemies":"Replay:BlueRogue","floor":10.0,"turns":2.0},{"damage":0.0,"enemies":"Small Slimes","floor":11.0,"turns":4.0},{"damage":5.0,"enemies":"Jaw Worm","floor":12.0,"turns":4.0},{"damage":1.0,"enemies":"Blue Slaver","floor":13.0,"turns":3.0},{"damage":0.0,"enemies":"Exordium Thugs","floor":14.0,"turns":3.0},{"damage":53.0,"enemies":"Fading Forest","floor":16.0,"turns":11.0},{"damage":10.0,"enemies":"3 Byrds","floor":18.0,"turns":4.0},{"damage":18.0,"enemies":"Spheric Guardian","floor":21.0,"turns":5.0},{"damage":37.0,"enemies":"Book of Stabbing","floor":23.0,"turns":5.0},{"damage":0.0,"enemies":"Centurion and Healer","floor":24.0,"turns":7.0},{"damage":8.0,"enemies":"3 Cultists","floor":27.0,"turns":5.0},{"damage":0.0,"enemies":"Replay:Snechameleon","floor":28.0,"turns":5.0},{"damage":0.0,"enemies":"Shelled Parasite and Fungi","floor":30.0,"turns":5.0},{"damage":14.0,"enemies":"Gremlin Leader","floor":31.0,"turns":5.0},{"damage":15.0,"enemies":"Automaton","floor":33.0,"turns":8.0},{"damage":18.0,"enemies":"Orb Walker","floor":35.0,"turns":5.0},{"damage":30.0,"enemies":"3 Darklings","floor":36.0,"turns":5.0},{"damage":16.0,"enemies":"Sphere and 2 Shapes","floor":38.0,"turns":5.0},{"damage":4.0,"enemies":"Spire Growth","floor":39.0,"turns":6.0},{"damage":12.0,"enemies":"Nemesis","floor":46.0,"turns":3.0},{"damage":12.0,"enemies":"4 Shapes","floor":48.0,"turns":4.0},{"damage":16.0,"enemies":"Reptomancer","floor":49.0,"turns":6.0},{"damage":30.0,"enemies":"3 Darklings","floor":50.0,"turns":4.0},{"damage":40.0,"enemies":"Replay:Hell Engine","floor":52.0,"turns":10.0},{"damage":72,"enemies":"Shield and Spear","floor":56,"turns":7},{"damage":126,"enemies":"The Heart","floor":57,"turns":6}],"seed_played":"-6898474672519745047","potions_obtained":[{"floor":2.0,"key":"EntropicBrew"},{"floor":6.0,"key":"Slimebound:ThreeZeroPotion"},{"floor":10.0,"key":"Energy Potion"},{"floor":11.0,"key":"LiquidMemories"},{"floor":12.0,"key":"DistilledChaos"},{"floor":13.0,"key":"Adrenaline Potion"},{"floor":14.0,"key":"ColorlessPotion"},{"floor":16.0,"key":"Dexterity Potion"},{"floor":18.0,"key":"SpeedPotion"},{"floor":21.0,"key":"GamblersBrew"},{"floor":23.0,"key":"Slimebound:ThreeZeroPotion"},{"floor":24.0,"key":"Ancient Potion"},{"floor":27.0,"key":"Reflective Coating"},{"floor":28.0,"key":"Toxic Potion"},{"floor":30.0,"key":"Swift Potion"},{"floor":31.0,"key":"GamblersBrew"},{"floor":33.0,"key":"FearPotion"},{"floor":35.0,"key":"FearPotion"},{"floor":36.0,"key":"Fire Potion"},{"floor":38.0,"key":"Dexterity Potion"},{"floor":39.0,"key":"Death Potion"},{"floor":46.0,"key":"Slimebound:ThreeZeroPotion"},{"floor":48.0,"key":"Dexterity Potion"},{"floor":49.0,"key":"Flashbang"},{"floor":50.0,"key":"Fire Potion"},{"floor":56,"key":"Dexterity Potion"}],"is_trial":false,"path_per_floor":["M","?","$","?","$","E","$","R","T","E","M","M","M","M","R_BF","B",null,"M","?","$","M","?","E","M","R","T","M","E","?","M","E","R","B",null,"M","M","?","M","M","R","$","R","PTL","PTL","T","E","?","M","E","M","R","B",null,"R","$","E","B",null],"character_chosen":"WATCHER","items_purchased":["Metamorphosis","BowlingBash","Toolbox","SandsOfTime","Calipers","FlurryOfBlows","Fasting2","HandDrill","Meditate","hexamod:EctoCoolerPotion"],"campfire_rested":6,"item_purchase_floors":[3,7,20,20,41,41,41,55,55,55],"current_hp_per_floor":[72,72,72,69,69,69,69,69,69,69,69,64,63,63,63,10,72,62,68,68,50,50,13,13,51,51,43,43,36,36,22,60,63,78,60,30,30,14,10,48,48,78,78,78,84,72,72,60,44,14,54,39,84,84,84,12,2],"gold":35,"neow_bonus":"THREE_ENEMY_KILL","is_daily":false,"chose_seed":false,"campfire_upgraded":1,"win_rate":0.0,"timestamp":1610117404,"path_taken":["M","?","$","?","?","E","?","R","T","E","M","?","M","M","R_BF","BOSS","M","?","$","M","?","E","M","R","T","M","E","?","?","E","R","BOSS","M","M","?","M","M","R","$","R","PTL","PTL","T","E","?","M","E","M","R","BOSS","R","$","E","BOSS"],"items_purchased_type":["Card","Card","Relic","Card","Relic","Card","Card","Relic","Card","Potion"],"build_version":"2020-12-22","purchased_purges":0,"victory":true,"max_hp_per_floor":[72,72,72,72,72,72,72,72,72,72,72,72,72,72,72,72,72,72,78,78,78,78,78,78,78,78,78,78,78,78,78,78,78,78,78,78,78,78,78,78,78,78,78,78,84,84,84,84,84,84,84,84,84,84,84,84,84],"card_choices":[{"not_picked":["EmptyFist","FlyingSleeves"],"picked":"SashWhip","floor":1.0},{"not_picked":["Consecrate","SashWhip"],"picked":"ClearTheMind","floor":2.0},{"not_picked":["BowlingBash","ClearTheMind"],"picked":"Evaluate","floor":6.0},{"not_picked":["JustLucky","Replay:AtTheReady"],"picked":"Pray","floor":10.0},{"not_picked":["Swivel","Crescendo"],"picked":"FlurryOfBlows","floor":11.0},{"not_picked":["CutThroughFate","PathToVictory"],"picked":"Replay:AtTheReady","floor":12.0},{"not_picked":["Consecrate","Study"],"picked":"Scrawl","floor":13.0},{"not_picked":["PathToVictory","Crescendo"],"picked":"Vengeance","floor":14.0},{"not_picked":["Scrawl","Vault"],"picked":"Devotion","floor":16.0},{"not_picked":["Weave","Consecrate"],"picked":"Replay:AtTheReady+1","floor":18.0},{"not_picked":["CrushJoints","PathToVictory"],"picked":"Weave+1","floor":21.0},{"not_picked":["SignatureMove","SandsOfTime"],"picked":"Crescendo","floor":23.0},{"not_picked":["BowlingBash","Pray"],"picked":"WaveOfTheHand+1","floor":24.0},{"not_picked":["Replay:Vibes","WheelKick+1"],"picked":"MentalFortress+1","floor":27.0},{"not_picked":["WreathOfFlame","Halt"],"picked":"EmptyFist","floor":28.0},{"not_picked":["Prostrate","Replay:ManipulateFuture+1"],"picked":"ForeignInfluence+1","floor":30.0},{"not_picked":["Halt","JustLucky"],"picked":"EmptyBody","floor":31.0},{"not_picked":["Alpha","Blasphemy"],"picked":"Establishment","floor":33.0},{"not_picked":["JustLucky","Consecrate"],"picked":"Adaptation+1","floor":35.0},{"not_picked":["ThirdEye","InnerPeace+1"],"picked":"DeceiveReality+1","floor":36.0},{"not_picked":["ClearTheMind+1","Replay:AtTheReady"],"picked":"BattleHymn+1","floor":38.0},{"not_picked":["SashWhip","CrushJoints"],"picked":"Vengeance+1","floor":39.0},{"not_picked":["EmptyBody","WreathOfFlame+1"],"picked":"FearNoEvil+1","floor":46.0},{"not_picked":["MentalFortress","EmptyBody"],"picked":"BowlingBash+1","floor":48.0},{"not_picked":["Indignation","EmptyMind"],"picked":"Judgement","floor":49.0},{"not_picked":["FollowUp","CarveReality+1"],"picked":"MentalFortress+1","floor":50.0},{"not_picked":["Tantrum","Blasphemy"],"picked":"Replay:LoomingThreat","floor":56}],"player_experience":123139,"relics_obtained":[{"floor":2.0,"key":"White Beast Statue"},{"floor":6.0,"key":"Thread and Needle"},{"floor":9.0,"key":"Regal Pillow"},{"floor":10.0,"key":"Darkstone Periapt"},{"floor":23.0,"key":"Ginger"},{"floor":26.0,"key":"HornCleat"},{"floor":28.0,"key":"Lizard Tail"},{"floor":31.0,"key":"Pantograph"},{"floor":46.0,"key":"Replay:WaspNest"},{"floor":49.0,"key":"Bottled Lightning"},{"floor":56,"key":"Happy Flower"}],"event_choices":[{"damage_healed":0.0,"max_hp_gain":0.0,"max_hp_loss":0.0,"gold_gain":0.0,"event_name":"Scrap Ooze","player_choice":"Success","floor":4.0,"gold_loss":0.0,"damage_taken":3.0,"relics_obtained":["Potion Belt"]},{"damage_healed":0.0,"max_hp_gain":0.0,"max_hp_loss":0.0,"gold_gain":0.0,"event_name":"Addict","player_choice":"Stole Relic","floor":19.0,"gold_loss":0.0,"damage_taken":0.0,"relics_obtained":["Grinning Jar"],"cards_obtained":["Shame"]},{"damage_healed":0.0,"max_hp_gain":0.0,"max_hp_loss":0.0,"gold_gain":0.0,"event_name":"Back to Basics","player_choice":"Simplicity","floor":22.0,"gold_loss":0.0,"damage_taken":0.0,"cards_upgraded":["Strike_P","Strike_P","Strike_P","Strike_P","Defend_P","Defend_P","Defend_P","Defend_P"]},{"damage_healed":0.0,"max_hp_gain":0.0,"max_hp_loss":0.0,"gold_gain":75.0,"event_name":"FaceTrader","player_choice":"Touch","floor":29.0,"gold_loss":0.0,"damage_taken":7.0},{"cards_removed":["Strike_P"],"damage_healed":0.0,"max_hp_gain":0.0,"max_hp_loss":0.0,"gold_gain":0.0,"event_name":"Falling","player_choice":"Removed Attack","floor":37.0,"gold_loss":0.0,"damage_taken":0.0},{"damage_healed":0.0,"max_hp_gain":0.0,"max_hp_loss":0.0,"gold_gain":100.0,"event_name":"Golden Shrine","player_choice":"Pray","floor":47.0,"gold_loss":0.0,"damage_taken":0.0}],"is_beta":false,"boss_relics":[{"not_picked":["Sozu","Astrolabe"],"picked":"Fusion Hammer"},{"not_picked":["Replay:Drink Me","Black Star"],"picked":"Replay:Grab Bag"},{"not_picked":["Busted Crown","Coffee Dripper"],"picked":"SlaversCollar"},{"not_picked":["Runic Dome","Velvet Choker"],"picked":"Cursed Key"},{"not_picked":["Runic Pyramid","Ring of Chaos"],"picked":"SacredBark"}],"items_purged_floors":[],"is_endless":false,"potions_floor_spawned":[6,10,11,12,13,14,16,18,21,23,24,27,28,30,31,33,35,36,38,39,46,48,49,50,56],"ascension_level":0}}