{"host":"1slavj7h8637qnul","time":1610100785,"event":{"mods":["AchievementEnabler","BaseMod","Conspire","Hubris","Infinite Spire","Minty Spire (QoL Compilation)","Shop Mod","StSLib","SuperFastMode","The Construct"],"gold_per_floor":[109,128,128,53,73,98,48,48,48,59,59,87,101,113,113,210,210,230,230,263,276,289,289,289],"floor_reached":23,"playtime":631,"items_purged":["Strike_R"],"score":203,"play_id":"84ab49f1-d371-465e-a7e1-288f3d7d6a56","local_time":"20210108111305","is_ascension_mode":false,"campfire_choices":[{"data":"infinitespire:OneForAll","floor":15.0,"key":"SMITH"}],"circlet_count":0,"master_deck":["Strike_R","Strike_R","Strike_R","Strike_R","Defend_R","Defend_R","Defend_R","Bash","Pommel Strike","Combust","Blood for Blood","Hemokinesis","Shrug It Off","infinitespire:OneForAll+1","Dropkick+1"],"relics":["Burning Blood","Meat on the Bone","hubris:MedicalManual","Kunai","Potion Belt","hubris:TerracottaHorce","Peace Pipe"],"acts_visited":["Exordium","TheCity"],"potions_floor_usage":[23],"damage_taken":[{"damage":14.0,"enemies":"Jaw Worm","floor":1.0,"turns":4.0},{"damage":0.0,"enemies":"2 Louse","floor":2.0,"turns":3.0},{"damage":3.0,"enemies":"Cultist","floor":5.0,"turns":3.0},{"damage":35.0,"enemies":"Lagavulin","floor":6.0,"turns":6.0},{"damage":16.0,"enemies":"Blue Slaver","floor":10.0,"turns":4.0},{"damage":20.0,"enemies":"3 Sentries","floor":12.0,"turns":5.0},{"damage":5.0,"enemies":"2 Fungi Beasts","floor":13.0,"turns":2.0},{"damage":14.0,"enemies":"Looter","floor":14.0,"turns":3.0},{"damage":26.0,"enemies":"The Guardian","floor":16.0,"turns":8.0},{"damage":27.0,"enemies":"3 Byrds","floor":18.0,"turns":3.0},{"damage":33.0,"enemies":"conspire:MimicChest","floor":20.0,"turns":6.0},{"damage":13.0,"enemies":"Shell Parasite","floor":21.0,"turns":3.0},{"damage":10.0,"enemies":"3 Cultists","floor":22.0,"turns":5.0},{"damage":38,"enemies":"Book of Stabbing","floor":23,"turns":3}],"seed_played":"-6369186626882687395","potions_obtained":[{"floor":2.0,"key":"AttackPotion"},{"floor":6.0,"key":"Strength Potion"},{"floor":12.0,"key":"HeartOfIron"},{"floor":13.0,"key":"Weak Potion"},{"floor":16.0,"key":"Strength Potion"},{"floor":20.0,"key":"DuplicationPotion"}],"is_trial":false,"path_per_floor":["M","M","?","$","M","E","?","?","T","M","$","E","M","M","R","B",null,"M","?","?","M","M","E"],"character_chosen":"IRONCLAD","items_purchased":[],"campfire_rested":0,"item_purchase_floors":[],"current_hp_per_floor":[72,78,66,66,69,52,52,52,52,54,54,52,53,57,57,49,72,51,36,21,26,34,0,0],"gold":289,"neow_bonus":"","is_daily":false,"chose_seed":false,"campfire_upgraded":1,"win_rate":0.0,"timestamp":1610100785,"path_taken":["M","M","?","$","M","E","?","?","T","M","?","E","?","M","R","BOSS","M","?","?","?","M","E"],"items_purchased_type":[],"build_version":"2020-12-22","purchased_purges":1,"victory":false,"max_hp_per_floor":[80,80,80,80,80,80,80,80,80,80,80,80,80,80,80,80,80,80,85,85,85,85,85,85],"card_choices":[{"not_picked":["Warcry","Twin Strike"],"picked":"Pommel Strike","floor":1.0},{"not_picked":["Clothesline","Body Slam"],"picked":"Combust","floor":2.0},{"not_picked":["Anger","Burning Pact"],"picked":"Blood for Blood","floor":5.0},{"not_picked":["conspire:ExplosiveBarrier","Body Slam","Uppercut"],"picked":"SKIP","floor":6.0},{"not_picked":["Intimidate","hubris:ReadiedAction"],"picked":"Shrug It Off","floor":10.0},{"not_picked":["Intimidate","True Grit"],"picked":"infinitespire:OneForAll","floor":12.0},{"not_picked":["Battle Trance","Rage","Shrug It Off"],"picked":"SKIP","floor":13.0},{"not_picked":["hubris:ReadiedAction","Headbutt","hubris:CleavingFinish"],"picked":"SKIP","floor":14.0},{"not_picked":["Disarm","Twin Strike","Fire Breathing"],"picked":"SKIP","floor":18.0},{"not_picked":["Anger","Dual Wield"],"picked":"Dropkick+1","floor":20.0},{"not_picked":["Sword Boomerang","Searing Blow","Headbutt+1"],"picked":"SKIP","floor":21.0},{"not_picked":["Armaments","Shrug It Off","Perfected Strike"],"picked":"SKIP","floor":22.0}],"player_experience":0,"relics_obtained":[{"floor":6.0,"key":"hubris:MedicalManual"},{"floor":9.0,"key":"Kunai"},{"floor":12.0,"key":"Potion Belt"},{"floor":20.0,"key":"Peace Pipe"}],"event_choices":[{"damage_healed":0.0,"max_hp_gain":0.0,"max_hp_loss":0.0,"gold_gain":0.0,"event_name":"Scrap Ooze","player_choice":"Success","floor":3.0,"gold_loss":0.0,"damage_taken":12.0,"relics_obtained":["Meat on the Bone"]},{"cards_removed":["Defend_R"],"damage_healed":0.0,"max_hp_gain":0.0,"max_hp_loss":0.0,"gold_gain":0.0,"event_name":"The Cleric","player_choice":"Card Removal","floor":7.0,"gold_loss":50.0,"damage_taken":0.0},{"damage_healed":0.0,"max_hp_gain":5.0,"max_hp_loss":0.0,"gold_gain":0.0,"event_name":"Forgotten Altar","player_choice":"Shed Blood","floor":19.0,"gold_loss":0.0,"damage_taken":20.0}],"is_beta":false,"boss_relics":[{"not_picked":["Sozu","Coffee Dripper"],"picked":"hubris:TerracottaHorce"}],"items_purged_floors":[4],"is_endless":false,"potions_floor_spawned":[2,6,12,13,16,20],"killed_by":"Book of Stabbing","ascension_level":0}}