{"host":"ig7tc0uedzltt2sr","time":1610067759,"event":{"mods":["BaseMod","Better Twitch Integration","Block Reminder","Colored Map","Colored Powertips","Communication Mod","Current Relic Mod","GifTheSpireLib","HexUI Lib","Minty Spire (QoL Compilation)","Quick Restart","Random Character Button","Rare Cards Sparkle","Relic Sorter","Relic Stats","Slay the Relics Exporter","StSLib","SuperFastMode","Synergy Search","Twitch Decklist","Twitch Utils","everything is the same but u backflip on backflip","slay the spire mod where everything is the same but ironclad has a cowboy hat"],"gold_per_floor":[111,127,127,137,42,42,42],"floor_reached":6,"playtime":86,"items_purged":[],"score":36,"play_id":"4cac5343-1f05-490e-baa2-40acaf9ac20c","local_time":"20210107170239","is_ascension_mode":false,"campfire_choices":[],"circlet_count":0,"master_deck":["Strike_R","Strike_R","Strike_R","Strike_R","Strike_R","Defend_R","Defend_R","Defend_R","Defend_R","Bash","Ghostly Armor","Dual Wield","Evolve","Thunderclap"],"relics":["Burning Blood"],"acts_visited":["Exordium"],"potions_floor_usage":[],"damage_taken":[{"damage":41,"enemies":"Cultist","floor":1,"turns":9},{"damage":10,"enemies":"Small Slimes","floor":2,"turns":9},{"damage":5,"enemies":"2 Louse","floor":4,"turns":7},{"damage":55,"enemies":"3 Sentries","floor":6,"turns":10}],"seed_played":"6810666019982106992","potions_obtained":[{"floor":2,"key":"Energy Potion"}],"is_trial":false,"path_per_floor":["M","M","?","M","$","E"],"character_chosen":"IRONCLAD","items_purchased":["AttackPotion","Thunderclap"],"campfire_rested":0,"item_purchase_floors":[5,5],"current_hp_per_floor":[53,49,49,50,50,0,0],"gold":42,"neow_bonus":"TEN_PERCENT_HP_BONUS","is_daily":false,"chose_seed":false,"campfire_upgraded":0,"win_rate":0.0,"timestamp":1610067759,"path_taken":["M","?","?","M","$","E"],"items_purchased_type":["Potion","Card"],"build_version":"2020-12-22","purchased_purges":0,"victory":false,"max_hp_per_floor":[88,88,88,88,88,88,88],"relic_stats":{"counters":[4,35],"obtain_stats":[{"Burning Blood":0},{"Burning Blood":0},{"Burning Blood":0}],"Burning Blood":18},"card_choices":[{"not_picked":["Pommel Strike","Clothesline"],"picked":"Ghostly Armor","floor":1},{"not_picked":["Clash","Headbutt"],"picked":"Dual Wield","floor":2},{"not_picked":["Sever Soul","Thunderclap"],"picked":"Evolve","floor":4}],"player_experience":1465451,"relics_obtained":[],"event_choices":[{"damage_healed":0,"gold_gain":0,"player_choice":"Leave","damage_taken":0,"max_hp_gain":0,"max_hp_loss":0,"event_name":"The Cleric","floor":3,"gold_loss":0}],"is_beta":false,"boss_relics":[],"items_purged_floors":[],"is_endless":false,"potions_floor_spawned":[2],"killed_by":"3 Sentries","ascension_level":0}}