{"host":"taazmjmli6ma7loo","time":1610140962,"event":{"mods":["AchievementEnabler","BaseMod","DeckTracker","Marisa£¨Ùöéë¡¡Øª×âÞÞ£©","Minty Spire (QoL Compilation)","StSLib","The Cursed"],"gold_per_floor":[109,123,48,64,88,138,138,165,165,21,33,48,48,48],"floor_reached":13,"playtime":648,"items_purged":["TheCursedMod:Dregs","TheCursedMod:Strike_TheCursed"],"score":95,"play_id":"7629479c-8816-4a06-9a5c-ed5deb2afda3","local_time":"20210109062242","is_ascension_mode":false,"campfire_choices":[{"data":"TheCursedMod:SaltUponWound","floor":7,"key":"SMITH"}],"circlet_count":0,"master_deck":["TheCursedMod:Strike_TheCursed","TheCursedMod:Strike_TheCursed","TheCursedMod:Strike_TheCursed","TheCursedMod:Defend_TheCursed","TheCursedMod:Defend_TheCursed","TheCursedMod:Defend_TheCursed","TheCursedMod:Defend_TheCursed","TheCursedMod:CursedWand","TheCursedMod:CleanUpWorkshop","TheCursedMod:SaltUponWound","TheCursedMod:SaltUponWound+1","TheCursedMod:Hemoplague","TheCursedMod:Torture","TheCursedMod:VitalStrike","TheCursedMod:CircleOfCorruption"],"relics":["TheCursedMod:BlackMagic101","NeowsBlessing","Bronze Scales","Dream Catcher","Smiling Mask","PreservedInsect"],"acts_visited":["Exordium"],"potions_floor_usage":[6,12,12,13],"damage_taken":[{"damage":0,"enemies":"Cultist","floor":1,"turns":1},{"damage":0,"enemies":"2 Louse","floor":2,"turns":1},{"damage":3,"enemies":"Small Slimes","floor":4,"turns":1},{"damage":29,"enemies":"Gremlin Nob","floor":6,"turns":4},{"damage":18,"enemies":"Lagavulin","floor":8,"turns":5},{"damage":16,"enemies":"Red Slaver","floor":11,"turns":2},{"damage":6,"enemies":"Exordium Wildlife","floor":12,"turns":2},{"damage":0,"enemies":"3 Sentries","floor":13,"turns":2}],"seed_played":"-3459361835613445679","potions_obtained":[{"floor":1,"key":"ColorlessPotion"},{"floor":2,"key":"Fire Potion"},{"floor":6,"key":"ColorlessPotion"},{"floor":11,"key":"DistilledChaos"},{"floor":12,"key":"GamblersBrew"}],"is_trial":false,"path_per_floor":["M","M","$","M","T","E","R","E","T","$","M","M","E"],"character_chosen":"THE_CURSED","items_purchased":["TheCursedMod:Torture","TheCursedMod:VitalStrike"],"campfire_rested":0,"item_purchase_floors":[10,10],"current_hp_per_floor":[75,75,75,72,72,43,43,25,25,25,9,3,3,3],"gold":48,"neow_bonus":"THREE_ENEMY_KILL","is_daily":false,"chose_seed":false,"campfire_upgraded":1,"win_rate":0.0,"timestamp":1610140962,"path_taken":["M","M","$","M","?","E","R","E","T","$","M","M","E"],"items_purchased_type":["Card","Card"],"build_version":"2020-12-22","purchased_purges":2,"victory":false,"max_hp_per_floor":[75,75,75,75,75,75,75,75,75,75,75,75,75,75],"card_choices":[{"not_picked":["TheCursedMod:CursedArmor","TheCursedMod:CursedMace"],"picked":"TheCursedMod:SaltUponWound","floor":1},{"not_picked":["TheCursedMod:CursedShiv","TheCursedMod:RapidMovement","TheCursedMod:CursedBlade"],"picked":"SKIP","floor":2},{"not_picked":["TheCursedMod:CursedMace","TheCursedMod:Stretching","TheCursedMod:CircleOfFocus"],"picked":"SKIP","floor":4},{"not_picked":["TheCursedMod:SurpriseAttack","TheCursedMod:DarkBarrier"],"picked":"TheCursedMod:SaltUponWound","floor":6},{"not_picked":["TheCursedMod:CircleOfCorruption","TheCursedMod:ManaBullet"],"picked":"TheCursedMod:Hemoplague","floor":8},{"not_picked":["TheCursedMod:SmokeScreen","TheCursedMod:CursedBlade","TheCursedMod:FleshFromBone"],"picked":"SKIP","floor":11},{"not_picked":["TheCursedMod:ManaBullet","TheCursedMod:CircleOfFlame"],"picked":"TheCursedMod:CircleOfCorruption","floor":12}],"player_experience":434947,"relics_obtained":[{"floor":5,"key":"Bronze Scales"},{"floor":6,"key":"Dream Catcher"},{"floor":8,"key":"Smiling Mask"},{"floor":9,"key":"PreservedInsect"}],"event_choices":[],"is_beta":false,"boss_relics":[],"items_purged_floors":[3,10],"is_endless":false,"potions_floor_spawned":[1,2,6,11,12],"killed_by":"3 Sentries","ascension_level":0}}