{"host":"b7j598ve05halrwk","time":1610129554,"event":{"mods":["2.2 Compatiblity","BaseMod","Block Reminder","DeckTracker","Minty Spire (QoL Compilation)","Relic Stats","Slay the Relics Exporter","StSLib","ojb\u0027s Better Paths Mod","ojb\u0027s Info Mod"],"gold_per_floor":[114,114,124,21,84,110,110,177,226,259,259,277,296,311,311,311,311],"floor_reached":16,"playtime":1011,"items_purged":[],"score":228,"play_id":"ea5088db-e228-44c3-aae8-f29d2465476f","local_time":"20210108131234","is_ascension_mode":true,"campfire_choices":[{"data":"Go for the Eyes","floor":7,"key":"SMITH"},{"floor":11,"key":"REST"},{"data":"Rip and Tear","floor":15,"key":"SMITH"}],"circlet_count":0,"master_deck":["AscendersBane","Strike_B","Strike_B","Strike_B","Strike_B","Defend_B","Defend_B","Defend_B","Defend_B","Zap","Dualcast","Loop","Go for the Eyes+1","Rebound","Static Discharge","Rip and Tear+1","Defragment","Auto Shields","BootSequence","Hologram","Ball Lightning"],"relics":["Cracked Core","NeowsBlessing","SsserpentHead","Bottled Flame","Boot","Nunchaku"],"acts_visited":["Exordium"],"potions_floor_usage":[6,10,12],"damage_taken":[{"damage":0.0,"enemies":"Small Slimes","floor":1.0,"turns":1.0},{"damage":0.0,"enemies":"Cultist","floor":3.0,"turns":1.0},{"damage":0.0,"enemies":"Jaw Worm","floor":5.0,"turns":1.0},{"damage":25,"enemies":"Lagavulin","floor":6,"turns":7},{"damage":10,"enemies":"Blue Slaver","floor":8,"turns":3},{"damage":27,"enemies":"Gremlin Nob","floor":10,"turns":4},{"damage":14,"enemies":"Lots of Slimes","floor":12,"turns":3},{"damage":0,"enemies":"Large Slime","floor":13,"turns":6},{"damage":0,"enemies":"2 Fungi Beasts","floor":14,"turns":3},{"damage":18,"enemies":"Slime Boss","floor":16,"turns":5}],"seed_played":"4503848957726849082","potions_obtained":[{"floor":1.0,"key":"PowerPotion"},{"floor":6,"key":"Weak Potion"},{"floor":10,"key":"PowerPotion"}],"is_trial":false,"path_per_floor":["M","?","M","$","M","E","R","M","T","E","R","M","M","M","R","B"],"character_chosen":"DEFECT","items_purchased":["Rebound","Static Discharge"],"campfire_rested":1,"item_purchase_floors":[4,4],"current_hp_per_floor":[64,64,64,64,64,39,39,29,29,2,23,9,9,9,9,0,0],"gold":311,"neow_bonus":"THREE_ENEMY_KILL","is_daily":false,"chose_seed":false,"campfire_upgraded":2,"win_rate":0.0,"timestamp":1610129554,"path_taken":["M","?","M","$","?","E","R","?","T","E","R","M","M","M","R","BOSS"],"items_purchased_type":["Card","Card"],"build_version":"2020-12-22","purchased_purges":0,"victory":false,"max_hp_per_floor":[71,71,71,71,71,71,71,71,71,71,71,71,71,71,71,71,71],"relic_stats":{"SsserpentHead":100,"Nunchaku":[2],"counters":[10,34],"Boot":[8],"obtain_stats":[{"SsserpentHead":2,"Bottled Flame":6,"Nunchaku":10,"NeowsBlessing":0,"Cracked Core":0,"Boot":9},{"SsserpentHead":1,"Bottled Flame":4,"Nunchaku":6,"NeowsBlessing":0,"Cracked Core":0,"Boot":5},{"SsserpentHead":1,"Bottled Flame":10,"Nunchaku":17,"NeowsBlessing":0,"Cracked Core":0,"Boot":13}]},"card_choices":[{"not_picked":["Aggregate","Heatsinks"],"picked":"Loop","floor":1.0},{"not_picked":["Beam Cell","Stack"],"picked":"Go for the Eyes","floor":3.0},{"not_picked":["Streamline","Tempest"],"picked":"Rip and Tear","floor":5.0},{"not_picked":["Go for the Eyes","Barrage"],"picked":"Defragment","floor":6},{"not_picked":["Beam Cell","Scrape","Blizzard"],"picked":"SKIP","floor":8},{"not_picked":["FTL","Skim"],"picked":"Auto Shields","floor":10},{"not_picked":["Conserve Battery","Coolheaded"],"picked":"BootSequence","floor":12},{"not_picked":["Gash","Steam"],"picked":"Hologram","floor":13},{"not_picked":["FTL","Go for the Eyes"],"picked":"Ball Lightning","floor":14}],"player_experience":869592,"relics_obtained":[{"floor":6,"key":"Bottled Flame"},{"floor":9,"key":"Boot"},{"floor":10,"key":"Nunchaku"}],"event_choices":[{"damage_healed":0.0,"max_hp_gain":0.0,"max_hp_loss":0.0,"gold_gain":0.0,"event_name":"FaceTrader","player_choice":"Trade","floor":2.0,"gold_loss":0.0,"damage_taken":0.0,"relics_obtained":["SsserpentHead"]}],"is_beta":false,"boss_relics":[],"items_purged_floors":[],"is_endless":false,"potions_floor_spawned":[1,6,10],"killed_by":"Slime Boss","ascension_level":20}}