{"host":"6qo42zgaknezulyg","time":1610087123,"event":{"mods":["2.2 Compatiblity","BaseMod","Colored Map","Downfall","Keyboard Shortcuts","Minty Spire (QoL Compilation)","Permanent Neow","Quick Restart","StSLib","SuperFastMode"],"gold_per_floor":[99,112,129,129,147,162,188,221,240,240,240,253,253,38,50,127,127,127,127,138,138,152,168,194,194,219,43,43,43,63,315,327,403,403,303,316,365,223,241,59,59,59,59,69,79,93,93,93,107,107],"floor_reached":51,"playtime":2129,"items_purged":["bronze:Strike","Writhe","bronze:DelayedSlice","bronze:AlphaBuild"],"score":1292,"play_id":"a1784775-4a63-426a-b77b-2e6f44da4f21","local_time":"20210108152523","is_ascension_mode":true,"campfire_choices":[{"data":"bronze:Replicate","floor":1.0,"key":"SMITH"},{"floor":13.0,"key":"REST"},{"floor":18.0,"key":"RECALL"},{"floor":25.0,"key":"REST"},{"floor":28.0,"key":"REST"},{"floor":35.0,"key":"REST"},{"floor":43.0,"key":"REST"},{"floor":47.0,"key":"REST"}],"circlet_count":0,"master_deck":["AscendersBane","bronze:Defend","bronze:Defend","bronze:Defend","bronze:Defend","bronze:Replicate+1","bronze:Goto","bronze:FollowUp","bronze:Iterate","bronze:SpaghettiCode","bronze:Return+1","bronze:Fortify","bronze:SpaghettiCode","bronze:Branch","bronze:ChildClass","bronze:Separator+1","bronze:ChildClass","expansioncontent:CaCaw"],"relics":["expansioncontent:StudyCardRelic","Pen Nib","Akabeko","Membership Card","Fusion Hammer","Bag of Preparation","Blood Vial","Toy Ornithopter","Sundial","Busted Crown","downfall:HeartBlessingRed","Calipers","HandDrill","Happy Flower","sneckomod:BlankCard","Molten Egg 2"],"acts_visited":["Exordium","TheCity","TheBeyond"],"potions_floor_usage":[50,50],"damage_taken":[{"damage":4.0,"enemies":"Small Slimes","floor":2.0,"turns":4.0},{"damage":0.0,"enemies":"Cultist","floor":3.0,"turns":3.0},{"damage":0.0,"enemies":"2 Louse","floor":5.0,"turns":2.0},{"damage":14.0,"enemies":"Exordium Wildlife","floor":6.0,"turns":5.0},{"damage":10.0,"enemies":"Lagavulin","floor":8.0,"turns":5.0},{"damage":11.0,"enemies":"3 Louse","floor":9.0,"turns":3.0},{"damage":8.0,"enemies":"Blue Slaver","floor":12.0,"turns":4.0},{"damage":0.0,"enemies":"downfall:FleeingMerchant","floor":14.0,"turns":4.0},{"damage":0.0,"enemies":"3 Louse","floor":15.0,"turns":3.0},{"damage":8.0,"enemies":"downfall:Ironclad","floor":16.0,"turns":8.0},{"damage":0.0,"enemies":"Chosen","floor":20.0,"turns":3.0},{"damage":25.0,"enemies":"Snake Plant","floor":22.0,"turns":3.0},{"damage":0.0,"enemies":"3 Cultists","floor":23.0,"turns":4.0},{"damage":22.0,"enemies":"Slavers","floor":26.0,"turns":4.0},{"damage":0.0,"enemies":"downfall:FleeingMerchant","floor":27.0,"turns":4.0},{"damage":0.0,"enemies":"Sentry and Sphere","floor":30.0,"turns":3.0},{"damage":0.0,"enemies":"downfall:FleeingMerchant","floor":31.0,"turns":2.0},{"damage":0.0,"enemies":"Centurion and Healer","floor":32.0,"turns":4.0},{"damage":42.0,"enemies":"downfall:Watcher","floor":33.0,"turns":7.0},{"damage":0.0,"enemies":"3 Darklings","floor":36.0,"turns":3.0},{"damage":15.0,"enemies":"2 Orb Walkers","floor":37.0,"turns":3.0},{"damage":0.0,"enemies":"Orb Walker","floor":39.0,"turns":3.0},{"damage":6.0,"enemies":"Maw","floor":44.0,"turns":5.0},{"damage":0.0,"enemies":"3 Darklings","floor":45.0,"turns":2.0},{"damage":0.0,"enemies":"Jaw Worm Horde","floor":46.0,"turns":3.0},{"damage":13,"enemies":"Writhing Mass","floor":49,"turns":5},{"damage":19,"enemies":"downfall:Defect","floor":50,"turns":9}],"seed_played":"-2178289747495110890","potions_obtained":[{"floor":5.0,"key":"FearPotion"},{"floor":6.0,"key":"Block Potion"},{"floor":12.0,"key":"ColorlessPotion"},{"floor":20.0,"key":"GamblersBrew"},{"floor":26.0,"key":"Dexterity Potion"},{"floor":33.0,"key":"SteroidPotion"},{"floor":37.0,"key":"AttackPotion"}],"is_trial":false,"path_per_floor":["R","M","M","?","M","M","T","E","M","?","?","M","R","$","M","B",null,"R","?","M","?","M","M","T","R","E","$","R","?","M","$","M","B",null,"R","M","?","$","M","$","T","?","R","M","M","M","R","T","M","B",null],"character_chosen":"THE_AUTOMATON","items_purchased":["Membership Card","Sundial","bronze:ChildClass","Strength Potion","HandDrill","bronze:ChildClass","Happy Flower"],"campfire_rested":6,"item_purchase_floors":[14,27,27,31,38,40,40],"current_hp_per_floor":[57,53,53,53,53,39,39,29,18,18,18,10,28,28,28,20,52,52,52,52,52,27,27,27,45,25,27,45,45,47,49,51,16,51,63,63,48,48,50,50,50,45,63,57,59,61,63,63,50,43],"gold":107,"neow_bonus":"BOSS_RELIC","is_daily":false,"chose_seed":false,"campfire_upgraded":1,"win_rate":0.0,"timestamp":1610087123,"path_taken":["R","M","M","?","M","M","T","E","?","?","?","M","R","?","M","BOSS","R","?","M","?","M","M","T","R","E","$","R","?","M","$","M","BOSS","R","M","?","$","M","$","T","?","R","M","M","M","R","?","M","BOSS"],"items_purchased_type":["Relic","Relic","Card","Potion","Relic","Card","Relic"],"build_version":"2020-12-22","purchased_purges":4,"victory":true,"max_hp_per_floor":[63,63,63,63,63,63,63,63,63,63,63,63,63,63,63,63,63,63,63,63,63,63,63,63,63,63,63,63,63,63,63,63,63,63,63,63,63,63,63,63,63,63,63,63,63,63,63,63,63,63],"card_choices":[{"not_picked":["bronze:Shield","bronze:ClassDefault","bronze:CutThrough"],"picked":"SKIP","floor":2.0},{"not_picked":["bronze:ForLoop","bronze:NullPointer","bronze:CutThrough"],"picked":"SKIP","floor":3.0},{"not_picked":["bronze:FineTuning","bronze:Invalidate"],"picked":"bronze:DelayedSlice","floor":5.0},{"not_picked":["bronze:BugBarrage","bronze:CutThrough","bronze:WhirlingStrike"],"picked":"SKIP","floor":6.0},{"not_picked":["bronze:BugBarrage","bronze:FineTuning","bronze:Safeguard"],"picked":"SKIP","floor":8.0},{"not_picked":["bronze:WhirlingStrike","bronze:Terminator","bronze:CutThrough"],"picked":"SKIP","floor":9.0},{"not_picked":["bronze:AlphaBuild","bronze:Flail","bronze:ChosenStrike"],"picked":"SKIP","floor":12.0},{"not_picked":["bronze:BugBarrage","bronze:Deprecate"],"picked":"bronze:FollowUp","floor":14.0},{"not_picked":["bronze:Constructor","bronze:DelayedSlice"],"picked":"bronze:Iterate","floor":15.0},{"not_picked":["bronze:InfiniteLoop","bronze:AlphaBuild"],"picked":"bronze:SpaghettiCode","floor":16.0},{"not_picked":["bronze:BugBarrage","bronze:Constructor","bronze:ItsAFeature"],"picked":"SKIP","floor":20.0},{"not_picked":["bronze:SearingBeam","bronze:BronzeArmor+1"],"picked":"bronze:Return+1","floor":22.0},{"not_picked":["bronze:ClassDefault","bronze:SearingBeam"],"picked":"bronze:Fortify","floor":23.0},{"not_picked":["bronze:GetLatest","bronze:Iterate+1"],"picked":"bronze:SpaghettiCode","floor":26.0},{"not_picked":["bronze:Deprecate","bronze:Verify"],"picked":"bronze:Branch","floor":27.0},{"not_picked":["bronze:Refactor+1","bronze:CutThrough","bronze:DelayedSlice"],"picked":"SKIP","floor":30.0},{"not_picked":["bronze:Assembly","bronze:DelayedGuard","bronze:OilSpill"],"picked":"SKIP","floor":31.0},{"not_picked":["bronze:Shield","bronze:FineTuning"],"picked":"bronze:Separator+1","floor":32.0},{"not_picked":["bronze:FineTuning+1"],"picked":"SKIP","floor":36.0},{"not_picked":["bronze:BronzeArmor"],"picked":"SKIP","floor":39.0},{"not_picked":[],"picked":"expansioncontent:CaCaw","floor":42.0},{"not_picked":["bronze:DarkDash+1"],"picked":"SKIP","floor":44.0},{"not_picked":["bronze:InfiniteBeams"],"picked":"SKIP","floor":45.0},{"not_picked":["bronze:ForceShield"],"picked":"SKIP","floor":46.0},{"not_picked":["bronze:Repulsor"],"picked":"SKIP","floor":49},{"not_picked":["bronze:Repulsor"],"picked":"SKIP","floor":49}],"player_experience":1152310,"relics_obtained":[{"floor":7.0,"key":"Pen Nib"},{"floor":8.0,"key":"Akabeko"},{"floor":24.0,"key":"Blood Vial"},{"floor":26.0,"key":"Toy Ornithopter"},{"floor":37.0,"key":"Calipers"},{"floor":41.0,"key":"sneckomod:BlankCard"},{"floor":48.0,"key":"Molten Egg 2"}],"event_choices":[{"cards_removed":["bronze:Strike"],"damage_healed":0.0,"max_hp_gain":0.0,"max_hp_loss":0.0,"gold_gain":0.0,"event_name":"Bonfire Elementals","player_choice":"Offered Basic","floor":4.0,"gold_loss":0.0,"damage_taken":0.0},{"cards_removed":["bronze:Strike"],"damage_healed":0.0,"max_hp_gain":0.0,"max_hp_loss":0.0,"gold_gain":0.0,"event_name":"The Cleric","player_choice":"Card Removal","floor":10.0,"gold_loss":0.0,"damage_taken":0.0},{"damage_healed":0.0,"max_hp_gain":0.0,"max_hp_loss":0.0,"gold_gain":0.0,"event_name":"Mysterious Sphere","player_choice":"Fight","floor":37.0,"gold_loss":0.0,"damage_taken":0.0}],"is_beta":false,"boss_relics":[{"not_picked":["SlaversCollar","Coffee Dripper"],"picked":"Fusion Hammer"},{"not_picked":["Empty Cage","SacredBark"],"picked":"Busted Crown"}],"items_purged_floors":[14,31,38,40],"is_endless":false,"potions_floor_spawned":[5,6,12,15,20,26,30,33,37,39,44,46],"ascension_level":20}}