{"host":"m1dcqu7ormc1ttl9","time":1610101774,"event":{"mods":["Act Like it!","BaseMod","Gensokyo","Lobotomy","LobotomyExtend","Minty Spire (QoL Compilation)","Remilia£®¿Ÿ√◊¿Ú—«£©","StSLib","Yakumo Yukari mod"],"gold_per_floor":[135,135,135,135,135,135,162,162,162,187,199,213,53,88,88,88,88],"floor_reached":16,"playtime":1076,"items_purged":[],"score":120,"play_id":"42e9a8e0-7d0f-4268-8941-9549092fb52d","local_time":"20210108182934","is_ascension_mode":false,"campfire_choices":[{"data":"Observe_purple_2","floor":6.0,"key":"SMITH"},{"floor":8.0,"key":"REST"},{"floor":15,"key":"REST"}],"circlet_count":0,"master_deck":["AT_purpleEX","AT_purpleEX","AT_purpleEX","AT_purpleEX","Defend_purpleEX","Defend_purpleEX","Defend_purpleEX","Defend_purpleEX","Observe_purple_2+1","OSAHOGD","WingOfChimera_purple","SharpContractionReality_purple","WatchEChange_purple","QueenOfHatred","OpenedBox_purple","DimensionStaggered_purple","Photoelasticity_Doppler_Effect_purple"],"relics":["Boundary_crack","Memoryfragments_purpleEX","CogitoBucket","LetterFromLob","Happy Flower","Gensokyo:CelestialsFlawlessClothing","Pear","Tiny Chest","Gensokyo:Bombinomicon","Anchor"],"acts_visited":["Gensokyo:Gensokyo"],"potions_floor_usage":[10,10,14],"damage_taken":[{"damage":0.0,"enemies":"Gensokyo:Python","floor":1.0,"turns":4.0},{"damage":7.0,"enemies":"Gensokyo:Gryphon","floor":4.0,"turns":6.0},{"damage":5.0,"enemies":"Gensokyo:2_Kodama","floor":5.0,"turns":5.0},{"damage":17.0,"enemies":"Gensokyo:Mamizou","floor":7.0,"turns":10.0},{"damage":32,"enemies":"Gensokyo:Aya","floor":10,"turns":7},{"damage":15,"enemies":"Gensokyo:LivingMonolith","floor":11,"turns":9},{"damage":9,"enemies":"Gensokyo:Python_and_Kodama","floor":12,"turns":5},{"damage":37,"enemies":"Gensokyo:Cirno","floor":14,"turns":6},{"damage":158,"enemies":"Gensokyo:Reimu","floor":16,"turns":11}],"seed_played":"-2370482158424264259","potions_obtained":[{"floor":4.0,"key":"ColorlessPotion"},{"floor":7.0,"key":"Block Potion"},{"floor":10,"key":"Weak Potion"},{"floor":12,"key":"FearPotion"}],"is_trial":false,"path_per_floor":["M","?","?","M","M","R","E","R","T","E","M","M","?","E","R","B"],"character_chosen":"Youkari","items_purchased":[],"campfire_rested":2,"item_purchase_floors":[],"current_hp_per_floor":[70,70,53,49,46,46,39,63,63,33,30,28,28,4,28,0,0],"gold":88,"neow_bonus":"","is_daily":false,"chose_seed":false,"campfire_upgraded":1,"win_rate":0.0,"timestamp":1610101774,"path_taken":["M","?","?","M","M","R","E","R","T","E","M","M","?","E","R","BOSS"],"items_purchased_type":[],"build_version":"2020-12-22","purchased_purges":0,"victory":false,"max_hp_per_floor":[70,70,70,70,70,70,80,80,80,80,80,80,80,80,80,80,80],"card_choices":[{"not_picked":["PunishingBird","Bloodbath","WallGazer"],"picked":"Singing Bowl","floor":1.0},{"not_picked":["Wellcheers","Murderer"],"picked":"OSAHOGD","floor":1.0},{"not_picked":["StateErode_purple","Realm_recovery_purpleEX"],"picked":"WingOfChimera_purple","floor":1.0},{"not_picked":["GreedKing","SpiderBud","CherryBlossoms"],"picked":"Singing Bowl","floor":4.0},{"not_picked":["PositiveMatter_Antimatter_Universe_purple","ButterflyHabitatTemple_purple"],"picked":"SharpContractionReality_purple","floor":4.0},{"not_picked":["SpiderBud","Rudolta","CrumblingArmor"],"picked":"Singing Bowl","floor":5.0},{"not_picked":["Shallow_ocean_purpleEX","MeetDecomposer_purple"],"picked":"WatchEChange_purple","floor":5.0},{"not_picked":["FairyFestival","Bloodbath","MHz"],"picked":"Singing Bowl","floor":7.0},{"not_picked":["MeetDecomposer_purple","Anti_communist_purple","OmniscientAndOmnipotent_Monster_purple"],"picked":"SKIP","floor":7.0},{"not_picked":["BeautyBeast","PunishingBird"],"picked":"QueenOfHatred","floor":10},{"not_picked":["StateDuplicate_purple","WangLiang_OokamiKakushi_purple"],"picked":"OpenedBox_purple","floor":10},{"not_picked":["OpenedBox_purple","Bait_HighSpeedFlying_purple"],"picked":"DimensionStaggered_purple","floor":11},{"not_picked":["AdvanceAttack_purple","PositiveMatter_Antimatter_Universe_purple"],"picked":"Photoelasticity_Doppler_Effect_purple","floor":12},{"not_picked":["RealityDreamConfluencek_purple","Worldmountain_purple","StateErode_purple"],"picked":"SKIP","floor":14}],"player_experience":98786,"relics_obtained":[{"floor":1.0,"key":"LetterFromLob"},{"floor":7.0,"key":"Pear"},{"floor":10,"key":"Tiny Chest"},{"floor":14,"key":"Anchor"}],"event_choices":[],"is_beta":false,"boss_relics":[],"items_purged_floors":[],"is_endless":false,"potions_floor_spawned":[4,7,10,12],"killed_by":"Gensokyo:Reimu","ascension_level":0}}