{"host":"o0q01dgb4z8zpo6o","time":1610145670,"event":{"mods":["BaseMod","GifTheSpireLib","Minty Spire (QoL Compilation)","Relic Stats","StSLib"],"gold_per_floor":[115,23,43,62,82,82,107,127,127,127,145,145,162,195,195,195,195],"floor_reached":16,"playtime":574,"items_purged":[],"score":222,"play_id":"648c3ee1-ad23-4ad7-ade3-a077853c407d","local_time":"20210108144110","is_ascension_mode":true,"campfire_choices":[{"data":"White Noise","floor":6,"key":"SMITH"},{"data":"Hologram","floor":10,"key":"SMITH"},{"data":"Capacitor","floor":12,"key":"SMITH"},{"data":"Electrodynamics","floor":15,"key":"SMITH"}],"circlet_count":0,"master_deck":["AscendersBane","Strike_B","Strike_B","Strike_B","Strike_B","Defend_B","Defend_B","Defend_B","Defend_B","Zap","Dualcast","BootSequence","Capacitor+1","Ball Lightning","White Noise+1","Hologram+1","Electrodynamics+1","Echo Form","Conserve Battery","Biased Cognition","Force Field"],"relics":["Cracked Core","NeowsBlessing","HornCleat","Regal Pillow","Bronze Scales"],"acts_visited":["Exordium"],"potions_floor_usage":[8,14,16],"damage_taken":[{"damage":0,"enemies":"Cultist","floor":1,"turns":1},{"damage":0,"enemies":"2 Louse","floor":3,"turns":1},{"damage":0,"enemies":"Small Slimes","floor":4,"turns":1},{"damage":4,"enemies":"Red Slaver","floor":5,"turns":3},{"damage":10,"enemies":"3 Sentries","floor":7,"turns":3},{"damage":21,"enemies":"Exordium Wildlife","floor":8,"turns":5},{"damage":0,"enemies":"3 Louse","floor":11,"turns":3},{"damage":0,"enemies":"Looter","floor":13,"turns":4},{"damage":23,"enemies":"Gremlin Nob","floor":14,"turns":4},{"damage":14,"enemies":"The Guardian","floor":16,"turns":8}],"seed_played":"6661883333292378000","potions_obtained":[{"floor":1,"key":"FearPotion"},{"floor":3,"key":"Swift Potion"},{"floor":7,"key":"Fruit Juice"},{"floor":13,"key":"ColorlessPotion"}],"is_trial":false,"path_per_floor":["M","$","M","M","M","R","E","M","T","R","M","R","M","E","R","B"],"character_chosen":"DEFECT","items_purchased":["Capacitor","Ball Lightning"],"campfire_rested":0,"item_purchase_floors":[2,2],"current_hp_per_floor":[64,64,64,64,60,60,50,34,34,34,34,34,34,11,11,0,0],"gold":195,"neow_bonus":"THREE_ENEMY_KILL","is_daily":false,"chose_seed":false,"campfire_upgraded":4,"win_rate":0.0,"timestamp":1610145670,"path_taken":["M","$","M","?","M","R","E","M","T","R","M","R","M","E","R","BOSS"],"items_purchased_type":["Card","Card"],"build_version":"2020-12-22","purchased_purges":0,"victory":false,"max_hp_per_floor":[71,71,71,71,71,71,71,76,76,76,76,76,76,76,76,76,76],"relic_stats":{"Regal Pillow":0,"counters":[10,33],"Bronze Scales":[27],"obtain_stats":[{"Regal Pillow":9,"HornCleat":7,"NeowsBlessing":0,"Bronze Scales":14,"Cracked Core":0},{"Regal Pillow":6,"HornCleat":5,"NeowsBlessing":0,"Bronze Scales":9,"Cracked Core":0},{"Regal Pillow":14,"HornCleat":9,"NeowsBlessing":0,"Bronze Scales":25,"Cracked Core":0}]},"card_choices":[{"not_picked":["Redo","Force Field"],"picked":"BootSequence","floor":1},{"not_picked":["Rebound","Redo"],"picked":"White Noise","floor":3},{"not_picked":["Redo","Fusion"],"picked":"Hologram","floor":4},{"not_picked":["Stack","Cold Snap"],"picked":"Electrodynamics","floor":5},{"not_picked":["Barrage","Genetic Algorithm"],"picked":"Echo Form","floor":7},{"not_picked":["Double Energy","Turbo"],"picked":"Conserve Battery","floor":8},{"not_picked":["Skim","Rebound","Stack"],"picked":"SKIP","floor":11},{"not_picked":["Blizzard","Steam"],"picked":"Biased Cognition","floor":13},{"not_picked":["Blizzard","Sunder"],"picked":"Force Field","floor":14}],"player_experience":1074903,"relics_obtained":[{"floor":7,"key":"HornCleat"},{"floor":9,"key":"Regal Pillow"},{"floor":14,"key":"Bronze Scales"}],"event_choices":[],"is_beta":false,"boss_relics":[],"items_purged_floors":[],"is_endless":false,"potions_floor_spawned":[1,3,5,7,13],"killed_by":"The Guardian","ascension_level":19}}