{"host":"l84l8xigz5v5foa2","time":1610113952,"event":{"mods":["2.2 Compatiblity","AchievementEnabler","BaseMod","Better Note","Better Vampires","Card Filter","Colored Map","DeckTracker","Downfall","Gremlin Skip","Highlight Path","Keyboard Shortcuts","Minty Spire (QoL Compilation)","Permanent Neow","Quick Restart","Relic Filter","Relic Stats","StSLib","SuperFastMode","Transform Curses","Unknown Chances"],"gold_per_floor":[99,109,120,130,130,130,130,148,161,161,161,261,261,261,279,353,353,353,364,375,394,344,357,357,136,136,136,152,171,171,56,70,143,143,143,162,147,157,17,37,86,60,93,111,136,136,151,176,187,187,187,187],"floor_reached":50,"playtime":4759,"items_purged":["Guardian:Strike_Guardian","Guardian:Defend_Guardian","Guardian:Strike_Guardian","Guardian:Defend_Guardian"],"score":1481,"play_id":"a479fbb5-8491-4f7c-94c3-c550fe01b0f8","local_time":"20210108225232","is_ascension_mode":true,"campfire_choices":[{"data":"Guardian:TwinSlam","floor":1.0,"key":"SMITH"},{"data":"Guardian:CurlUp","floor":6.0,"key":"SMITH"},{"data":"Guardian:Suspension","floor":10.0,"key":"SMITH"},{"data":"Guardian:SentryBeam","floor":13.0,"key":"SMITH"},{"data":"Guardian:SphericShield","floor":18.0,"key":"SMITH"},{"floor":27.0,"key":"REST"},{"data":"Guardian:TemporalShield","floor":30.0,"key":"SMITH"},{"data":"Guardian:Preprogram","floor":35.0,"key":"SMITH"},{"data":"Guardian:StasisEngine","floor":46.0,"key":"SMITH"}],"circlet_count":0,"master_deck":["AscendersBane","Guardian:Strike_Guardian","Guardian:Defend_Guardian+1","Guardian:Defend_Guardian+1","Guardian:CurlUp+1","Guardian:TwinSlam+1","Guardian:Suspension+1","Guardian:SentryBeam+1","Guardian:Recover","Guardian:SphericShield+1","Guardian:Reroute+1","Guardian:ShieldCharger+1","Guardian:PiercingHide+1","Guardian:PrimingBeam","Guardian:PrismaticBeam","Guardian:TemporalShield+1","Guardian:TimeCapacitor","Guardian:Preprogram+1","Guardian:PrimingBeam","Guardian:TemporalShield+1","Guardian:StasisEngine+1","Finesse","Guardian:Incinerate","Guardian:CrystalBeam+1","Guardian:Gem_Cyan","Guardian:MultiBeam","Guardian:PolyBeam+1"],"relics":["Guardian:ModeShifter","Ice Cream","Thread and Needle","War Paint","SlaversCollar","Gremlin Horn","Philosopher\u0027s Stone","Guardian:PocketSentry","Incense Burner","Sundial"],"acts_visited":["Exordium","TheCity","TheBeyond"],"potions_floor_usage":[49],"damage_taken":[{"damage":0.0,"enemies":"Cultist","floor":2.0,"turns":4.0},{"damage":3.0,"enemies":"Jaw Worm","floor":3.0,"turns":4.0},{"damage":0.0,"enemies":"2 Louse","floor":4.0,"turns":3.0},{"damage":2.0,"enemies":"2 Fungi Beasts","floor":8.0,"turns":4.0},{"damage":3.0,"enemies":"Lots of Slimes","floor":9.0,"turns":4.0},{"damage":0.0,"enemies":"Exordium Thugs","floor":15.0,"turns":5.0},{"damage":0.0,"enemies":"downfall:Ironclad","floor":16.0,"turns":16.0},{"damage":0.0,"enemies":"Chosen","floor":19.0,"turns":8.0},{"damage":0.0,"enemies":"3 Byrds","floor":20.0,"turns":5.0},{"damage":14.0,"enemies":"Snake Plant","floor":21.0,"turns":5.0},{"damage":65.0,"enemies":"Cultist and Chosen","floor":23.0,"turns":11.0},{"damage":0.0,"enemies":"downfall:FleeingMerchant","floor":25.0,"turns":4.0},{"damage":0.0,"enemies":"Centurion and Healer","floor":28.0,"turns":7.0},{"damage":0.0,"enemies":"Snecko","floor":29.0,"turns":6.0},{"damage":0.0,"enemies":"downfall:FleeingMerchant","floor":31.0,"turns":4.0},{"damage":3.0,"enemies":"Snake Plant","floor":32.0,"turns":5.0},{"damage":0.0,"enemies":"downfall:Watcher","floor":33.0,"turns":11.0},{"damage":0.0,"enemies":"3 Shapes","floor":36.0,"turns":7.0},{"damage":0.0,"enemies":"downfall:FleeingMerchant","floor":37.0,"turns":4.0},{"damage":0.0,"enemies":"3 Darklings","floor":38.0,"turns":4.0},{"damage":0.0,"enemies":"downfall:FleeingMerchant","floor":39.0,"turns":4.0},{"damage":0.0,"enemies":"Transient","floor":40.0,"turns":6.0},{"damage":0.0,"enemies":"downfall:FleeingMerchant","floor":42.0,"turns":1.0},{"damage":0.0,"enemies":"Reptomancer","floor":43.0,"turns":5.0},{"damage":0.0,"enemies":"Writhing Mass","floor":44.0,"turns":5.0},{"damage":0.0,"enemies":"Nemesis","floor":45.0,"turns":7.0},{"damage":0.0,"enemies":"Jaw Worm Horde","floor":47.0,"turns":4.0},{"damage":0.0,"enemies":"Reptomancer","floor":48.0,"turns":4.0},{"damage":1,"enemies":"Transient","floor":49,"turns":6},{"damage":33,"enemies":"downfall:Silent","floor":50,"turns":3}],"seed_played":"4256879139554417717","potions_obtained":[{"floor":2.0,"key":"Block Potion"},{"floor":8.0,"key":"Ancient Potion"},{"floor":23.0,"key":"SpeedPotion"},{"floor":26.0,"key":"Ancient Potion"},{"floor":26.0,"key":"DistilledChaos"},{"floor":28.0,"key":"LiquidMemories"},{"floor":32.0,"key":"LiquidMemories"},{"floor":33.0,"key":"Guardian:AcceleratePotion"},{"floor":43.0,"key":"LiquidMemories"},{"floor":44.0,"key":"Guardian:BlockOnCardUsePotion"},{"floor":48.0,"key":"Explosive Potion"}],"is_trial":false,"path_per_floor":["R","M","M","M","?","R","T","M","M","R","?","?","R","?","M","B",null,"R","M","M","M","?","M","T","$","?","R","M","M","R","$","M","B",null,"R","M","$","M","$","M","T","$","E","M","E","R","M","E","M","B"],"character_chosen":"GUARDIAN","items_purchased":["Guardian:PrismaticBeam","Guardian:Gem_Green","Guardian:Gem_Cyan","Guardian:Gem_Green","Finesse","Guardian:Incinerate"],"campfire_rested":1,"item_purchase_floors":[25,25,42,42,42,42],"current_hp_per_floor":[47,47,44,44,44,44,44,42,39,39,39,39,39,28,28,28,61,61,61,61,47,72,7,7,7,7,28,28,28,28,28,25,25,60,60,60,60,60,60,60,60,60,60,60,60,60,60,60,59,26,26,26],"gold":187,"neow_bonus":"ONE_RARE_RELIC","is_daily":false,"chose_seed":false,"campfire_upgraded":8,"win_rate":0.0,"timestamp":1610113952,"path_taken":["R","M","M","?","?","R","T","M","?","R","?","?","R","?","M","BOSS","R","M","M","M","?","M","T","$","?","R","M","?","R","$","M","BOSS","R","M","?","?","$","M","T","$","E","M","E","R","M","E","M","BOSS"],"items_purchased_type":["Card","Card","Card","Card","Card","Card"],"build_version":"2020-12-22","purchased_purges":4,"victory":false,"max_hp_per_floor":[72,72,72,72,72,72,72,72,72,72,72,72,72,72,72,72,72,72,72,72,72,72,72,72,72,72,72,72,72,72,72,72,72,72,72,72,72,72,72,72,72,72,72,72,72,72,72,72,72,72,72,72],"relic_stats":{"Gremlin Horn":[19,19],"counters":[30,166],"Sundial":[2],"War Paint":["Guardian:Defend_Guardian","Guardian:Defend_Guardian"],"obtain_stats":[{"Ice Cream":0,"SlaversCollar":17,"Gremlin Horn":24,"Sundial":48,"Guardian:ModeShifter":0,"Thread and Needle":7,"Philosopher\u0027s Stone":34,"Guardian:PocketSentry":43,"Incense Burner":45,"War Paint":14},{"Ice Cream":0,"SlaversCollar":7,"Gremlin Horn":11,"Sundial":28,"Guardian:ModeShifter":0,"Thread and Needle":3,"Philosopher\u0027s Stone":17,"Guardian:PocketSentry":24,"Incense Burner":26,"War Paint":5},{"Ice Cream":0,"SlaversCollar":40,"Gremlin Horn":69,"Sundial":157,"Guardian:ModeShifter":0,"Thread and Needle":11,"Philosopher\u0027s Stone":106,"Guardian:PocketSentry":137,"Incense Burner":149,"War Paint":19}]},"card_choices":[{"not_picked":["Guardian:PiercingHide","Guardian:BronzeOrb"],"picked":"Guardian:Suspension","floor":2.0},{"not_picked":["Guardian:CrystalBeam","Guardian:RefractedBeam","Guardian:Reroute"],"picked":"SKIP","floor":3.0},{"not_picked":["Guardian:ChargeCore","Guardian:Reroute"],"picked":"Guardian:SentryBeam","floor":4.0},{"not_picked":["Guardian:TemporalStrike","Guardian:PrimingBeam"],"picked":"Guardian:Recover","floor":8.0},{"not_picked":["Guardian:ShieldSpikes","Guardian:Recover"],"picked":"Guardian:Gem_White","floor":9.0},{"not_picked":["Guardian:Gem_Red","Guardian:HyperBeam_Guardian"],"picked":"Guardian:Gem_Blue","floor":15.0},{"not_picked":["Guardian:GatlingBeam","Guardian:ConstructionForm"],"picked":"Guardian:SphericShield","floor":16.0},{"not_picked":["Guardian:ShieldCharger","Guardian:VentSteam"],"picked":"Guardian:Reroute+1","floor":19.0},{"not_picked":["Guardian:BronzeOrb","Guardian:EvasiveProtocol"],"picked":"Guardian:ShieldCharger+1","floor":20.0},{"not_picked":["Guardian:PiercingHide","Guardian:RollAttack"],"picked":"Guardian:Gem_Cyan","floor":21.0},{"not_picked":["Guardian:Orbwalk","Guardian:Gem_Cyan"],"picked":"Guardian:PiercingHide+1","floor":23.0},{"not_picked":["Guardian:CrystalBeam","Guardian:TemporalStrike"],"picked":"Guardian:PrimingBeam","floor":25.0},{"not_picked":["Guardian:Gem_Red","Guardian:TemporalStrike"],"picked":"Guardian:TemporalShield","floor":28.0},{"not_picked":["Guardian:PrismaticBeam","Guardian:TimeBomb"],"picked":"Guardian:TimeCapacitor","floor":29.0},{"not_picked":["Guardian:Gem_Green","Guardian:PrismaticBeam","Guardian:TemporalStrike"],"picked":"SKIP","floor":31.0},{"not_picked":["Guardian:Suspension","Guardian:PiercingHide"],"picked":"Guardian:Preprogram","floor":32.0},{"not_picked":["Guardian:GatlingBeam","Guardian:StasisEngine"],"picked":"Guardian:Gem_Orange","floor":33.0},{"not_picked":["Guardian:RefractedBeam","Guardian:Gem_Red","Guardian:TimeCapacitor"],"picked":"SKIP","floor":36.0},{"not_picked":["Guardian:RevengeProtocol","Guardian:Gem_Blue"],"picked":"Guardian:PrimingBeam","floor":37.0},{"not_picked":["Guardian:Planning","Guardian:Recover","Guardian:GuardianWhirl"],"picked":"SKIP","floor":38.0},{"not_picked":["Guardian:CrystalBeam","Guardian:Gem_Red"],"picked":"Guardian:TemporalShield+1","floor":39.0},{"not_picked":["Guardian:Reroute","Guardian:TemporalShield","Guardian:Planning"],"picked":"SKIP","floor":40.0},{"not_picked":["Guardian:Orbwalk","Guardian:ChargeUp"],"picked":"Guardian:StasisEngine","floor":42.0},{"not_picked":["Guardian:TimeSifter","Guardian:Gem_Green"],"picked":"Guardian:Gem_Fragmented","floor":43.0},{"not_picked":["Guardian:Incinerate","Guardian:Gem_Red"],"picked":"Guardian:CrystalBeam+1","floor":44.0},{"not_picked":["Guardian:Suspension","Guardian:Planning"],"picked":"Guardian:Gem_Cyan","floor":45.0},{"not_picked":["Guardian:Gem_Blue","Guardian:Harden"],"picked":"Guardian:MultiBeam","floor":47.0},{"not_picked":["Guardian:Incinerate","Guardian:RevengeProtocol"],"picked":"Guardian:PolyBeam+1","floor":48.0},{"not_picked":["Guardian:Gem_Cyan","Guardian:Gem_Green","Guardian:Orbwalk"],"picked":"SKIP","floor":49}],"player_experience":2990362,"relics_obtained":[{"floor":7.0,"key":"Thread and Needle"},{"floor":24.0,"key":"Gremlin Horn"},{"floor":43.0,"key":"Guardian:PocketSentry"},{"floor":45.0,"key":"Incense Burner"},{"floor":48.0,"key":"Sundial"}],"event_choices":[{"damage_healed":0.0,"max_hp_gain":0.0,"max_hp_loss":0.0,"gold_gain":0.0,"event_name":"Scrap Ooze","player_choice":"Success","floor":14.0,"gold_loss":0.0,"damage_taken":11.0,"relics_obtained":["War Paint"]},{"damage_healed":0.0,"max_hp_gain":0.0,"max_hp_loss":0.0,"gold_gain":0.0,"event_name":"Lab","player_choice":"Got Potions","floor":26.0,"gold_loss":0.0,"damage_taken":0.0}],"is_beta":false,"boss_relics":[{"not_picked":["Busted Crown","Calling Bell"],"picked":"SlaversCollar"},{"not_picked":["Cursed Key","Empty Cage"],"picked":"Philosopher\u0027s Stone"}],"items_purged_floors":[25,31,39,42],"is_endless":false,"potions_floor_spawned":[2,8,15,23,28,32,33,36,43,44,48],"killed_by":"downfall:Silent","ascension_level":20}}