{"host":"ow66nzv2xecjoor3","time":1610085614,"event":{"mods":["BaseMod","Bestiary","Block Reminder","Colored Powertips","Curses Come First","Highlight Path","Keyboard Shortcuts","Minty Spire (QoL Compilation)","Permanent Neow","Relic Stats","StSLib","UnlockEverythingMod"],"gold_per_floor":[110,123,134,149,159,159,184,184,484,484,495,513,513,533,533,533,533],"floor_reached":16,"playtime":569,"items_purged":[],"score":232,"play_id":"45cee65a-5c87-41ce-9abf-252404d366ed","local_time":"20210108000014","is_ascension_mode":true,"campfire_choices":[{"data":"Crippling Poison","floor":6,"key":"SMITH"},{"floor":8,"key":"REST"},{"floor":15,"key":"REST"}],"circlet_count":0,"master_deck":["AscendersBane","Strike_G","Strike_G","Strike_G","Strike_G","Strike_G","Defend_G","Defend_G","Defend_G","Defend_G","Defend_G","Survivor","Neutralize+1","Crippling Poison+1","Bane","Predator","Blade Dance","Adrenaline","Footwork"],"relics":["Ring of the Snake","Boot","Old Coin","Turnip"],"acts_visited":["Exordium"],"potions_floor_usage":[7,10],"damage_taken":[{"damage":0,"enemies":"Jaw Worm","floor":1,"turns":6},{"damage":3,"enemies":"Cultist","floor":2,"turns":4},{"damage":5,"enemies":"Small Slimes","floor":3,"turns":5},{"damage":6,"enemies":"Looter","floor":4,"turns":4},{"damage":11,"enemies":"3 Louse","floor":5,"turns":4},{"damage":23,"enemies":"Lagavulin","floor":7,"turns":7},{"damage":5,"enemies":"3 Sentries","floor":10,"turns":2},{"damage":6,"enemies":"2 Fungi Beasts","floor":11,"turns":4},{"damage":4,"enemies":"Looter","floor":12,"turns":4},{"damage":12,"enemies":"Gremlin Gang","floor":14,"turns":3},{"damage":24,"enemies":"The Guardian","floor":16,"turns":5}],"seed_played":"7823712573744652106","potions_obtained":[{"floor":3,"key":"Ancient Potion"},{"floor":4,"key":"CunningPotion"},{"floor":7,"key":"SmokeBomb"},{"floor":11,"key":"Weak Potion"}],"is_trial":false,"path_per_floor":["M","M","M","M","M","R","E","R","T","E","M","M","?","M","R","B"],"character_chosen":"THE_SILENT","items_purchased":[],"campfire_rested":2,"item_purchase_floors":[],"current_hp_per_floor":[59,56,51,45,34,34,11,30,30,25,19,15,15,3,22,0,0],"gold":533,"neow_bonus":"UPGRADE_CARD","is_daily":false,"chose_seed":false,"campfire_upgraded":1,"win_rate":0.0,"timestamp":1610085614,"path_taken":["M","M","M","M","M","R","E","R","T","E","M","M","?","?","R","BOSS"],"items_purchased_type":[],"build_version":"2020-12-22","purchased_purges":0,"victory":false,"max_hp_per_floor":[66,66,66,66,66,66,66,66,66,66,66,66,66,66,66,66,66],"relic_stats":{"counters":[11,48],"Turnip":[0],"Boot":[10],"obtain_stats":[{"Turnip":13,"Boot":7,"Ring of the Snake":0,"Old Coin":9},{"Turnip":9,"Boot":6,"Ring of the Snake":0,"Old Coin":6},{"Turnip":40,"Boot":30,"Ring of the Snake":0,"Old Coin":30}],"Ring of the Snake":[22]},"card_choices":[{"not_picked":["Backflip","Underhanded Strike"],"picked":"Crippling Poison","floor":1},{"not_picked":["PiercingWail","Underhanded Strike"],"picked":"Bane","floor":2},{"not_picked":["Blade Dance","Crippling Poison"],"picked":"Predator","floor":3},{"not_picked":["Flying Knee","Outmaneuver","Underhanded Strike"],"picked":"SKIP","floor":4},{"not_picked":["Sucker Punch","Dodge and Roll","PiercingWail"],"picked":"SKIP","floor":5},{"not_picked":["Acrobatics","Endless Agony"],"picked":"Blade Dance","floor":7},{"not_picked":["Sucker Punch","Finisher","Dagger Throw"],"picked":"SKIP","floor":11},{"not_picked":["Dagger Spray","Masterful Stab"],"picked":"Adrenaline","floor":12},{"not_picked":["Slice","Sucker Punch"],"picked":"Footwork","floor":14}],"player_experience":2685722,"relics_obtained":[{"floor":7,"key":"Boot"},{"floor":9,"key":"Old Coin"},{"floor":13,"key":"Turnip"}],"event_choices":[{"damage_healed":0,"gold_gain":0,"player_choice":"Relic","damage_taken":0,"max_hp_gain":0,"max_hp_loss":0,"event_name":"Wheel of Change","floor":13,"gold_loss":0}],"is_beta":false,"boss_relics":[],"items_purged_floors":[],"is_endless":false,"potions_floor_spawned":[3,4,7,11,12],"killed_by":"The Guardian","ascension_level":20}}