{"host":"cbu6enf2xtq4r7r3","time":1610142801,"event":{"mods":["2.2 Compatiblity","AlwaysNeverKeys","BaseMod","Better Match","Better Note","Better Sensory Stone","Better Skull","Better Third Choice","Colored Map","Colored Powertips","Defuse TimeMaze Blight","Emptier Cage","Minty Spire (QoL Compilation)","Permanent Neow","Quick Restart","Random Character Button","Relic Sorter","Reorder Act Four","Shop Mod","StSLib"],"gold_per_floor":[211,211,29,40,60,86,86,98,98,98,126,126,139,171,183,300,312,338,369,381,410,439,451,491,503,515,527,556,601,613,675,687,795,807,832,290,313,331,347,347,359,359,386,403,403,7,20,52,52,52,52,1,1,27,27,27],"floor_reached":55,"playtime":1965,"items_purged":["Strike_B","Strike_B"],"score":819,"play_id":"caa68ee0-005a-4706-9e0a-5b6b80e73a77","local_time":"20210108225321","is_ascension_mode":true,"campfire_choices":[{"data":"Defragment","floor":7,"key":"SMITH"},{"data":"Zap","floor":10,"key":"SMITH"},{"data":"Redo","floor":12,"key":"SMITH"},{"data":"Doom and Gloom","floor":15,"key":"SMITH"},{"data":"Capacitor","floor":23,"key":"SMITH"},{"data":"Dualcast","floor":25,"key":"SMITH"},{"data":"Conserve Battery","floor":27,"key":"SMITH"},{"data":"Conserve Battery","floor":32,"key":"SMITH"},{"data":"Redo","floor":40,"key":"SMITH"},{"data":"Capacitor","floor":42,"key":"SMITH"},{"data":"Coolheaded","floor":45,"key":"SMITH"},{"data":"Panacea","floor":49,"key":"SMITH"},{"data":"Redo","floor":53,"key":"SMITH"}],"circlet_count":0,"master_deck":["Strike_B","Strike_B","Defend_B","Defend_B","Defend_B","Defend_B","Zap+1","Dualcast+1","Doom and Gloom+1","Defragment+1","Ball Lightning","Redo+1","Cold Snap","Conserve Battery+1","Core Surge","Conserve Battery+1","Core Surge","Capacitor+1","Leap","Redo+1","Coolheaded+1","Self Repair+1","Redo+1","Capacitor+1","Coolheaded+1","Redo+1","Conserve Battery+1","Panacea+1","Loop+1","Redo+1"],"relics":["Cracked Core","Omamori","Meat on the Bone","Ornamental Fan","Busted Crown","Ancient Tea Set","Eternal Feather","Orichalcum","Oddly Smooth Stone","Symbiotic Virus","Emotion Chip","Incense Burner","MerchantsRug","DataDisk","Blood Vial","Toy Ornithopter","MealTicket","Boot"],"acts_visited":["Exordium","TheCity","TheBeyond","TheEnding"],"potions_floor_usage":[8,11,16,18,22,28,29,35,41,44,54,55],"damage_taken":[{"damage":0,"enemies":"Cultist","floor":1,"turns":4},{"damage":3,"enemies":"Small Slimes","floor":4,"turns":3},{"damage":7,"enemies":"2 Louse","floor":5,"turns":2},{"damage":21,"enemies":"Lagavulin","floor":6,"turns":5},{"damage":6,"enemies":"Lots of Slimes","floor":8,"turns":2},{"damage":18,"enemies":"3 Sentries","floor":11,"turns":3},{"damage":2,"enemies":"2 Fungi Beasts","floor":13,"turns":3},{"damage":9,"enemies":"Gremlin Nob","floor":14,"turns":4},{"damage":14,"enemies":"Hexaghost","floor":16,"turns":6},{"damage":4,"enemies":"3 Byrds","floor":18,"turns":2},{"damage":11,"enemies":"Spheric Guardian","floor":19,"turns":4},{"damage":3,"enemies":"Centurion and Healer","floor":21,"turns":7},{"damage":7,"enemies":"Cultist and Chosen","floor":22,"turns":6},{"damage":38,"enemies":"Slavers","floor":24,"turns":5},{"damage":7,"enemies":"Shelled Parasite and Fungi","floor":28,"turns":6},{"damage":10,"enemies":"Book of Stabbing","floor":29,"turns":5},{"damage":41,"enemies":"Collector","floor":33,"turns":13},{"damage":0,"enemies":"3 Shapes","floor":35,"turns":8},{"damage":11,"enemies":"Orb Walker","floor":38,"turns":2},{"damage":0,"enemies":"Maw","floor":39,"turns":9},{"damage":32,"enemies":"3 Darklings","floor":41,"turns":5},{"damage":0,"enemies":"4 Shapes","floor":44,"turns":7},{"damage":29,"enemies":"Spire Growth","floor":47,"turns":5},{"damage":4,"enemies":"Reptomancer","floor":48,"turns":7},{"damage":20,"enemies":"Donu and Deca","floor":50,"turns":10},{"damage":63,"enemies":"Shield and Spear","floor":54,"turns":8},{"damage":92,"enemies":"The Heart","floor":55,"turns":5}],"seed_played":"-2313392581632977842","potions_obtained":[{"floor":5,"key":"SteroidPotion"},{"floor":8,"key":"SteroidPotion"},{"floor":14,"key":"AttackPotion"},{"floor":16,"key":"LiquidBronze"},{"floor":19,"key":"SneckoOil"},{"floor":24,"key":"Fire Potion"},{"floor":28,"key":"Dexterity Potion"},{"floor":33,"key":"ColorlessPotion"},{"floor":38,"key":"DistilledChaos"},{"floor":39,"key":"FairyPotion"},{"floor":41,"key":"Swift Potion"},{"floor":48,"key":"Swift Potion"}],"is_trial":false,"path_per_floor":["M","?","$","M","M","E","R","M","T","R","E","R","M","E","R","B",null,"M","M","?","M","M","R","E","R","T","R","M","E","?","?","R","B",null,"M","$","T","M","M","R","M","R","T","M","R","$","M","E","R","B",null,"$","R","E","B"],"character_chosen":"DEFECT","items_purchased":["Omamori","Defragment","Capacitor","Incense Burner","MerchantsRug","Coolheaded","Redo","Panacea","Toy Ornithopter","BlessingOfTheForge","Redo"],"campfire_rested":0,"item_purchase_floors":[3,3,36,36,36,36,36,46,46,46,52],"current_hp_per_floor":[75,75,75,72,65,44,44,38,38,38,32,32,42,45,45,43,75,71,60,60,57,50,50,24,24,24,36,41,43,43,43,55,36,75,75,75,75,64,74,75,53,68,68,75,75,75,56,64,75,65,75,75,75,39,0,0],"gold":27,"neow_bonus":"HUNDRED_GOLD","is_daily":false,"chose_seed":false,"campfire_upgraded":13,"win_rate":0.0,"timestamp":1610142801,"path_taken":["M","?","$","M","M","E","R","M","T","R","E","R","?","E","R","BOSS","M","M","?","?","M","R","E","R","T","R","M","E","?","?","R","BOSS","M","$","?","M","M","R","M","R","T","M","R","$","?","E","R","BOSS","$","R","E","BOSS"],"items_purchased_type":["Relic","Card","Card","Relic","Relic","Card","Card","Card","Relic","Potion","Card"],"build_version":"2020-12-22","purchased_purges":2,"victory":false,"max_hp_per_floor":[75,75,75,75,75,75,75,75,75,75,75,75,75,75,75,75,75,75,75,75,75,75,75,75,75,75,75,75,75,75,75,75,75,75,75,75,75,75,75,75,75,75,75,75,75,75,75,75,75,75,75,75,75,75,75,75],"card_choices":[{"not_picked":["Turbo","Reprogram"],"picked":"Go for the Eyes","floor":1},{"not_picked":["Recycle","Hologram","Reprogram"],"picked":"SKIP","floor":4},{"not_picked":["Heatsinks","Redo"],"picked":"Ball Lightning","floor":5},{"not_picked":["Heatsinks","Beam Cell"],"picked":"Redo","floor":6},{"not_picked":["Coolheaded","Capacitor"],"picked":"Cold Snap","floor":8},{"not_picked":["Coolheaded","Aggregate"],"picked":"Conserve Battery","floor":11},{"not_picked":["Scrape","Genetic Algorithm"],"picked":"Core Surge","floor":13},{"not_picked":["Redo","Stack"],"picked":"Conserve Battery","floor":14},{"not_picked":["Fission","All For One"],"picked":"Core Surge","floor":16},{"not_picked":[],"picked":"Capacitor","floor":18},{"not_picked":[],"picked":"Leap","floor":19},{"not_picked":["Rip and Tear"],"picked":"SKIP","floor":21},{"not_picked":["Lockon+1"],"picked":"SKIP","floor":22},{"not_picked":["Auto Shields"],"picked":"SKIP","floor":24},{"not_picked":[],"picked":"Coolheaded+1","floor":28},{"not_picked":["Stack+1"],"picked":"SKIP","floor":29},{"not_picked":[],"picked":"Redo+1","floor":35},{"not_picked":[],"picked":"Conserve Battery+1","floor":38},{"not_picked":["Ball Lightning+1"],"picked":"SKIP","floor":39},{"not_picked":["Consume"],"picked":"SKIP","floor":41},{"not_picked":["Reprogram+1"],"picked":"SKIP","floor":44},{"not_picked":[],"picked":"Loop+1","floor":47},{"not_picked":["Gash"],"picked":"SKIP","floor":48},{"not_picked":["Barrage+1"],"picked":"SKIP","floor":54}],"player_experience":64906,"relics_obtained":[{"floor":6,"key":"Dream Catcher"},{"floor":9,"key":"Meat on the Bone"},{"floor":11,"key":"Ornamental Fan"},{"floor":14,"key":"MawBank"},{"floor":24,"key":"Ancient Tea Set"},{"floor":26,"key":"Eternal Feather"},{"floor":29,"key":"Orichalcum"},{"floor":34,"key":"Oddly Smooth Stone"},{"floor":34,"key":"Symbiotic Virus"},{"floor":34,"key":"Emotion Chip"},{"floor":37,"key":"DataDisk"},{"floor":43,"key":"Blood Vial"},{"floor":48,"key":"MealTicket"},{"floor":54,"key":"Boot"}],"event_choices":[{"damage_healed":0,"gold_gain":0,"cards_transformed":["Go for the Eyes"],"player_choice":"Transformed","damage_taken":0,"max_hp_gain":0,"max_hp_loss":0,"event_name":"Transmorgrifier","floor":2,"gold_loss":0,"cards_obtained":["Doom and Gloom"]},{"damage_healed":0,"gold_gain":0,"player_choice":"Copied","damage_taken":0,"max_hp_gain":0,"max_hp_loss":0,"event_name":"Duplicator","floor":20,"gold_loss":0,"cards_obtained":["Redo"]},{"cards_removed":["Core Surge"],"damage_healed":0,"gold_gain":0,"player_choice":"Take \u0026 Give","damage_taken":0,"max_hp_gain":0,"max_hp_loss":0,"event_name":"betterNote:BetterNote","floor":30,"gold_loss":0,"cards_obtained":["Self Repair"]},{"damage_healed":0,"gold_gain":100,"player_choice":"Bet on Murderer","damage_taken":0,"max_hp_gain":0,"max_hp_loss":0,"event_name":"The Joust","floor":31,"gold_loss":50}],"is_beta":false,"boss_relics":[{"not_picked":["Nuclear Battery","FrozenCore"],"picked":"Busted Crown"},{"not_picked":["Runic Pyramid","Velvet Choker"],"picked":"Calling Bell"}],"items_purged_floors":[36,46],"is_endless":false,"potions_floor_spawned":[5,8,14,16,19,24,28,33,38,39,41,48],"killed_by":"The Heart","ascension_level":1}}