{"host":"8by3m8mve9y2rhh4","time":1610069383,"event":{"mods":["BaseMod","Minty Spire (QoL Compilation)","Quick Restart"],"gold_per_floor":[113,38,51,21,38,65,81,106,106,121,121,121,151,165,165,267,267,280,83,83,83,33,64,75,107,107,139,139,174,49,59,59,160,160,173,186,36,49,0,26,26,44,68,85,85,102,102,133,133,133,133,133,46,81,81,81],"floor_reached":55,"playtime":2259,"items_purged":["Strike_R","Strike_R","Strike_R","Strike_R"],"score":893,"play_id":"b73a55be-9f62-4ad1-94cd-6db5f86a9c54","local_time":"20210108012943","is_ascension_mode":true,"campfire_choices":[{"data":"Rampage","floor":12,"key":"SMITH"},{"data":"Fire Breathing","floor":15,"key":"SMITH"},{"floor":32,"key":"REST"},{"floor":41,"key":"RECALL"},{"floor":47,"key":"REST"},{"floor":49,"key":"REST"},{"floor":52,"key":"REST"}],"circlet_count":0,"master_deck":["Strike_R","Defend_R","Defend_R","Defend_R","Defend_R","Bash","Rampage+1","Battle Trance","Cleave+1","Headbutt+1","Headbutt+1","Shrug It Off","Fire Breathing+1","Reaper+1","Cleave+1","Trip","Necronomicurse","Spot Weakness","Inflame+1","Shrug It Off+1","Shrug It Off+1","Inflame","Iron Wave+1","Barricade","True Grit+1","Parasite","Entrench+1","Rampage+1"],"relics":["Burning Blood","White Beast Statue","Molten Egg 2","Prayer Wheel","Calipers","Fusion Hammer","Necronomicon","Pen Nib","Mercury Hourglass","Juzu Bracelet","Blue Candle","Busted Crown","Red Mask","TungstenRod","Strawberry","Boot","Bag of Marbles"],"acts_visited":["Exordium","TheCity","TheBeyond","TheEnding"],"potions_floor_usage":[6,6,6,6,6,8,10,13,18,23,23,27,29,29,36,40,48,50,50,55,55],"damage_taken":[{"damage":2,"enemies":"2 Louse","floor":1,"turns":2},{"damage":1,"enemies":"Cultist","floor":3,"turns":3},{"damage":2,"enemies":"Small Slimes","floor":5,"turns":4},{"damage":13,"enemies":"Lagavulin","floor":6,"turns":6},{"damage":11,"enemies":"3 Louse","floor":7,"turns":4},{"damage":6,"enemies":"3 Sentries","floor":8,"turns":11},{"damage":0,"enemies":"Exordium Wildlife","floor":10,"turns":4},{"damage":6,"enemies":"Gremlin Nob","floor":13,"turns":4},{"damage":0,"enemies":"2 Fungi Beasts","floor":14,"turns":2},{"damage":0,"enemies":"Slime Boss","floor":16,"turns":7},{"damage":10,"enemies":"2 Thieves","floor":18,"turns":4},{"damage":28,"enemies":"Slavers","floor":23,"turns":3},{"damage":5,"enemies":"Spheric Guardian","floor":24,"turns":3},{"damage":0,"enemies":"Gremlin Leader","floor":25,"turns":4},{"damage":31,"enemies":"Slavers","floor":27,"turns":3},{"damage":11,"enemies":"Gremlin Leader","floor":29,"turns":5},{"damage":32,"enemies":"Snake Plant","floor":31,"turns":3},{"damage":47,"enemies":"Champ","floor":33,"turns":8},{"damage":10,"enemies":"Orb Walker","floor":35,"turns":2},{"damage":11,"enemies":"3 Darklings","floor":36,"turns":3},{"damage":22,"enemies":"Transient","floor":38,"turns":5},{"damage":41,"enemies":"Reptomancer","floor":40,"turns":5},{"damage":42,"enemies":"Writhing Mass","floor":42,"turns":6},{"damage":0,"enemies":"4 Shapes","floor":44,"turns":3},{"damage":22,"enemies":"Jaw Worm Horde","floor":46,"turns":3},{"damage":18,"enemies":"Nemesis","floor":48,"turns":6},{"damage":75,"enemies":"Awakened One","floor":50,"turns":11},{"damage":114,"enemies":"Shield and Spear","floor":54,"turns":7},{"damage":60,"enemies":"The Heart","floor":55,"turns":3}],"seed_played":"1948719470927213798","potions_obtained":[{"floor":3,"key":"Explosive Potion"},{"floor":4,"key":"Weak Potion"},{"floor":4,"key":"EntropicBrew"},{"floor":6,"key":"Energy Potion"},{"floor":7,"key":"Ancient Potion"},{"floor":8,"key":"SkillPotion"},{"floor":10,"key":"Regen Potion"},{"floor":13,"key":"BloodPotion"},{"floor":18,"key":"Explosive Potion"},{"floor":23,"key":"BlessingOfTheForge"},{"floor":24,"key":"ColorlessPotion"},{"floor":27,"key":"Weak Potion"},{"floor":29,"key":"FairyPotion"},{"floor":31,"key":"FearPotion"},{"floor":33,"key":"DuplicationPotion"},{"floor":36,"key":"Regen Potion"},{"floor":38,"key":"DuplicationPotion"},{"floor":40,"key":"Dexterity Potion"},{"floor":48,"key":"SkillPotion"},{"floor":54,"key":"DistilledChaos"}],"is_trial":false,"path_per_floor":["M","$","M","?","M","E","M","E","T","M","?","R","E","M","R","B",null,"M","$","?","?","?","E","M","E","T","E","?","E","$","M","R","B",null,"M","M","$","M","?","E","R","M","T","M","?","M","R","E","R","B",null,"R","$","E","B"],"character_chosen":"IRONCLAD","items_purchased":["Trip","Rampage+1","Dexterity Potion"],"campfire_rested":4,"item_purchase_floors":[19,53,53],"current_hp_per_floor":[88,88,88,88,88,81,76,76,76,82,82,82,82,88,88,88,88,84,84,68,68,68,77,78,84,84,59,64,83,83,57,83,59,88,84,88,88,88,88,53,53,40,47,95,90,74,90,78,90,24,90,90,90,33,0,0],"gold":81,"neow_bonus":"TEN_PERCENT_HP_BONUS","is_daily":false,"chose_seed":false,"campfire_upgraded":2,"win_rate":0.0,"timestamp":1610069383,"path_taken":["M","$","M","?","M","E","M","E","T","?","?","R","E","M","R","BOSS","M","$","?","?","?","E","M","E","T","E","?","E","$","M","R","BOSS","M","M","$","M","?","E","R","M","T","M","?","M","R","E","R","BOSS","R","$","E","BOSS"],"items_purchased_type":["Card","Card","Potion"],"build_version":"2020-12-22","purchased_purges":4,"victory":false,"max_hp_per_floor":[88,88,88,88,88,88,88,88,88,88,88,88,88,88,88,88,88,88,88,88,88,88,88,88,88,88,88,88,88,88,88,88,88,88,88,88,88,88,88,88,88,88,95,95,90,90,90,90,90,90,90,90,90,90,90,90],"card_choices":[{"not_picked":["Body Slam","Burning Pact","Flex"],"picked":"SKIP","floor":1},{"not_picked":["Wild Strike","Twin Strike"],"picked":"Rampage","floor":3},{"not_picked":["Armaments","Warcry"],"picked":"Shrug It Off","floor":5},{"not_picked":["Pommel Strike","Burning Pact","Warcry"],"picked":"SKIP","floor":6},{"not_picked":["Fire Breathing","Clothesline"],"picked":"Battle Trance","floor":7},{"not_picked":["Immolate+1","Seeing Red"],"picked":"Cleave+1","floor":8},{"not_picked":["Havoc","Blood for Blood+1"],"picked":"Headbutt+1","floor":10},{"not_picked":["Flame Barrier","Perfected Strike+1"],"picked":"Headbutt+1","floor":10},{"not_picked":["Twin Strike+1","Sword Boomerang+1"],"picked":"Shrug It Off","floor":13},{"not_picked":["Clash+1","Intimidate"],"picked":"Fire Breathing","floor":14},{"not_picked":["Shockwave","Pommel Strike+1"],"picked":"Reaper+1","floor":14},{"not_picked":["Twin Strike+1","Warcry"],"picked":"Cleave+1","floor":18},{"not_picked":["Sword Boomerang+1","Twin Strike+1","Intimidate"],"picked":"SKIP","floor":18},{"not_picked":["Feed+1","Burning Pact+1"],"picked":"Spot Weakness","floor":23},{"not_picked":["Warcry","Flame Barrier"],"picked":"Inflame+1","floor":24},{"not_picked":["Warcry","Spot Weakness","Heavy Blade+1"],"picked":"SKIP","floor":24},{"not_picked":["Cleave+1","Pommel Strike+1"],"picked":"Shrug It Off+1","floor":25},{"not_picked":["Dual Wield","Headbutt+1","Thunderclap+1"],"picked":"SKIP","floor":27},{"not_picked":["Pummel+1","Blood for Blood+1"],"picked":"Shrug It Off+1","floor":29},{"not_picked":["Intimidate","Uppercut+1"],"picked":"Inflame","floor":31},{"not_picked":["Havoc+1","Battle Trance"],"picked":"Iron Wave+1","floor":31},{"not_picked":["Juggernaut","Demon Form"],"picked":"Barricade","floor":33},{"not_picked":["Shrug It Off+1"],"picked":"SKIP","floor":35},{"not_picked":["Hemokinesis+1"],"picked":"SKIP","floor":35},{"not_picked":["Headbutt+1"],"picked":"SKIP","floor":36},{"not_picked":["Clash+1"],"picked":"SKIP","floor":36},{"not_picked":["True Grit+1"],"picked":"SKIP","floor":38},{"not_picked":["Ghostly Armor"],"picked":"SKIP","floor":38},{"not_picked":[],"picked":"True Grit+1","floor":38},{"not_picked":["Ghostly Armor"],"picked":"SKIP","floor":38},{"not_picked":["Warcry"],"picked":"SKIP","floor":40},{"not_picked":["Shockwave+1"],"picked":"SKIP","floor":42},{"not_picked":["Blood for Blood+1"],"picked":"SKIP","floor":42},{"not_picked":["True Grit+1"],"picked":"SKIP","floor":44},{"not_picked":["Twin Strike+1"],"picked":"SKIP","floor":44},{"not_picked":[],"picked":"Entrench+1","floor":46},{"not_picked":["Flame Barrier"],"picked":"SKIP","floor":46},{"not_picked":["Perfected Strike+1"],"picked":"SKIP","floor":48},{"not_picked":["Barricade"],"picked":"SKIP","floor":54}],"player_experience":668223,"relics_obtained":[{"floor":6,"key":"White Beast Statue"},{"floor":8,"key":"Molten Egg 2"},{"floor":9,"key":"Prayer Wheel"},{"floor":13,"key":"Calipers"},{"floor":20,"key":"Necronomicon"},{"floor":23,"key":"Pen Nib"},{"floor":25,"key":"Mercury Hourglass"},{"floor":27,"key":"Juzu Bracelet"},{"floor":29,"key":"Blue Candle"},{"floor":40,"key":"TungstenRod"},{"floor":43,"key":"Strawberry"},{"floor":48,"key":"Boot"},{"floor":54,"key":"Bag of Marbles"}],"event_choices":[{"damage_healed":0,"gold_gain":0,"player_choice":"Bought 2 Potions","damage_taken":0,"max_hp_gain":0,"max_hp_loss":0,"event_name":"The Woman in Blue","floor":4,"gold_loss":0},{"damage_healed":0,"gold_gain":0,"player_choice":"Ignored","damage_taken":0,"max_hp_gain":0,"max_hp_loss":0,"event_name":"Liars Game","floor":11,"gold_loss":0},{"damage_healed":0,"gold_gain":0,"player_choice":"Obtained Book","damage_taken":16,"max_hp_gain":0,"max_hp_loss":0,"event_name":"Cursed Tome","floor":20,"gold_loss":0},{"damage_healed":0,"gold_gain":0,"player_choice":"Ignored","damage_taken":0,"max_hp_gain":0,"max_hp_loss":0,"event_name":"Ghosts","floor":21,"gold_loss":0},{"damage_healed":0,"gold_gain":0,"player_choice":"Bet on Murderer","damage_taken":0,"max_hp_gain":0,"max_hp_loss":0,"event_name":"The Joust","floor":22,"gold_loss":50},{"cards_removed":["Shrug It Off"],"damage_healed":5,"gold_gain":0,"player_choice":"Offered Common","damage_taken":0,"max_hp_gain":0,"max_hp_loss":0,"event_name":"Bonfire Elementals","floor":28,"gold_loss":0},{"cards_removed":["Shrug It Off"],"damage_healed":5,"gold_gain":0,"player_choice":"Offered Special","damage_taken":0,"max_hp_gain":0,"max_hp_loss":0,"event_name":"Bonfire Elementals","floor":28,"gold_loss":0},{"damage_healed":0,"gold_gain":0,"player_choice":"Paid","damage_taken":0,"relics_obtained":["Red Mask"],"max_hp_gain":0,"max_hp_loss":0,"event_name":"Tomb of Lord Red Mask","floor":39,"gold_loss":49},{"damage_healed":0,"gold_gain":0,"player_choice":"Max HP","damage_taken":0,"max_hp_gain":0,"max_hp_loss":5,"event_name":"Winding Halls","floor":45,"gold_loss":0}],"is_beta":false,"boss_relics":[{"not_picked":["SacredBark","Pandora\u0027s Box"],"picked":"Fusion Hammer"},{"not_picked":["Runic Pyramid","Sozu"],"picked":"Busted Crown"}],"items_purged_floors":[2,19,30,37],"is_endless":false,"potions_floor_spawned":[3,6,7,8,10,13,14,16,18,23,24,25,27,29,31,33,35,36,38,40,42,44,46,48,54],"killed_by":"The Heart","ascension_level":1}}