{"host":"w5ovz9boloi14a0g","time":1610076404,"event":{"mods":["BaseMod","Downfall","Googly Eyes","Minty Spire (QoL Compilation)","StSLib","SuperFastMode"],"gold_per_floor":[99,118,138,138,150,150,175,188,200,185,185,185,185],"floor_reached":11,"playtime":303,"items_purged":[],"score":65,"play_id":"94c5d4a1-12c0-4fe6-8099-7f9b14dea651","local_time":"20210107212644","is_ascension_mode":false,"campfire_choices":[{"data":"Slimebound:Split","floor":1,"key":"SMITH"}],"circlet_count":0,"master_deck":["Slimebound:Strike_Slimebound","Slimebound:Strike_Slimebound","Slimebound:Strike_Slimebound","Slimebound:Tackle","Slimebound:Defend_Slimebound","Slimebound:Defend_Slimebound","Slimebound:Defend_Slimebound","Slimebound:Defend_Slimebound","Slimebound:Split+1","Slimebound:CorrosiveSpit","Slimebound:MegaLick","Slimebound:GrowthPunch","Slimebound:Schlurp"],"relics":["Slimebound:AbsorbEndCombat","Lantern","NlothsMask"],"acts_visited":["Exordium"],"potions_floor_usage":[],"damage_taken":[{"damage":8,"enemies":"Jaw Worm","floor":2,"turns":3},{"damage":8,"enemies":"Cultist","floor":3,"turns":3},{"damage":8,"enemies":"Small Slimes","floor":5,"turns":3},{"damage":18,"enemies":"Exordium Thugs","floor":8,"turns":5},{"damage":15,"enemies":"Blue Slaver","floor":9,"turns":3},{"damage":11,"enemies":"downfall:FleeingMerchant","floor":10,"turns":4},{"damage":70,"enemies":"Gremlin Nob","floor":11,"turns":4}],"seed_played":"6226840826927279723","potions_obtained":[{"floor":2,"key":"DistilledChaos"},{"floor":5,"key":"DuplicationPotion"},{"floor":9,"key":"Slimebound:SlimyTonguePotion"}],"is_trial":false,"path_per_floor":["R","M","M","?","M","?","T","M","M","$","E"],"character_chosen":"SLIMEBOUND","items_purchased":[],"campfire_rested":0,"item_purchase_floors":[],"current_hp_per_floor":[60,60,60,60,60,60,60,52,51,56,0,0,0],"gold":185,"neow_bonus":"RANDOM_COMMON_RELIC","is_daily":false,"chose_seed":false,"campfire_upgraded":1,"win_rate":0.0,"timestamp":1610076404,"path_taken":["R","M","M","?","?","?","T","M","M","?","E"],"items_purchased_type":[],"build_version":"2020-12-22","purchased_purges":0,"victory":false,"max_hp_per_floor":[60,60,60,60,60,60,60,60,60,60,60,60,60],"card_choices":[{"not_picked":["Slimebound:SplitMire","Slimebound:FinishingTackle"],"picked":"Slimebound:MegaLick","floor":2},{"not_picked":["Slimebound:FinishingTackle","Slimebound:SplitBruiser","Slimebound:RollThrough"],"picked":"SKIP","floor":3},{"not_picked":["Slimebound:SplitAcid","Slimebound:Schlurp","Slimebound:FormOfPuddle"],"picked":"SKIP","floor":5},{"not_picked":["Slimebound:SplitAcid","Slimebound:RallyTheTroops","Slimebound:SplitBruiser"],"picked":"SKIP","floor":8},{"not_picked":["Slimebound:ServeAndProtect","Slimebound:TongueLash"],"picked":"Slimebound:GrowthPunch","floor":9},{"not_picked":["Slimebound:SamplingLick","Slimebound:OneTwoCombo"],"picked":"Slimebound:Schlurp","floor":10}],"player_experience":66724,"relics_obtained":[],"event_choices":[{"damage_healed":0,"gold_gain":0,"player_choice":"Ignored","damage_taken":0,"max_hp_gain":0,"max_hp_loss":0,"event_name":"NoteForYourself","floor":4,"gold_loss":0},{"damage_healed":0,"gold_gain":0,"player_choice":"Trade","damage_taken":0,"relics_obtained":["NlothsMask"],"max_hp_gain":0,"max_hp_loss":0,"event_name":"FaceTrader","floor":6,"gold_loss":0}],"is_beta":false,"boss_relics":[],"items_purged_floors":[],"is_endless":false,"potions_floor_spawned":[2,5,9],"killed_by":"Gremlin Nob","ascension_level":0}}