{"host":"yfp7d3map4585h98","time":1610091729,"event":{"mods":["BaseMod","Colored Map","Colored Powertips","GifTheSpireLib","Minty Spire (QoL Compilation)","StSLib","Unceasing Turn Reminder"],"gold_per_floor":[99,99,113,113,131,131,145,170,248,261,261,261,10,34,34,159,159,175,175,32,45,57,57,57],"floor_reached":23,"playtime":2850,"items_purged":[],"score":185,"play_id":"ee4daebf-0244-4773-b15b-da9d3ca96930","local_time":"20210107214209","is_ascension_mode":false,"campfire_choices":[{"floor":6,"key":"REST"},{"floor":11,"key":"REST"},{"data":"Hello World","floor":15,"key":"SMITH"}],"circlet_count":0,"master_deck":["Strike_B","Strike_B","Strike_B","Strike_B","Defend_B","Defend_B","Defend_B","Defend_B","Zap","Dualcast","Hello World+1","Chill","Injury","Glacier","Hologram","Defragment","Barrage","Streamline","Self Repair","Stack","Conserve Battery","Creative AI","BootSequence+1","Capacitor","Beam Cell"],"relics":["Cracked Core","Bloody Idol","Matryoshka","SacredBark","Potion Belt"],"acts_visited":["Exordium","TheCity"],"potions_floor_usage":[1,3,3,14,14,16,16,22],"damage_taken":[{"damage":5,"enemies":"Jaw Worm","floor":1,"turns":4},{"damage":1,"enemies":"2 Louse","floor":3,"turns":2},{"damage":10,"enemies":"Small Slimes","floor":5,"turns":3},{"damage":9,"enemies":"2 Fungi Beasts","floor":7,"turns":4},{"damage":1,"enemies":"Exordium Wildlife","floor":8,"turns":3},{"damage":28,"enemies":"Large Slime","floor":10,"turns":7},{"damage":13,"enemies":"Exordium Thugs","floor":14,"turns":4},{"damage":31,"enemies":"The Guardian","floor":16,"turns":19},{"damage":46,"enemies":"Shell Parasite","floor":18,"turns":9},{"damage":16,"enemies":"3 Byrds","floor":21,"turns":7},{"damage":19,"enemies":"Snecko","floor":22,"turns":8},{"damage":25,"enemies":"Snake Plant","floor":23,"turns":4}],"seed_played":"2589126314649170825","potions_obtained":[{"floor":0,"key":"FearPotion"},{"floor":0,"key":"LiquidMemories"},{"floor":0,"key":"ColorlessPotion"},{"floor":7,"key":"Block Potion"},{"floor":14,"key":"PowerPotion"},{"floor":16,"key":"SmokeBomb"},{"floor":18,"key":"Dexterity Potion"}],"is_trial":false,"path_per_floor":["M","?","M","?","M","R","M","M","T","M","R","?","$","M","R","B",null,"M","?","$","M","M","M"],"character_chosen":"DEFECT","items_purchased":["Streamline","Self Repair","Stack","SkillPotion","AttackPotion","Potion Belt"],"campfire_rested":2,"item_purchase_floors":[13,13,13,13,13,20],"current_hp_per_floor":[70,70,69,69,59,75,66,65,65,37,59,75,75,69,69,45,75,36,36,36,32,25,0,0],"gold":57,"neow_bonus":"THREE_SMALL_POTIONS","is_daily":false,"chose_seed":false,"campfire_upgraded":1,"win_rate":0.0,"timestamp":1610091729,"path_taken":["M","?","M","?","M","R","M","M","T","M","R","?","$","M","R","BOSS","M","?","$","M","M","M"],"items_purchased_type":["Card","Card","Card","Potion","Potion","Relic"],"build_version":"2020-12-22","purchased_purges":0,"victory":false,"max_hp_per_floor":[75,75,75,75,75,75,75,75,75,75,75,75,75,75,75,75,75,75,75,75,75,75,75,75],"card_choices":[{"not_picked":["Leap","Sweeping Beam"],"picked":"Hello World","floor":1},{"not_picked":["Melter","Steam"],"picked":"Chill","floor":3},{"not_picked":["Streamline","Ball Lightning"],"picked":"Glacier","floor":5},{"not_picked":["Static Discharge","Coolheaded"],"picked":"Hologram","floor":7},{"not_picked":["Cold Snap","Beam Cell"],"picked":"Defragment","floor":8},{"not_picked":["Lockon","Cold Snap"],"picked":"Barrage","floor":10},{"not_picked":["Coolheaded","Reinforced Body"],"picked":"Conserve Battery","floor":14},{"not_picked":["Fission","Thunder Strike"],"picked":"Creative AI","floor":16},{"not_picked":["Leap+1","Redo+1"],"picked":"BootSequence+1","floor":18},{"not_picked":["Go for the Eyes+1","Reprogram"],"picked":"Capacitor","floor":21},{"not_picked":["Cold Snap","Compile Driver"],"picked":"Beam Cell","floor":22}],"player_experience":38911,"relics_obtained":[{"floor":9,"key":"Matryoshka"}],"event_choices":[{"damage_healed":0,"gold_gain":0,"player_choice":"Ignored","damage_taken":0,"max_hp_gain":0,"max_hp_loss":0,"event_name":"Golden Wing","floor":2,"gold_loss":0},{"damage_healed":0,"gold_gain":0,"player_choice":"Take Wound","damage_taken":0,"relics_obtained":["Golden Idol"],"max_hp_gain":0,"max_hp_loss":0,"event_name":"Golden Idol","floor":4,"gold_loss":0,"cards_obtained":["Injury"]},{"damage_healed":25,"gold_gain":0,"player_choice":"Banana","damage_taken":0,"max_hp_gain":0,"max_hp_loss":0,"event_name":"Big Fish","floor":12,"gold_loss":0},{"damage_healed":0,"gold_gain":0,"player_choice":"Gave Idol","damage_taken":0,"relics_obtained":["Bloody Idol"],"max_hp_gain":0,"max_hp_loss":0,"event_name":"Forgotten Altar","floor":19,"relics_lost":["Golden Idol"],"gold_loss":0}],"is_beta":false,"boss_relics":[{"not_picked":["Black Star","Fusion Hammer"],"picked":"SacredBark"}],"items_purged_floors":[],"is_endless":false,"potions_floor_spawned":[7,14,16,18],"killed_by":"Snake Plant","ascension_level":0}}