{"host":"b995t17pt6d05w8c","time":1610112036,"event":{"mods":["AchievementEnabler","BaseMod","Colored Map","Minty Spire (QoL Compilation)","SuperFastMode"],"gold_per_floor":[12,30,30,54,74,74,74,89,89,112,37,62,103,121,121,246,246,265,284,38,54,73,117,117,133,133,133,99,99,119,44,44,173,173,186,186,113,128,143,476,493,98,123,154,165,175,175,193,193,193],"floor_reached":51,"playtime":2223,"items_purged":["Strike_R","Strike_R","Bash"],"score":1012,"play_id":"4b41242e-9d9a-4fd3-8408-0854af7a8c2d","local_time":"20210108222036","is_ascension_mode":true,"campfire_choices":[{"data":"Pommel Strike","floor":6.0,"key":"SMITH"},{"data":"Armaments","floor":15.0,"key":"SMITH"},{"data":"Hemokinesis","floor":24.0,"key":"SMITH"},{"floor":27.0,"key":"REST"},{"data":"Feel No Pain","floor":32.0,"key":"SMITH"},{"floor":49.0,"key":"REST"}],"circlet_count":0,"master_deck":["Defend_R","Defend_R","Defend_R","Feed","Second Wind","Disarm","Pommel Strike+1","Shrug It Off","Hemokinesis+1","Armaments+1","Reckless Charge+1","Feel No Pain+1","Impervious","Battle Trance","Uppercut+1","Dropkick+1","Shockwave","Rupture+1","Burning Pact","Barricade+1","Body Slam+1","Seeing Red","Intimidate+1","Seeing Red","Seeing Red","Limit Break","Dropkick+1"],"relics":["Burning Blood","HornCleat","Molten Egg 2","SacredBark","Medical Kit","Blue Candle","Frozen Egg 2","Philosopher\u0027s Stone","Dream Catcher","Bag of Marbles"],"acts_visited":["Exordium","TheCity","TheBeyond"],"potions_floor_usage":[50,50],"damage_taken":[{"damage":8.0,"enemies":"Jaw Worm","floor":1.0,"turns":4.0},{"damage":9.0,"enemies":"Small Slimes","floor":2.0,"turns":4.0},{"damage":10.0,"enemies":"Cultist","floor":4.0,"turns":5.0},{"damage":19.0,"enemies":"Lots of Slimes","floor":5.0,"turns":5.0},{"damage":9.0,"enemies":"Red Slaver","floor":8.0,"turns":7.0},{"damage":0.0,"enemies":"Exordium Wildlife","floor":10.0,"turns":4.0},{"damage":6.0,"enemies":"Large Slime","floor":12.0,"turns":5.0},{"damage":10.0,"enemies":"3 Sentries","floor":13.0,"turns":8.0},{"damage":3.0,"enemies":"Blue Slaver","floor":14.0,"turns":6.0},{"damage":21.0,"enemies":"The Guardian","floor":16.0,"turns":14.0},{"damage":11.0,"enemies":"Shell Parasite","floor":18.0,"turns":15.0},{"damage":20.0,"enemies":"3 Byrds","floor":19.0,"turns":9.0},{"damage":9.0,"enemies":"Snake Plant","floor":21.0,"turns":8.0},{"damage":23.0,"enemies":"Centurion and Healer","floor":22.0,"turns":11.0},{"damage":25.0,"enemies":"Gremlin Leader","floor":23.0,"turns":3.0},{"damage":15.0,"enemies":"Shelled Parasite and Fungi","floor":25.0,"turns":10.0},{"damage":15.0,"enemies":"Snecko","floor":30.0,"turns":7.0},{"damage":38.0,"enemies":"Automaton","floor":33.0,"turns":11.0},{"damage":36.0,"enemies":"3 Darklings","floor":35.0,"turns":9.0},{"damage":3.0,"enemies":"Orb Walker","floor":38.0,"turns":5.0},{"damage":0.0,"enemies":"4 Shapes","floor":39.0,"turns":9.0},{"damage":38.0,"enemies":"Transient","floor":41.0,"turns":5.0},{"damage":37.0,"enemies":"Reptomancer","floor":44.0,"turns":7.0},{"damage":20.0,"enemies":"Spire Growth","floor":45.0,"turns":5.0},{"damage":2.0,"enemies":"Maw","floor":46.0,"turns":7.0},{"damage":2.0,"enemies":"Writhing Mass","floor":48.0,"turns":11.0},{"damage":57,"enemies":"Donu and Deca","floor":50,"turns":8}],"seed_played":"895744111753640474","potions_obtained":[{"floor":2.0,"key":"Explosive Potion"},{"floor":10.0,"key":"Strength Potion"},{"floor":12.0,"key":"FairyPotion"},{"floor":13.0,"key":"Swift Potion"},{"floor":14.0,"key":"Block Potion"},{"floor":16.0,"key":"Fire Potion"},{"floor":19.0,"key":"SteroidPotion"},{"floor":30.0,"key":"DistilledChaos"},{"floor":33.0,"key":"SneckoOil"},{"floor":44.0,"key":"SteroidPotion"},{"floor":48.0,"key":"AttackPotion"}],"is_trial":false,"path_per_floor":["M","M","?","M","M","R","?","M","T","M","$","M","E","M","R","B",null,"M","M","$","M","M","E","R","M","T","R","$","?","M","?","R","B",null,"M","?","$","M","M","?","M","$","T","E","M","M","?","M","R","B",null],"character_chosen":"IRONCLAD","items_purchased":["Medical Kit","Dropkick+1","Seeing Red","Seeing Red","Dream Catcher","BlessingOfTheForge"],"campfire_rested":2,"item_purchase_floors":[20,28,37,42,42,42],"current_hp_per_floor":[73,73,73,72,62,62,62,62,62,71,71,74,74,80,80,69,97,96,86,86,87,74,58,58,52,52,90,90,90,85,85,85,56,115,88,88,88,95,104,104,72,72,72,44,30,37,37,41,83,35],"gold":193,"neow_bonus":"THREE_RARE_CARDS","is_daily":false,"chose_seed":false,"campfire_upgraded":4,"win_rate":0.0,"timestamp":1610112036,"path_taken":["M","M","?","M","M","R","?","M","T","?","?","M","E","M","R","BOSS","M","M","$","M","M","E","R","M","T","R","$","?","M","?","R","BOSS","M","?","$","M","M","?","M","$","T","E","M","M","?","M","R","BOSS"],"items_purchased_type":["Relic","Card","Card","Card","Relic","Potion"],"build_version":"2020-12-22","purchased_purges":3,"victory":true,"max_hp_per_floor":[83,86,80,83,86,86,86,89,89,92,92,95,99,102,102,106,106,110,114,114,118,122,125,125,128,128,128,128,128,132,132,132,135,135,138,138,138,142,145,145,145,145,145,148,148,151,143,143,143,146],"card_choices":[{"not_picked":["Impervious","Fiend Fire"],"picked":"Feed","floor":0.0},{"not_picked":["Headbutt","True Grit"],"picked":"Second Wind","floor":1.0},{"not_picked":["True Grit","Perfected Strike"],"picked":"Disarm","floor":2.0},{"not_picked":["Iron Wave","Twin Strike"],"picked":"Pommel Strike","floor":4.0},{"not_picked":["Perfected Strike","Spot Weakness"],"picked":"Shrug It Off","floor":5.0},{"not_picked":["Dropkick","Perfected Strike"],"picked":"Hemokinesis","floor":8.0},{"not_picked":["Cleave","Rage","Headbutt"],"picked":"SKIP","floor":10.0},{"not_picked":["Spot Weakness","Havoc"],"picked":"Armaments","floor":12.0},{"not_picked":["Corruption","Hemokinesis+1"],"picked":"Reckless Charge+1","floor":13.0},{"not_picked":["Perfected Strike+1","Cleave+1"],"picked":"Feel No Pain","floor":14.0},{"not_picked":["Reaper+1","Feed+1"],"picked":"Impervious","floor":16.0},{"not_picked":["Heavy Blade+1","Warcry+1"],"picked":"Battle Trance","floor":18.0},{"not_picked":["Twin Strike+1","Anger+1","Reckless Charge+1"],"picked":"SKIP","floor":19.0},{"not_picked":["Thunderclap+1","Cleave+1","Pommel Strike+1"],"picked":"SKIP","floor":21.0},{"not_picked":["Shrug It Off","Thunderclap+1","Feel No Pain"],"picked":"SKIP","floor":22.0},{"not_picked":["Juggernaut","Entrench"],"picked":"Uppercut+1","floor":23.0},{"not_picked":["Reckless Charge+1","Sever Soul+1","Warcry"],"picked":"SKIP","floor":25.0},{"not_picked":["Perfected Strike+1","Clash+1"],"picked":"Burning Pact","floor":30.0},{"not_picked":["Fiend Fire+1","Corruption+1"],"picked":"Barricade+1","floor":33.0},{"not_picked":["Feel No Pain+1","Flex+1"],"picked":"Body Slam+1","floor":35.0},{"not_picked":["Armaments","Iron Wave+1","Anger+1"],"picked":"SKIP","floor":38.0},{"not_picked":["Thunderclap+1","Fiend Fire+1"],"picked":"Intimidate+1","floor":39.0},{"not_picked":["Reckless Charge+1","Headbutt+1","True Grit+1"],"picked":"SKIP","floor":41.0},{"not_picked":["Rage+1","Sword Boomerang+1"],"picked":"Seeing Red","floor":44.0},{"not_picked":["Perfected Strike+1","Disarm+1","Limit Break"],"picked":"SKIP","floor":45.0},{"not_picked":["Perfected Strike+1","Disarm+1"],"picked":"Limit Break","floor":45.0},{"not_picked":["Clash+1","Shockwave+1","Pommel Strike+1"],"picked":"SKIP","floor":46.0},{"not_picked":["Havoc+1","Thunderclap+1"],"picked":"Dropkick+1","floor":48.0}],"player_experience":50554,"relics_obtained":[{"floor":9.0,"key":"HornCleat"},{"floor":13.0,"key":"Molten Egg 2"},{"floor":23.0,"key":"Blue Candle"},{"floor":26.0,"key":"Frozen Egg 2"},{"floor":43.0,"key":"Bag of Marbles"}],"event_choices":[{"damage_healed":0.0,"max_hp_gain":0.0,"max_hp_loss":6.0,"gold_gain":0.0,"event_name":"Golden Idol","player_choice":"Lose Max HP","floor":3.0,"gold_loss":0.0,"damage_taken":0.0,"relics_obtained":["Golden Idol"]},{"cards_removed":["Strike_R"],"damage_healed":0.0,"max_hp_gain":0.0,"max_hp_loss":0.0,"gold_gain":0.0,"event_name":"Purifier","player_choice":"Purged","floor":7.0,"gold_loss":0.0,"damage_taken":0.0},{"damage_healed":0.0,"max_hp_gain":0.0,"max_hp_loss":0.0,"gold_gain":0.0,"cards_transformed":["Strike_R","Defend_R"],"event_name":"Drug Dealer","player_choice":"Became Test Subject","floor":29.0,"gold_loss":0.0,"damage_taken":0.0,"cards_obtained":["Shockwave","Rupture"]},{"cards_removed":["Strike_R"],"damage_healed":0.0,"max_hp_gain":0.0,"max_hp_loss":0.0,"gold_gain":0.0,"event_name":"Beggar","player_choice":"Gave Gold","floor":31.0,"gold_loss":75.0,"damage_taken":0.0},{"damage_healed":0.0,"max_hp_gain":0.0,"max_hp_loss":0.0,"gold_gain":0.0,"event_name":"SensoryStone","player_choice":"Memory 1","floor":36.0,"gold_loss":0.0,"damage_taken":0.0},{"damage_healed":0.0,"max_hp_gain":0.0,"max_hp_loss":0.0,"gold_gain":333.0,"event_name":"The Moai Head","player_choice":"Gave Idol","floor":40.0,"relics_lost":["Golden Idol"],"gold_loss":0.0,"damage_taken":0.0},{"damage_healed":0.0,"max_hp_gain":0.0,"max_hp_loss":8.0,"gold_gain":0.0,"event_name":"Winding Halls","player_choice":"Max HP","floor":47.0,"gold_loss":0.0,"damage_taken":0.0}],"is_beta":false,"boss_relics":[{"not_picked":["Pandora\u0027s Box","SlaversCollar"],"picked":"SacredBark"},{"not_picked":["Runic Dome","Cursed Key"],"picked":"Philosopher\u0027s Stone"}],"items_purged_floors":[11,20,42],"is_endless":false,"potions_floor_spawned":[2,10,12,13,14,16,19,30,33,44,48],"ascension_level":6}}