{"host":"96bpdudduaq3ttpf","time":1610083460,"event":{"mods":["2.2 Compatiblity","Act Like it!","Astrologer","Bard","Bartender","BaseMod","CapriCore","Challenge The Spire","Chen","Downfall","Elementarium","Energized Spire","Friendly Minions","Gensokyo","GifTheSpireLib","Hallownest","Hermit","Jorbs\u0027s Wanderer Trilogy","KinomotoSakuraMod(????)","Koishi","KomeijiMod","Mari Mod (Legacy)","Mari\u0027s V1 Patch","Marisa????????","Mimic Mod","Minty Spire (QoL Compilation)","Prisma Mod","Quick Restart","Remilia??????","Replay The Spire","Robot Space Explorer","Shade Mod","StSLib","Td1madao Mod","The Administrix","The Bladedancer","The Bug Knight","The Construct","The Cursed","The Factory","The Forsaken","The Gatherer","The Hierophant","The Immortal","The IronCluck","The Jungle","The Marked","The Mystic","The Necromancer","The Runesmith","The Senshi","The Servant 0.9.4","Wandering Minibosses","WarShipGirlsR/????R mod","Yohane!","Yuyuko"],"gold_per_floor":[113,36,36,36,48,78,78,140,164,164,111,125,153,173,173,270,270,280,355,355,370,168,168,199,214,260,576,576,605,663,680,680,783,783,871,871,887,900,913,913,965,965,995,1012,1024,1024,878,898,898,898],"floor_reached":51,"playtime":4239,"items_purged":["Replay:UnknownCurse","ClowCardTheShield"],"score":681,"play_id":"54737e23-83c5-4e88-a01c-0696e48b7575","local_time":"20210107222420","is_ascension_mode":false,"campfire_choices":[{"floor":15,"key":"REST"},{"data":"ClowCardTheFlower","floor":23,"key":"SMITH"},{"floor":28,"key":"REST"},{"floor":32,"key":"REST"},{"floor":40,"key":"REST"},{"floor":42,"key":"REST"},{"floor":46,"key":"RECALL"},{"floor":49,"key":"REST"}],"circlet_count":0,"master_deck":["SakuraCardTheFight+","SakuraCardTheSword+","ClowCardTheSword","ClowCardTheSword","ClowCardTheSword","ClowCardTheShield","ClowCardTheShield","ClowCardTheShield","SpellCardSeal","SpellCardRelease","ClowCardTheMove","ClowCardTheSweet+1","ClowCardTheStorm","ClowCardTheVoice","ClowCardTheVoice","ClowCardTheShot","ClowCardTheFreeze","ClowCardTheTwin","ClowCardTheFlower+1","ReplayTheSpireMod:Faulty Equipment","ClowCardTheWindy+1","ClowCardTheMirror","ClowCardTheDark","ClowCardTheSnow","ClowCardTheWatery","ClowCardTheDream+1","ClowCardTheJump","ClowCardTheFlower","ClowCardTheDash","ClowCardTheMist+1","ClowCardTheShadow"],"relics":["KSMOD_SealedBook","KSMOD_SealedWand","NeowsBlessing","Replay:Wax Seal","Dream Catcher","MealTicket","Cleaning_Rag","Thread and Needle","Painkiller Herb","ReplayTheSpireMod:CursedCoin","Ginger","BargainBundle","Replay:Baseball","theSenshi:SailorFukuRelic","CaptainsWheel","Replay:Grab Bag","Sozu","Busted Crown","Black Star","wanderingMiniBosses:LockLocket","Gambling Chip","Replay:Bottled Snecko","Torii","Incense Burner","KSMOD_SwordJade"],"acts_visited":["Exordium","TheCity","TheBeyond"],"potions_floor_usage":[13,16,21,24,24,27,31,33,37],"damage_taken":[{"damage":0,"enemies":"Jaw Worm","floor":1,"turns":1},{"damage":0,"enemies":"Small Slimes","floor":5,"turns":1},{"damage":0,"enemies":"3 Sentries","floor":6,"turns":1},{"damage":1,"enemies":"Cultist","floor":8,"turns":5},{"damage":14,"enemies":"2 Fungi Beasts","floor":12,"turns":3},{"damage":9,"enemies":"Replay:BlueRogue","floor":13,"turns":4},{"damage":7,"enemies":"Exordium Thugs","floor":14,"turns":3},{"damage":40,"enemies":"Hexaghost","floor":16,"turns":7},{"damage":12,"enemies":"2 Thieves","floor":18,"turns":4},{"damage":0,"enemies":"Centurion and Healer","floor":21,"turns":4},{"damage":14,"enemies":"Book of Stabbing","floor":24,"turns":3},{"damage":6,"enemies":"Chosen and Byrds","floor":25,"turns":3},{"damage":30,"enemies":"Snake Plant","floor":27,"turns":5},{"damage":20,"enemies":"HollowMod:Nosk","floor":29,"turns":5},{"damage":18,"enemies":"3 Cultists","floor":30,"turns":5},{"damage":16,"enemies":"Sentry and Sphere","floor":31,"turns":5},{"damage":10,"enemies":"Collector","floor":33,"turns":4},{"damage":8,"enemies":"3 Darklings","floor":35,"turns":4},{"damage":23,"enemies":"3 Shapes","floor":37,"turns":3},{"damage":6,"enemies":"Spire Growth","floor":38,"turns":4},{"damage":6,"enemies":"Sphere and 2 Shapes","floor":39,"turns":4},{"damage":21,"enemies":"R_Hoarder","floor":41,"turns":6},{"damage":17,"enemies":"Maw","floor":43,"turns":5},{"damage":16,"enemies":"Maw","floor":44,"turns":6},{"damage":0,"enemies":"Transient","floor":45,"turns":5},{"damage":8,"enemies":"Writhing Mass","floor":48,"turns":4},{"damage":49,"enemies":"Replay:Hell Engine","floor":50,"turns":7}],"seed_played":"-7825147229403000619","potions_obtained":[{"floor":1,"key":"FairyPotion"},{"floor":6,"key":"Block Potion"},{"floor":12,"key":"EssenceOfSteel"},{"floor":18,"key":"Block Potion"},{"floor":24,"key":"BlessingOfTheForge"},{"floor":25,"key":"CultistPotion"},{"floor":30,"key":"Energy Potion"},{"floor":31,"key":"Explosive Potion"}],"is_trial":false,"path_per_floor":["M","$","?","?","M","E","?","M","T","?","$","M","E","M","R","B",null,"?","T","T","?","T","T","E","?","T","?","T","E","?","?","T","B",null,"?","T","?","?","?","T","E","T","MIM","?","?","T","T","?","T","B",null],"character_chosen":"KINOMOTOSAKURA","items_purchased":["Replay:Wax Seal","ClowCardTheVoice","ReplayTheSpireMod:CursedCoin","BargainBundle","PowerPotion","GamblersBrew","ClowCardTheMirror","ClowCardTheDark","KSMOD_SwordJade"],"campfire_rested":6,"item_purchase_floors":[2,11,19,22,22,22,22,22,47],"current_hp_per_floor":[70,70,70,63,63,63,63,67,67,67,70,57,53,51,70,35,70,68,70,70,70,70,70,56,55,55,35,56,41,28,17,38,33,70,62,70,47,41,40,61,45,66,53,42,47,47,62,54,70,31],"gold":898,"neow_bonus":"THREE_ENEMY_KILL","is_daily":false,"chose_seed":false,"campfire_upgraded":1,"win_rate":0.0,"timestamp":1610083460,"path_taken":["M","$","?","?","M","E","?","?","T","?","?","M","E","M","R","BOSS","?","T","?","?","T","T","E","?","T","?","T","E","?","?","T","BOSS","?","?","?","?","?","T","E","T","MIM","?","?","T","T","?","T","BOSS"],"items_purchased_type":["Relic","Card","Relic","Relic","Potion","Potion","Card","Card","Relic"],"build_version":"2020-12-22","purchased_purges":2,"victory":true,"max_hp_per_floor":[70,70,70,70,70,70,70,70,70,70,70,70,70,70,70,70,70,70,70,70,70,70,70,70,70,70,70,70,70,70,70,70,70,70,70,70,70,70,70,70,70,70,70,70,70,70,70,70,70,70],"card_choices":[{"not_picked":["ClowCardTheRain","ClowCardTheMirror"],"picked":"ClowCardTheMove","floor":1},{"not_picked":["ClowCardTheFloat","ClowCardTheLock"],"picked":"ClowCardTheSweet","floor":5},{"not_picked":["ClowCardTheWatery","ClowCardTheSweet"],"picked":"ClowCardTheStorm","floor":6},{"not_picked":["ClowCardTheMaze","ClowCardTheSand","ClowCardTheWood"],"picked":"SKIP","floor":8},{"not_picked":["ClowCardThePower","ClowCardTheShadow"],"picked":"ClowCardTheVoice","floor":12},{"not_picked":["ClowCardTheWood","ClowCardTheFloat"],"picked":"ClowCardTheShot","floor":13},{"not_picked":["ClowCardTheMirror","ClowCardTheLibra"],"picked":"ClowCardTheFreeze","floor":14},{"not_picked":["ClowCardTheMaze","ClowCardTheLoop"],"picked":"ClowCardTheTwin","floor":15},{"not_picked":["ClowCardTheLight","ClowCardTheCreate"],"picked":"ClowCardTheFight","floor":16},{"not_picked":["ClowCardTheSand","ClowCardTheErase"],"picked":"ClowCardTheFlower","floor":18},{"not_picked":["ClowCardTheGlow+1","ClowCardTheMove"],"picked":"ClowCardTheWindy+1","floor":21},{"not_picked":["ClowCardTheShadow+1","ClowCardTheLittle","ClowCardTheMirror"],"picked":"SKIP","floor":24},{"not_picked":["ClowCardThePower","ClowCardTheErase"],"picked":"ClowCardTheSnow","floor":25},{"not_picked":["ClowCardTheThrough","ClowCardTheChange","ClowCardTheSweet"],"picked":"SKIP","floor":27},{"not_picked":["ClowCardTheLibra","ClowCardTheFreeze"],"picked":"ClowCardTheWatery","floor":28},{"not_picked":["ClowCardTheJump","ClowCardTheLock"],"picked":"ClowCardTheDream+1","floor":29},{"not_picked":["ClowCardTheSleep","ClowCardTheRain","ClowCardTheShot"],"picked":"SKIP","floor":30},{"not_picked":["ClowCardTheSilent+1","ClowCardTheVoice"],"picked":"ClowCardTheJump","floor":31},{"not_picked":["ClowCardTheLibra","ClowCardTheVoice"],"picked":"ClowCardTheFlower","floor":32},{"not_picked":["ClowCardTheTime","ClowCardTheTwin"],"picked":"ClowCardTheDash","floor":33},{"not_picked":["ClowCardTheSilent"],"picked":"SKIP","floor":35},{"not_picked":["ClowCardTheShot"],"picked":"SKIP","floor":37},{"not_picked":["ClowCardTheLibra+1"],"picked":"SKIP","floor":38},{"not_picked":["ClowCardTheChange"],"picked":"SKIP","floor":39},{"not_picked":[],"picked":"ClowCardTheMist+1","floor":41},{"not_picked":["ClowCardTheCloud"],"picked":"SKIP","floor":44},{"not_picked":[],"picked":"ClowCardTheShadow","floor":45},{"not_picked":["ClowCardTheLoop"],"picked":"SKIP","floor":48}],"player_experience":813661,"relics_obtained":[{"floor":6,"key":"MealTicket"},{"floor":9,"key":"Cleaning_Rag"},{"floor":13,"key":"Thread and Needle"},{"floor":20,"key":"Ginger"},{"floor":24,"key":"Replay:Baseball"},{"floor":26,"key":"theSenshi:SailorFukuRelic"},{"floor":29,"key":"CaptainsWheel"},{"floor":35,"key":"wanderingMiniBosses:LockLocket"},{"floor":41,"key":"Gambling Chip"},{"floor":41,"key":"Replay:Bottled Snecko"},{"floor":43,"key":"Torii"},{"floor":43,"key":"Incense Burner"}],"event_choices":[{"damage_healed":0,"gold_gain":0,"player_choice":"Success","damage_taken":7,"relics_obtained":["Dream Catcher"],"max_hp_gain":0,"max_hp_loss":0,"event_name":"Scrap Ooze","floor":4,"gold_loss":0},{"damage_healed":0,"gold_gain":0,"player_choice":"Upgraded","damage_taken":0,"max_hp_gain":0,"max_hp_loss":0,"event_name":"Upgrade Shrine","floor":7,"gold_loss":0,"cards_upgraded":["ClowCardTheSweet"]}],"is_beta":false,"boss_relics":[{"not_picked":["Velvet Choker","Silver_Glasses"],"picked":"Painkiller Herb"},{"not_picked":["energizedSpire:RedRose","Fusion Hammer"],"picked":"Replay:Grab Bag"},{"not_picked":["Replay:Fungal Core","ReplayTheSpireMod:Onyx Gauntlets"],"picked":"Sozu"},{"not_picked":["ChewingGum","ReplayTheSpireMod:DimensionalGlitch"],"picked":"Busted Crown"},{"not_picked":["SacredBark","Ring of Chaos"],"picked":"Black Star"}],"items_purged_floors":[19,22],"is_endless":false,"potions_floor_spawned":[1,6,12,18,24,25,30,31,35,37,39],"ascension_level":0}}