{"host":"6ilae7ewjeys3uzr","time":1610130614,"event":{"mods":["AchievementEnabler","BaseMod","Hermit","Marisa????????","Minty Spire (QoL Compilation)","Quick Restart","StSLib","The Cursed"],"gold_per_floor":[110,185,205,130,149,149,49,49,76,92,104,104,104,119,119,220,220,233,108,122,140,151,151,161,161,161,161,181,196,196,196],"floor_reached":30,"playtime":818,"items_purged":["Strike_P","Defend_P","Strike_P"],"score":226,"play_id":"6b6813a7-a38e-4894-9613-f271b9ec55b0","local_time":"20210108193014","is_ascension_mode":false,"campfire_choices":[{"data":"Eruption","floor":6,"key":"SMITH"},{"data":"Vigilance","floor":15,"key":"SMITH"},{"floor":23,"key":"REST"},{"floor":25,"key":"REST"},{"floor":27,"key":"REST"}],"circlet_count":0,"master_deck":["Strike_P","Strike_P","Defend_P","Defend_P","Eruption+1","Vigilance+1"],"relics":["PureWater","Oddly Smooth Stone","Centennial Puzzle","Fusion Hammer","HornCleat"],"acts_visited":["Exordium","TheCity"],"potions_floor_usage":[16,16,16,22,24,24,30],"damage_taken":[{"damage":2,"enemies":"Small Slimes","floor":1,"turns":2},{"damage":2,"enemies":"Cultist","floor":3,"turns":3},{"damage":0,"enemies":"2 Louse","floor":5,"turns":1},{"damage":1,"enemies":"Looter","floor":10,"turns":2},{"damage":4,"enemies":"2 Fungi Beasts","floor":11,"turns":3},{"damage":0,"enemies":"Red Slaver","floor":14,"turns":4},{"damage":46,"enemies":"Slime Boss","floor":16,"turns":8},{"damage":30,"enemies":"Shell Parasite","floor":18,"turns":7},{"damage":7,"enemies":"3 Byrds","floor":20,"turns":7},{"damage":0,"enemies":"3 Cultists","floor":21,"turns":5},{"damage":18,"enemies":"Cultist and Chosen","floor":22,"turns":4},{"damage":6,"enemies":"Snake Plant","floor":24,"turns":3},{"damage":0,"enemies":"3 Cultists","floor":28,"turns":6},{"damage":12,"enemies":"Snecko","floor":29,"turns":5},{"damage":64,"enemies":"Book of Stabbing","floor":30,"turns":7}],"seed_played":"-3705271360380622489","potions_obtained":[{"floor":1,"key":"Ancient Potion"},{"floor":3,"key":"Explosive Potion"},{"floor":14,"key":"ColorlessPotion"},{"floor":16,"key":"SteroidPotion"},{"floor":20,"key":"FearPotion"},{"floor":21,"key":"Dexterity Potion"},{"floor":22,"key":"SteroidPotion"},{"floor":29,"key":"PowerPotion"}],"is_trial":false,"path_per_floor":["M","?","M","$","M","R","$","T","T","M","M","$","?","M","R","B",null,"M","$","M","M","M","R","M","R","T","R","M","M","E"],"character_chosen":"WATCHER","items_purchased":[],"campfire_rested":3,"item_purchase_floors":[],"current_hp_per_floor":[70,63,61,61,61,61,61,61,61,60,56,56,56,56,56,10,72,42,42,35,35,17,38,32,53,53,72,72,60,0,0],"gold":196,"neow_bonus":"REMOVE_CARD","is_daily":false,"chose_seed":false,"campfire_upgraded":2,"win_rate":0.0,"timestamp":1610130614,"path_taken":["M","?","M","$","M","R","$","?","T","M","?","?","?","M","R","BOSS","M","$","M","M","M","R","M","R","T","R","?","M","E"],"items_purchased_type":[],"build_version":"2020-12-22","purchased_purges":3,"victory":false,"max_hp_per_floor":[72,72,72,72,72,72,72,72,72,72,72,72,72,72,72,72,72,72,72,72,72,72,72,72,72,72,72,72,72,72,72],"card_choices":[{"not_picked":["WindmillStrike","TalkToTheHand","JustLucky"],"picked":"SKIP","floor":1},{"not_picked":["SashWhip","Wireheading","CutThroughFate"],"picked":"SKIP","floor":3},{"not_picked":["Collect","EmptyFist","JustLucky"],"picked":"SKIP","floor":5},{"not_picked":["BowlingBash","EmptyMind","FollowUp"],"picked":"SKIP","floor":10},{"not_picked":["BattleHymn","Nirvana","Vengeance"],"picked":"SKIP","floor":11},{"not_picked":["Evaluate","Crescendo","LikeWater"],"picked":"SKIP","floor":14},{"not_picked":["PathToVictory","FearNoEvil","FlyingSleeves+1"],"picked":"SKIP","floor":18},{"not_picked":["EmptyMind","SignatureMove","Conclude"],"picked":"SKIP","floor":20},{"not_picked":["PathToVictory","Study+1","EmptyFist"],"picked":"SKIP","floor":21},{"not_picked":["SashWhip","Ragnarok","JustLucky+1"],"picked":"SKIP","floor":22},{"not_picked":["Conclude","SashWhip+1","PathToVictory"],"picked":"SKIP","floor":24},{"not_picked":["Perseverance","FollowUp+1","BowlingBash"],"picked":"SKIP","floor":28},{"not_picked":["ClearTheMind","FlurryOfBlows+1","Nirvana+1"],"picked":"SKIP","floor":29}],"player_experience":245056,"relics_obtained":[{"floor":8,"key":"Oddly Smooth Stone"},{"floor":9,"key":"Centennial Puzzle"},{"floor":26,"key":"HornCleat"}],"event_choices":[{"damage_healed":0,"gold_gain":75,"player_choice":"Touch","damage_taken":7,"max_hp_gain":0,"max_hp_loss":0,"event_name":"FaceTrader","floor":2,"gold_loss":0},{"damage_healed":0,"gold_gain":0,"player_choice":"Ignored","damage_taken":0,"max_hp_gain":0,"max_hp_loss":0,"event_name":"NoteForYourself","floor":13,"gold_loss":0}],"is_beta":false,"boss_relics":[{"not_picked":["Snecko Eye","Astrolabe"],"picked":"Fusion Hammer"}],"items_purged_floors":[4,7,19],"is_endless":false,"potions_floor_spawned":[1,3,14,16,20,21,22,29],"killed_by":"Book of Stabbing","ascension_level":0}}