{"host":"0xtpc43j5kblke7u","time":1610085253,"event":{"mods":["AchievementEnabler","BaseMod","Colored Map","Highlight Path","Minty Spire (QoL Compilation)"],"gold_per_floor":[109,123,123,135,45,45,75,96,96,122,122,139,239,258,258,357,357,372,386,398,398,460,460,510,59,59,59,109,125,154,219,219,324,324,338,388,438,449,136,166,181,181,206,218,249,276,288,319,331,343,343],"floor_reached":50,"playtime":2782,"items_purged":["Strike_B"],"score":773,"play_id":"ab712e79-e361-4879-9533-4a6bdf9ed248","local_time":"20210108005413","is_ascension_mode":true,"campfire_choices":[{"data":"Defragment","floor":6.0,"key":"SMITH"},{"floor":15.0,"key":"REST"},{"floor":23.0,"key":"REST"},{"data":"Static Discharge","floor":27.0,"key":"SMITH"},{"floor":32.0,"key":"REST"},{"floor":42.0,"key":"REST"},{"data":"Rip and Tear","floor":44.0,"key":"SMITH"},{"floor":47.0,"key":"REST"},{"floor":49.0,"key":"REST"}],"circlet_count":0,"master_deck":["Defend_B","Defend_B","Defend_B","Defend_B","Zap+1","Dualcast","Coolheaded","Sweeping Beam","Defragment+1","Leap","Rip and Tear+1","Steam","Capacitor","Ball Lightning","Static Discharge+1","Conserve Battery","Defragment+1","Electrodynamics","CurseOfTheBell","Leap+1"],"relics":["Cracked Core","Pocketwatch","Odd Mushroom","FossilizedHelix","Ginger","Empty Cage","SsserpentHead","Ornamental Fan","DollysMirror","Centennial Puzzle","Gremlin Horn","Calling Bell","Dream Catcher","Mummified Hand","Calipers","Torii","Ancient Tea Set","MawBank"],"acts_visited":["Exordium","TheCity","TheBeyond"],"potions_floor_usage":[50,50,50,50,50,50],"damage_taken":[{"damage":3.0,"enemies":"2 Louse","floor":1.0,"turns":3.0},{"damage":4.0,"enemies":"Cultist","floor":2.0,"turns":3.0},{"damage":14.0,"enemies":"Small Slimes","floor":4.0,"turns":3.0},{"damage":18.0,"enemies":"Lagavulin","floor":7.0,"turns":6.0},{"damage":8.0,"enemies":"The Mushroom Lair","floor":8.0,"turns":4.0},{"damage":12.0,"enemies":"Gremlin Nob","floor":10.0,"turns":4.0},{"damage":0.0,"enemies":"Exordium Thugs","floor":12.0,"turns":4.0},{"damage":0.0,"enemies":"Large Slime","floor":14.0,"turns":4.0},{"damage":0.0,"enemies":"Slime Boss","floor":16.0,"turns":5.0},{"damage":8.0,"enemies":"Chosen","floor":18.0,"turns":4.0},{"damage":14.0,"enemies":"Shell Parasite","floor":19.0,"turns":6.0},{"damage":2.0,"enemies":"Centurion and Healer","floor":20.0,"turns":8.0},{"damage":1.0,"enemies":"Sentry and Sphere","floor":22.0,"turns":5.0},{"damage":16.0,"enemies":"Shelled Parasite and Fungi","floor":29.0,"turns":4.0},{"damage":29.0,"enemies":"Book of Stabbing","floor":30.0,"turns":3.0},{"damage":1.0,"enemies":"Snecko","floor":31.0,"turns":5.0},{"damage":21.0,"enemies":"Champ","floor":33.0,"turns":8.0},{"damage":0.0,"enemies":"Orb Walker","floor":35.0,"turns":3.0},{"damage":1.0,"enemies":"3 Shapes","floor":38.0,"turns":3.0},{"damage":18.0,"enemies":"Nemesis","floor":40.0,"turns":7.0},{"damage":24.0,"enemies":"Writhing Mass","floor":41.0,"turns":4.0},{"damage":14.0,"enemies":"3 Darklings","floor":45.0,"turns":2.0},{"damage":14.0,"enemies":"Maw","floor":46.0,"turns":7.0},{"damage":21.0,"enemies":"4 Shapes","floor":48.0,"turns":4.0},{"damage":51,"enemies":"Awakened One","floor":50,"turns":11}],"seed_played":"-1339262550974109623","potions_obtained":[{"floor":4.0,"key":"DuplicationPotion"},{"floor":10.0,"key":"Energy Potion"},{"floor":12.0,"key":"Swift Potion"},{"floor":14.0,"key":"SneckoOil"},{"floor":16.0,"key":"Fire Potion"},{"floor":20.0,"key":"Fruit Juice"},{"floor":28.0,"key":"Explosive Potion"},{"floor":28.0,"key":"FocusPotion"},{"floor":29.0,"key":"Fire Potion"},{"floor":30.0,"key":"Swift Potion"},{"floor":31.0,"key":"Energy Potion"},{"floor":33.0,"key":"LiquidMemories"},{"floor":35.0,"key":"Explosive Potion"},{"floor":40.0,"key":"Weak Potion"},{"floor":41.0,"key":"EntropicBrew"},{"floor":46.0,"key":"PotionOfCapacity"}],"is_trial":false,"path_per_floor":["M","M","?","M","$","R","E","?","T","E","?","M","?","M","R","B",null,"M","M","M","?","M","R","T","$","T","R","?","M","E","M","R","B",null,"M","?","?","M","$","E","M","R","T","R","M","M","R","M","R","B"],"character_chosen":"DEFECT","items_purchased":["Leap","Rip and Tear","Conserve Battery","DollysMirror","EssenceOfSteel","Swift Potion","PowerPotion","Torii"],"campfire_rested":6,"item_purchase_floors":[5,5,25,25,25,25,25,39],"current_hp_per_floor":[65,61,54,40,40,40,22,14,14,2,27,27,27,27,49,49,69,61,47,50,50,49,73,73,73,73,73,73,57,28,27,51,30,68,68,68,68,67,67,49,25,49,49,49,35,21,45,24,48,0,0],"gold":343,"neow_bonus":"UPGRADE_CARD","is_daily":false,"chose_seed":false,"campfire_upgraded":3,"win_rate":0.0,"timestamp":1610085253,"path_taken":["M","M","?","M","$","R","E","?","T","E","?","M","?","?","R","BOSS","M","M","?","?","?","R","?","$","T","R","?","M","E","?","R","BOSS","M","?","?","M","$","E","M","R","T","R","M","M","R","M","R","BOSS"],"items_purchased_type":["Card","Card","Card","Relic","Potion","Potion","Potion","Relic"],"build_version":"2020-12-22","purchased_purges":1,"victory":false,"max_hp_per_floor":[75,75,75,75,75,75,75,75,75,75,75,75,75,75,75,75,75,75,75,80,80,80,80,80,80,80,80,80,80,80,80,80,80,80,80,80,80,80,80,80,80,80,80,80,80,80,80,80,80,80,80],"card_choices":[{"not_picked":["Rebound","Gash"],"picked":"Coolheaded","floor":1.0},{"not_picked":["Hologram","Streamline"],"picked":"Sweeping Beam","floor":2.0},{"not_picked":["Gash","Coolheaded"],"picked":"Defragment","floor":4.0},{"not_picked":["Sweeping Beam","Static Discharge"],"picked":"Steam","floor":7.0},{"not_picked":["Cold Snap","Sweeping Beam"],"picked":"Capacitor","floor":10.0},{"not_picked":["Buffer","Beam Cell","Stack"],"picked":"SKIP","floor":12.0},{"not_picked":["Loop","Doom and Gloom"],"picked":"Ball Lightning","floor":14.0},{"not_picked":["Genetic Algorithm+1","Undo","Steam Power+1"],"picked":"SKIP","floor":18.0},{"not_picked":["Redo","Heatsinks","Turbo+1"],"picked":"SKIP","floor":19.0},{"not_picked":["Steam Power","Self Repair+1","Redo+1"],"picked":"SKIP","floor":20.0},{"not_picked":["Capacitor","Compile Driver"],"picked":"Static Discharge","floor":22.0},{"not_picked":["Steam Power+1","Stack","Sweeping Beam"],"picked":"SKIP","floor":29.0},{"not_picked":["Meteor Strike","Auto Shields","Compile Driver"],"picked":"SKIP","floor":30.0},{"not_picked":["Leap+1","Steam","Rip and Tear"],"picked":"SKIP","floor":31.0},{"not_picked":["Meteor Strike","Reboot"],"picked":"Electrodynamics","floor":33.0},{"not_picked":["Compile Driver+1","Coolheaded","Lockon"],"picked":"SKIP","floor":35.0},{"not_picked":["Gash","Scrape+1","Hologram"],"picked":"SKIP","floor":38.0},{"not_picked":["Fusion+1","Sunder+1","Scrape"],"picked":"SKIP","floor":40.0},{"not_picked":["Streamline+1","Hologram","Reprogram+1"],"picked":"SKIP","floor":41.0},{"not_picked":["Self Repair+1","FTL","Steam"],"picked":"SKIP","floor":45.0},{"not_picked":["Heatsinks+1","Aggregate+1","Rebound+1"],"picked":"SKIP","floor":46.0},{"not_picked":["Tempest+1","Multi-Cast"],"picked":"Leap+1","floor":47.0},{"not_picked":["Sweeping Beam+1","Conserve Battery","Redo"],"picked":"SKIP","floor":48.0}],"player_experience":621451,"relics_obtained":[{"floor":7.0,"key":"Pocketwatch"},{"floor":8.0,"key":"Odd Mushroom"},{"floor":9.0,"key":"FossilizedHelix"},{"floor":10.0,"key":"Ginger"},{"floor":24.0,"key":"Ornamental Fan"},{"floor":26.0,"key":"Centennial Puzzle"},{"floor":30.0,"key":"Gremlin Horn"},{"floor":34.0,"key":"Dream Catcher"},{"floor":34.0,"key":"Mummified Hand"},{"floor":34.0,"key":"Calipers"},{"floor":40.0,"key":"Ancient Tea Set"},{"floor":43.0,"key":"MawBank"}],"event_choices":[{"cards_removed":["Strike_B"],"damage_healed":0.0,"max_hp_gain":0.0,"max_hp_loss":0.0,"gold_gain":0.0,"event_name":"Golden Wing","player_choice":"Card Removal","floor":3.0,"gold_loss":0.0,"damage_taken":7.0},{"damage_healed":0.0,"max_hp_gain":0.0,"max_hp_loss":0.0,"gold_gain":0.0,"event_name":"Mushrooms","player_choice":"Fought Mushrooms","floor":8.0,"gold_loss":0.0,"damage_taken":0.0},{"damage_healed":25.0,"max_hp_gain":0.0,"max_hp_loss":0.0,"gold_gain":0.0,"event_name":"Big Fish","player_choice":"Banana","floor":11.0,"gold_loss":0.0,"damage_taken":0.0},{"damage_healed":0.0,"max_hp_gain":0.0,"max_hp_loss":0.0,"gold_gain":100.0,"event_name":"Golden Shrine","player_choice":"Pray","floor":13.0,"gold_loss":0.0,"damage_taken":0.0},{"damage_healed":0.0,"max_hp_gain":0.0,"max_hp_loss":0.0,"gold_gain":0.0,"event_name":"FaceTrader","player_choice":"Trade","floor":21.0,"gold_loss":0.0,"damage_taken":0.0,"relics_obtained":["SsserpentHead"]},{"damage_healed":0.0,"max_hp_gain":0.0,"max_hp_loss":0.0,"gold_gain":0.0,"event_name":"Lab","player_choice":"Got Potions","floor":28.0,"gold_loss":0.0,"damage_taken":0.0},{"damage_healed":0.0,"max_hp_gain":0.0,"max_hp_loss":0.0,"gold_gain":0.0,"event_name":"Tomb of Lord Red Mask","player_choice":"Ignored","floor":36.0,"gold_loss":0.0,"damage_taken":0.0},{"damage_healed":0.0,"max_hp_gain":0.0,"max_hp_loss":0.0,"gold_gain":0.0,"event_name":"SensoryStone","player_choice":"Memory 1","floor":37.0,"gold_loss":0.0,"damage_taken":0.0}],"is_beta":false,"boss_relics":[{"not_picked":["Snecko Eye","Busted Crown"],"picked":"Empty Cage"},{"not_picked":["Inserter","FrozenCore"],"picked":"Calling Bell"}],"items_purged_floors":[25],"is_endless":false,"potions_floor_spawned":[4,10,12,14,16,20,29,30,31,33,35,40,41,46],"killed_by":"Awakened One","ascension_level":7}}