{"host":"dn6kke80v5f7isus","time":1610085274,"event":{"mods":["AchievementEnabler","Act Like it!","BaseMod","Colored Powertips","Custom Start","Defuse TimeMaze Blight","Downfall","Duelist Mod","Gremlin Skip","Highlight Path","Hubris","Infinite Spire","Minty Spire (QoL Compilation)","Rare Cards Sparkle","Replay The Spire","StSLib","Uncapped"],"gold_per_floor":[140,65,65,65,80,80,105,105,131,159,159,169,22,42,42,145,145,155,155,7,20,20,20,48,48,128,153,153,253,263,276,276,375,475,488,507,520,520,537,567,567,595,595,608,633,633,647,681,681,782,782,788,713,788,797,797,823,848,848,848,864,870,880,898,898,898,974,1024,1021,1020,1020,1026,644,665,671,671,671,102,102,110,110,117,117,192,192,201,201,208,208,208,218,218,204,254,254,254],"floor_reached":95,"playtime":4359,"items_purged":["theDuelist:Sparks+1"],"score":2110,"play_id":"0155a376-d44a-4796-bfa2-2e4f1cdb1536","local_time":"20210108005434","is_ascension_mode":true,"campfire_choices":[{"data":"theDuelist:Jinzo","floor":6,"key":"SMITH"},{"data":"theDuelist:RainbowNeos","floor":8,"key":"SMITH"},{"data":"theDuelist:BigFire","floor":11,"key":"SMITH"},{"data":"theDuelist:Eva","floor":15,"key":"SMITH"},{"data":"theDuelist:KamionTimelord","floor":23,"key":"SMITH"},{"data":"theDuelist:ClearKuriboh","floor":25,"key":"SMITH"},{"data":"theDuelist:KamionTimelord","floor":32,"key":"SMITH"},{"data":"theDuelist:RainbowRefraction","floor":41,"key":"SMITH"},{"data":"theDuelist:WingedKuribohLv10","floor":49,"key":"SMITH"},{"data":"theDuelist:MagicalStone+1","floor":59,"key":"SMITH"},{"floor":66,"key":"DIG"},{"data":"infinitespire:Collect","floor":76,"key":"SMITH"},{"data":"theDuelist:GravityBlaster","floor":81,"key":"SMITH"},{"floor":83,"key":"DIG"},{"data":"Madness","floor":92,"key":"SMITH"}],"circlet_count":0,"master_deck":["theDuelist:PotDuality","theDuelist:MagicalStone+3","theDuelist:CastleWalls+1","theDuelist:DunamesDarkWitch","theDuelist:KamionTimelord+1","theDuelist:ClearKuriboh+1","theDuelist:RainbowKuriboh","theDuelist:WingedKuribohLv10+1","theDuelist:CastleWalls","Secret Technique","infinitespire:Collect+1","theDuelist:Eva+1","theDuelist:RainbowDragon+1","theDuelist:RainbowFlower+1","theDuelist:Eva","theDuelist:Jinzo+1","theDuelist:SuperSolarNutrient+1","theDuelist:KamionTimelord+1","theDuelist:RainbowRefraction+1","theDuelist:BigFire+1","theDuelist:Hayate+1","theDuelist:Eva+1","theDuelist:RainbowKuribohBasic","theDuelist:CrystalRaigeki+1","theDuelist:GravityBlaster+1","theDuelist:Sparks+1","theDuelist:DunamesDarkWitch+1","theDuelist:RainbowNeos+1","theDuelist:GravityBlaster+1","theDuelist:KamionTimelord+1","theDuelist:BigFire+1","theDuelist:Mausoleum+1","theDuelist:HappyLover+1","theDuelist:RainbowLife+1","theDuelist:MonsterReborn+1","theDuelist:RainbowNeos+1","theDuelist:RainbowKuriboh+1","theDuelist:GravityBlaster+1","theDuelist:RainbowKuriboh+1","theDuelist:WhiteHowling+1","theDuelist:RainbowMagician","theDuelist:WhiteHowling+1","theDuelist:RainbowDarkDragon+1","theDuelist:RainbowDarkDragon+1","infinitespire:FutureSight","theDuelist:RainbowDragon+1","Madness+1","Madness","theDuelist:RareDragonMetronome+1","theDuelist:RainbowKuriboh+1"],"relics":["theDuelist:MillenniumPuzzle","theDuelist:CardPoolRelic","theDuelist:CardPoolBasicRelic","theDuelist:BoosterPackPoolRelic","theDuelist:CardPoolAddRelic","theDuelist:CardPoolMinusRelic","theDuelist:CardPoolSaveRelic","theDuelist:CardPoolOptionsRelic","Omamori","Mirror","infinitespire:CheckeredPen","Vajra","infinitespire:Broken Mirror","theDuelist:MillenniumArmor","Runic Pyramid","theDuelist:ArmorPlateB","Whetstone","Replay:Bottled Eggs","infinitespire:Satchel","Replay:Wanted Poster","theDuelist:MetronomeRelicD","Sundial","hexamod:BolsterEngine","hubris:Reverence","theDuelist:ElectricToken","Black Star","Replay:Mystery Machine","hubris:TenFootPole","Akabeko","infinitespire:ShieldingShard","Kunai","ReplayFunnel","Strawberry","Potion Belt","hubris:ToyBattleship","Tiny House","Lantern","PreservedInsect","War Paint","Anchor","Bottled Lightning","Replay:WaspNest","theDuelist:ArmorPlateE","Counterbalance","theDuelist:DuelistOrichalcum","theDuelist:HauntedRelic","Bag of Marbles","FossilizedHelix","Gremlin Food"],"acts_visited":["Exordium","TheCity","TheBeyond","Exordium","TheCity","TheBeyond"],"potions_floor_usage":[24,33,33,39,42,57,61,61,61,67,72,78],"damage_taken":[{"damage":0,"enemies":"Cultist","floor":1,"turns":3},{"damage":0,"enemies":"2 Louse","floor":5,"turns":2},{"damage":0,"enemies":"Gremlin Nob","floor":7,"turns":3},{"damage":0,"enemies":"Lagavulin","floor":10,"turns":4},{"damage":0,"enemies":"Jaw Worm","floor":12,"turns":1},{"damage":0,"enemies":"Exordium Thugs","floor":14,"turns":1},{"damage":21,"enemies":"Fading Forest","floor":16,"turns":11},{"damage":0,"enemies":"Spheric Guardian","floor":18,"turns":2},{"damage":0,"enemies":"Shell Parasite","floor":21,"turns":3},{"damage":0,"enemies":"Slavers","floor":24,"turns":2},{"damage":0,"enemies":"Replay:Snechameleon","floor":27,"turns":3},{"damage":0,"enemies":"Snecko","floor":30,"turns":3},{"damage":0,"enemies":"Shelled Parasite and Fungi","floor":31,"turns":4},{"damage":17,"enemies":"Collector","floor":33,"turns":5},{"damage":0,"enemies":"Orb Walker","floor":35,"turns":2},{"damage":0,"enemies":"3 Darklings","floor":36,"turns":2},{"damage":0,"enemies":"Spire Growth","floor":37,"turns":3},{"damage":0,"enemies":"Jaw Worm Horde","floor":39,"turns":2},{"damage":0,"enemies":"R_Hoarder","floor":40,"turns":8},{"damage":26,"enemies":"Nightmare","floor":42,"turns":8},{"damage":0,"enemies":"Sphere and 2 Shapes","floor":44,"turns":3},{"damage":0,"enemies":"Giant Head","floor":45,"turns":6},{"damage":0,"enemies":"Transient","floor":47,"turns":5},{"damage":0,"enemies":"R_Hoarder","floor":48,"turns":8},{"damage":0,"enemies":"Replay:Hell Engine","floor":50,"turns":7},{"damage":0,"enemies":"2 Louse","floor":52,"turns":1},{"damage":0,"enemies":"Small Slimes","floor":55,"turns":1},{"damage":0,"enemies":"Gremlin Nob","floor":57,"turns":3},{"damage":0,"enemies":"3 Sentries","floor":61,"turns":3},{"damage":0,"enemies":"Cultist","floor":62,"turns":1},{"damage":0,"enemies":"Looter","floor":63,"turns":1},{"damage":0,"enemies":"Lagavulin","floor":64,"turns":2},{"damage":0,"enemies":"Hexaghost","floor":67,"turns":4},{"damage":0,"enemies":"Chosen","floor":69,"turns":3},{"damage":0,"enemies":"2 Thieves","floor":70,"turns":2},{"damage":7,"enemies":"Centurion and Healer","floor":72,"turns":2},{"damage":0,"enemies":"Book of Stabbing","floor":74,"turns":2},{"damage":0,"enemies":"Snecko","floor":75,"turns":3},{"damage":0,"enemies":"Cultist and Chosen","floor":80,"turns":3},{"damage":0,"enemies":"Shelled Parasite and Fungi","floor":82,"turns":2},{"damage":0,"enemies":"Automaton","floor":84,"turns":6},{"damage":0,"enemies":"3 Shapes","floor":86,"turns":2},{"damage":0,"enemies":"Orb Walker","floor":88,"turns":2},{"damage":0,"enemies":"R_Hoarder","floor":91,"turns":2},{"damage":0,"enemies":"Spire Growth","floor":93,"turns":3},{"damage":0,"enemies":"Sphere and 2 Shapes","floor":95,"turns":1}],"seed_played":"1178450570743793059","potions_obtained":[{"floor":10,"key":"Ancient Potion"},{"floor":12,"key":"Elixir"},{"floor":16,"key":"Fire Potion"},{"floor":24,"key":"BlessingOfTheForge"},{"floor":33,"key":"SteroidPotion"},{"floor":35,"key":"BloodPotion"},{"floor":39,"key":"ColorlessPotion"},{"floor":44,"key":"theDuelist:BurningPotion"},{"floor":57,"key":"theDuelist:BurningPotion"},{"floor":61,"key":"theDuelist:FlamingBottle"},{"floor":64,"key":"theDuelist:StunPotion"},{"floor":68,"key":"FearPotion"},{"floor":69,"key":"theDuelist:StunPotion"},{"floor":70,"key":"theDuelist:CoolBottle"},{"floor":75,"key":"HeartOfIron"},{"floor":88,"key":"sneckomod:MuddlingPotion"}],"is_trial":false,"path_per_floor":["M","$","?","T","M","R","E","R","T","E","R","M","$","M","R","B",null,"M","?","$","M","$","R","E","R","T","E","?","?","M","M","R","B",null,"M","M","M","$","M","E","R","NM","T","M","E","?","M","E","R","B",null,"M","$","?","M","?","E","T","R","T","E","M","M","E","?","R","B",null,"M","M","?","M","$","E","M","R","T","$","?","M","R","M","R","B",null,"M","?","M","?","$","E","R","M","T","M"],"character_chosen":"THE_DUELIST","items_purchased":["theDuelist:Jinzo","theDuelist:MillenniumArmor","theDuelist:ArmorPlateB","PreservedInsect","War Paint","theDuelist:GravityBlaster","theDuelist:ArmorPlateE","Fruit Juice","theDuelist:RainbowMagician","Counterbalance"],"campfire_rested":0,"item_purchase_floors":[2,13,20,73,73,73,78,78,78,78],"current_hp_per_floor":[88,88,88,88,88,88,88,88,88,88,88,88,88,88,88,85,96,96,96,96,96,96,96,96,96,96,96,96,96,96,96,96,79,96,96,96,96,96,96,96,96,70,70,70,70,70,70,70,70,70,96,96,96,85,85,66,85,85,85,85,85,85,85,92,92,92,92,108,108,108,108,101,101,101,101,101,101,106,106,106,106,106,106,106,113,113,113,113,106,106,106,106,106,106,106,106],"gold":254,"neow_bonus":"TEN_PERCENT_HP_BONUS","is_daily":false,"chose_seed":false,"campfire_upgraded":13,"win_rate":0.0,"timestamp":1610085274,"path_taken":["M","?","?","?","?","R","E","R","T","E","R","M","$","M","R","BOSS","M","?","$","M","$","R","E","R","T","E","?","?","M","M","R","BOSS","M","?","M","$","M","E","R","NM","T","M","E","?","M","E","R","BOSS","M","$","?","M","?","E","?","R","T","E","M","M","E","?","R","BOSS","M","M","?","M","$","E","M","R","T","?","?","?","R","M","R","BOSS","M","?","M","?","?","E","R","M","T","?"],"items_purchased_type":["Card","Relic","Relic","Relic","Relic","Card","Relic","Potion","Card","Relic"],"build_version":"2020-12-22","purchased_purges":1,"victory":false,"max_hp_per_floor":[88,88,88,88,88,88,88,88,88,88,88,88,88,88,88,96,96,96,96,96,96,96,96,96,96,96,96,96,96,96,96,96,96,96,96,96,96,96,96,96,96,96,96,96,96,96,96,96,96,96,96,96,96,96,96,96,96,96,96,96,96,96,96,103,103,103,103,108,108,108,108,108,108,108,108,108,108,113,113,113,113,113,113,113,113,113,113,113,113,113,113,113,113,113,113,113],"card_choices":[{"not_picked":["theDuelist:BlizzardWarrior","theDuelist:DarkMagician","theDuelist:YamataDragon","theDuelist:CurseDragon","theDuelist:Kasha"],"picked":"SKIP","floor":1},{"not_picked":["theDuelist:BlizzardDefender","theDuelist:IslandTurtle","theDuelist:BigWhale","theDuelist:RainbowRuins","theDuelist:GemKnightAmethyst"],"picked":"SKIP","floor":5},{"not_picked":["theDuelist:AlphaMagnet","theDuelist:TwinHeadedFire","theDuelist:IslandTurtle","theDuelist:MysticalElf","theDuelist:Yami"],"picked":"SKIP","floor":7},{"not_picked":["theDuelist:OneForOne","theDuelist:PotForbidden","theDuelist:PotGenerosity","theDuelist:WingedKuribohLv10"],"picked":"theDuelist:BigFire","floor":10},{"not_picked":["theDuelist:Cloning","theDuelist:Hinotama+1","theDuelist:OneForOne+1","theDuelist:DestructPotion"],"picked":"theDuelist:MagicalStone+1","floor":12},{"not_picked":["theDuelist:BlastAsmodian","theDuelist:WanderingKing","theDuelist:RainbowOverdragon"],"picked":"SKIP","floor":14},{"not_picked":["theDuelist:GoldenBlastJuggler","theDuelist:DarkMasterZorc","theDuelist:QueenDragunDjinn","theDuelist:WingedKuribohLv10"],"picked":"theDuelist:KamionTimelord","floor":16},{"not_picked":["theDuelist:SuperancientDinobeast","theDuelist:DunamesDarkWitch","theDuelist:MaleficRainbowDragon","theDuelist:RainbowOverdragon+1"],"picked":"theDuelist:RainbowDragon","floor":18},{"not_picked":["theDuelist:RainbowFlower","theDuelist:MaleficRainbowDragon","theDuelist:IrisEarthMother","theDuelist:KamionTimelord"],"picked":"theDuelist:DunamesDarkWitch","floor":21},{"not_picked":["theDuelist:AmphibiousBugroth","theDuelist:FluteSummoning","theDuelist:WhiteHornDragon+1","theDuelist:RainbowLife"],"picked":"theDuelist:ClearKuriboh","floor":24},{"not_picked":["theDuelist:SpiralSpearStrike","theDuelist:BookSecret+1","theDuelist:VioletCrystal","theDuelist:Yami"],"picked":"theDuelist:RainbowRefraction","floor":27},{"not_picked":["theDuelist:GravityBlaster","theDuelist:Yami+1","theDuelist:RainbowRuins","theDuelist:RainbowBridge"],"picked":"theDuelist:PotDuality","floor":30},{"not_picked":["theDuelist:NeoMagic","theDuelist:Blockman+1","theDuelist:ClearKuriboh","theDuelist:ShadowVampire"],"picked":"theDuelist:KamionTimelord","floor":31},{"not_picked":["theDuelist:VampireGrace","theDuelist:DarkMasterZorc","theDuelist:SangaWater","theDuelist:RainbowMagician"],"picked":"theDuelist:WingedKuribohLv10","floor":33},{"not_picked":["theDuelist:NeoMagic","theDuelist:FlyingSaucer+1","theDuelist:ShallowGrave","theDuelist:PatricianDarkness+1"],"picked":"theDuelist:Eva+1","floor":35},{"not_picked":["theDuelist:DragonZombie+1","theDuelist:CallMummy+1","theDuelist:GreenGadget","theDuelist:GadgetSoldier"],"picked":"theDuelist:GravityBlaster+1","floor":36},{"not_picked":["theDuelist:WhiteHowling","theDuelist:OhFish+1","theDuelist:StatueAnguishPattern","theDuelist:RainbowLife"],"picked":"theDuelist:CrystalRaigeki+1","floor":37},{"not_picked":["theDuelist:KingYami+1","theDuelist:SevenColoredFish+1","theDuelist:DarkMagician+1","theDuelist:MaskedDragon","theDuelist:GoblinZombie+1"],"picked":"SKIP","floor":39},{"not_picked":["theDuelist:MaleficRainbowDragon","theDuelist:WingedKuribohLv9","theDuelist:ZombieMammoth+1","theDuelist:RainbowBridge+1"],"picked":"theDuelist:RainbowKuriboh","floor":40},{"not_picked":["ReplayTheSpireMod:Echoes of Time","infinitespire:SealOfDarkness+"],"picked":"infinitespire:Collect","floor":42},{"not_picked":["theDuelist:BigFire","theDuelist:MagicalStone","theDuelist:PotDuality+1","theDuelist:MachineMetronome+1"],"picked":"theDuelist:SuperSolarNutrient+1","floor":42},{"not_picked":["theDuelist:RainbowNeos+1","theDuelist:HappyLover","theDuelist:RainbowDragon","theDuelist:MaleficRainbowDragon+1"],"picked":"theDuelist:Eva","floor":44},{"not_picked":["Chrysalis","Forethought","Jack Of All Trades"],"picked":"Secret Technique","floor":45},{"not_picked":["theDuelist:BigFire+1","theDuelist:SuperSolarNutrient+1","theDuelist:CrystalRaigeki+1","theDuelist:MachineMetronome+1"],"picked":"theDuelist:GravityBlaster+1","floor":47},{"not_picked":["theDuelist:DesLacooda","theDuelist:WanderingKing","theDuelist:CatShark+1","theDuelist:CurseDragon","theDuelist:AlphaMagnet+1"],"picked":"SKIP","floor":48},{"not_picked":["theDuelist:RainbowNeos+1","theDuelist:Eva","theDuelist:IrisEarthMother+1","theDuelist:RainbowOverdragon+1"],"picked":"theDuelist:KamionTimelord+1","floor":50},{"not_picked":["theDuelist:MudragonSwamp+1","theDuelist:PowerGiant+1","theDuelist:WormKing+1","theDuelist:BattleOx+1"],"picked":"theDuelist:BigFire+1","floor":52},{"not_picked":["theDuelist:GraniteLoyalist+1","theDuelist:PotDichotomy+1","theDuelist:BattleFootballer+1","theDuelist:BigFire+1"],"picked":"theDuelist:Mausoleum+1","floor":55},{"not_picked":["theDuelist:RainbowNeos+1","theDuelist:DunamesDarkWitch+1","theDuelist:RainbowDragon+1","theDuelist:RainbowOverdragon+1"],"picked":"theDuelist:HappyLover+1","floor":57},{"not_picked":["theDuelist:CurseDragon+1","theDuelist:CatShark+1","theDuelist:CrystalEmeraldTortoise+1","theDuelist:FrillerRabca+1"],"picked":"theDuelist:RainbowLife+1","floor":61},{"not_picked":["theDuelist:SpiritPharaoh+1","theDuelist:RevivalJam+1","theDuelist:GraydleSlimeJr+1","theDuelist:CosmicHorrorGangiel+1","theDuelist:IronCall+1"],"picked":"SKIP","floor":62},{"not_picked":["theDuelist:BattleguardKing+1","theDuelist:EarthquakeGiant+1","theDuelist:GauntletWarrior+1","theDuelist:LightningDarts+11","theDuelist:SolemnStrike+1"],"picked":"SKIP","floor":63},{"not_picked":["theDuelist:Kasha+1","theDuelist:GraydleSlimeJr+1","theDuelist:BlizzardThunderbird+1","theDuelist:BabyDragon+1","theDuelist:SpiritPharaoh+1"],"picked":"SKIP","floor":64},{"not_picked":["theDuelist:SangaWater+1","theDuelist:SwordsRevealing+1","theDuelist:KamionTimelord+1","theDuelist:RainbowJar+1"],"picked":"theDuelist:MonsterReborn+1","floor":67},{"not_picked":["theDuelist:YamataDragon+1","theDuelist:DesLacooda+1","theDuelist:CaveDragon+1","theDuelist:RedGadget+1"],"picked":"theDuelist:RainbowNeos+1","floor":68},{"not_picked":["theDuelist:TyrantWing+1","theDuelist:Umi+1","theDuelist:Mountain+1","theDuelist:StatueAnguishPattern+1","theDuelist:RainbowRefraction+1"],"picked":"SKIP","floor":69},{"not_picked":["theDuelist:RainbowNeos+1","theDuelist:Eva+1","theDuelist:RainbowDragon+1","theDuelist:IrisEarthMother+1"],"picked":"theDuelist:RainbowKuriboh+1","floor":70},{"not_picked":["theDuelist:GaiaMidNightSun+1","theDuelist:DropOff+1","theDuelist:WormWarlord+1","theDuelist:FluteKuriboh+1","theDuelist:PowerGiant+1"],"picked":"SKIP","floor":72},{"not_picked":["theDuelist:RainbowFlower+1","theDuelist:RainbowDragon+1","theDuelist:MaleficRainbowDragon+1","theDuelist:RainbowOverdragon+1"],"picked":"theDuelist:RainbowKuriboh+1","floor":74},{"not_picked":["theDuelist:CrystalRaigeki+1","theDuelist:RainbowGravity+1","theDuelist:StatueAnguishPattern+1","theDuelist:RainbowJar+1"],"picked":"theDuelist:WhiteHowling+1","floor":75},{"not_picked":["theDuelist:IronDraw+1","theDuelist:OhFish+1","theDuelist:TyrantWing+1","theDuelist:CrystalRaigeki+1"],"picked":"theDuelist:WhiteHowling+1","floor":80},{"not_picked":["theDuelist:Eva+1","theDuelist:RainbowDragon+1","theDuelist:MaleficRainbowDragon+1","theDuelist:KamionTimelord+1"],"picked":"theDuelist:RainbowDarkDragon+1","floor":82},{"not_picked":["theDuelist:Metronome+1","theDuelist:MonsterReborn+1","theDuelist:QueenDragunDjinn+1","theDuelist:StardustDragon+1"],"picked":"theDuelist:RainbowDarkDragon+1","floor":84},{"not_picked":["Replay:Fractal Strike","infinitespire:FinalStrike"],"picked":"infinitespire:FutureSight","floor":85},{"not_picked":["theDuelist:SpiritPharaoh+1","theDuelist:WhiteMagicalHat+1","theDuelist:GadgetSoldier+1","theDuelist:SangaEarth+1","theDuelist:FearFromDark+1"],"picked":"SKIP","floor":86},{"not_picked":["theDuelist:VampireFraulein+1","theDuelist:KingYami+1","theDuelist:NeoMagic+1","theDuelist:BlastAsmodian+1"],"picked":"theDuelist:RainbowDragon+1","floor":88},{"not_picked":["theDuelist:GravityBlaster+1","theDuelist:PelagicMetronome+1","theDuelist:ArcaneMetronome+1","theDuelist:MetalRaidersMetronome+1"],"picked":"theDuelist:RareDragonMetronome+1","floor":91},{"not_picked":["theDuelist:DunamesDarkWitch+1","theDuelist:RainbowDragon+1","theDuelist:MaleficRainbowDragon+1","theDuelist:RainbowMagician+1"],"picked":"theDuelist:RainbowKuriboh+1","floor":93}],"player_experience":542125,"relics_obtained":[{"floor":3,"key":"Omamori"},{"floor":4,"key":"Mirror"},{"floor":7,"key":"infinitespire:CheckeredPen"},{"floor":9,"key":"Vajra"},{"floor":10,"key":"infinitespire:Broken Mirror"},{"floor":24,"key":"Whetstone"},{"floor":26,"key":"Replay:Bottled Eggs"},{"floor":27,"key":"infinitespire:Satchel"},{"floor":40,"key":"theDuelist:MetronomeRelicD"},{"floor":42,"key":"Sundial"},{"floor":43,"key":"hexamod:BolsterEngine"},{"floor":45,"key":"hubris:Reverence"},{"floor":48,"key":"theDuelist:ElectricToken"},{"floor":57,"key":"Replay:Mystery Machine"},{"floor":57,"key":"hubris:TenFootPole"},{"floor":58,"key":"Akabeko"},{"floor":60,"key":"infinitespire:ShieldingShard"},{"floor":61,"key":"Kunai"},{"floor":61,"key":"ReplayFunnel"},{"floor":64,"key":"Strawberry"},{"floor":64,"key":"Potion Belt"},{"floor":66,"key":"hubris:ToyBattleship"},{"floor":74,"key":"Anchor"},{"floor":74,"key":"Bottled Lightning"},{"floor":77,"key":"Replay:WaspNest"},{"floor":83,"key":"theDuelist:DuelistOrichalcum"},{"floor":91,"key":"Bag of Marbles"},{"floor":91,"key":"FossilizedHelix"},{"floor":94,"key":"Gremlin Food"}],"event_choices":[{"damage_healed":0,"gold_gain":0,"player_choice":"Ignored","damage_taken":0,"max_hp_gain":0,"max_hp_loss":0,"event_name":"Ghosts","floor":28,"gold_loss":0},{"damage_healed":0,"gold_gain":100,"player_choice":"Pray","damage_taken":0,"max_hp_gain":0,"max_hp_loss":0,"event_name":"Golden Shrine","floor":29,"gold_loss":0},{"damage_healed":0,"gold_gain":0,"player_choice":"Leave","duelist":true,"damage_taken":0,"max_hp_gain":0,"max_hp_loss":0,"event_name":"Egyptian Village","floor":46,"gold_loss":0},{"damage_healed":0,"gold_gain":75,"player_choice":"Gather Gold","damage_taken":11,"max_hp_gain":0,"max_hp_loss":0,"event_name":"World of Goop","floor":54,"gold_loss":0},{"damage_healed":0,"gold_gain":0,"player_choice":"Entered Light","damage_taken":19,"max_hp_gain":0,"max_hp_loss":0,"event_name":"Shining Light","floor":56,"gold_loss":0,"cards_upgraded":["theDuelist:RainbowFlower","theDuelist:Hayate"]},{"damage_healed":0,"gold_gain":0,"player_choice":"Gave Potion","damage_taken":0,"relics_obtained":["Lantern"],"max_hp_gain":0,"max_hp_loss":0,"event_name":"WeMeetAgain","floor":71,"gold_loss":0},{"damage_healed":0,"gold_gain":0,"player_choice":"Embrace Madness","damage_taken":14,"max_hp_gain":0,"max_hp_loss":0,"event_name":"Winding Halls","floor":89,"gold_loss":0,"cards_obtained":["Madness","Madness"]}],"is_beta":false,"boss_relics":[{"not_picked":["Ooze Armor","Kintsugi"],"picked":"Runic Pyramid"},{"not_picked":["Runic Dome","ChewingGum"],"picked":"Replay:Wanted Poster"},{"not_picked":["Philosopher\u0027s Stone","ReplayTheSpireMod:DimensionalGlitch"],"picked":"Black Star"},{"not_picked":["Painkiller Herb","Velvet Choker"],"picked":"Tiny House"},{"not_picked":["Snecko Eye","ReplayTheSpireMod:SealedPack"],"picked":"theDuelist:HauntedRelic"}],"items_purged_floors":[53],"is_endless":true,"potions_floor_spawned":[10,12,16,24,27,33,35,39,44,47,50,52,57,61,64,69,70,75,88],"killed_by":"Sphere and 2 Shapes","ascension_level":2}}