{"host":"9fh35csyvbzgxvf9","time":1610067799,"event":{"mods":["BaseMod","Block Reminder","Colored Map","DeckTracker","Minty Spire (QoL Compilation)"],"gold_per_floor":[361,53,63,23,40,40,50,63,118,134,150,180,191,220,220,317,317,284,297,310,310,310],"floor_reached":21,"playtime":1751,"items_purged":[],"score":197,"play_id":"bd5fd122-70c8-455c-816c-5129ce50c5e5","local_time":"20210107200319","is_ascension_mode":false,"campfire_choices":[{"data":"Catalyst","floor":6.0,"key":"SMITH"},{"floor":15.0,"key":"REST"}],"circlet_count":0,"master_deck":["Strike_G","Strike_G+1","Strike_G","Strike_G","Strike_G","Defend_G","Defend_G","Defend_G","Defend_G","Defend_G","Survivor","Neutralize","Outmaneuver","Catalyst+1","Noxious Fumes","Poisoned Stab+1","Dodge and Roll","Noxious Fumes","Distraction","Footwork","Backflip","Catalyst","PiercingWail","After Image","Deadly Poison","Prepared","Backflip"],"relics":["Ring of the Snake","Oddly Smooth Stone","Whetstone","Ninja Scroll","Dream Catcher","HoveringKite"],"acts_visited":[],"potions_floor_usage":[],"damage_taken":[{"damage":0.0,"enemies":"Jaw Worm","floor":1.0,"turns":3.0},{"damage":0.0,"enemies":"Cultist","floor":3.0,"turns":5.0},{"damage":0.0,"enemies":"2 Louse","floor":5.0,"turns":3.0},{"damage":7.0,"enemies":"2 Fungi Beasts","floor":7.0,"turns":4.0},{"damage":4.0,"enemies":"Exordium Thugs","floor":8.0,"turns":6.0},{"damage":6.0,"enemies":"Blue Slaver","floor":10.0,"turns":4.0},{"damage":7.0,"enemies":"Exordium Wildlife","floor":11.0,"turns":4.0},{"damage":10.0,"enemies":"Gremlin Nob","floor":12.0,"turns":5.0},{"damage":0.0,"enemies":"Lots of Slimes","floor":13.0,"turns":4.0},{"damage":13.0,"enemies":"3 Sentries","floor":14.0,"turns":7.0},{"damage":7.0,"enemies":"Hexaghost","floor":16.0,"turns":7.0},{"damage":10.0,"enemies":"2 Thieves","floor":18.0,"turns":5.0},{"damage":21.0,"enemies":"Shell Parasite","floor":19.0,"turns":5.0},{"damage":17.0,"enemies":"Snake Plant","floor":20.0,"turns":6.0},{"damage":18,"enemies":"Sentry and Sphere","floor":21,"turns":3}],"seed_played":"-3670712146930403798","potions_obtained":[{"floor":4.0,"key":"Weak Potion"},{"floor":4.0,"key":"Dexterity Potion"},{"floor":4.0,"key":"Dexterity Potion"},{"floor":10.0,"key":"AttackPotion"},{"floor":12.0,"key":"DistilledChaos"},{"floor":13.0,"key":"SteroidPotion"},{"floor":16.0,"key":"Ancient Potion"},{"floor":19.0,"key":"Fire Potion"}],"is_trial":false,"path_per_floor":["M","$","M","?","M","R","M","M","T","M","M","E","M","E","R","B",null,"M","M","M","M"],"character_chosen":"THE_SILENT","items_purchased":["Oddly Smooth Stone","Catalyst","Noxious Fumes"],"campfire_rested":1,"item_purchase_floors":[2,2,2],"current_hp_per_floor":[63,63,63,63,63,63,56,52,52,46,39,29,29,16,34,27,63,53,32,15,0,0],"gold":310,"neow_bonus":"TWO_FIFTY_GOLD","is_daily":false,"chose_seed":false,"campfire_upgraded":1,"win_rate":0.0,"timestamp":1610067799,"path_taken":["M","$","M","?","M","R","M","M","T","M","M","E","M","E","R","BOSS","M","M","M","M"],"items_purchased_type":["Relic","Card","Card"],"build_version":"2020-12-22","purchased_purges":0,"victory":false,"max_hp_per_floor":[63,63,63,63,63,63,63,63,63,63,63,63,63,63,63,63,63,63,63,63,63,63],"card_choices":[{"not_picked":["Flying Knee","Endless Agony"],"picked":"Outmaneuver","floor":1.0},{"not_picked":["Calculated Gamble","Blade Dance"],"picked":"Poisoned Stab","floor":3.0},{"not_picked":["Slice","Crippling Poison"],"picked":"Dodge and Roll","floor":5.0},{"not_picked":["Concentrate","Dagger Spray"],"picked":"Noxious Fumes","floor":7.0},{"not_picked":["Concentrate","Dash","Flechettes"],"picked":"SKIP","floor":8.0},{"not_picked":["Quick Slash","Blade Dance"],"picked":"Distraction","floor":10.0},{"not_picked":["Adrenaline","Terror"],"picked":"Footwork","floor":11.0},{"not_picked":["Setup","Concentrate","Crippling Poison"],"picked":"SKIP","floor":12.0},{"not_picked":["Deflect","Flying Knee"],"picked":"Backflip","floor":13.0},{"not_picked":["Dagger Spray","Tools of the Trade"],"picked":"Catalyst","floor":14.0},{"not_picked":["Cloak And Dagger","Finisher"],"picked":"PiercingWail","floor":15.0},{"not_picked":["Malaise","Grand Finale"],"picked":"After Image","floor":16.0},{"not_picked":["Flechettes","Slice"],"picked":"Deadly Poison","floor":18.0},{"not_picked":["Quick Slash","Riddle With Holes"],"picked":"Prepared","floor":19.0},{"not_picked":["Cloak And Dagger","Flechettes"],"picked":"Backflip","floor":20.0}],"player_experience":284177,"relics_obtained":[{"floor":9.0,"key":"Whetstone"},{"floor":12.0,"key":"Ninja Scroll"},{"floor":14.0,"key":"Dream Catcher"}],"event_choices":[{"damage_healed":0.0,"max_hp_gain":0.0,"max_hp_loss":0.0,"gold_gain":0.0,"event_name":"The Woman in Blue","player_choice":"Bought 3 Potions","floor":4.0,"gold_loss":0.0,"damage_taken":0.0}],"is_beta":false,"boss_relics":[{"not_picked":["SlaversCollar","WristBlade"],"picked":"HoveringKite"}],"items_purged_floors":[],"is_endless":false,"potions_floor_spawned":[8,10,11,12,13,16,19],"killed_by":"Sentry and Sphere","ascension_level":0}}