{"host":"njruw0b0uprlitpx","time":1610085316,"event":{"mods":["2.2 Compatiblity","Bartender","BaseMod","Better Altar","Better Match","Better Note","Better Sensory Stone","Better Skull","Better Third Choice","BetterRewards","Block Reminder","Colored Map","Colored Powertips","Energized Spire","Jedi Mod","Keyboard Shortcuts","Minty Spire (QoL Compilation)","Quick Restart","Rare Cards Sparkle","Relic Stats","Replay The Spire","SacredBarkPlus","Shade Mod","Spicy Shops","StSLib","SuperFastMode","The Blackbeard","The Bug Knight","The Construct","The Dragon Tamer","The Forsaken","The Gatherer","The Mystic","The Necromancer","The Runesmith","Wandering Minibosses"],"gold_per_floor":[111,111,111,26,47,47,65,104,176,176,207,207,207,22,22,142,142,157,157,52,75,75,75,110,134,158,179,197,212,256,269,269,390,390,415,391,316,16,16,16,16,16,16,16,16,16,16,16,16,16,16],"floor_reached":50,"playtime":5151,"items_purged":["Normality","Shade:Carnophage"],"score":1142,"play_id":"3e82add5-900d-49ba-89b3-3ce9968444ba","local_time":"20210107235516","is_ascension_mode":true,"campfire_choices":[{"data":"Shade:SensePrey","floor":6,"key":"SMITH"},{"data":"Shade:AuraOfUnlife","floor":12,"key":"SMITH"},{"data":"Shade:FreshBones","floor":15,"key":"SMITH"},{"data":"Shade:FreshBones","floor":23,"key":"SMITH"},{"floor":32,"key":"REST"},{"data":"Shade:SkeletonArmy","floor":44,"key":"SMITH"},{"data":"Shade:CallWraith","floor":46,"key":"SMITH"},{"data":"Shade:DarkOfNight","floor":49,"key":"SMITH"}],"circlet_count":0,"master_deck":["Shade:AnimateDead","Shade:FreshBones+1","Shade:AuraOfUnlife+1","Shade:Bonestorm+1","Shade:OpenGraves+1","Shade:FuneraryJewels","Shade:LoseControl+1","Shade:Brains","Shade:FreshBones+1","Shade:PotionOfRestlessness","Shade:SensePrey+1","Shade:Coordination+1","Shade:CommandSoldier","Shade:CommandSoldier","Shade:LoseControl","Shade_Step+1","Shade:SkeletonHug","Shade:SkeletonHug","Shade:WallOfFlesh","Shade:FreshBones+1","Shade:ExtraLimbs+1","Shade:BoneShards","Shade:Bite_Shade","Shade:Haruspicy","Shade:OneIsEnough+1","Shade:ClawBack","Shade:AncientSpear","Shade:Consume","Shade:CallWraith+1","Shade:SkeletonArmy+1","Shade:CloudOfShrapnel","Shade:FuneraryJewels+1","Shade:OminousRitual","Shade:DarkOfNight+1","Shade:GraveStillness+1","Shade:PoundOfFlesh"],"relics":["Shade:YorickSkull","Du-Vu Doll","ReplayTheSpireMod:CursedCoin","Lee\u0027s Waffle","Orrery","Turnip","jedi:tokenofwealth","Golden Idol","Ancient Tea Set","Replay:Accelerometer","Simple Rune","PreservedInsect","energizedSpire:NeverEndingSparkler","Smiling Mask","Replay:Baseball","Replay:PocketPolymizer","Pandora\u0027s Box","jedi:ominousloannote","ReplayTheSpireMod:TigerMarble","jedi:shrinkray","Guide Book","Blue Doll","CeramicFish","jedi:cryingmask","Replay:Bandana"],"acts_visited":["Exordium","TheCity","TheBeyond"],"potions_floor_usage":[16,30,31,33,40,40,50],"damage_taken":[{"damage":4,"enemies":"Jaw Worm","floor":1,"turns":2},{"damage":0,"enemies":"2 Louse","floor":5,"turns":2},{"damage":0,"enemies":"Cultist","floor":7,"turns":3},{"damage":3,"enemies":"HollowMod:MossKnight","floor":8,"turns":4},{"damage":0,"enemies":"Replay:BlueRogue","floor":11,"turns":4},{"damage":4,"enemies":"The Guardian","floor":16,"turns":6},{"damage":0,"enemies":"Chosen","floor":18,"turns":3},{"damage":7,"enemies":"Shell Parasite","floor":21,"turns":3},{"damage":4,"enemies":"Gremlin Leader","floor":24,"turns":3},{"damage":11,"enemies":"Snake Plant","floor":25,"turns":3},{"damage":7,"enemies":"Snecko","floor":27,"turns":5},{"damage":0,"enemies":"Cultist and Chosen","floor":28,"turns":4},{"damage":7,"enemies":"Centurion and Healer","floor":29,"turns":3},{"damage":17,"enemies":"Slavers","floor":30,"turns":2},{"damage":5,"enemies":"3 Cultists","floor":31,"turns":4},{"damage":13,"enemies":"Automaton","floor":33,"turns":5},{"damage":3,"enemies":"Orb Walker","floor":35,"turns":3},{"damage":6,"enemies":"Giant Head","floor":40,"turns":6},{"damage":5,"enemies":"HollowMod:StalkingDevout","floor":42,"turns":4},{"damage":0,"enemies":"3 Darklings","floor":47,"turns":2},{"damage":118,"enemies":"Awakened One","floor":50,"turns":10}],"seed_played":"-5037614833632563094","potions_obtained":[{"floor":5,"key":"Weak Potion"},{"floor":11,"key":"Death Potion"},{"floor":16,"key":"jedi:mysterypotion"},{"floor":33,"key":"jedi:wingpotion"},{"floor":35,"key":"Adrenaline Potion"},{"floor":47,"key":"Weak Potion"}],"is_trial":false,"path_per_floor":["M","?","?","$","M","R","M","E","T","?","E","R","?","$","R","B",null,"M","?","$","M","?","R","E","M","T","M","M","M","E","M","R","B",null,"M","$","?","$","T","E","$","E","T","R","$","R","M","?","R","B"],"character_chosen":"SHADE","items_purchased":["Shade:FreshBones","Shade:AuraOfUnlife","Shade:Bonestorm","ReplayTheSpireMod:CursedCoin","Lee\u0027s Waffle","Shade:OpenGraves+1","Orrery","Flashbang","Shade:PotionOfRestlessness","PreservedInsect","Shade:SkeletonHug","PowerPotion","jedi:ominousloannote","ReplayTheSpireMod:TigerMarble","jedi:shrinkray","Shade:SkeletonArmy","Guide Book"],"campfire_rested":1,"item_purchase_floors":[0,0,0,0,0,0,0,0,4,14,20,20,36,36,36,38,38],"current_hp_per_floor":[68,68,68,68,68,68,68,65,65,65,65,65,65,65,65,61,69,69,69,69,62,66,66,62,51,51,44,44,37,20,15,36,25,60,57,57,57,57,57,68,68,63,63,63,63,63,63,63,63,0,0],"gold":16,"neow_bonus":"","is_daily":false,"chose_seed":false,"campfire_upgraded":7,"win_rate":0.0,"timestamp":1610085316,"path_taken":["M","?","?","$","?","R","M","E","T","?","E","R","?","$","R","BOSS","M","?","$","M","?","R","E","M","T","M","M","?","E","M","R","BOSS","M","$","?","$","?","E","?","E","T","R","$","R","?","?","R","BOSS"],"items_purchased_type":["Card","Card","Card","Relic","Relic","Card","Relic","Potion","Card","Relic","Card","Potion","Relic","Relic","Relic","Card","Relic"],"build_version":"2020-12-22","purchased_purges":2,"victory":false,"max_hp_per_floor":[72,72,72,72,72,72,72,72,72,72,72,72,72,72,72,72,72,72,72,72,72,72,72,72,72,72,72,72,72,72,72,72,72,72,72,72,72,72,72,72,72,72,72,72,72,72,72,72,72,72,72],"relic_stats":{"Lee\u0027s Waffle":13,"counters":[71,238],"Golden Idol":140,"CeramicFish":0,"Pandora\u0027s Box":["Shade:ClawBack","Shade:AncientSpear","Shade:Carnophage","Shade:Frenzy","Shade:Frenzy","Shade:Consume","Shade:CallWraith"],"Turnip":[2],"PreservedInsect":276,"Smiling Mask":50,"obtain_stats":[{"Golden Egg":9,"Replay:Accelerometer":9,"CeramicFish":40,"Vajra":43,"HollowMod:VesselMask":0,"Bottled Tornado":40,"jedi:shrinkray":36,"Lizard Tail":49,"jedi:firstaidkit":0,"DollysMirror":37,"Replay:Wax Seal":0,"HollowMod:QueensCombRelic":0,"ReplayTheSpireMod:CursedCoin":20,"Dead Branch":6,"Astrolabe":17,"HollowMod:JonisBlessing":0,"Pen Nib":24,"HollowMod:IsmasTear":29,"Replay:Kaleidoscope":0,"Du-Vu Doll":0,"Runic Dome":17,"Replay:Baseball":23,"Brimstone":28,"energizedSpire:NeverEndingSparkler":17,"Bird Faced Urn":11,"Onion Ring":9,"Simple Rune":11,"Pandora\u0027s Box":34,"ReplayTheSpireMod:TigerMarble":36,"StrikeDummy":0,"Abe\u0027s Treasure":34,"Regal Pillow":12,"Replay:PocketPolymizer":30,"Enchiridion":30,"Mango":20,"Blue Doll":39,"Bag of Preparation":0,"jedi:Pinwheel":8,"Ancient Tea Set":10,"Cursed Key":34,"Smiling Mask":24,"SsserpentHead":19,"Nunchaku":47,"Replay:Bandana":43,"jedi:matchstick":43,"jedi:cryingmask":42,"Red Mask":22,"BargainBundle":0,"Lee\u0027s Waffle":0,"Golden Idol":2,"Guide Book":0,"PreservedInsect":14,"jedi:tokenofwealth":0,"Replay:Arrowhead":0,"jedi:ominousloannote":36,"Orrery":36,"Turnip":0,"Snack Pack":25,"Membership Card":12,"jedi:command_shop":28,"theForsaken:JudgementScales":0,"Toy Ornithopter":26,"TungstenRod":26,"ReplayTheSpireMod:ShopPack":0},{"Golden Egg":5,"Replay:Accelerometer":54,"CeramicFish":68,"Vajra":43,"HollowMod:VesselMask":0,"Bottled Tornado":19,"jedi:shrinkray":67,"Lizard Tail":22,"jedi:firstaidkit":0,"DollysMirror":17,"Replay:Wax Seal":0,"HollowMod:QueensCombRelic":0,"ReplayTheSpireMod:CursedCoin":10,"Dead Branch":4,"Astrolabe":31,"HollowMod:JonisBlessing":24,"Pen Nib":36,"HollowMod:IsmasTear":39,"Replay:Kaleidoscope":24,"Du-Vu Doll":50,"Runic Dome":9,"Replay:Baseball":12,"Brimstone":14,"energizedSpire:NeverEndingSparkler":56,"Bird Faced Urn":7,"Onion Ring":28,"Simple Rune":55,"Pandora\u0027s Box":66,"ReplayTheSpireMod:TigerMarble":67,"StrikeDummy":24,"Abe\u0027s Treasure":16,"Regal Pillow":29,"Replay:PocketPolymizer":64,"Enchiridion":14,"Mango":10,"Blue Doll":67,"Bag of Preparation":24,"jedi:Pinwheel":5,"Ancient Tea Set":28,"Cursed Key":40,"Smiling Mask":59,"SsserpentHead":10,"Nunchaku":21,"Replay:Bandana":69,"jedi:matchstick":20,"jedi:cryingmask":69,"Red Mask":35,"BargainBundle":24,"Lee\u0027s Waffle":50,"Golden Idol":51,"Guide Book":0,"PreservedInsect":55,"jedi:tokenofwealth":50,"Replay:Arrowhead":24,"jedi:ominousloannote":67,"Orrery":41,"Turnip":50,"Snack Pack":13,"Membership Card":7,"jedi:command_shop":14,"theForsaken:JudgementScales":0,"Toy Ornithopter":13,"TungstenRod":37,"ReplayTheSpireMod:ShopPack":0},{"Golden Egg":12,"Replay:Accelerometer":168,"CeramicFish":222,"Vajra":129,"HollowMod:VesselMask":0,"Bottled Tornado":54,"jedi:shrinkray":216,"Lizard Tail":65,"jedi:firstaidkit":0,"DollysMirror":49,"Replay:Wax Seal":0,"HollowMod:QueensCombRelic":0,"ReplayTheSpireMod:CursedCoin":26,"Dead Branch":9,"Astrolabe":91,"HollowMod:JonisBlessing":73,"Pen Nib":107,"HollowMod:IsmasTear":116,"Replay:Kaleidoscope":73,"Du-Vu Doll":157,"Runic Dome":23,"Replay:Baseball":33,"Brimstone":39,"energizedSpire:NeverEndingSparkler":178,"Bird Faced Urn":16,"Onion Ring":81,"Simple Rune":172,"Pandora\u0027s Box":213,"ReplayTheSpireMod:TigerMarble":216,"StrikeDummy":73,"Abe\u0027s Treasure":47,"Regal Pillow":84,"Replay:PocketPolymizer":204,"Enchiridion":39,"Mango":26,"Blue Doll":216,"Bag of Preparation":73,"jedi:Pinwheel":12,"Ancient Tea Set":81,"Cursed Key":122,"Smiling Mask":187,"SsserpentHead":26,"Nunchaku":63,"Replay:Bandana":226,"jedi:matchstick":59,"jedi:cryingmask":226,"Red Mask":104,"BargainBundle":73,"Lee\u0027s Waffle":157,"Golden Idol":159,"Guide Book":0,"PreservedInsect":172,"jedi:tokenofwealth":157,"Replay:Arrowhead":73,"jedi:ominousloannote":216,"Orrery":124,"Turnip":157,"Snack Pack":36,"Membership Card":16,"jedi:command_shop":39,"theForsaken:JudgementScales":0,"Toy Ornithopter":36,"TungstenRod":110,"ReplayTheSpireMod:ShopPack":0}]},"card_choices":[{"not_picked":["Shade:Frenzy","Shade:Trample"],"picked":"Shade:Bonestorm","floor":0},{"not_picked":["Shade:Doomsay","Shade:FuneraryArmor"],"picked":"Shade:FuneraryJewels","floor":0},{"not_picked":["Shade:AncientSpear","Shade:Premonition"],"picked":"Shade:LoseControl","floor":0},{"not_picked":["Shade:GraveStillness","Shade:AuraOfUnlife"],"picked":"Shade:Brains","floor":0},{"not_picked":["Shade:CoffinDance","Shade:Trample"],"picked":"Shade:FreshBones","floor":0},{"not_picked":["Shade:Bonestorm","Shade:ClawBack","Shade:FeralStrike"],"picked":"SKIP","floor":1},{"not_picked":["Shade:StitchTogether","Shade:ClawBack"],"picked":"Shade:SensePrey","floor":5},{"not_picked":["Shade:OpenGraves","Shade:Asphyxiate"],"picked":"Shade:Coordination","floor":7},{"not_picked":["Shade:GreyBargain","Shade:FuneraryJewels"],"picked":"Shade:CommandSoldier","floor":8},{"not_picked":["Shade:Bite_Shade","Shade:FingerOfDeath"],"picked":"Shade:CommandSoldier","floor":11},{"not_picked":["Shade:Coordination","Shade:Consume"],"picked":"Shade:LoseControl","floor":16},{"not_picked":["Shade:CallOfTheGrave","Shade:Haruspicy","Shade:CommandSoldier"],"picked":"SKIP","floor":18},{"not_picked":["Shade:Asphyxiate+1","Shade:AblativeArmor"],"picked":"Shade:WallOfFlesh","floor":21},{"not_picked":["Shade:SkeletonHug","Shade:Brains","Shade:AncientSpear"],"picked":"SKIP","floor":24},{"not_picked":["Shade:FleshToFlesh","Shade:Consume"],"picked":"Shade:FreshBones+1","floor":25},{"not_picked":["Shade:Bonestorm","Shade:ScuttlingHand","Shade:FreshBones"],"picked":"SKIP","floor":27},{"not_picked":["Shade:AblativeArmor","Shade:AuraOfUnlife","Shade:Frenzy"],"picked":"SKIP","floor":28},{"not_picked":["Shade:Brains+1","Shade:Bite_Shade"],"picked":"Shade:ExtraLimbs+1","floor":29},{"not_picked":["Shade:StitchTogether","Shade:FreshBones+1"],"picked":"Shade:BoneShards","floor":30},{"not_picked":["Shade:AuraOfUnlife","Shade:Carnophage"],"picked":"Shade:Bite_Shade","floor":31},{"not_picked":["Shade:DarkOfNight","Shade:SelfBurial"],"picked":"Shade:OneIsEnough","floor":33},{"not_picked":["Shade:SkeletonHug","Shade:GoDigging","Shade:BoneShards"],"picked":"SKIP","floor":35},{"not_picked":["Shade:Coordination","Shade:WallOfFlesh"],"picked":"Shade:CloudOfShrapnel","floor":40},{"not_picked":["Shade:FreshBones+1","Shade:Bonestorm"],"picked":"Shade:FuneraryJewels+1","floor":42},{"not_picked":["Shade:Bonestorm","Shade:GreyBargain"],"picked":"Shade:GraveStillness+1","floor":47}],"player_experience":1839341,"relics_obtained":[{"floor":8,"key":"Ancient Tea Set"},{"floor":9,"key":"Replay:Accelerometer"},{"floor":11,"key":"Simple Rune"},{"floor":24,"key":"Smiling Mask"},{"floor":26,"key":"Replay:Baseball"},{"floor":30,"key":"Replay:PocketPolymizer"},{"floor":39,"key":"Blue Doll"},{"floor":40,"key":"CeramicFish"},{"floor":42,"key":"jedi:cryingmask"},{"floor":43,"key":"Replay:Bandana"}],"event_choices":[{"damage_healed":0,"gold_gain":0,"player_choice":"Take Wound","damage_taken":0,"relics_obtained":["Golden Idol"],"max_hp_gain":0,"max_hp_loss":0,"event_name":"Golden Idol","floor":2,"gold_loss":0,"cards_obtained":["Injury"]},{"cards_removed":["Injury"],"damage_healed":0,"gold_gain":0,"player_choice":"Purged","damage_taken":0,"max_hp_gain":0,"max_hp_loss":0,"event_name":"Purifier","floor":3,"gold_loss":0},{"damage_healed":0,"gold_gain":0,"player_choice":"Grow","damage_taken":0,"max_hp_gain":0,"max_hp_loss":0,"event_name":"Living Wall","floor":10,"gold_loss":0,"cards_upgraded":["Shade:Coordination"]},{"cards_removed":["Shade:PotionOfRestlessness"],"damage_healed":0,"gold_gain":0,"player_choice":"Take \u0026 Give","damage_taken":0,"max_hp_gain":0,"max_hp_loss":0,"event_name":"betterNote:BetterNote","floor":19,"gold_loss":0,"cards_obtained":["Shade_Step"]},{"damage_healed":4,"gold_gain":0,"player_choice":"LEAVE ","damage_taken":0,"relics_obtained":[],"max_hp_gain":0,"max_hp_loss":0,"event_name":"betterSkull:BetterSkull","floor":22,"gold_loss":0,"cards_upgraded":[]},{"damage_healed":0,"gold_gain":0,"player_choice":"2","damage_taken":0,"max_hp_gain":0,"max_hp_loss":0,"event_name":"betterMatch:BetterMatch","floor":37,"gold_loss":0,"cards_obtained":[]},{"cards_removed":["Shade:CarefulCut"],"damage_healed":0,"gold_gain":0,"player_choice":"Purged","damage_taken":0,"max_hp_gain":0,"max_hp_loss":0,"event_name":"Purifier","floor":48,"gold_loss":0}],"is_beta":false,"boss_relics":[{"not_picked":["Astrolabe","SacredBark"],"picked":"energizedSpire:NeverEndingSparkler"},{"not_picked":["Tiny House","Empty Cage"],"picked":"Pandora\u0027s Box"}],"items_purged_floors":[0,36],"is_endless":false,"potions_floor_spawned":[5,11,16,18,25,28,29,33,35,47],"killed_by":"Awakened One","ascension_level":8}}