{"host":"nj1qudaxjqalpce5","time":1610102719,"event":{"mods":["2.2 Compatiblity","Arknights The Spire","Ascension Reborn","BaseMod","CapriCore","Card Forge","Custom Start","Evolution","Grow up Mod","GungeonMod","Hermit","KOR Keyword Fix","Koishi","Lobotomy","Minty Spire (QoL Compilation)","Prisma Mod","Replay The Spire","StSLib","Td1madao Mod","The Bug Knight","The Cursed","The Dragon Tamer","The Gatherer","The Hierophant","The Immortal","The Jungle","The Poker Player","The Runesmith","Uncapped","WarShipGirlsR/??á´Ò³R mod","noobMod"],"gold_per_floor":[110,110,125,142,158,158,171,197,197,197,197,177,194,194,194,298,298,310,320,173,19,29,64,64,64,64,64,64,74,89,106,106,31,31,131,131,146,193,205,0,0,27,78,78,78,89,89,104,65,97,97,97],"floor_reached":53,"playtime":3132,"items_purged":[],"score":787,"play_id":"f424b66e-c65c-400c-bad8-00733685b8e8","local_time":"20210108194519","is_ascension_mode":false,"campfire_choices":[{"floor":6.0,"key":"REST"},{"floor":15.0,"key":"DIG"},{"floor":27.0,"key":"REST"},{"floor":34.0,"key":"DIG"},{"floor":44,"key":"REST"},{"floor":47,"key":"REST"},{"floor":51,"key":"DIG"}],"circlet_count":0,"master_deck":["Flex+1","ReplayTheSpireMod:Muscle Training+1","Inflame+1","Sword Boomerang+1","Fire Breathing+1","Bloodletting+1","Life Link+1","Whirlwind+1","Spot Weakness+1","Double Tap+1","Combust+1","Twin Strike+1","Brutality+1","Pommel Strike+1","Limit Break+1","Seeing Red+1","J.A.X.+1","Limit Break+1","Demon Form+1","Heavy Blade+1","Enlightenment+1","Dark Shackles+1","Forethought+1"],"relics":["Burning Blood","Hammer of Thor","Seething Fire","Anvil of the Gods","EVO:Axolotl","ice","DemoMod:PartiallyEatenCheese","Happy Flower","Ancient Tea Set","Runic Pyramid","Oddly Smooth Stone","Membership Card","HollowMod:StagPassRelic","Replay:Kaleidoscope","DemoMod:Orange","Orichalcum","Replay:WaspNest","ChewingGum","DemoMod:PinkGuonStone","Red Mask","DemoMod:PoisonVial","StoneCalendar","Strawberry","DemoMod:ClearGuonStone","Blood Vial"],"acts_visited":["Exordium","Exordium","TheBeyond"],"potions_floor_usage":[43,43,52,52,52],"damage_taken":[{"damage":22.0,"enemies":"Small Slimes","floor":1.0,"turns":3.0},{"damage":7.0,"enemies":"Cultist","floor":3.0,"turns":2.0},{"damage":1.0,"enemies":"2 Louse","floor":4.0,"turns":2.0},{"damage":3.0,"enemies":"Large Slime","floor":5.0,"turns":2.0},{"damage":27.0,"enemies":"3 Louse","floor":7.0,"turns":3.0},{"damage":6.0,"enemies":"3 Sentries","floor":8.0,"turns":2.0},{"damage":24.0,"enemies":"Gremlin Gang","floor":13.0,"turns":2.0},{"damage":5.0,"enemies":"Slime Boss","floor":16.0,"turns":4.0},{"damage":6.0,"enemies":"theJungle:GiantWrat","floor":18.0,"turns":2.0},{"damage":6.0,"enemies":"theJungle:MUSHROOMGANG","floor":19.0,"turns":2.0},{"damage":32.0,"enemies":"theJungle:Lyon","floor":22.0,"turns":3.0},{"damage":5.0,"enemies":"theJungle:MamaSnecko","floor":23.0,"turns":2.0},{"damage":1.0,"enemies":"theJungle:SlimyTreeVines","floor":29.0,"turns":2.0},{"damage":22.0,"enemies":"theJungle:2_Flameangoes","floor":30.0,"turns":3.0},{"damage":5.0,"enemies":"theJungle:Lyon","floor":31.0,"turns":2.0},{"damage":2.0,"enemies":"theJungle:FunGuy","floor":35.0,"turns":3.0},{"damage":29,"enemies":"Orb Walker","floor":37,"turns":3},{"damage":19,"enemies":"3 Shapes","floor":39,"turns":2},{"damage":0,"enemies":"Reptomancer","floor":42,"turns":1},{"damage":12,"enemies":"2 Orb Walkers","floor":43,"turns":2},{"damage":29,"enemies":"Writhing Mass","floor":46,"turns":4},{"damage":22,"enemies":"Transient","floor":48,"turns":4},{"damage":12,"enemies":"Nemesis","floor":50,"turns":3},{"damage":4,"enemies":"Replay:Hell Engine","floor":52,"turns":3}],"seed_played":"-2222212850010231082","potions_obtained":[{"floor":0.0,"key":"FearPotion"},{"floor":0.0,"key":"AttackPotion"},{"floor":0.0,"key":"AttackPotion"},{"floor":5.0,"key":"Swift Potion"},{"floor":8.0,"key":"SteroidPotion"},{"floor":12.0,"key":"DuplicationPotion"},{"floor":16.0,"key":"SpeedPotion"},{"floor":23.0,"key":"EntropicBrew"},{"floor":29.0,"key":"DemoMod:LeadSkinPotion"},{"floor":31.0,"key":"Venom Potion"},{"floor":35.0,"key":"Explosive Potion"},{"floor":38,"key":"LiquidMemories"},{"floor":42,"key":"PowerPotion"},{"floor":48,"key":"SteroidPotion"}],"is_trial":false,"path_per_floor":["M","?","M","M","M","R","M","E","T","?","?","?","M","?","R","B",null,"M","M","$","$","M","E","PTL","PTL","?","R","T","M","M","M","?","$","R","B",null,"M","?","M","?","?","E","?","R","T","M","R","M","$","E","R","B",null],"character_chosen":"IRONCLAD","items_purchased":["Oddly Smooth Stone","Membership Card","Orichalcum","Milkshake"],"campfire_rested":4,"item_purchase_floors":[20,21,33,49],"current_hp_per_floor":[88,124,133,144,154,164,153,163,173,183,193,203,195,205,215,226,274,284,294,304,314,298,309,319,329,339,374,384,394,388,399,421,431,441,455,476,463,359,356,366,366,382,386,561,578,565,600,594,604,608,618,632],"gold":97,"neow_bonus":"THREE_SMALL_POTIONS","is_daily":false,"chose_seed":false,"campfire_upgraded":0,"win_rate":0.0,"timestamp":1610102719,"path_taken":["M","?","M","?","M","R","M","E","T","?","?","?","?","?","R","BOSS","M","M","?","$","M","E","PTL","PTL","?","R","T","M","?","M","?","?","R","BOSS","M","?","M","?","?","E","?","R","T","M","R","?","$","E","R","BOSS"],"items_purchased_type":["Relic","Relic","Relic","Potion"],"build_version":"2020-12-22","purchased_purges":0,"victory":true,"max_hp_per_floor":[104,124,134,144,154,164,174,184,194,204,214,224,234,244,254,264,274,284,294,304,314,324,334,344,354,364,374,384,394,404,414,436,446,456,466,476,486,503,513,523,533,543,553,563,580,590,600,610,620,630,640,650],"card_choices":[{"not_picked":["Pommel Strike","Rampage","Sword Boomerang"],"picked":"SKIP","floor":1.0},{"not_picked":["Infernal Blade","Metallicize","ReplayTheSpireMod:Stacked"],"picked":"SKIP","floor":3.0},{"not_picked":["Sever Soul","Shrug It Off","Battle Trance"],"picked":"SKIP","floor":4.0},{"not_picked":["Sword Boomerang","Perfected Strike","Fire Breathing"],"picked":"SKIP","floor":5.0},{"not_picked":["Iron Wave","Sword Boomerang","Clash"],"picked":"SKIP","floor":7.0},{"not_picked":["Shrug It Off","ReplayTheSpireMod:Muscle Training","Heavy Blade"],"picked":"SKIP","floor":8.0},{"not_picked":["Armaments","Burning Pact","Iron Wave"],"picked":"SKIP","floor":13.0},{"not_picked":["Flex","Flame Barrier","Second Wind+1"],"picked":"SKIP","floor":18.0},{"not_picked":["Reckless Charge","True Grit+1","Dropkick"],"picked":"SKIP","floor":19.0},{"not_picked":["Heavy Blade","Bloodletting","Sword Boomerang+1"],"picked":"SKIP","floor":22.0},{"not_picked":["Pommel Strike+1","Wild Strike+1","Armaments"],"picked":"SKIP","floor":23.0},{"not_picked":["Infernal Blade+1","Intimidate+1","Thunderclap+1"],"picked":"SKIP","floor":29.0},{"not_picked":["Twin Strike+1","Barricade","Feel No Pain+1"],"picked":"SKIP","floor":30.0},{"not_picked":["Shrug It Off","Sword Boomerang+1","DemoMod:WhiteBlade+1"],"picked":"SKIP","floor":31.0},{"not_picked":["Wild Strike","Intimidate","Rampage+1"],"picked":"SKIP","floor":37},{"not_picked":["Clothesline","Thunderclap+1","ReplayTheSpireMod:Stacked"],"picked":"SKIP","floor":39},{"not_picked":["DemoMod:Invincible","Thinking Ahead"],"picked":"Enlightenment","floor":41},{"not_picked":["Replay:Bootleg Shield Generator","Impatience"],"picked":"Dark Shackles","floor":41},{"not_picked":["Mayhem","Replay:Sssssssssshield"],"picked":"Forethought","floor":41},{"not_picked":["Fire Breathing+1","Abandon+1","Wild Strike+1"],"picked":"SKIP","floor":42},{"not_picked":["Twin Strike","Perfected Strike","Run Through+1"],"picked":"SKIP","floor":46},{"not_picked":["Intimidate","Warcry+1","Sever Soul"],"picked":"SKIP","floor":48},{"not_picked":["Cleave","Replay:Undeath\u0027s Touch","Wild Strike+1"],"picked":"SKIP","floor":50}],"player_experience":115973,"relics_obtained":[{"floor":8.0,"key":"DemoMod:PartiallyEatenCheese"},{"floor":9.0,"key":"Happy Flower"},{"floor":15.0,"key":"Ancient Tea Set"},{"floor":23.0,"key":"HollowMod:StagPassRelic"},{"floor":28.0,"key":"Replay:Kaleidoscope"},{"floor":34.0,"key":"Replay:WaspNest"},{"floor":38,"key":"DemoMod:PinkGuonStone"},{"floor":42,"key":"DemoMod:PoisonVial"},{"floor":43,"key":"StoneCalendar"},{"floor":45,"key":"Strawberry"},{"floor":50,"key":"DemoMod:ClearGuonStone"},{"floor":51,"key":"Blood Vial"}],"event_choices":[{"cards_removed":["Demon Form"],"damage_healed":16.0,"max_hp_gain":10.0,"max_hp_loss":0.0,"gold_gain":0.0,"event_name":"Bonfire Elementals","player_choice":"Offered Rare","floor":2.0,"gold_loss":0.0,"damage_taken":0.0},{"damage_healed":0.0,"max_hp_gain":0.0,"max_hp_loss":0.0,"gold_gain":0.0,"event_name":"The Cleric","player_choice":"Leave","floor":10.0,"gold_loss":0.0,"damage_taken":0.0},{"cards_removed":["Heavy Blade"],"damage_healed":0.0,"max_hp_gain":0.0,"max_hp_loss":0.0,"gold_gain":0.0,"event_name":"Living Wall","player_choice":"Forget","floor":11.0,"gold_loss":0.0,"damage_taken":0.0},{"damage_healed":0.0,"max_hp_gain":0.0,"max_hp_loss":0.0,"gold_gain":0.0,"event_name":"The Woman in Blue","player_choice":"Bought 1 Potion","floor":12.0,"gold_loss":0.0,"damage_taken":0.0},{"damage_healed":0.0,"max_hp_gain":0.0,"max_hp_loss":0.0,"gold_gain":0.0,"event_name":"NoteForYourself","player_choice":"Ignored","floor":14.0,"gold_loss":0.0,"damage_taken":0.0},{"damage_healed":0.0,"max_hp_gain":0.0,"max_hp_loss":0.0,"gold_gain":0.0,"event_name":"Upgrade Shrine","player_choice":"Ignored","floor":26.0,"gold_loss":0.0,"damage_taken":0.0},{"damage_healed":0.0,"max_hp_gain":0.0,"max_hp_loss":0.0,"gold_gain":0.0,"event_name":"WeMeetAgain","player_choice":"Gave Potion","floor":32.0,"gold_loss":0.0,"damage_taken":0.0,"relics_obtained":["DemoMod:Orange"]},{"damage_healed":0,"gold_gain":0,"player_choice":"Paid","damage_taken":0,"relics_obtained":["Red Mask"],"max_hp_gain":0,"max_hp_loss":0,"event_name":"Tomb of Lord Red Mask","floor":40,"gold_loss":205},{"damage_healed":0,"gold_gain":0,"player_choice":"Memory 3","damage_taken":10,"max_hp_gain":0,"max_hp_loss":0,"event_name":"SensoryStone","floor":41,"gold_loss":0},{"damage_healed":0,"gold_gain":0,"player_choice":"Fight","damage_taken":0,"max_hp_gain":0,"max_hp_loss":0,"event_name":"Mysterious Sphere","floor":43,"gold_loss":0}],"is_beta":false,"boss_relics":[{"not_picked":["Empty Cage","Ring of Chaos"],"picked":"Runic Pyramid"},{"not_picked":["Ooze Armor","Honey Jar"],"picked":"ChewingGum"}],"items_purged_floors":[],"is_endless":false,"potions_floor_spawned":[5,8,16,23,29,31,35,42,48,50],"ascension_level":0}}