{"host":"d265sm4b0zub77qp","time":1610101161,"event":{"mods":["AchievementEnabler","BaseMod","BetterRewards","Colored Map","Downfall","GifTheSpireLib","Jorbs\u0027s Wanderer Trilogy","Minty Spire (QoL Compilation)","StSLib","Stuff the Spire","[IsaacMod]????"],"gold_per_floor":[115,134,134,149,104,138,209,209,209],"floor_reached":8,"playtime":660,"items_purged":[],"score":64,"play_id":"bd46c2f4-bbd7-4eca-abaa-4b483fddf7f9","local_time":"20210108031921","is_ascension_mode":true,"campfire_choices":[],"circlet_count":0,"master_deck":["Strike_R","Strike_R","Strike_R","Strike_R","Strike_R","Defend_R","Defend_R","Defend_R","Defend_R","Bash","EpicFetus","Carnage","Body Slam","Armaments","Heavy Blade"],"relics":["Burning Blood","HushsDoor","PokeGo","Bag of Marbles"],"acts_visited":["Exordium"],"potions_floor_usage":[6,6,6],"damage_taken":[{"damage":14,"enemies":"2 Louse","floor":1,"turns":3},{"damage":6,"enemies":"Cultist","floor":2,"turns":3},{"damage":4,"enemies":"Small Slimes","floor":4,"turns":3},{"damage":25,"enemies":"Lagavulin","floor":6,"turns":5},{"damage":56,"enemies":"3 Sentries","floor":8,"turns":9}],"seed_played":"7973059744583974040","potions_obtained":[{"floor":2,"key":"sneckomod:MuddlingPotion"},{"floor":3,"key":"Strength Potion"},{"floor":3,"key":"LiquidBronze"},{"floor":4,"key":"sneckomod:MuddlingPotion"}],"is_trial":false,"path_per_floor":["M","M","?","M","$","E","?","E"],"character_chosen":"IRONCLAD","items_purchased":["Armaments"],"campfire_rested":0,"item_purchase_floors":[5],"current_hp_per_floor":[72,72,72,74,74,55,55,0,0],"gold":209,"neow_bonus":"","is_daily":false,"chose_seed":false,"campfire_upgraded":0,"win_rate":0.0,"timestamp":1610101161,"path_taken":["M","M","?","?","?","E","?","E"],"items_purchased_type":["Card"],"build_version":"2020-12-22","purchased_purges":0,"victory":false,"max_hp_per_floor":[80,80,80,80,80,80,80,80,80],"card_choices":[{"not_picked":[],"picked":"EpicFetus","floor":0},{"not_picked":["Reckless Charge","StuffTheSpire:Incineration"],"picked":"Carnage","floor":1},{"not_picked":["StuffTheSpire:Resist","Wild Strike"],"picked":"Body Slam","floor":2},{"not_picked":["Sentinel","Havoc","Warcry"],"picked":"SKIP","floor":4},{"not_picked":["Sword Boomerang","Second Wind"],"picked":"Heavy Blade","floor":6}],"player_experience":273208,"relics_obtained":[{"floor":6,"key":"Bag of Marbles"}],"event_choices":[{"damage_healed":0,"gold_gain":0,"player_choice":"Got Potions","damage_taken":0,"max_hp_gain":0,"max_hp_loss":0,"event_name":"Lab","floor":3,"gold_loss":0},{"damage_healed":0,"gold_gain":71,"player_choice":"Gained Gold","damage_taken":0,"max_hp_gain":0,"max_hp_loss":0,"event_name":"Golden Wing","floor":7,"gold_loss":0}],"is_beta":false,"boss_relics":[],"items_purged_floors":[],"is_endless":false,"potions_floor_spawned":[2,4],"killed_by":"3 Sentries","ascension_level":3}}