{"host":"k2mw1od0xoi9pcfj","time":1610145546,"event":{"mods":["100% Spire Juice","AchievementEnabler","Act Like it!","Aspiration","BaseMod","Better Altar","Better Match","Better Note","Better Sensory Stone","Better Skull","Better Third Choice","Conspire","Defuse TimeMaze Blight","Downfall","Energized Spire","Friendly Minions","Gensokyo","Halation","Hallownest","Hermit","Highlight Path","Infinite Spire","Koishi","Marisa????????","Minty Spire (QoL Compilation)","Permanent Neow","Prisma Mod","Quick Restart","Random Character Button","Relic Sorter","Relic Stats","Remilia??????","Replay The Spire","Shade Mod","Shedinja","Spicy Shops","StSLib","Synergy Search","The Animator","The Bug Knight","The Cursed","The Exalted","The Hierophant","The Necromancer","The Runesmith","The Senshi","The Servant 0.9.4","The Wild Card","Treasure Hunter","WarShipGirlsR/????R mod","everything is the same but u backflip on backflip","slay the spire mod where everything is the same but ironclad has a cowboy hat"],"gold_per_floor":[144,174,224,243,262,295,314,332,407,424,424,449,449,482,482,581,581,581,581],"floor_reached":18,"playtime":2185,"items_purged":[],"score":207,"play_id":"1bdc139d-3d6b-4315-9f94-5f0fd1178bcf","local_time":"20210108163906","is_ascension_mode":false,"campfire_choices":[{"floor":13,"key":"RECALL"},{"data":"TheCursedMod:Evocation","floor":15,"key":"SMITH"}],"circlet_count":0,"master_deck":["TheCursedMod:Strike_TheCursed","TheCursedMod:Strike_TheCursed","TheCursedMod:Strike_TheCursed","TheCursedMod:Strike_TheCursed","TheCursedMod:Defend_TheCursed","TheCursedMod:Defend_TheCursed","TheCursedMod:Defend_TheCursed","TheCursedMod:Defend_TheCursed","TheCursedMod:CursedWand","TheCursedMod:CleanUpWorkshop+1","TheCursedMod:Dregs","TheCursedMod:FleshFromBone","ReplayTheSpireMod:Splinters","TheCursedMod:TroublousMinions","TheCursedMod:CursedShiv","TheCursedMod:CircleOfCorruption","TH:TreasureMap","TheCursedMod:SoulReap","TH:CursedSword","TheCursedMod:WearCloak","ReplayTheSpireMod:Book of Names","TH:DeckOfManyThings","TheCursedMod:SurpriseAttack","TH:BikiniMail","TheCursedMod:Evocation+1","TH:ArmorSpikes","TheCursedMod:DemonSword"],"relics":["TheCursedMod:BlackMagic101","TheCursedMod:MagicCandle","halation:VictoryRuler","infinitespire:Broken Mirror","Sundial","HollowMod:PaleOreRelic","Happy Flower","aspiration:SecretTechniqueScroll"],"acts_visited":["Hallownest:Greenpath","Hallownest:CityofTears"],"potions_floor_usage":[],"damage_taken":[{"damage":1,"enemies":"Hallownest:monsterHuskWarrior","floor":1,"turns":5},{"damage":6,"enemies":"conspire:MimicChest","floor":3,"turns":11},{"damage":0,"enemies":"Hallownest:2_Baldur","floor":4,"turns":7},{"damage":0,"enemies":"2_ Uuma","floor":5,"turns":5},{"damage":12,"enemies":"Hallownest:eliteCrystalGuardian","floor":6,"turns":8},{"damage":6,"enemies":"Hallownest:Guard_and_Warrior","floor":7,"turns":7},{"damage":0,"enemies":"Hallownest:monsterAspidMother","floor":8,"turns":5},{"damage":0,"enemies":"Hallownest:MossCreep_and_Mosskin","floor":10,"turns":8},{"damage":3,"enemies":"Hallownest:eliteVengeflyKing","floor":12,"turns":8},{"damage":0,"enemies":"Hallownest:eliteMossKnight","floor":14,"turns":6},{"damage":50,"enemies":"Hallownest:BossFalseKnight","floor":16,"turns":9},{"damage":15,"enemies":"Hallownest:Guard_and_Sentry","floor":18,"turns":1}],"seed_played":"-5297331544816677126","potions_obtained":[{"floor":1,"key":"Milkshake"},{"floor":7,"key":"infinitespire:BlackPotion"},{"floor":8,"key":"champ:CounterPotion"},{"floor":16,"key":"SmokeBomb"}],"is_trial":false,"path_per_floor":["M","?","?","M","M","E","M","M","T","M","?","?","R","E","R","B",null,"M"],"character_chosen":"THE_CURSED","items_purchased":[],"campfire_rested":0,"item_purchase_floors":[],"current_hp_per_floor":[74,74,68,68,68,56,55,60,60,65,47,51,51,58,58,8,75,60,60],"gold":581,"neow_bonus":"RANDOM_EVENT","is_daily":false,"chose_seed":false,"campfire_upgraded":1,"win_rate":0.0,"timestamp":1610145546,"path_taken":["M","?","?","M","?","E","M","M","T","M","?","?","R","E","R","BOSS","M"],"items_purchased_type":[],"build_version":"2020-12-22","purchased_purges":0,"victory":false,"max_hp_per_floor":[75,75,75,75,75,75,75,75,75,75,75,75,75,75,75,75,75,75,75],"relic_stats":{"Happy Flower":[3],"counters":[12,80],"Sundial":[4],"obtain_stats":[{"TheCursedMod:BlackMagic101":0,"Happy Flower":14,"infinitespire:Broken Mirror":6,"Sundial":9,"halation:VictoryRuler":3,"HollowMod:PaleOreRelic":12,"aspiration:SecretTechniqueScroll":17,"TheCursedMod:MagicCandle":2},{"TheCursedMod:BlackMagic101":0,"Happy Flower":10,"infinitespire:Broken Mirror":5,"Sundial":7,"halation:VictoryRuler":2,"HollowMod:PaleOreRelic":9,"aspiration:SecretTechniqueScroll":11,"TheCursedMod:MagicCandle":1},{"TheCursedMod:BlackMagic101":0,"Happy Flower":70,"infinitespire:Broken Mirror":36,"Sundial":48,"halation:VictoryRuler":16,"HollowMod:PaleOreRelic":64,"aspiration:SecretTechniqueScroll":79,"TheCursedMod:MagicCandle":5}]},"card_choices":[{"not_picked":["TheCursedMod:SmokeScreen","TheCursedMod:EmpowerCircles"],"picked":"TheCursedMod:FleshFromBone","floor":1},{"not_picked":["TheCursedMod:BloodBarrier","TheCursedMod:RavingStaff"],"picked":"TheCursedMod:TroublousMinions","floor":2},{"not_picked":["TheCursedMod:CursedMace","TheCursedMod:ManaBullet"],"picked":"TheCursedMod:CursedShiv","floor":3},{"not_picked":["TheCursedMod:WearCloak","TheCursedMod:Torture"],"picked":"TheCursedMod:CircleOfCorruption","floor":4},{"not_picked":["TheCursedMod:RavingStaff","TheCursedMod:CursedMace","TheCursedMod:CursedBoomerang"],"picked":"SKIP","floor":5},{"not_picked":["TH:EnergyPotion"],"picked":"TH:TreasureMap","floor":6},{"not_picked":["TheCursedMod:Stretching","TheCursedMod:CursedAmulet"],"picked":"TheCursedMod:SoulReap","floor":6},{"not_picked":["TheCursedMod:CursedBlade","TheCursedMod:CursedStaff","TheCursedMod:SaltUponWound"],"picked":"SKIP","floor":7},{"not_picked":["TheCursedMod:CursedBlade","TheCursedMod:CursedStaff","TheCursedMod:SaltUponWound"],"picked":"SKIP","floor":7},{"not_picked":["TheCursedMod:SaltUponWound","TheCursedMod:PrepareRite","TheCursedMod:Stretching"],"picked":"SKIP","floor":8},{"not_picked":["TH:DeckOfManyThings"],"picked":"TH:CursedSword","floor":9},{"not_picked":["TheCursedMod:Stigma","TheCursedMod:CursedShiv"],"picked":"TheCursedMod:WearCloak","floor":10},{"not_picked":["Replay:Fractal Strike","infinitespire:DeathsTouch"],"picked":"ReplayTheSpireMod:Book of Names","floor":11},{"not_picked":["TH:EnergyPotion"],"picked":"TH:DeckOfManyThings","floor":12},{"not_picked":["TheCursedMod:SoulCrush","TheCursedMod:WearCloak"],"picked":"TheCursedMod:SurpriseAttack","floor":12},{"not_picked":["TH:Mimic"],"picked":"TH:BikiniMail","floor":14},{"not_picked":["TheCursedMod:StunningStrike","TheCursedMod:CursedStaff"],"picked":"TheCursedMod:Evocation","floor":14},{"not_picked":["TH:PixieDust"],"picked":"TH:ArmorSpikes","floor":16},{"not_picked":["TheCursedMod:DarkBarrier","TheCursedMod:ShockAndAwe"],"picked":"TheCursedMod:DemonSword","floor":16}],"player_experience":1608148,"relics_obtained":[{"floor":2,"key":"TheCursedMod:MagicCandle"},{"floor":3,"key":"halation:VictoryRuler"},{"floor":6,"key":"infinitespire:Broken Mirror"},{"floor":9,"key":"Sundial"},{"floor":12,"key":"HollowMod:PaleOreRelic"},{"floor":14,"key":"Happy Flower"}],"event_choices":[],"is_beta":false,"boss_relics":[{"not_picked":["aspiration:MobileForge","Snecko Eye"],"picked":"aspiration:SecretTechniqueScroll"}],"items_purged_floors":[],"is_endless":false,"potions_floor_spawned":[1,7,8,14,16],"killed_by":"Hallownest:Guard_and_Sentry","ascension_level":0}}