{"host":"ul0c1243uydmw2e7","time":1610120279,"event":{"mods":["BaseMod","Better Match","Better Silent Start","Better Vampires","BetterRewards","Block Reminder","Emptier Cage","Energized Spire","Minty Spire (QoL Compilation)","Replay The Spire","Shop Mod","StSLib","The Dragon Tamer","Virulent Crown"],"gold_per_floor":[116,116,130,130,149,184,198,228,228,228,153,168,183,216,216,293,293,313,123,123,135,149,176,176,191,191,191,224,149,149,149],"floor_reached":30,"playtime":1426,"items_purged":["Strike_B","Strike_B","Regret"],"score":805,"play_id":"a8b07299-03ed-4eba-bc31-ed101b2849e9","local_time":"20210108103759","is_ascension_mode":true,"campfire_choices":[{"data":"Genetic Algorithm","floor":10,"key":"SMITH"},{"data":"Defragment","floor":15,"key":"SMITH"},{"data":"FIFO Queue","floor":24,"key":"SMITH"},{"floor":27,"key":"REST"}],"circlet_count":0,"master_deck":["AscendersBane","Strike_B+1","Defend_B+1","Defend_B+1","Zap","Dualcast","Streamline+1","Self Repair+1","Coolheaded","Cold Snap+1","Consume","Seek+1","Glacier","Glacier","Blizzard+1","Genetic Algorithm+1","Sweeping Beam+1","Ball Lightning+1","Defragment+1","Loop+1","FIFO Queue+1","Redo+1"],"relics":["Cracked Core","Replay:Kaleidoscope","DataDisk","Molten Egg 2","Bronze Scales","Blue Doll","Kunai","Smiling Mask","Mango","Replay:Bottled Steam","Strawberry","Black Star","The Courier","Bag of Marbles","Blue Candle","Replay:Baseball"],"acts_visited":["Exordium","TheCity"],"potions_floor_usage":[18,22,28,30],"damage_taken":[{"damage":4,"enemies":"Jaw Worm","floor":1,"turns":4},{"damage":8,"enemies":"2 Louse","floor":3,"turns":3},{"damage":0,"enemies":"Small Slimes","floor":5,"turns":2},{"damage":7,"enemies":"Lagavulin","floor":6,"turns":8},{"damage":0,"enemies":"2 Fungi Beasts","floor":7,"turns":2},{"damage":24,"enemies":"Replay:BlueRogue","floor":8,"turns":7},{"damage":7,"enemies":"Large Slime","floor":12,"turns":5},{"damage":0,"enemies":"Exordium Wildlife","floor":13,"turns":2},{"damage":20,"enemies":"Gremlin Nob","floor":14,"turns":4},{"damage":21,"enemies":"The Guardian","floor":16,"turns":9},{"damage":10,"enemies":"2 Thieves","floor":18,"turns":4},{"damage":1,"enemies":"3 Byrds","floor":21,"turns":4},{"damage":15,"enemies":"Cultist and Chosen","floor":22,"turns":6},{"damage":28,"enemies":"Replay:Snechameleon","floor":23,"turns":6},{"damage":3,"enemies":"Centurion and Healer","floor":25,"turns":7},{"damage":56,"enemies":"Gremlin Leader","floor":28,"turns":10},{"damage":44,"enemies":"Slavers","floor":30,"turns":2}],"seed_played":"-1606228924510628308","potions_obtained":[{"floor":1,"key":"Ancient Potion"},{"floor":7,"key":"Adrenaline Potion"},{"floor":16,"key":"FocusPotion"},{"floor":23,"key":"Venom Potion"},{"floor":28,"key":"ColorlessPotion"}],"is_trial":false,"path_per_floor":["M","?","M","?","M","E","M","E","T","R","?","M","M","E","R","B",null,"M","$","?","M","M","E","R","M","T","R","E","?","E"],"character_chosen":"DEFECT","items_purchased":["DataDisk","Molten Egg 2","Streamline+1","Self Repair+1","Coolheaded","Cold Snap+1","Bronze Scales","Blue Doll","Consume","Seek+1","Glacier","Blizzard+1","Loop+1","DuplicationPotion"],"campfire_rested":1,"item_purchase_floors":[0,0,0,0,0,0,0,0,0,0,0,0,19,19],"current_hp_per_floor":[70,70,71,71,71,71,71,71,71,71,71,74,74,71,71,60,84,74,74,74,83,68,50,50,57,57,84,38,38,0,0],"gold":149,"neow_bonus":"","is_daily":false,"chose_seed":false,"campfire_upgraded":3,"win_rate":0.0,"timestamp":1610120279,"path_taken":["M","?","M","?","M","E","M","E","T","R","?","M","M","E","R","BOSS","M","$","?","M","M","E","R","M","T","R","E","?","E"],"items_purchased_type":["Relic","Relic","Card","Card","Card","Card","Relic","Relic","Card","Card","Card","Card","Card","Potion"],"build_version":"2020-12-22","purchased_purges":3,"victory":false,"max_hp_per_floor":[71,71,71,71,71,71,71,85,85,85,85,85,85,92,92,92,92,92,92,92,92,92,92,92,92,92,92,92,92,92,92],"card_choices":[{"not_picked":["Hologram","Storm"],"picked":"Genetic Algorithm","floor":1},{"not_picked":["Conserve Battery","Stack","Steam"],"picked":"SKIP","floor":3},{"not_picked":["Rebound+1","Coolheaded","Steam"],"picked":"SKIP","floor":5},{"not_picked":["Barrage+1","Turbo"],"picked":"Sweeping Beam+1","floor":6},{"not_picked":["Stack","ReplayTheSpireMod:Calculation Training","Hologram"],"picked":"SKIP","floor":7},{"not_picked":["Compile Driver+1","Self Repair"],"picked":"Ball Lightning+1","floor":8},{"not_picked":["Leap","Turbo","Steam"],"picked":"SKIP","floor":12},{"not_picked":["Compile Driver+1","Leap","ReplayTheSpireMod:Repulse"],"picked":"SKIP","floor":13},{"not_picked":["Go for the Eyes+1","Skim"],"picked":"Defragment","floor":14},{"not_picked":["Compile Driver+1","ReplayTheSpireMod:System Scan","Coolheaded"],"picked":"SKIP","floor":18},{"not_picked":["Turbo","Panic Button"],"picked":"FIFO Queue","floor":21},{"not_picked":["Lockon+1","White Noise","Stack"],"picked":"SKIP","floor":22},{"not_picked":["Stack","Rip and Tear+1","Darkness"],"picked":"SKIP","floor":23},{"not_picked":["Blizzard+1","ReplayTheSpireMod:System Scan","Doom and Gloom+1"],"picked":"SKIP","floor":25},{"not_picked":["Rebound+1","Leap"],"picked":"Redo+1","floor":28}],"player_experience":328757,"relics_obtained":[{"floor":6,"key":"Smiling Mask"},{"floor":8,"key":"Mango"},{"floor":9,"key":"Replay:Bottled Steam"},{"floor":14,"key":"Strawberry"},{"floor":23,"key":"The Courier"},{"floor":23,"key":"Bag of Marbles"},{"floor":28,"key":"Blue Candle"},{"floor":28,"key":"Replay:Baseball"}],"event_choices":[{"damage_healed":0,"gold_gain":0,"player_choice":"Box","damage_taken":0,"relics_obtained":["Kunai"],"max_hp_gain":0,"max_hp_loss":0,"event_name":"Big Fish","floor":4,"gold_loss":0,"cards_obtained":["Regret"]},{"cards_removed":["Defend_B"],"damage_healed":0,"gold_gain":0,"player_choice":"Card Removal","damage_taken":0,"max_hp_gain":0,"max_hp_loss":0,"event_name":"The Cleric","floor":11,"gold_loss":75},{"damage_healed":0,"gold_gain":0,"player_choice":"Simplicity","damage_taken":0,"max_hp_gain":0,"max_hp_loss":0,"event_name":"Back to Basics","floor":20,"gold_loss":0,"cards_upgraded":["Strike_B","Strike_B","Defend_B","Defend_B"]},{"cards_removed":["Strike_B"],"damage_healed":0,"gold_gain":0,"player_choice":"Gave Gold","damage_taken":0,"max_hp_gain":0,"max_hp_loss":0,"event_name":"Beggar","floor":29,"gold_loss":75}],"is_beta":false,"boss_relics":[{"not_picked":["Replay:Drink Me","Tiny House"],"picked":"Black Star"}],"items_purged_floors":[0,0,19],"is_endless":false,"potions_floor_spawned":[1,7,13,16,23,28],"killed_by":"Slavers","ascension_level":20}}