{"host":"v54ek091sdz7ha6h","time":1610139439,"event":{"mods":["BaseMod","Better Vampires","Colored Map","Colored Powertips","Custom Start","Highlight Path","KOR Keyword Fix","Minty Spire (QoL Compilation)","Quick Restart","Rare Cards Sparkle","StSLib","SuperFastMode","The Awakened One except there are too many feathers","everything is the same but u backflip on backflip","slay the spire mod where everything is the same but ironclad has a cowboy hat"],"gold_per_floor":[115,115,133,152,66,66,76,87,132,165,165,175,175,192,192,265,265,265,281,294,307,320,320,336,336,360,392,411,134,134,150,150,227,227,245,245,296,296,139,139,167,167,191,209,224,242,242,274,274,274,274,274,274,12,46,46],"floor_reached":57,"playtime":2482,"items_purged":["Barrage","Conserve Battery"],"score":3026,"play_id":"71fe5aba-5aee-4ccc-939a-eae57671a655","local_time":"20210109055719","is_ascension_mode":true,"campfire_choices":[{"data":"Defragment","floor":6.0,"key":"SMITH"},{"floor":11.0,"key":"REST"},{"data":"Consume","floor":13.0,"key":"SMITH"},{"data":"Dualcast","floor":15.0,"key":"SMITH"},{"floor":23.0,"key":"REST"},{"data":"Creative AI","floor":25.0,"key":"SMITH"},{"floor":32,"key":"REST"},{"data":"White Noise","floor":40,"key":"SMITH"},{"floor":42,"key":"RECALL"},{"data":"Fission","floor":49,"key":"SMITH"},{"floor":53,"key":"REST"}],"circlet_count":0,"master_deck":["AscendersBane","Zap+1","Dualcast+1","BootSequence+1","Compile Driver+1","Defragment+1","Consume+1","Echo Form+1","Self Repair+1","Hologram+1","Reboot+1","Biased Cognition+1","Steam Power+1","Chaos+1","Conserve Battery+1","White Noise+1","Creative AI+1","Cold Snap+1","Coolheaded+1","Turbo+1","Heatsinks+1","Genetic Algorithm+1","Master of Strategy+1","Capacitor+1","Amplify+1","Capacitor+1","Force Field+1","Hologram+1","Fusion+1","Loop+1","Fission+1","Coolheaded","Hologram"],"relics":["Cracked Core","Happy Flower","DataDisk","Letter Opener","Pandora\u0027s Box","Bag of Marbles","Nuclear Battery","Bird Faced Urn","Symbiotic Virus","Anchor","Art of War","Mark of the Bloom","Bottled Tornado","Membership Card","Bag of Preparation"],"acts_visited":["Exordium","TheCity","TheBeyond","TheEnding"],"potions_floor_usage":[31,35,37,41,45,46,48,56],"damage_taken":[{"damage":15.0,"enemies":"Small Slimes","floor":1.0,"turns":4.0},{"damage":1.0,"enemies":"Cultist","floor":3.0,"turns":3.0},{"damage":1.0,"enemies":"2 Louse","floor":4.0,"turns":3.0},{"damage":0.0,"enemies":"Gremlin Gang","floor":7.0,"turns":4.0},{"damage":18.0,"enemies":"Large Slime","floor":8.0,"turns":4.0},{"damage":25.0,"enemies":"3 Sentries","floor":10.0,"turns":7.0},{"damage":10.0,"enemies":"3 Louse","floor":12.0,"turns":4.0},{"damage":2.0,"enemies":"Lots of Slimes","floor":14.0,"turns":4.0},{"damage":26.0,"enemies":"Hexaghost","floor":16.0,"turns":9.0},{"damage":0.0,"enemies":"Spheric Guardian","floor":18.0,"turns":2.0},{"damage":11.0,"enemies":"Shell Parasite","floor":19.0,"turns":3.0},{"damage":5.0,"enemies":"Centurion and Healer","floor":20.0,"turns":3.0},{"damage":19.0,"enemies":"Snake Plant","floor":21.0,"turns":4.0},{"damage":31.0,"enemies":"Snecko","floor":22.0,"turns":5.0},{"damage":15.0,"enemies":"Centurion and Healer","floor":24.0,"turns":8.0},{"damage":12.0,"enemies":"Book of Stabbing","floor":27.0,"turns":5.0},{"damage":1.0,"enemies":"Snake Plant","floor":28.0,"turns":5.0},{"damage":26,"enemies":"Shelled Parasite and Fungi","floor":31,"turns":6},{"damage":3,"enemies":"Champ","floor":33,"turns":9},{"damage":10,"enemies":"3 Shapes","floor":35,"turns":3},{"damage":37,"enemies":"2 Orb Walkers","floor":37,"turns":5},{"damage":0,"enemies":"Reptomancer","floor":41,"turns":3},{"damage":2,"enemies":"Orb Walker","floor":44,"turns":4},{"damage":0,"enemies":"4 Shapes","floor":45,"turns":3},{"damage":26,"enemies":"Jaw Worm Horde","floor":46,"turns":3},{"damage":0,"enemies":"Nemesis","floor":48,"turns":4},{"damage":0,"enemies":"Time Eater","floor":50,"turns":6},{"damage":0,"enemies":"Awakened One","floor":51,"turns":7},{"damage":0,"enemies":"Shield and Spear","floor":55,"turns":2},{"damage":32,"enemies":"The Heart","floor":56,"turns":7}],"seed_played":"-7301230768226490911","potions_obtained":[{"floor":3.0,"key":"CultistPotion"},{"floor":4.0,"key":"LiquidMemories"},{"floor":12.0,"key":"Strength Potion"},{"floor":14.0,"key":"SmokeBomb"},{"floor":20.0,"key":"Explosive Potion"},{"floor":21.0,"key":"Swift Potion"},{"floor":22.0,"key":"Explosive Potion"},{"floor":28.0,"key":"Fire Potion"},{"floor":31,"key":"Strength Potion"},{"floor":41,"key":"PowerPotion"},{"floor":44,"key":"DistilledChaos"},{"floor":45,"key":"DuplicationPotion"},{"floor":55,"key":"SmokeBomb"}],"is_trial":false,"path_per_floor":["M","?","M","M","$","R","M","M","T","E","R","M","R","M","R","B",null,"M","M","M","M","M","R","M","R","T","E","M","$","?","M","R","B",null,"M","?","?","?","$","R","E","R","T","M","M","M","?","E","R","B","B",null,"R","$","E","B",null],"character_chosen":"DEFECT","items_purchased":["Defragment","Master of Strategy","PowerPotion","PowerPotion","Membership Card","Coolheaded","Hologram"],"campfire_rested":4,"item_purchase_floors":[5,29,39,54,54,54,54],"current_hp_per_floor":[49,49,48,47,47,47,47,29,29,4,25,22,22,27,27,15,57,64,60,62,50,26,47,46,46,46,41,54,54,34,15,37,41,67,57,57,27,27,27,27,57,57,57,76,76,67,67,67,67,67,67,67,67,67,67,35],"gold":46,"neow_bonus":"RANDOM_COMMON_RELIC","is_daily":false,"chose_seed":false,"campfire_upgraded":6,"win_rate":0.0,"timestamp":1610139439,"path_taken":["M","?","M","M","?","R","M","M","T","E","R","M","R","M","R","BOSS","M","M","M","?","M","R","M","R","T","E","M","$","?","M","R","BOSS","M","?","?","?","$","R","E","R","T","M","?","M","?","E","R","BOSS","BOSS","R","$","E","BOSS"],"items_purchased_type":["Card","Card","Potion","Potion","Relic","Card","Card"],"build_version":"2020-12-22","purchased_purges":2,"victory":true,"max_hp_per_floor":[71,71,71,71,71,71,71,71,71,71,71,71,71,71,71,71,71,71,71,71,71,71,71,71,71,71,71,71,71,76,76,76,76,76,76,76,76,76,76,76,76,76,76,76,76,76,76,76,76,76,76,76,76,76,76,76],"card_choices":[{"not_picked":["Steam","Compile Driver"],"picked":"Conserve Battery","floor":1.0},{"not_picked":["Recycle","Heatsinks"],"picked":"BootSequence","floor":3.0},{"not_picked":["Undo","BootSequence"],"picked":"Compile Driver","floor":4.0},{"not_picked":["Recycle","Leap"],"picked":"Consume","floor":7.0},{"not_picked":["Stack","Reprogram"],"picked":"Echo Form","floor":8.0},{"not_picked":["Streamline","Chaos"],"picked":"Self Repair","floor":10.0},{"not_picked":["Sweeping Beam","Leap"],"picked":"Hologram","floor":12.0},{"not_picked":["Streamline","Beam Cell","Stack"],"picked":"SKIP","floor":14.0},{"not_picked":["Meteor Strike","Thunder Strike"],"picked":"Reboot","floor":16.0},{"not_picked":["Barrage","Hello World","Doom and Gloom"],"picked":"SKIP","floor":19.0},{"not_picked":["Melter","Darkness","Sweeping Beam"],"picked":"SKIP","floor":20.0},{"not_picked":["Barrage","Storm"],"picked":"Cold Snap","floor":21.0},{"not_picked":["Conserve Battery","Stack"],"picked":"Coolheaded","floor":22.0},{"not_picked":["Rebound","Go for the Eyes"],"picked":"Turbo","floor":24.0},{"not_picked":["Reboot","Static Discharge"],"picked":"Heatsinks","floor":27.0},{"not_picked":["Go for the Eyes","Gash+1"],"picked":"Genetic Algorithm","floor":28.0},{"not_picked":["Skim+1","Cold Snap"],"picked":"Capacitor+1","floor":31},{"not_picked":["Reboot","Buffer"],"picked":"Amplify","floor":33},{"not_picked":["Stack+1","Ball Lightning","Turbo"],"picked":"SKIP","floor":35},{"not_picked":["Streamline","Rebound"],"picked":"Capacitor","floor":37},{"not_picked":["Aggregate","Ball Lightning"],"picked":"Force Field","floor":41},{"not_picked":["Rebound","Turbo"],"picked":"Hologram","floor":44},{"not_picked":["Gash","Machine Learning"],"picked":"Fusion","floor":45},{"not_picked":["Coolheaded","Scrape+1"],"picked":"Loop","floor":46},{"not_picked":["Auto Shields","FTL+1"],"picked":"Fission","floor":48},{"not_picked":["Ball Lightning","Leap","Redo"],"picked":"SKIP","floor":55}],"player_experience":1402970,"relics_obtained":[{"floor":9.0,"key":"DataDisk"},{"floor":10.0,"key":"Letter Opener"},{"floor":27.0,"key":"Bag of Marbles"},{"floor":37,"key":"Bird Faced Urn"},{"floor":41,"key":"Anchor"},{"floor":43,"key":"Art of War"},{"floor":48,"key":"Bottled Tornado"},{"floor":55,"key":"Bag of Preparation"}],"event_choices":[{"damage_healed":0.0,"max_hp_gain":0.0,"max_hp_loss":0.0,"gold_gain":0.0,"event_name":"Upgrade Shrine","player_choice":"Upgraded","floor":2.0,"gold_loss":0.0,"damage_taken":0.0,"cards_upgraded":["Zap"]},{"damage_healed":0.0,"max_hp_gain":5.0,"max_hp_loss":0.0,"gold_gain":0.0,"event_name":"Forgotten Altar","player_choice":"Shed Blood","floor":30.0,"gold_loss":0.0,"damage_taken":25.0},{"damage_healed":0,"gold_gain":0,"player_choice":"Ignored","damage_taken":0,"max_hp_gain":0,"max_hp_loss":0,"event_name":"Tomb of Lord Red Mask","floor":36,"gold_loss":0},{"damage_healed":0,"gold_gain":0,"player_choice":"Fight","damage_taken":0,"max_hp_gain":0,"max_hp_loss":0,"event_name":"Mysterious Sphere","floor":37,"gold_loss":0},{"cards_removed":["White Noise"],"damage_healed":0,"gold_gain":0,"player_choice":"Gave Card","damage_taken":0,"relics_obtained":["Symbiotic Virus"],"max_hp_gain":0,"max_hp_loss":0,"event_name":"WeMeetAgain","floor":38,"gold_loss":0},{"damage_healed":0,"gold_gain":0,"player_choice":"Upgrade","damage_taken":0,"relics_obtained":["Mark of the Bloom"],"max_hp_gain":0,"max_hp_loss":0,"event_name":"MindBloom","floor":47,"gold_loss":0,"cards_upgraded":["BootSequence","Compile Driver","Echo Form","Self Repair","Hologram","Reboot","Biased Cognition","Steam Power","Chaos","Conserve Battery","Cold Snap","Coolheaded","Turbo","Heatsinks","Genetic Algorithm","Master of Strategy","Amplify","Capacitor","Force Field","Hologram","Fusion","Loop"]}],"is_beta":false,"boss_relics":[{"not_picked":["Empty Cage","SlaversCollar"],"picked":"Pandora\u0027s Box"},{"not_picked":["FrozenCore","Coffee Dripper"],"picked":"Nuclear Battery"}],"items_purged_floors":[29,39],"is_endless":false,"potions_floor_spawned":[3,4,12,14,20,21,22,28,31,41,44,45,55],"ascension_level":20}}