{"host":"vlqejv0notyktumz","time":1610144710,"event":{"mods":["AchievementEnabler","BaseMod","Googly Eyes","Minty Spire (QoL Compilation)"],"gold_per_floor":[110,122,2,2,13,45,45,71,71,91,104,123,123,139,139,234,234,252,105,131,146,146,146,476,491,518,518,618,618,618],"floor_reached":29,"playtime":1160,"items_purged":["Defend_P","Strike_P"],"score":308,"play_id":"60f6fe63-1ae9-41d3-9a59-4b5bd81945bd","local_time":"20210108162510","is_ascension_mode":true,"campfire_choices":[{"data":"Devotion","floor":7,"key":"SMITH"},{"data":"Perseverance","floor":15,"key":"SMITH"},{"data":"Vigilance","floor":23,"key":"SMITH"},{"floor":27,"key":"REST"}],"circlet_count":0,"master_deck":["Strike_P","Strike_P","Strike_P","Defend_P","Defend_P","Defend_P","Eruption","Vigilance+1","Perseverance+1","FollowUp","WheelKick","Devotion+1","EmptyFist","FlurryOfBlows+1","Protect","Wallop+1","Brilliance+1","Establishment","Prostrate+1","Evaluate+1","Crescendo+1"],"relics":["PureWater","NeowsBlessing","Yang","Happy Flower","Molten Egg 2","Toxic Egg 2","Black Star","Red Mask","Old Coin","StrikeDummy","Oddly Smooth Stone","Peace Pipe","Question Card"],"acts_visited":["Exordium","TheCity"],"potions_floor_usage":[6,6,6,20,21,21,24,28,28,29],"damage_taken":[{"damage":0,"enemies":"Cultist","floor":1,"turns":1},{"damage":0,"enemies":"Jaw Worm","floor":2,"turns":1},{"damage":0,"enemies":"2 Louse","floor":5,"turns":1},{"damage":0,"enemies":"Lagavulin","floor":6,"turns":4},{"damage":9,"enemies":"3 Sentries","floor":8,"turns":11},{"damage":0,"enemies":"2 Fungi Beasts","floor":10,"turns":3},{"damage":6,"enemies":"3 Louse","floor":11,"turns":4},{"damage":0,"enemies":"Blue Slaver","floor":12,"turns":1},{"damage":1,"enemies":"Exordium Wildlife","floor":14,"turns":4},{"damage":20,"enemies":"The Guardian","floor":16,"turns":8},{"damage":16,"enemies":"Spheric Guardian","floor":18,"turns":5},{"damage":3,"enemies":"Masked Bandits","floor":20,"turns":3},{"damage":0,"enemies":"2 Thieves","floor":21,"turns":4},{"damage":21,"enemies":"Slavers","floor":24,"turns":8},{"damage":4,"enemies":"Centurion and Healer","floor":25,"turns":6},{"damage":0,"enemies":"Colosseum Slavers","floor":28,"turns":4},{"damage":41,"enemies":"Colosseum Nobs","floor":28,"turns":6},{"damage":10,"enemies":"Shelled Parasite and Fungi","floor":29,"turns":3}],"seed_played":"-3474540594167162904","potions_obtained":[{"floor":1,"key":"BlessingOfTheForge"},{"floor":2,"key":"Ancient Potion"},{"floor":5,"key":"DuplicationPotion"},{"floor":11,"key":"SteroidPotion"},{"floor":12,"key":"StancePotion"},{"floor":18,"key":"SkillPotion"},{"floor":20,"key":"Swift Potion"},{"floor":21,"key":"LiquidMemories"},{"floor":24,"key":"DistilledChaos"},{"floor":28,"key":"Energy Potion"}],"is_trial":false,"path_per_floor":["M","M","$","?","M","E","R","E","T","M","M","M","?","M","R","B",null,"M","$","?","M","?","R","E","M","T","R","?","M"],"character_chosen":"WATCHER","items_purchased":["FollowUp","Evaluate+1"],"campfire_rested":1,"item_purchase_floors":[3,19],"current_hp_per_floor":[72,72,72,72,72,72,72,63,63,63,57,57,54,53,53,33,72,56,56,53,53,53,53,32,28,28,49,8,0,0],"gold":618,"neow_bonus":"THREE_ENEMY_KILL","is_daily":false,"chose_seed":false,"campfire_upgraded":3,"win_rate":0.0,"timestamp":1610144710,"path_taken":["M","?","$","?","M","E","R","E","T","?","M","M","?","M","R","BOSS","M","$","?","M","?","R","E","M","T","R","?","M"],"items_purchased_type":["Card","Card"],"build_version":"2020-12-22","purchased_purges":2,"victory":false,"max_hp_per_floor":[72,72,72,72,72,72,72,72,72,72,72,72,72,72,72,72,72,72,72,72,72,72,72,72,72,72,72,72,72,72],"card_choices":[{"not_picked":["Halt","Fasting2"],"picked":"Adaptation","floor":1},{"not_picked":["CrushJoints","Collect"],"picked":"Perseverance","floor":2},{"not_picked":["ReachHeaven","FlyingSleeves"],"picked":"WheelKick","floor":5},{"not_picked":["FlyingSleeves","Omniscience"],"picked":"Devotion","floor":6},{"not_picked":["JustLucky","FlurryOfBlows"],"picked":"EmptyFist","floor":8},{"not_picked":["EmptyFist+1","PathToVictory"],"picked":"FlurryOfBlows+1","floor":10},{"not_picked":["DeceiveReality","FollowUp+1"],"picked":"Protect","floor":11},{"not_picked":["SashWhip+1","CrushJoints+1"],"picked":"Wallop+1","floor":12},{"not_picked":["FlurryOfBlows+1","CutThroughFate+1"],"picked":"Brilliance+1","floor":14},{"not_picked":["Vault+1","ConjureBlade+1"],"picked":"Establishment","floor":16},{"not_picked":["ThirdEye+1","ClearTheMind+1"],"picked":"Prostrate+1","floor":18},{"not_picked":["Vengeance+1","SashWhip+1","CrushJoints+1"],"picked":"SKIP","floor":21},{"not_picked":["PathToVictory+1","EmptyFist+1","CarveReality+1"],"picked":"SKIP","floor":24},{"not_picked":["FlurryOfBlows+1","ForeignInfluence+1","FlyingSleeves+1"],"picked":"SKIP","floor":25},{"not_picked":["EmptyBody+1","FlyingSleeves+1"],"picked":"Crescendo+1","floor":28}],"player_experience":306303,"relics_obtained":[{"floor":6,"key":"Yang"},{"floor":8,"key":"Happy Flower"},{"floor":9,"key":"Molten Egg 2"},{"floor":20,"key":"Red Mask"},{"floor":24,"key":"Old Coin"},{"floor":24,"key":"StrikeDummy"},{"floor":26,"key":"Oddly Smooth Stone"},{"floor":28,"key":"Peace Pipe"},{"floor":28,"key":"Question Card"}],"event_choices":[{"cards_removed":["Adaptation"],"damage_healed":0,"gold_gain":0,"player_choice":"Offered Uncommon","damage_taken":0,"max_hp_gain":0,"max_hp_loss":0,"event_name":"Bonfire Elementals","floor":4,"gold_loss":0},{"damage_healed":0,"gold_gain":0,"player_choice":"Success","damage_taken":3,"relics_obtained":["Toxic Egg 2"],"max_hp_gain":0,"max_hp_loss":0,"event_name":"Scrap Ooze","floor":13,"gold_loss":0},{"damage_healed":0,"gold_gain":0,"player_choice":"Fought Bandits","damage_taken":0,"max_hp_gain":0,"max_hp_loss":0,"event_name":"Masked Bandits","floor":20,"gold_loss":0},{"damage_healed":0,"gold_gain":0,"player_choice":"Ignored","damage_taken":0,"max_hp_gain":0,"max_hp_loss":0,"event_name":"Vampires","floor":22,"gold_loss":0},{"damage_healed":0,"gold_gain":0,"player_choice":"Fight","damage_taken":0,"max_hp_gain":0,"max_hp_loss":0,"event_name":"Colosseum","floor":28,"gold_loss":0},{"damage_healed":0,"gold_gain":0,"player_choice":"Fought Nobs","damage_taken":0,"max_hp_gain":0,"max_hp_loss":0,"event_name":"Colosseum","floor":28,"gold_loss":0}],"is_beta":false,"boss_relics":[{"not_picked":["Coffee Dripper","Velvet Choker"],"picked":"Black Star"}],"items_purged_floors":[3,19],"is_endless":false,"potions_floor_spawned":[1,2,5,11,12,18,20,21,24,28],"killed_by":"Shelled Parasite and Fungi","ascension_level":2}}