{"host":"Rich","time":1610144204,"event":{"mods":["AchievementEnabler","BaseMod","Highlight Path","Minty Spire (QoL Compilation)","Relic Stats"],"gold_per_floor":[110,110,110,110,12,47,58,58,84,84,98,124,138,138,138,138,138],"floor_reached":16,"playtime":243,"items_purged":["Pain"],"score":133,"play_id":"41b08204-35bc-46b4-9870-f6bdec06477d","local_time":"20210108171644","is_ascension_mode":false,"campfire_choices":[{"data":"Shrug It Off","floor":8,"key":"SMITH"},{"data":"Thunderclap","floor":15,"key":"SMITH"}],"circlet_count":0,"master_deck":["Strike_R","Strike_R","Strike_R","Strike_R","Defend_R","Defend_R","Defend_R","Bash","Shrug It Off+1","Thunderclap+1"],"relics":["Burning Blood","NeowsBlessing","WarpedTongs","Blue Candle","Oddly Smooth Stone","The Courier","Boot"],"acts_visited":["Exordium"],"potions_floor_usage":[12],"damage_taken":[{"damage":0.0,"enemies":"Jaw Worm","floor":1.0,"turns":1.0},{"damage":0,"enemies":"Gremlin Nob","floor":6,"turns":1},{"damage":0,"enemies":"2 Louse","floor":7,"turns":1},{"damage":8,"enemies":"Small Slimes","floor":11,"turns":3},{"damage":3,"enemies":"3 Sentries","floor":12,"turns":3},{"damage":7,"enemies":"Exordium Thugs","floor":13,"turns":4},{"damage":43,"enemies":"Slime Boss","floor":16,"turns":7}],"seed_played":"-8543257750292334590","potions_obtained":[{"floor":1.0,"key":"AttackPotion"},{"floor":13,"key":"ElixirPotion"}],"is_trial":false,"path_per_floor":["M","?","?","?","$","E","M","R","T","T","M","E","M","?","R","B"],"character_chosen":"IRONCLAD","items_purchased":["Shrug It Off"],"campfire_rested":0,"item_purchase_floors":[5],"current_hp_per_floor":[80,73,73,73,73,79,80,80,80,80,78,80,79,79,79,36,36],"gold":138,"neow_bonus":"THREE_ENEMY_KILL","is_daily":false,"chose_seed":false,"campfire_upgraded":2,"win_rate":0.0,"timestamp":1610144204,"path_taken":["M","?","?","?","$","E","?","R","T","?","M","E","M","?","R","BOSS"],"items_purchased_type":["Card"],"build_version":"2020-12-18","purchased_purges":1,"victory":false,"max_hp_per_floor":[80,80,80,80,80,80,80,80,80,80,80,80,80,80,80,80,80],"relic_stats":{"counters":[7,20],"Blue Candle":[0],"Boot":[0],"obtain_stats":[{"NeowsBlessing":0,"Blue Candle":6,"Oddly Smooth Stone":9,"The Courier":10,"Boot":12,"Burning Blood":0,"WarpedTongs":4},{"NeowsBlessing":0,"Blue Candle":2,"Oddly Smooth Stone":3,"The Courier":3,"Boot":5,"Burning Blood":0,"WarpedTongs":1},{"NeowsBlessing":0,"Blue Candle":2,"Oddly Smooth Stone":3,"The Courier":3,"Boot":9,"Burning Blood":0,"WarpedTongs":1}],"Burning Blood":24,"WarpedTongs":[19]},"card_choices":[{"not_picked":["Clothesline","Clash","Intimidate"],"picked":"SKIP","floor":1.0},{"not_picked":["Perfected Strike","Iron Wave","Rage"],"picked":"SKIP","floor":6},{"not_picked":["Carnage","True Grit","Rupture"],"picked":"SKIP","floor":7},{"not_picked":["Perfected Strike","Pommel Strike","Searing Blow"],"picked":"SKIP","floor":11},{"not_picked":["Whirlwind","Sentinel"],"picked":"Thunderclap","floor":12},{"not_picked":["Blood for Blood","Clash","Twin Strike"],"picked":"SKIP","floor":13}],"player_experience":1976508,"relics_obtained":[{"floor":6,"key":"Blue Candle"},{"floor":9,"key":"Oddly Smooth Stone"},{"floor":10,"key":"The Courier"},{"floor":12,"key":"Boot"}],"event_choices":[{"cards_removed":["Strike_R"],"damage_healed":0.0,"max_hp_gain":0.0,"max_hp_loss":0.0,"gold_gain":0.0,"event_name":"Golden Wing","player_choice":"Card Removal","floor":2.0,"gold_loss":0.0,"damage_taken":7.0},{"damage_healed":0.0,"max_hp_gain":0.0,"max_hp_loss":0.0,"gold_gain":0.0,"event_name":"Liars Game","player_choice":"Ignored","floor":3.0,"gold_loss":0.0,"damage_taken":0.0},{"damage_healed":0,"gold_gain":0,"player_choice":"Rummage","damage_taken":0,"relics_obtained":["WarpedTongs"],"max_hp_gain":0,"max_hp_loss":0,"event_name":"Accursed Blacksmith","floor":4,"gold_loss":0,"cards_obtained":["Pain"]},{"cards_removed":["Defend_R"],"damage_healed":0,"gold_gain":0,"player_choice":"Card Removal","damage_taken":0,"max_hp_gain":0,"max_hp_loss":0,"event_name":"Wheel of Change","floor":14,"gold_loss":0}],"is_beta":true,"boss_relics":[],"items_purged_floors":[5],"is_endless":false,"potions_floor_spawned":[1,13],"killed_by":"Slime Boss","ascension_level":0}}