{"host":"7qf1todfnxspvw7w","time":1610150337,"event":{"mods":["AchievementEnabler","BaseMod","Block Reminder","Colored Powertips","Disable Question Mark Monsters","Displayed Cursed Tome","Googly Eyes","Minty Spire (QoL Compilation)","Poor People Problems","Rare Cards Sparkle","Relic Stats","Reorder Act Four","SacredBarkPlus","StSLib","Uncapped"],"gold_per_floor":[118,118,43,43,56,89,108,123,198,198,228,328,346,357,357,462,462,447,155,155,155,169,169,188,63,90,90,110,120,219,219,219,314,314,332,332,182,196,209,209,209,209,209,223,223,48,64,80,80,80,80],"floor_reached":50,"playtime":12365,"items_purged":["Strike_R","Strike_R","Defend_R","Defend_R","Defend_R"],"score":479,"play_id":"2508d851-33d8-4aca-a66e-368785375963","local_time":"20210109025857","is_ascension_mode":false,"campfire_choices":[{"data":"Bash","floor":10,"key":"SMITH"},{"floor":15,"key":"REST"},{"floor":23,"key":"REST"},{"floor":27,"key":"REST"},{"floor":32,"key":"REST"},{"floor":40,"key":"REST"},{"data":"Clash","floor":42,"key":"SMITH"},{"floor":49,"key":"REST"}],"circlet_count":0,"master_deck":["Strike_R","Strike_R","Bash+1","Clash+1","Shrug It Off+1","Trip","Shrug It Off+1","Dropkick"],"relics":["Burning Blood","NeowsBlessing","Dead Branch","Ornamental Fan","Pen Nib","Empty Cage","War Paint","HornCleat"],"acts_visited":["Exordium","TheCity","TheBeyond"],"potions_floor_usage":[16,16,24,33,33,38,39,50,50,50],"damage_taken":[{"damage":0,"enemies":"Jaw Worm","floor":1,"turns":1},{"damage":0,"enemies":"Cultist","floor":5,"turns":1},{"damage":0,"enemies":"3 Sentries","floor":6,"turns":1},{"damage":2,"enemies":"Small Slimes","floor":7,"turns":4},{"damage":5,"enemies":"Looter","floor":8,"turns":3},{"damage":31,"enemies":"Lagavulin","floor":11,"turns":7},{"damage":15,"enemies":"3 Louse","floor":13,"turns":4},{"damage":5,"enemies":"Exordium Thugs","floor":14,"turns":5},{"damage":8,"enemies":"The Guardian","floor":16,"turns":16},{"damage":17,"enemies":"2 Thieves","floor":18,"turns":4},{"damage":26,"enemies":"Spheric Guardian","floor":22,"turns":7},{"damage":33,"enemies":"Snecko","floor":24,"turns":8},{"damage":5,"enemies":"Centurion and Healer","floor":28,"turns":11},{"damage":38,"enemies":"Sentry and Sphere","floor":29,"turns":8},{"damage":134,"enemies":"Champ","floor":33,"turns":18},{"damage":37,"enemies":"Orb Walker","floor":35,"turns":5},{"damage":52,"enemies":"3 Darklings","floor":38,"turns":23},{"damage":52,"enemies":"Transient","floor":39,"turns":5},{"damage":18,"enemies":"Jaw Worm Horde","floor":44,"turns":6},{"damage":6,"enemies":"Writhing Mass","floor":47,"turns":4},{"damage":30,"enemies":"Maw","floor":48,"turns":8},{"damage":47,"enemies":"Awakened One","floor":50,"turns":10}],"seed_played":"8344447292107094185","potions_obtained":[{"floor":5,"key":"BloodPotion"},{"floor":7,"key":"LiquidMemories"},{"floor":8,"key":"PowerPotion"},{"floor":22,"key":"AttackPotion"},{"floor":24,"key":"LiquidMemories"},{"floor":33,"key":"BloodPotion"},{"floor":35,"key":"GamblersBrew"},{"floor":38,"key":"ElixirPotion"},{"floor":47,"key":"FearPotion"},{"floor":48,"key":"Energy Potion"}],"is_trial":false,"path_per_floor":["M","?","$","?","M","E","M","M","T","R","E","?","M","M","R","B",null,"M","$","?","?","M","R","M","$","T","R","M","M","?","?","R","B",null,"M","?","$","M","M","R","?","R","T","M","?","$","M","M","R","B"],"character_chosen":"IRONCLAD","items_purchased":["Trip","FairyPotion"],"campfire_rested":6,"item_purchase_floors":[19,19],"current_hp_per_floor":[80,80,80,80,80,80,80,80,80,80,55,55,46,47,71,69,80,69,69,69,54,34,59,49,49,49,74,75,43,43,43,68,21,85,54,54,54,25,33,58,58,58,58,46,46,46,46,22,46,0,0],"gold":80,"neow_bonus":"THREE_ENEMY_KILL","is_daily":false,"chose_seed":false,"campfire_upgraded":2,"win_rate":0.0,"timestamp":1610150337,"path_taken":["M","?","$","?","M","E","M","?","T","R","E","?","M","?","R","BOSS","M","$","?","?","M","R","M","$","T","R","M","M","?","?","R","BOSS","M","?","$","M","M","R","?","R","T","M","?","$","M","M","R","BOSS"],"items_purchased_type":["Card","Potion"],"build_version":"2020-12-22","purchased_purges":5,"victory":false,"max_hp_per_floor":[80,80,80,80,80,80,80,80,80,80,80,80,80,80,80,80,80,80,80,80,85,85,85,85,85,85,85,85,85,85,85,85,85,85,85,85,85,85,85,85,85,85,85,85,81,81,81,81,81,81,81],"relic_stats":{"counters":[22,159],"Ornamental Fan":[128],"Dead Branch":[5],"Pen Nib":[26],"War Paint":["Shrug It Off","Shrug It Off"],"obtain_stats":[{"HornCleat":43,"NeowsBlessing":0,"Ornamental Fan":9,"Dead Branch":6,"Pen Nib":11,"War Paint":26,"Empty Cage":17,"Burning Blood":0},{"HornCleat":18,"NeowsBlessing":0,"Ornamental Fan":5,"Dead Branch":3,"Pen Nib":6,"War Paint":12,"Empty Cage":9,"Burning Blood":0},{"HornCleat":131,"NeowsBlessing":0,"Ornamental Fan":10,"Dead Branch":3,"Pen Nib":17,"War Paint":61,"Empty Cage":42,"Burning Blood":0}],"Burning Blood":103},"card_choices":[{"not_picked":["Armaments","Perfected Strike","Searing Blow"],"picked":"SKIP","floor":1},{"not_picked":["Thunderclap","Shockwave","Pommel Strike"],"picked":"SKIP","floor":5},{"not_picked":["Spot Weakness","Anger","Warcry"],"picked":"SKIP","floor":6},{"not_picked":["Battle Trance","Thunderclap"],"picked":"Clash","floor":7},{"not_picked":["Evolve","Body Slam","Brutality"],"picked":"SKIP","floor":8},{"not_picked":["Berserk","Power Through"],"picked":"Shrug It Off","floor":11},{"not_picked":["Whirlwind","Clothesline","Wild Strike"],"picked":"SKIP","floor":13},{"not_picked":["Clothesline","Havoc","Combust"],"picked":"SKIP","floor":14},{"not_picked":["Cleave","Intimidate","Shrug It Off"],"picked":"SKIP","floor":18},{"not_picked":["Armaments","Burning Pact","Second Wind+1"],"picked":"SKIP","floor":22},{"not_picked":["Feel No Pain","Sever Soul","Perfected Strike"],"picked":"SKIP","floor":24},{"not_picked":["Blood for Blood","Flex","Anger"],"picked":"SKIP","floor":28},{"not_picked":["Iron Wave","Armaments","Anger+1"],"picked":"SKIP","floor":29},{"not_picked":["Power Through","Flex+1","Infernal Blade+1"],"picked":"SKIP","floor":35},{"not_picked":["Clash","Carnage+1","Infernal Blade+1"],"picked":"SKIP","floor":38},{"not_picked":["Thunderclap","Sword Boomerang+1","Pummel"],"picked":"SKIP","floor":39},{"not_picked":["Anger+1","Perfected Strike","Metallicize+1"],"picked":"SKIP","floor":44},{"not_picked":["Iron Wave+1","Pommel Strike","Spot Weakness"],"picked":"SKIP","floor":47},{"not_picked":["Sentinel+1","Perfected Strike","Anger+1"],"picked":"SKIP","floor":48}],"player_experience":485113,"relics_obtained":[{"floor":6,"key":"Dead Branch"},{"floor":9,"key":"Ornamental Fan"},{"floor":11,"key":"Pen Nib"},{"floor":26,"key":"War Paint"},{"floor":43,"key":"HornCleat"}],"event_choices":[{"damage_healed":0,"gold_gain":0,"player_choice":"0 cards matched","damage_taken":0,"max_hp_gain":0,"max_hp_loss":0,"event_name":"Match and Keep!","floor":2,"gold_loss":0,"cards_obtained":[]},{"damage_healed":0,"gold_gain":0,"player_choice":"Ignored","damage_taken":0,"max_hp_gain":0,"max_hp_loss":0,"event_name":"NoteForYourself","floor":4,"gold_loss":0},{"damage_healed":0,"gold_gain":100,"player_choice":"Pray","damage_taken":0,"max_hp_gain":0,"max_hp_loss":0,"event_name":"Golden Shrine","floor":12,"gold_loss":0},{"damage_healed":0,"gold_gain":0,"player_choice":"Read","damage_taken":0,"max_hp_gain":0,"max_hp_loss":0,"event_name":"The Library","floor":20,"gold_loss":0,"cards_obtained":["Shrug It Off"]},{"damage_healed":0,"gold_gain":0,"player_choice":"Shed Blood","damage_taken":20,"max_hp_gain":5,"max_hp_loss":0,"event_name":"Forgotten Altar","floor":21,"gold_loss":0},{"damage_healed":0,"gold_gain":99,"player_choice":"Stole From Cult","damage_taken":0,"max_hp_gain":0,"max_hp_loss":0,"event_name":"Nest","floor":30,"gold_loss":0},{"damage_healed":0,"gold_gain":0,"player_choice":"1 cards matched","damage_taken":0,"max_hp_gain":0,"max_hp_loss":0,"event_name":"Match and Keep!","floor":31,"gold_loss":0,"cards_obtained":["Dropkick"]},{"damage_healed":0,"gold_gain":0,"player_choice":"Ignored","damage_taken":0,"max_hp_gain":0,"max_hp_loss":0,"event_name":"Mysterious Sphere","floor":36,"gold_loss":0},{"damage_healed":0,"gold_gain":0,"player_choice":"Memory 1","damage_taken":0,"max_hp_gain":0,"max_hp_loss":0,"event_name":"SensoryStone","floor":41,"gold_loss":0},{"damage_healed":0,"gold_gain":0,"player_choice":"Max HP","damage_taken":0,"max_hp_gain":0,"max_hp_loss":4,"event_name":"Winding Halls","floor":45,"gold_loss":0}],"is_beta":false,"boss_relics":[{"not_picked":["Sozu","Coffee Dripper"],"picked":"Empty Cage"},{"not_picked":["Velvet Choker","Snecko Eye","Runic Dome"]}],"items_purged_floors":[3,19,25,37,46],"is_endless":false,"potions_floor_spawned":[5,7,8,22,24,28,33,35,38,47,48],"killed_by":"Awakened One","ascension_level":0}}