{"host":"8fup84v061vi31le","time":1610091886,"event":{"mods":["Aspiration","BaseMod","Better Match","Better Third Choice","Minty Spire (QoL Compilation)","Shop Mod","Spicy Shops","StSLib"],"gold_per_floor":[113,127,147,147,4,4,37,47,122,197,197,214,225,50,50,50,50],"floor_reached":16,"playtime":559,"items_purged":["Finisher","Dagger Throw"],"score":148,"play_id":"56c2bcfa-4ec3-4ba4-8296-4ed61200ff1e","local_time":"20210108154446","is_ascension_mode":true,"campfire_choices":[{"data":"Body Slam","floor":6.0,"key":"SMITH"},{"data":"Power Through","floor":15,"key":"SMITH"}],"circlet_count":0,"master_deck":["Strike_R","Strike_R","Strike_R","Defend_R","Defend_R","Defend_R","Bash","Body Slam+1","Battle Trance","Power Through+1","Outmaneuver","Double Tap","Iron Wave"],"relics":["Burning Blood","NeowsBlessing","PreservedInsect","Strawberry","aspiration:HummingbirdHeart"],"acts_visited":["Exordium"],"potions_floor_usage":[16,16],"damage_taken":[{"damage":0.0,"enemies":"Jaw Worm","floor":1.0,"turns":1.0},{"damage":0.0,"enemies":"2 Louse","floor":2.0,"turns":1.0},{"damage":0.0,"enemies":"Small Slimes","floor":3.0,"turns":1.0},{"damage":16.0,"enemies":"Gremlin Nob","floor":7.0,"turns":3.0},{"damage":25,"enemies":"Gremlin Gang","floor":8,"turns":8},{"damage":9,"enemies":"3 Louse","floor":12,"turns":4},{"damage":1,"enemies":"Exordium Thugs","floor":13,"turns":5},{"damage":49,"enemies":"Hexaghost","floor":16,"turns":9}],"seed_played":"-2325821084077941126","potions_obtained":[{"floor":2.0,"key":"LiquidMemories"},{"floor":7.0,"key":"SkillPotion"},{"floor":11,"key":"ColorlessPotion"},{"floor":13,"key":"Fire Potion"}],"is_trial":false,"path_per_floor":["M","M","M","?","$","R","E","M","T","?","?","M","M","$","R","B"],"character_chosen":"IRONCLAD","items_purchased":["PreservedInsect"],"campfire_rested":0,"item_purchase_floors":[5],"current_hp_per_floor":[78,80,80,80,80,80,77,58,58,47,47,44,49,49,49,0,0],"gold":50,"neow_bonus":"THREE_ENEMY_KILL","is_daily":false,"chose_seed":false,"campfire_upgraded":2,"win_rate":0.0,"timestamp":1610091886,"path_taken":["M","M","M","?","$","R","E","M","T","?","?","M","?","$","R","BOSS"],"items_purchased_type":["Relic"],"build_version":"2020-12-22","purchased_purges":2,"victory":false,"max_hp_per_floor":[80,80,80,80,80,80,87,87,87,87,87,87,87,87,87,87,87],"card_choices":[{"not_picked":["Cleave","Flex"],"picked":"Body Slam","floor":1.0},{"not_picked":["Thunderclap","Pummel"],"picked":"Battle Trance","floor":2.0},{"not_picked":["Armaments","True Grit"],"picked":"Power Through","floor":3.0},{"not_picked":["Thunderclap","Hemokinesis"],"picked":"Double Tap","floor":7.0},{"not_picked":["Dark Embrace","Sentinel","Warcry"],"picked":"SKIP","floor":8},{"not_picked":["Twin Strike","Heavy Blade"],"picked":"Iron Wave","floor":12},{"not_picked":["True Grit","Sentinel","Whirlwind"],"picked":"SKIP","floor":13}],"player_experience":149019,"relics_obtained":[{"floor":7.0,"key":"Strawberry"},{"floor":9,"key":"aspiration:HummingbirdHeart"}],"event_choices":[{"damage_healed":0,"gold_gain":75,"player_choice":"Gold","damage_taken":11,"max_hp_gain":0,"max_hp_loss":0,"event_name":"betterThird:BetterGoop","floor":10,"gold_loss":0},{"damage_healed":0,"gold_gain":0,"player_choice":"Got Potions","damage_taken":0,"max_hp_gain":0,"max_hp_loss":0,"event_name":"Lab","floor":11,"gold_loss":0}],"is_beta":false,"boss_relics":[],"items_purged_floors":[14,14],"is_endless":false,"potions_floor_spawned":[2,7,12,13],"killed_by":"Hexaghost","ascension_level":9}}