{"host":"pvf7uj918he10jir","time":1610083661,"event":{"mods":["AchievementEnabler","BaseMod","Colored Map","Colored Powertips","Highlight Path","Minty Spire (QoL Compilation)","Relic Stats","Slay the Relics Exporter","everything is the same but u backflip on backflip"],"gold_per_floor":[118,118,302,127,156,156,186,209,232,232,232,246,246,284,284,390,390,404,417,417,417,436,465,474,506,530,540,540,558,583,601,601,702,711,722,722,733,535,550,579,598,627,627,627,640,445,474,510,510,510,510,510,86,112,112],"floor_reached":56,"playtime":3912,"items_purged":["Doubt","Strike_G+1","Strike_G+1","Strike_G+1"],"score":1748,"play_id":"6a081cb9-fd13-4b41-ba45-4997bc26e122","local_time":"20210108002741","is_ascension_mode":true,"campfire_choices":[{"data":"Blade Dance","floor":6,"key":"SMITH"},{"data":"Cloak And Dagger","floor":10,"key":"SMITH"},{"floor":13,"key":"REST"},{"floor":15,"key":"REST"},{"floor":24,"key":"REST"},{"data":"Blade Dance","floor":28,"key":"SMITH"},{"data":"Storm of Steel","floor":32,"key":"SMITH"},{"floor":44,"key":"RECALL"},{"data":"Distraction","floor":49,"key":"SMITH"},{"data":"Neutralize","floor":52,"key":"SMITH"}],"circlet_count":0,"master_deck":["Strike_G+1","Defend_G+1","Defend_G+1","Defend_G+1","Defend_G+1","Defend_G+1","Survivor","Neutralize+1","Crippling Poison","Infinite Blades","Distraction+1","Blade Dance+1","Cloak And Dagger+1","Die Die Die+1","Storm of Steel+1","Blade Dance+1","CurseOfTheBell","Calculated Gamble","Endless Agony+1","Accuracy"],"relics":["Ring of the Snake","NeowsBlessing","CeramicFish","White Beast Statue","Dream Catcher","Dead Branch","WristBlade","Bottled Lightning","Vajra","Smiling Mask","Du-Vu Doll","Calling Bell","Bag of Marbles","InkBottle","Thread and Needle","ClockworkSouvenir","Eternal Feather","PreservedInsect","Lee\u0027s Waffle","Regal Pillow","Kunai","Orichalcum"],"acts_visited":["Exordium","TheCity","TheBeyond","TheEnding"],"potions_floor_usage":[23,30,30,31,33,47,53,55,55,55],"damage_taken":[{"damage":0,"enemies":"Small Slimes","floor":1,"turns":1},{"damage":0,"enemies":"Jaw Worm","floor":5,"turns":1},{"damage":0,"enemies":"Gremlin Nob","floor":7,"turns":1},{"damage":0,"enemies":"2 Louse","floor":8,"turns":3},{"damage":6,"enemies":"Blue Slaver","floor":12,"turns":3},{"damage":17,"enemies":"3 Sentries","floor":14,"turns":10},{"damage":44,"enemies":"The Guardian","floor":16,"turns":10},{"damage":15,"enemies":"Shell Parasite","floor":18,"turns":4},{"damage":6,"enemies":"3 Byrds","floor":19,"turns":3},{"damage":11,"enemies":"Cultist and Chosen","floor":22,"turns":4},{"damage":0,"enemies":"Slavers","floor":23,"turns":3},{"damage":0,"enemies":"Gremlin Leader","floor":25,"turns":3},{"damage":0,"enemies":"Snake Plant","floor":27,"turns":2},{"damage":0,"enemies":"Sentry and Sphere","floor":29,"turns":1},{"damage":1,"enemies":"Slavers","floor":30,"turns":2},{"damage":0,"enemies":"Centurion and Healer","floor":31,"turns":1},{"damage":0,"enemies":"Champ","floor":33,"turns":4},{"damage":0,"enemies":"3 Darklings","floor":35,"turns":2},{"damage":8,"enemies":"3 Shapes","floor":37,"turns":1},{"damage":12,"enemies":"Sphere and 2 Shapes","floor":39,"turns":1},{"damage":0,"enemies":"Nemesis","floor":40,"turns":1},{"damage":0,"enemies":"3 Darklings","floor":41,"turns":1},{"damage":5,"enemies":"Giant Head","floor":42,"turns":5},{"damage":0,"enemies":"Maw","floor":45,"turns":2},{"damage":8,"enemies":"Writhing Mass","floor":47,"turns":2},{"damage":0,"enemies":"Nemesis","floor":48,"turns":1},{"damage":14,"enemies":"Donu and Deca","floor":50,"turns":4},{"damage":0,"enemies":"Shield and Spear","floor":54,"turns":3},{"damage":32,"enemies":"The Heart","floor":55,"turns":8}],"seed_played":"5804902063750233565","potions_obtained":[{"floor":1,"key":"DistilledChaos"},{"floor":7,"key":"ColorlessPotion"},{"floor":8,"key":"DistilledChaos"},{"floor":12,"key":"AttackPotion"},{"floor":14,"key":"Swift Potion"},{"floor":16,"key":"GhostInAJar"},{"floor":18,"key":"Fire Potion"},{"floor":22,"key":"DuplicationPotion"},{"floor":23,"key":"LiquidMemories"},{"floor":30,"key":"SteroidPotion"},{"floor":31,"key":"PowerPotion"},{"floor":33,"key":"Poison Potion"},{"floor":35,"key":"CultistPotion"},{"floor":42,"key":"AttackPotion"},{"floor":47,"key":"Explosive Potion"},{"floor":48,"key":"Fruit Juice"},{"floor":54,"key":"Weak Potion"}],"is_trial":false,"path_per_floor":["M","?","?","$","M","R","E","M","T","R","?","M","R","E","R","B",null,"M","M","?","?","M","E","R","E","T","M","R","M","E","M","R","B",null,"M","?","M","$","M","E","M","E","T","R","M","$","M","E","R","B",null,"R","$","E","B",null],"character_chosen":"THE_SILENT","items_purchased":["Infinite Blades","Distraction","ClockworkSouvenir","Lee\u0027s Waffle","Accuracy","Kunai","CunningPotion"],"campfire_rested":3,"item_purchase_floors":[4,4,38,46,53,53,53],"current_hp_per_floor":[70,52,52,52,52,52,52,52,52,52,45,39,60,43,64,20,70,55,49,49,36,25,25,47,47,47,47,47,47,46,46,46,46,75,75,75,67,67,55,55,55,50,50,59,59,82,74,74,82,68,82,82,87,87,55],"gold":112,"neow_bonus":"THREE_ENEMY_KILL","is_daily":false,"chose_seed":false,"campfire_upgraded":6,"win_rate":0.0,"timestamp":1610083661,"path_taken":["M","?","?","$","M","R","E","M","T","R","?","M","R","E","R","BOSS","M","M","?","?","M","E","R","E","T","M","R","M","E","M","R","BOSS","M","?","M","$","?","E","M","E","T","R","M","$","M","E","R","BOSS","R","$","E","BOSS"],"items_purchased_type":["Card","Card","Relic","Relic","Card","Relic","Potion"],"build_version":"2020-12-22","purchased_purges":4,"victory":true,"max_hp_per_floor":[70,70,70,70,70,70,70,70,70,70,70,70,70,70,70,70,70,70,70,70,75,75,75,75,75,75,75,75,75,75,75,75,75,75,75,75,75,75,75,75,75,75,75,75,75,82,82,82,82,82,82,82,87,87,87],"relic_stats":{"Lee\u0027s Waffle":23,"Regal Pillow":0,"counters":[29,87],"CeramicFish":108,"Dead Branch":[374],"Eternal Feather":17,"PreservedInsect":115,"Orichalcum":[18],"Smiling Mask":225,"Dream Catcher":3,"Kunai":[17],"obtain_stats":[{"Lee\u0027s Waffle":46,"Regal Pillow":48,"NeowsBlessing":0,"CeramicFish":2,"Dead Branch":14,"Vajra":25,"Thread and Needle":34,"Eternal Feather":40,"PreservedInsect":42,"Orichalcum":54,"Smiling Mask":26,"White Beast Statue":7,"ClockworkSouvenir":38,"Du-Vu Doll":30,"Calling Bell":34,"Dream Catcher":9,"WristBlade":17,"Bag of Marbles":34,"Bottled Lightning":23,"Kunai":53,"InkBottle":34,"Ring of the Snake":0},{"Lee\u0027s Waffle":24,"Regal Pillow":26,"NeowsBlessing":0,"CeramicFish":1,"Dead Branch":6,"Vajra":12,"Thread and Needle":17,"Eternal Feather":21,"PreservedInsect":23,"Orichalcum":28,"Smiling Mask":12,"White Beast Statue":3,"ClockworkSouvenir":19,"Du-Vu Doll":15,"Calling Bell":17,"Dream Catcher":4,"WristBlade":7,"Bag of Marbles":17,"Bottled Lightning":11,"Kunai":27,"InkBottle":17,"Ring of the Snake":0},{"Lee\u0027s Waffle":69,"Regal Pillow":72,"NeowsBlessing":0,"CeramicFish":1,"Dead Branch":19,"Vajra":46,"Thread and Needle":56,"Eternal Feather":61,"PreservedInsect":67,"Orichalcum":79,"Smiling Mask":46,"White Beast Statue":3,"ClockworkSouvenir":59,"Du-Vu Doll":51,"Calling Bell":56,"Dream Catcher":6,"WristBlade":29,"Bag of Marbles":56,"Bottled Lightning":43,"Kunai":76,"InkBottle":56,"Ring of the Snake":0}],"InkBottle":[29],"Ring of the Snake":[59]},"card_choices":[{"not_picked":["Dash","Quick Slash"],"picked":"Crippling Poison","floor":1},{"not_picked":["Poisoned Stab","Dash"],"picked":"Blade Dance","floor":5},{"not_picked":["Quick Slash","Deadly Poison","Poisoned Stab"],"picked":"SKIP","floor":7},{"not_picked":["Bane","Footwork"],"picked":"Cloak And Dagger","floor":8},{"not_picked":["Bane","Dagger Throw","Caltrops"],"picked":"SKIP","floor":12},{"not_picked":["Dagger Throw","Flechettes"],"picked":"Die Die Die","floor":14},{"not_picked":["Die Die Die","Corpse Explosion"],"picked":"Storm of Steel","floor":16},{"not_picked":["Dagger Spray","Flying Knee","Backflip"],"picked":"SKIP","floor":18},{"not_picked":["Underhanded Strike","Dagger Spray+1","Prepared"],"picked":"SKIP","floor":19},{"not_picked":["Poisoned Stab+1","Catalyst","All Out Attack"],"picked":"SKIP","floor":22},{"not_picked":["Bouncing Flask+1","PiercingWail+1","Quick Slash"],"picked":"SKIP","floor":23},{"not_picked":["Backflip","Distraction"],"picked":"Blade Dance","floor":24},{"not_picked":["Heel Hook","Burst","Blur"],"picked":"SKIP","floor":25},{"not_picked":["Cloak And Dagger","Slice","Outmaneuver"],"picked":"SKIP","floor":27},{"not_picked":["Backflip","Sucker Punch+1","Dash"],"picked":"SKIP","floor":29},{"not_picked":["Expertise","Wraith Form v2","Deadly Poison"],"picked":"SKIP","floor":30},{"not_picked":["Flying Knee","Bane","Skewer+1"],"picked":"SKIP","floor":31},{"not_picked":["Deflect+1","Sucker Punch","Dagger Throw+1"],"picked":"SKIP","floor":35},{"not_picked":["Caltrops+1","Predator","Riddle With Holes+1"],"picked":"SKIP","floor":37},{"not_picked":["Deflect","Prepared+1","Slice+1"],"picked":"SKIP","floor":39},{"not_picked":["Expertise","Quick Slash","Flying Knee+1"],"picked":"SKIP","floor":40},{"not_picked":["Heel Hook","Acrobatics+1","Finisher+1"],"picked":"SKIP","floor":41},{"not_picked":["Sucker Punch+1","Phantasmal Killer","Backflip+1"],"picked":"SKIP","floor":42},{"not_picked":["Prepared+1","Caltrops+1","Slice"],"picked":"SKIP","floor":45},{"not_picked":["Sucker Punch","Escape Plan+1"],"picked":"Calculated Gamble","floor":47},{"not_picked":["Bouncing Flask","A Thousand Cuts"],"picked":"Endless Agony+1","floor":48},{"not_picked":["Dagger Throw+1","Deflect","Dagger Spray"],"picked":"SKIP","floor":54}],"player_experience":130964,"relics_obtained":[{"floor":7,"key":"White Beast Statue"},{"floor":9,"key":"Dream Catcher"},{"floor":14,"key":"Dead Branch"},{"floor":23,"key":"Bottled Lightning"},{"floor":25,"key":"Vajra"},{"floor":26,"key":"Smiling Mask"},{"floor":30,"key":"Du-Vu Doll"},{"floor":34,"key":"Bag of Marbles"},{"floor":34,"key":"InkBottle"},{"floor":34,"key":"Thread and Needle"},{"floor":40,"key":"Eternal Feather"},{"floor":42,"key":"PreservedInsect"},{"floor":48,"key":"Regal Pillow"},{"floor":54,"key":"Orichalcum"}],"event_choices":[{"damage_healed":0,"gold_gain":0,"player_choice":"Success","damage_taken":18,"relics_obtained":["CeramicFish"],"max_hp_gain":0,"max_hp_loss":0,"event_name":"Scrap Ooze","floor":2,"gold_loss":0},{"damage_healed":0,"gold_gain":175,"player_choice":"AGREE","damage_taken":0,"max_hp_gain":0,"max_hp_loss":0,"event_name":"Liars Game","floor":3,"gold_loss":0,"cards_obtained":["Doubt"]},{"cards_removed":["Strike_G"],"damage_healed":0,"gold_gain":0,"player_choice":"Card Removal","damage_taken":7,"max_hp_gain":0,"max_hp_loss":0,"event_name":"Golden Wing","floor":11,"gold_loss":0},{"damage_healed":0,"gold_gain":0,"player_choice":"Simplicity","damage_taken":0,"max_hp_gain":0,"max_hp_loss":0,"event_name":"Back to Basics","floor":20,"gold_loss":0,"cards_upgraded":["Strike_G","Strike_G","Strike_G","Strike_G","Defend_G","Defend_G","Defend_G","Defend_G","Defend_G"]},{"damage_healed":0,"gold_gain":0,"player_choice":"Shed Blood","damage_taken":18,"max_hp_gain":5,"max_hp_loss":0,"event_name":"Forgotten Altar","floor":21,"gold_loss":0},{"damage_healed":0,"gold_gain":0,"player_choice":"Forge","damage_taken":0,"max_hp_gain":0,"max_hp_loss":0,"event_name":"Accursed Blacksmith","floor":36,"gold_loss":0,"cards_upgraded":["Die Die Die"]}],"is_beta":false,"boss_relics":[{"not_picked":["Ectoplasm","Fusion Hammer"],"picked":"WristBlade"},{"not_picked":["SlaversCollar","Black Star"],"picked":"Calling Bell"}],"items_purged_floors":[4,38,46,53],"is_endless":false,"potions_floor_spawned":[1,7,8,12,14,16,18,19,22,23,25,27,29,30,31,33,35,37,39,40,41,42,45,47,48,54],"ascension_level":4}}