{"host":"yiwf5cuj7e45awf3","time":1610098297,"event":{"mods":["BaseMod","Downfall","Hermit","Highlight Path","Hubris","Infinite Spire","Lobotomy","Marisa£®ÏF”Í°°ƒß¿Ì…≥£©","Minty Spire (QoL Compilation)","READ ME - Guardian Mod","Remilia£®¿Ÿ√◊¿Ú—«£©","Replay The Spire","StSLib","The Animator","The Construct","The Cursed","The Disciple","The Hierophant","The Jungle","The Necromancer","The Runesmith","The Servant 0.9.4"],"gold_per_floor":[118,118,118,118,142,142,160,160,187,210,210,241,34,54,54,182,182,201,201,78,78,101,101,101,101,101],"floor_reached":25,"playtime":1799,"items_purged":[],"score":199,"play_id":"92958821-b86a-4821-824f-1ca3b0db8b70","local_time":"20210108173137","is_ascension_mode":false,"campfire_choices":[{"data":"Parity","floor":6,"key":"SMITH"},{"data":"AlternateTimeline","floor":8,"key":"SMITH"},{"data":"PrimeTime","floor":11,"key":"SMITH"},{"floor":15,"key":"REST"},{"data":"HandsUpC","floor":23,"key":"SMITH"}],"circlet_count":0,"master_deck":["Strike_Br","Strike_Br","Strike_Br","Strike_Br+1","Defend_Br","Defend_Br","Defend_Br","Defend_Br+1","SecondHand","PatternShift+1","Parity+1","PrimeTime+1","AlternateTimeline+1","LockedBlood","LockedAnchor","FormalWear","FormalWear","HandsUpC+1","RageCommand","HandsUpB","Pride","MasterKey","MasterKey","Parity+1","HandsUpC+1","ReplayTheSpireMod:Echoes of Time"],"relics":["Chronometer","infinitespire:FocusingShard","Golden Idol","Ginger","Sling","Coffee Dripper","GreatHeart"],"acts_visited":["Exordium","TheCity"],"potions_floor_usage":[16],"damage_taken":[{"damage":0,"enemies":"Cultist","floor":1,"turns":6},{"damage":2,"enemies":"Small Slimes","floor":5,"turns":4},{"damage":0,"enemies":"2 Louse","floor":7,"turns":3},{"damage":6,"enemies":"Exordium Thugs","floor":10,"turns":6},{"damage":14,"enemies":"Replay:BlueRogue","floor":12,"turns":4},{"damage":2,"enemies":"Blue Slaver","floor":14,"turns":4},{"damage":21,"enemies":"The Guardian","floor":16,"turns":12},{"damage":35,"enemies":"3 Byrds","floor":18,"turns":6},{"damage":31,"enemies":"Spheric Guardian","floor":22,"turns":7},{"damage":15,"enemies":"Centurion and Healer","floor":25,"turns":3}],"seed_played":"3935021095828666336","potions_obtained":[{"floor":7,"key":"Strength Potion"},{"floor":10,"key":"Slimebound:ThreeZeroPotion"},{"floor":18,"key":"Languid Potion"}],"is_trial":false,"path_per_floor":["M","T","?","?","M","R","M","R","T","M","R","E","$","M","R","B",null,"M","?","$","?","M","R","AVR","M"],"character_chosen":"CHRONO_CLASS","items_purchased":["Sling","FormalWear","MasterKey"],"campfire_rested":1,"item_purchase_floors":[13,13,20],"current_hp_per_floor":[65,65,52,36,34,34,34,34,34,28,28,18,18,18,37,22,65,36,36,36,36,11,11,11,0,0],"gold":101,"neow_bonus":"UPGRADE_CARD","is_daily":false,"chose_seed":false,"campfire_upgraded":4,"win_rate":0.0,"timestamp":1610098297,"path_taken":["M","?","?","?","M","R","?","R","T","M","R","E","$","M","R","BOSS","M","?","$","?","M","R","AVR","M"],"items_purchased_type":["Relic","Card","Card"],"build_version":"2020-12-22","purchased_purges":0,"victory":false,"max_hp_per_floor":[65,65,65,65,65,65,65,65,65,65,65,65,65,65,65,65,65,65,65,65,65,65,65,65,65,65],"card_choices":[{"not_picked":["CrunchTime","Echoward"],"picked":"Parity","floor":1},{"not_picked":["SlimeSpray","LockedTurtyl"],"picked":"PrimeTime","floor":5},{"not_picked":["LockedAstrolabe","LockedMedicine"],"picked":"AlternateTimeline","floor":7},{"not_picked":["LockedMedicine","Facsimile"],"picked":"LockedBlood","floor":10},{"not_picked":["AlternateTimeline","Echoward"],"picked":"LockedAnchor","floor":12},{"not_picked":["Parity","Tempo"],"picked":"HandsUpC","floor":14},{"not_picked":["LockedFlame","LockedAstrolabe"],"picked":"RageCommand","floor":16},{"not_picked":["Cuckoo","ShortSighted+1"],"picked":"HandsUpB","floor":18},{"not_picked":["LockedBlood+1","Recurrance"],"picked":"HandsUpC+1","floor":22}],"player_experience":63505,"relics_obtained":[{"floor":2,"key":"infinitespire:FocusingShard"},{"floor":12,"key":"Ginger"}],"event_choices":[{"damage_healed":0,"gold_gain":0,"player_choice":"Entered Light","damage_taken":13,"max_hp_gain":0,"max_hp_loss":0,"event_name":"Shining Light","floor":3,"gold_loss":0,"cards_upgraded":["Defend_Br","Strike_Br"]},{"damage_healed":0,"gold_gain":0,"player_choice":"Take Damage","damage_taken":16,"relics_obtained":["Golden Idol"],"max_hp_gain":0,"max_hp_loss":0,"event_name":"Golden Idol","floor":4,"gold_loss":0},{"damage_healed":0,"gold_gain":0,"player_choice":"Copied","damage_taken":0,"max_hp_gain":0,"max_hp_loss":0,"event_name":"Duplicator","floor":21,"gold_loss":0,"cards_obtained":["Parity"]}],"is_beta":false,"boss_relics":[{"not_picked":["ReplayTheSpireMod:DimensionalGlitch","Ectoplasm"],"picked":"Coffee Dripper"}],"items_purged_floors":[],"is_endless":false,"potions_floor_spawned":[7,10,18],"killed_by":"Centurion and Healer","ascension_level":0}}