{"host":"dcj2yvrgcvh5dl2s","time":1610077035,"event":{"mods":["BaseMod","Better Note","Block Reminder","Colored Powertips","DeckTracker","Minty Spire (QoL Compilation)","Quick Restart","Rare Cards Sparkle","Relic Stats","StSLib"],"gold_per_floor":[113,38,49,67,67,67,92,92,92,92,122,133,133,153,153,153,153],"floor_reached":16,"playtime":2068,"items_purged":["Decay"],"score":125,"play_id":"ce5e780c-d4dc-4e09-8be1-0b0e0644b0e7","local_time":"20210108133715","is_ascension_mode":true,"campfire_choices":[{"data":"Neutralize","floor":6.0,"key":"SMITH"},{"floor":8.0,"key":"REST"},{"floor":13,"key":"REST"},{"data":"After Image","floor":15,"key":"SMITH"}],"circlet_count":0,"master_deck":["Strike_G","Strike_G","Strike_G","Strike_G","Strike_G","Defend_G","Defend_G","Defend_G","Defend_G","Defend_G","Survivor","Neutralize+1","Master of Strategy","Blade Dance","Slice","Catalyst+1","After Image+1","Crippling Poison","Distraction"],"relics":["Ring of the Snake","Regal Pillow","Odd Mushroom","Letter Opener","Ancient Tea Set"],"acts_visited":["Exordium"],"potions_floor_usage":[16,16],"damage_taken":[{"damage":5.0,"enemies":"Small Slimes","floor":1.0,"turns":5.0},{"damage":1.0,"enemies":"2 Louse","floor":3.0,"turns":2.0},{"damage":4.0,"enemies":"Cultist","floor":4.0,"turns":3.0},{"damage":18.0,"enemies":"The Mushroom Lair","floor":7.0,"turns":5.0},{"damage":49.0,"enemies":"Lagavulin","floor":11.0,"turns":9.0},{"damage":4.0,"enemies":"Blue Slaver","floor":12.0,"turns":3.0},{"damage":0,"enemies":"2 Fungi Beasts","floor":14,"turns":3},{"damage":55,"enemies":"Hexaghost","floor":16,"turns":16}],"seed_played":"7665354827625094350","potions_obtained":[{"floor":3.0,"key":"Weak Potion"},{"floor":11.0,"key":"Block Potion"},{"floor":12,"key":"Swift Potion"}],"is_trial":false,"path_per_floor":["M","$","M","M","?","R","?","R","T","?","E","M","R","M","R","B"],"character_chosen":"THE_SILENT","items_purchased":[],"campfire_rested":2,"item_purchase_floors":[],"current_hp_per_floor":[65,65,64,60,57,57,39,70,70,70,21,17,53,53,53,0,0],"gold":153,"neow_bonus":"RANDOM_COLORLESS_2","is_daily":false,"chose_seed":false,"campfire_upgraded":2,"win_rate":0.0,"timestamp":1610077035,"path_taken":["M","$","M","M","?","R","?","R","T","?","E","M","R","?","R","BOSS"],"items_purchased_type":[],"build_version":"2020-12-22","purchased_purges":1,"victory":false,"max_hp_per_floor":[70,70,70,70,70,70,70,70,70,70,70,70,70,70,70,70,70],"relic_stats":{"Regal Pillow":25,"counters":[8,46],"Letter Opener":[20],"obtain_stats":[{"Regal Pillow":5,"Letter Opener":9,"Odd Mushroom":7,"Ancient Tea Set":11,"Ring of the Snake":0},{"Regal Pillow":3,"Letter Opener":4,"Odd Mushroom":4,"Ancient Tea Set":5,"Ring of the Snake":0},{"Regal Pillow":10,"Letter Opener":15,"Odd Mushroom":15,"Ancient Tea Set":24,"Ring of the Snake":0}],"Ring of the Snake":[16]},"card_choices":[{"not_picked":["Magnetism","Panache"],"picked":"Master of Strategy","floor":0.0},{"not_picked":["Dodge and Roll","Deadly Poison"],"picked":"Blade Dance","floor":1.0},{"not_picked":["Acrobatics","Bane","Skewer"],"picked":"SKIP","floor":3.0},{"not_picked":["PiercingWail","Reflex"],"picked":"Slice","floor":4.0},{"not_picked":["Bane","Terror"],"picked":"Catalyst","floor":7.0},{"not_picked":["Prepared","Outmaneuver"],"picked":"After Image","floor":11.0},{"not_picked":["Calculated Gamble","Flying Knee"],"picked":"Crippling Poison","floor":12},{"not_picked":["Dagger Throw","Deadly Poison"],"picked":"Distraction","floor":14}],"player_experience":2236132,"relics_obtained":[{"floor":7.0,"key":"Odd Mushroom"},{"floor":9.0,"key":"Letter Opener"},{"floor":11.0,"key":"Ancient Tea Set"}],"event_choices":[{"damage_healed":0.0,"max_hp_gain":0.0,"max_hp_loss":0.0,"gold_gain":0.0,"event_name":"Scrap Ooze","player_choice":"Success","floor":5.0,"gold_loss":0.0,"damage_taken":3.0,"relics_obtained":["Regal Pillow"]},{"damage_healed":0.0,"max_hp_gain":0.0,"max_hp_loss":0.0,"gold_gain":0.0,"event_name":"Mushrooms","player_choice":"Fought Mushrooms","floor":7.0,"gold_loss":0.0,"damage_taken":0.0},{"damage_healed":0.0,"max_hp_gain":0.0,"max_hp_loss":0.0,"gold_gain":0.0,"event_name":"Accursed Blacksmith","player_choice":"Forge","floor":10.0,"gold_loss":0.0,"damage_taken":0.0,"cards_upgraded":["Catalyst"]}],"is_beta":false,"boss_relics":[],"items_purged_floors":[2],"is_endless":false,"potions_floor_spawned":[3,11,12],"killed_by":"Hexaghost","ascension_level":5}}