{"host":"c6u7e77myxvw4d0m","time":1610086120,"event":{"mods":["AchievementEnabler","BaseMod","Bestiary","Colored Map","Colored Powertips","Minty Spire (QoL Compilation)","Rare Cards Sparkle","Relic Stats","everything is the same but u backflip on backflip"],"gold_per_floor":[114,114,134,154,168,200,200,217,217,234,234,267,267,192,192,297,297,297],"floor_reached":17,"playtime":1040,"items_purged":["Defend_G"],"score":251,"play_id":"67ff0719-6be7-472b-b87a-65a21d70923b","local_time":"20210108080840","is_ascension_mode":true,"campfire_choices":[{"data":"Dagger Spray","floor":7,"key":"SMITH"},{"data":"Quick Slash","floor":13,"key":"SMITH"},{"data":"Neutralize","floor":15,"key":"SMITH"}],"circlet_count":0,"master_deck":["AscendersBane","Strike_G","Strike_G","Strike_G","Strike_G","Strike_G","Defend_G","Defend_G","Defend_G","Defend_G","Survivor","Neutralize+1","Dagger Spray+1","Blade Dance+1","Cloak And Dagger+1","Escape Plan+1","Quick Slash+1","Escape Plan+1","Cloak And Dagger+1","Blade Dance+1","Night Terror+1"],"relics":["Runic Dome","Toxic Egg 2","Vajra","Singing Bowl","Thread and Needle","WristBlade"],"acts_visited":["Exordium","TheCity"],"potions_floor_usage":[16],"damage_taken":[{"damage":0,"enemies":"Cultist","floor":1,"turns":4},{"damage":0,"enemies":"2 Louse","floor":3,"turns":3},{"damage":0,"enemies":"Small Slimes","floor":4,"turns":2},{"damage":0,"enemies":"3 Louse","floor":5,"turns":2},{"damage":10,"enemies":"3 Sentries","floor":6,"turns":8},{"damage":4,"enemies":"Red Slaver","floor":8,"turns":2},{"damage":6,"enemies":"Large Slime","floor":10,"turns":4},{"damage":6,"enemies":"Lagavulin","floor":12,"turns":5},{"damage":29,"enemies":"The Guardian","floor":16,"turns":5}],"seed_played":"9023505216268600325","potions_obtained":[{"floor":4,"key":"Weak Potion"},{"floor":5,"key":"SneckoOil"},{"floor":10,"key":"Dexterity Potion"},{"floor":12,"key":"AttackPotion"}],"is_trial":false,"path_per_floor":["M","T","M","M","M","E","R","M","T","M","$","E","R","$","R","B",null],"character_chosen":"THE_SILENT","items_purchased":[],"campfire_rested":0,"item_purchase_floors":[],"current_hp_per_floor":[63,63,63,63,63,53,53,49,49,43,43,37,37,37,37,8,55,55],"gold":297,"neow_bonus":"BOSS_RELIC","is_daily":false,"chose_seed":false,"campfire_upgraded":3,"win_rate":0.0,"timestamp":1610086120,"path_taken":["M","?","M","M","M","E","R","M","T","M","?","E","R","$","R","BOSS"],"items_purchased_type":[],"build_version":"2020-12-22","purchased_purges":1,"victory":false,"max_hp_per_floor":[70,70,70,70,70,70,70,70,70,70,70,70,70,70,70,70,70,70],"relic_stats":{"Singing Bowl":0,"counters":[9,35],"obtain_stats":[{"Runic Dome":0,"Singing Bowl":9,"WristBlade":17,"Vajra":6,"Thread and Needle":12,"Toxic Egg 2":2,"Ring of the Snake":0},{"Runic Dome":0,"Singing Bowl":6,"WristBlade":9,"Vajra":5,"Thread and Needle":8,"Toxic Egg 2":1,"Ring of the Snake":0},{"Runic Dome":0,"Singing Bowl":21,"WristBlade":35,"Vajra":19,"Thread and Needle":30,"Toxic Egg 2":4,"Ring of the Snake":0}]},"card_choices":[{"not_picked":["Backflip","Dodge and Roll"],"picked":"Dagger Spray","floor":1},{"not_picked":["PiercingWail+1","Eviscerate"],"picked":"Blade Dance+1","floor":3},{"not_picked":["Bouncing Flask+1","Blade Dance+1"],"picked":"Cloak And Dagger+1","floor":4},{"not_picked":["Doppelganger+1","Blur+1"],"picked":"Escape Plan+1","floor":5},{"not_picked":["Deflect+1","Skewer"],"picked":"Quick Slash","floor":6},{"not_picked":["Flying Knee","Blade Dance+1"],"picked":"Escape Plan+1","floor":8},{"not_picked":["Backflip+1","Slice"],"picked":"Cloak And Dagger+1","floor":10},{"not_picked":["Bane","Dagger Spray"],"picked":"Blade Dance+1","floor":12},{"not_picked":["Phantasmal Killer+1","Grand Finale"],"picked":"Night Terror+1","floor":16}],"player_experience":283008,"relics_obtained":[{"floor":2,"key":"Toxic Egg 2"},{"floor":6,"key":"Vajra"},{"floor":9,"key":"Singing Bowl"},{"floor":12,"key":"Thread and Needle"}],"event_choices":[],"is_beta":false,"boss_relics":[{"not_picked":["SacredBark","HoveringKite"],"picked":"WristBlade"}],"items_purged_floors":[14],"is_endless":false,"potions_floor_spawned":[4,5,10,12],"ascension_level":10}}