{"host":"baymyijz6sxaqj5s","time":1610108957,"event":{"mods":["AchievementEnabler","BaseMod","Colored Map","Colored Powertips","DeckTracker","Highlight Path","KOR Keyword Fix","Keyboard Shortcuts","Minty Spire (QoL Compilation)","Quick Restart","StSLib","SuperFastMode"],"gold_per_floor":[110,124,135,145,161,161,178,143,195,211,211,235,251,262,262,262,262],"floor_reached":16,"playtime":1219,"items_purged":[],"score":113,"play_id":"eff94895-4105-440f-8ae3-f7c7fff37605","local_time":"20210108212917","is_ascension_mode":true,"campfire_choices":[{"data":"Heavy Blade","floor":6,"key":"SMITH"},{"data":"Armaments","floor":11,"key":"SMITH"},{"data":"Entrench","floor":15,"key":"SMITH"}],"circlet_count":0,"master_deck":["Strike_R","Strike_R","Strike_R","Strike_R","Strike_R","Defend_R","Defend_R","Defend_R","Defend_R","Bash","Heavy Blade+1","Shrug It Off","Armaments+1","Thunderclap","Entrench+1","Flame Barrier"],"relics":["Burning Blood","Bag of Preparation","Odd Mushroom"],"acts_visited":["Exordium"],"potions_floor_usage":[12,16,16,16],"damage_taken":[{"damage":5,"enemies":"Small Slimes","floor":1,"turns":5},{"damage":12,"enemies":"Jaw Worm","floor":2,"turns":3},{"damage":1,"enemies":"2 Louse","floor":3,"turns":4},{"damage":16,"enemies":"Red Slaver","floor":4,"turns":5},{"damage":5,"enemies":"Exordium Wildlife","floor":5,"turns":8},{"damage":16,"enemies":"Gremlin Gang","floor":7,"turns":6},{"damage":13,"enemies":"Large Slime","floor":10,"turns":10},{"damage":9,"enemies":"The Mushroom Lair","floor":12,"turns":4},{"damage":8,"enemies":"Red Slaver","floor":13,"turns":6},{"damage":2,"enemies":"3 Louse","floor":14,"turns":3},{"damage":81,"enemies":"Slime Boss","floor":16,"turns":21}],"seed_played":"-4585106298864137073","potions_obtained":[{"floor":1,"key":"SpeedPotion"},{"floor":4,"key":"Explosive Potion"},{"floor":10,"key":"PowerPotion"},{"floor":13,"key":"AttackPotion"}],"is_trial":false,"path_per_floor":["M","M","M","M","M","R","M","?","T","M","R","?","M","M","R","B"],"character_chosen":"IRONCLAD","items_purchased":[],"campfire_rested":0,"item_purchase_floors":[],"current_hp_per_floor":[88,82,87,77,78,78,68,88,88,81,81,78,76,80,80,0,0],"gold":262,"neow_bonus":"TEN_PERCENT_HP_BONUS","is_daily":false,"chose_seed":false,"campfire_upgraded":3,"win_rate":0.0,"timestamp":1610108957,"path_taken":["M","M","M","M","M","R","M","?","T","M","R","?","M","M","R","BOSS"],"items_purchased_type":[],"build_version":"2020-12-22","purchased_purges":0,"victory":false,"max_hp_per_floor":[88,88,88,88,88,88,88,88,88,88,88,88,88,88,88,88,88],"card_choices":[{"not_picked":["Rupture","Sever Soul"],"picked":"Heavy Blade","floor":1},{"not_picked":["Heavy Blade","Clothesline"],"picked":"Shrug It Off","floor":2},{"not_picked":["Brutality","Flex","Feel No Pain"],"picked":"SKIP","floor":3},{"not_picked":["Twin Strike","Iron Wave"],"picked":"Armaments","floor":4},{"not_picked":["Carnage","Power Through","Berserk"],"picked":"SKIP","floor":5},{"not_picked":["Clothesline","Warcry","Wild Strike"],"picked":"SKIP","floor":7},{"not_picked":["Wild Strike","Warcry"],"picked":"Thunderclap","floor":10},{"not_picked":["Armaments","Warcry"],"picked":"Entrench","floor":13},{"not_picked":["Double Tap","Clash"],"picked":"Flame Barrier","floor":14}],"player_experience":83962,"relics_obtained":[{"floor":9,"key":"Bag of Preparation"},{"floor":12,"key":"Odd Mushroom"}],"event_choices":[{"damage_healed":22,"gold_gain":0,"player_choice":"Healed","damage_taken":0,"max_hp_gain":0,"max_hp_loss":0,"event_name":"The Cleric","floor":8,"gold_loss":35},{"damage_healed":0,"gold_gain":0,"player_choice":"Fought Mushrooms","damage_taken":0,"max_hp_gain":0,"max_hp_loss":0,"event_name":"Mushrooms","floor":12,"gold_loss":0}],"is_beta":false,"boss_relics":[],"items_purged_floors":[],"is_endless":false,"potions_floor_spawned":[1,4,10,13,14],"killed_by":"Slime Boss","ascension_level":3}}