{"host":"2pt9f5ojqg0apn28","time":1610064058,"event":{"mods":["AchievementEnabler","BaseMod","Better Altar","Better Match","Better Note","Better Sensory Stone","Better Skull","Better Third Choice","Colored Map","Colored Powertips","Downfall","Hubris","Infinite Spire","Minty Spire (QoL Compilation)","Replay The Spire","StSLib"],"gold_per_floor":[114,114,13,13,24,50,50,81,81,116,132,132,184,198,198,294,294,314,61,79,98,98,98,127,151,151,151,151,121,147,247,247,345,345,363,373,373,373,23,23,58,58,84,84,34,45,56,56,56,56,56,56],"floor_reached":53,"playtime":2105,"items_purged":["Strike_B","Reprogram+1","Strike_B","Defend_B","Defend_B","Parasite"],"score":915,"play_id":"82b32b0a-9080-4fc7-b541-969eba21481a","local_time":"20210108050058","is_ascension_mode":true,"campfire_choices":[{"data":"Cold Snap","floor":7,"key":"SMITH"},{"floor":12,"key":"REST"},{"floor":15,"key":"REST"},{"floor":23,"key":"REST"},{"data":"infinitespire:Oblivion","floor":27,"key":"SMITH"},{"floor":32,"key":"REST"},{"floor":40,"key":"REST"},{"data":"ReplayTheSpireMod:Calculation Training","floor":44,"key":"SMITH"},{"floor":51,"key":"REST"}],"circlet_count":0,"master_deck":["Strike_B+2","Strike_B+1","Defend_B+1","Defend_B+1","Dualcast+1","Conserve Battery+1","Cold Snap+1","Compile Driver+1","Turbo+1","Ball Lightning","Meteor Strike","Double Energy+1","Mayhem","Survey Options","expansioncontent:DefensiveMode","infinitespire:Oblivion+1","ReplayTheSpireMod:Calculation Training+1","hubris:NaturalOne","Defragment+1","Turbo+1","Machine Learning","Coolheaded","Static Discharge"],"relics":["Cracked Core","NeowsBlessing","hubris:Icosahedron","Mercury Hourglass","hubris:Metronome","Gremlin Food","Carrot","Smiling Mask","hubris:TerracottaHorce","ReplayTheSpireMod:ShopPack","PreservedInsect","hubris:BallOfYels","Ancient Tea Set","StoneCalendar","hubris:CrystalStatue","Ginger","hubris:TinFlute","Busted Crown","Replay:Kaleidoscope","hubris:Spice","Simple Rune","Bottled Tornado"],"acts_visited":["Exordium","TheCity","TheBeyond"],"potions_floor_usage":[31,33,52,52,52],"damage_taken":[{"damage":0,"enemies":"Small Slimes","floor":1,"turns":1},{"damage":0,"enemies":"2 Louse","floor":5,"turns":1},{"damage":0,"enemies":"Lagavulin","floor":6,"turns":1},{"damage":9,"enemies":"Replay:BlueRogue","floor":8,"turns":5},{"damage":31,"enemies":"Lagavulin","floor":10,"turns":7},{"damage":0,"enemies":"Jaw Worm","floor":11,"turns":2},{"damage":14,"enemies":"Red Slaver","floor":14,"turns":2},{"damage":25,"enemies":"The Guardian","floor":16,"turns":11},{"damage":4,"enemies":"Chosen","floor":18,"turns":3},{"damage":5,"enemies":"Shell Parasite","floor":20,"turns":3},{"damage":23,"enemies":"Chosen and Byrds","floor":21,"turns":5},{"damage":0,"enemies":"Replay:Snechameleon","floor":24,"turns":3},{"damage":0,"enemies":"Snecko","floor":29,"turns":2},{"damage":9,"enemies":"Book of Stabbing","floor":30,"turns":3},{"damage":1,"enemies":"Colosseum Slavers","floor":31,"turns":4},{"damage":0,"enemies":"Colosseum Nobs","floor":31,"turns":2},{"damage":49,"enemies":"Champ","floor":33,"turns":10},{"damage":34,"enemies":"3 Shapes","floor":35,"turns":5},{"damage":13,"enemies":"Orb Walker","floor":36,"turns":3},{"damage":0,"enemies":"Reptomancer","floor":41,"turns":4},{"damage":26,"enemies":"3 Darklings","floor":46,"turns":4},{"damage":17,"enemies":"Writhing Mass","floor":47,"turns":4},{"damage":3,"enemies":"Time Eater","floor":52,"turns":6}],"seed_played":"3983573883330135599","potions_obtained":[{"floor":1,"key":"Adrenaline Potion"},{"floor":10,"key":"Explosive Potion"},{"floor":16,"key":"Elixir"},{"floor":31,"key":"Fruit Juice"},{"floor":33,"key":"Explosive Potion"},{"floor":46,"key":"Flashbang"}],"is_trial":false,"path_per_floor":["M","?","$","?","M","E","R","E","T","E","M","R","T","M","R","B",null,"M","$","M","M","AVR","R","E","T","T","R","?","M","E","?","R","B",null,"M","M","?","T","$","R","E","?","T","R","$","M","M","PTL","PTL","AVR","R","B",null],"character_chosen":"DEFECT","items_purchased":["Cold Snap","ReplayTheSpireMod:ShopPack","Double Energy","hubris:Spice"],"campfire_rested":6,"item_purchase_floors":[3,19,19,39],"current_hp_per_floor":[75,75,75,75,75,75,75,66,66,35,35,57,57,43,65,40,66,62,62,57,34,34,56,56,56,56,56,56,56,47,46,68,24,66,32,19,19,19,27,53,61,61,61,61,61,35,18,18,18,18,45,42],"gold":56,"neow_bonus":"THREE_ENEMY_KILL","is_daily":false,"chose_seed":false,"campfire_upgraded":3,"win_rate":0.0,"timestamp":1610064058,"path_taken":["M","?","$","?","M","E","R","E","T","E","M","R","?","M","R","BOSS","M","$","M","M","AVR","R","E","?","T","R","?","?","E","?","R","BOSS","M","M","?","?","?","R","E","?","T","R","$","?","M","PTL","PTL","AVR","R","BOSS"],"items_purchased_type":["Card","Relic","Card","Relic"],"build_version":"2020-12-22","purchased_purges":6,"victory":true,"max_hp_per_floor":[75,75,75,75,75,75,75,75,75,75,75,75,75,75,75,75,75,75,75,75,75,75,75,75,75,75,75,75,75,75,75,75,80,80,80,80,80,80,88,88,96,96,96,96,96,96,96,96,96,93,93,93],"card_choices":[{"not_picked":["Sunder","Hologram"],"picked":"Conserve Battery","floor":1},{"not_picked":["BasicCrystalCard","ReplayTheSpireMod:System Scan"],"picked":"Compile Driver","floor":5},{"not_picked":["Compile Driver","Streamline","Steam"],"picked":"SKIP","floor":6},{"not_picked":["Compile Driver","ReplaySolidLightProjector"],"picked":"Turbo","floor":8},{"not_picked":["Consume","Recycle"],"picked":"Ball Lightning","floor":10},{"not_picked":["Compile Driver","Crystallizer","BasicCrystalCard"],"picked":"SKIP","floor":11},{"not_picked":["FTL","Panic Button","Amplify"],"picked":"SKIP","floor":14},{"not_picked":["ReplayTheSpireMod:Fabricate Wheel","Buffer"],"picked":"Meteor Strike","floor":16},{"not_picked":["BasicCrystalCard+1","Compile Driver","Time Bomb"],"picked":"SKIP","floor":18},{"not_picked":["Thinking Ahead","The Bomb"],"picked":"Mayhem","floor":19},{"not_picked":["Mind Blast","ReplayUltimateDefense"],"picked":"Survey Options","floor":19},{"not_picked":["Forethought","Magnetism"],"picked":"expansioncontent:DefensiveMode","floor":19},{"not_picked":["Leap","Redo","Compile Driver+1"],"picked":"SKIP","floor":20},{"not_picked":["Leap","Barrage","Conserve Battery"],"picked":"SKIP","floor":21},{"not_picked":["Gash","Storm+1"],"picked":"ReplayTheSpireMod:Calculation Training","floor":24},{"not_picked":["Hologram","Blizzard","Force Field"],"picked":"SKIP","floor":29},{"not_picked":["ReplayTheSpireMod:System Scan","Time Bomb"],"picked":"Defragment+1","floor":30},{"not_picked":["Beam Cell","ReplayTheSpireMod:Reroute Power+1"],"picked":"Turbo+1","floor":31},{"not_picked":["hubris:SpecializedCircuitry","Buffer"],"picked":"Machine Learning","floor":33},{"not_picked":["Hello World+1"],"picked":"SKIP","floor":35},{"not_picked":["Steam+1"],"picked":"SKIP","floor":36},{"not_picked":[],"picked":"Coolheaded","floor":41},{"not_picked":["Hello World"],"picked":"SKIP","floor":46},{"not_picked":[],"picked":"Static Discharge","floor":47}],"player_experience":82251,"relics_obtained":[{"floor":6,"key":"Mercury Hourglass"},{"floor":8,"key":"hubris:Metronome"},{"floor":9,"key":"Gremlin Food"},{"floor":10,"key":"Carrot"},{"floor":13,"key":"Smiling Mask"},{"floor":24,"key":"hubris:BallOfYels"},{"floor":25,"key":"Ancient Tea Set"},{"floor":26,"key":"StoneCalendar"},{"floor":30,"key":"hubris:CrystalStatue"},{"floor":31,"key":"Ginger"},{"floor":31,"key":"hubris:TinFlute"},{"floor":38,"key":"Replay:Kaleidoscope"},{"floor":41,"key":"hubris:Spice"},{"floor":43,"key":"Simple Rune"}],"event_choices":[{"damage_healed":0,"gold_gain":0,"player_choice":"Upgraded","damage_taken":0,"max_hp_gain":0,"max_hp_loss":0,"event_name":"Upgrade Shrine","floor":28,"gold_loss":0,"cards_upgraded":["Double Energy"]},{"damage_healed":0,"gold_gain":0,"player_choice":"Fight","damage_taken":0,"max_hp_gain":0,"max_hp_loss":0,"event_name":"Colosseum","floor":31,"gold_loss":0},{"damage_healed":0,"gold_gain":0,"player_choice":"Fought Nobs","damage_taken":0,"max_hp_gain":0,"max_hp_loss":0,"event_name":"Colosseum","floor":31,"gold_loss":0},{"damage_healed":0,"gold_gain":3,"player_choice":"1","damage_taken":0,"max_hp_gain":0,"max_hp_loss":0,"event_name":"betterStone:BetterStone","floor":37,"gold_loss":0}],"is_beta":false,"boss_relics":[{"not_picked":["Coffee Dripper","Honey Jar"],"picked":"hubris:TerracottaHorce"},{"not_picked":["SlaversCollar","hubris:CrackedHourglass"],"picked":"Busted Crown"}],"items_purged_floors":[3,19,22,39,45,50],"is_endless":false,"potions_floor_spawned":[1,10,16,18,24,30,31,33,41,46,47],"ascension_level":2}}