{"host":"840yoaz69lavfcgt","time":1610084532,"event":{"mods":["BaseMod","Colored Powertips","DeckTracker","Highlight Path","Minty Spire (QoL Compilation)","Synergy Search"],"gold_per_floor":[112,112,37,112,126,126,155,155,155,181,19,19,19,29,29,124,124,141,216,227,11,29,29,29],"floor_reached":23,"playtime":1754,"items_purged":["Regret"],"score":197,"play_id":"73c9b5f2-f1e4-485c-9b87-8fa67f3404a1","local_time":"20210108004212","is_ascension_mode":false,"campfire_choices":[{"floor":6.0,"key":"REST"},{"floor":8.0,"key":"REST"},{"floor":12,"key":"REST"},{"floor":15,"key":"REST"}],"circlet_count":0,"master_deck":["Strike_P","Strike_P","Strike_P","Strike_P","Defend_P","Defend_P","Defend_P","Defend_P","Eruption","Vigilance","Scrawl","WheelKick","JustLucky","MasterReality","DeceiveReality","TalkToTheHand","LikeWater","JustLucky","Alpha","FollowUp","CarveReality","BattleHymn","PathToVictory","Consecrate","Wallop","Consecrate"],"relics":["PureWater","Gremlin Horn","Centennial Puzzle","Eternal Feather","Blue Candle","Black Star"],"acts_visited":["TheCity"],"potions_floor_usage":[16,16,18,23],"damage_taken":[{"damage":2.0,"enemies":"2 Louse","floor":1.0,"turns":4.0},{"damage":17.0,"enemies":"Cultist","floor":5.0,"turns":6.0},{"damage":26.0,"enemies":"Gremlin Nob","floor":7.0,"turns":4.0},{"damage":53,"enemies":"Lagavulin","floor":10,"turns":10},{"damage":0,"enemies":"Small Slimes","floor":14,"turns":2},{"damage":19,"enemies":"The Guardian","floor":16,"turns":23},{"damage":0,"enemies":"Spheric Guardian","floor":18,"turns":2},{"damage":18,"enemies":"Chosen","floor":20,"turns":5},{"damage":29,"enemies":"Centurion and Healer","floor":22,"turns":9},{"damage":20,"enemies":"Book of Stabbing","floor":23,"turns":3}],"seed_played":"6961649032115405417","potions_obtained":[{"floor":1.0,"key":"ColorlessPotion"},{"floor":10,"key":"StancePotion"},{"floor":13,"key":"EssenceOfSteel"},{"floor":13,"key":"FearPotion"},{"floor":16,"key":"SkillPotion"}],"is_trial":false,"path_per_floor":["M","?","$","?","M","R","E","R","T","E","$","R","?","M","R","B",null,"M","?","M","$","M","E"],"character_chosen":"WATCHER","items_purchased":["TalkToTheHand","Block Potion","LikeWater","BattleHymn","PathToVictory","Consecrate","Wallop"],"campfire_rested":4,"item_purchase_floors":[11,11,11,21,21,21,21],"current_hp_per_floor":[70,70,70,59,42,63,37,58,58,5,5,35,35,35,65,46,72,72,65,47,47,18,0,0],"gold":29,"neow_bonus":"ONE_RANDOM_RARE_CARD","is_daily":false,"chose_seed":false,"campfire_upgraded":0,"win_rate":0.0,"timestamp":1610084532,"path_taken":["M","?","$","?","M","R","E","R","T","E","$","R","?","?","R","BOSS","M","?","M","$","?","E"],"items_purchased_type":["Card","Potion","Card","Card","Card","Card","Card"],"build_version":"2020-12-22","purchased_purges":1,"victory":false,"max_hp_per_floor":[72,72,72,72,72,72,72,72,72,72,72,72,72,72,72,72,72,72,72,72,72,72,72,72],"card_choices":[{"not_picked":["Collect","CutThroughFate"],"picked":"WheelKick","floor":1.0},{"not_picked":["Pray","WheelKick"],"picked":"JustLucky","floor":5.0},{"not_picked":["LikeWater","EmptyFist"],"picked":"MasterReality","floor":7.0},{"not_picked":["Evaluate","CarveReality"],"picked":"DeceiveReality","floor":10},{"not_picked":["Crescendo","Protect"],"picked":"JustLucky","floor":14},{"not_picked":["Vault","Wish"],"picked":"Alpha","floor":16},{"not_picked":["SashWhip","ThirdEye"],"picked":"FollowUp","floor":18},{"not_picked":["FlyingSleeves+1","CrushJoints"],"picked":"CarveReality","floor":20},{"not_picked":["Crescendo","Study"],"picked":"Consecrate","floor":22}],"player_experience":160542,"relics_obtained":[{"floor":7.0,"key":"Centennial Puzzle"},{"floor":9.0,"key":"Eternal Feather"},{"floor":10,"key":"Blue Candle"}],"event_choices":[{"damage_healed":0.0,"max_hp_gain":0.0,"max_hp_loss":0.0,"gold_gain":0.0,"event_name":"Big Fish","player_choice":"Box","floor":2.0,"gold_loss":0.0,"damage_taken":0.0,"relics_obtained":["Gremlin Horn"],"cards_obtained":["Regret"]},{"damage_healed":0.0,"max_hp_gain":0.0,"max_hp_loss":0.0,"gold_gain":75.0,"event_name":"World of Goop","player_choice":"Gather Gold","floor":4.0,"gold_loss":0.0,"damage_taken":11.0},{"damage_healed":0,"gold_gain":0,"player_choice":"Got Potions","damage_taken":0,"max_hp_gain":0,"max_hp_loss":0,"event_name":"Lab","floor":13,"gold_loss":0},{"damage_healed":0,"gold_gain":75,"player_choice":"Touch","damage_taken":7,"max_hp_gain":0,"max_hp_loss":0,"event_name":"FaceTrader","floor":19,"gold_loss":0}],"is_beta":false,"boss_relics":[{"not_picked":["Busted Crown","Coffee Dripper"],"picked":"Black Star"}],"items_purged_floors":[3],"is_endless":false,"potions_floor_spawned":[1,10,16],"killed_by":"Book of Stabbing","ascension_level":0}}