{"host":"f5gffvlv6a66yqkd","time":1610104427,"event":{"mods":["2.2 Compatiblity","BaseMod","Colored Map","DeckTracker","Keyboard Shortcuts","Minty Spire (QoL Compilation)","Permanent Neow","Quick Restart","Relic Stats","StSLib","SuperFastMode"],"gold_per_floor":[113,113,72,91,91,91,116,136,160,177,189,203,203,203,203,280,280,295,295,48,63,75,75,89,89,134,134,224,235,245,245,245],"floor_reached":31,"playtime":874,"items_purged":["Defend_G"],"score":628,"play_id":"e44578b7-9a23-4a6b-aa36-3a6b11686703","local_time":"20210108201347","is_ascension_mode":true,"campfire_choices":[{"data":"Noxious Fumes","floor":6.0,"key":"SMITH"},{"data":"Neutralize","floor":15.0,"key":"SMITH"},{"data":"Reflex","floor":23.0,"key":"SMITH"},{"data":"Prepared","floor":25.0,"key":"SMITH"},{"data":"Footwork","floor":27.0,"key":"SMITH"}],"circlet_count":0,"master_deck":["AscendersBane","Defend_G","Defend_G","Defend_G","Survivor","Neutralize+1","Endless Agony+1","Footwork+1","Noxious Fumes+1","Heel Hook+1","Backflip","Dagger Spray","Caltrops","After Image","Night Terror+1","Grand Finale+1","Night Terror+1","Reflex+1","PiercingWail","Prepared+1","Madness"],"relics":["Ring of the Snake","NeowsBlessing","Blood Vial","Anchor","Astrolabe","Centennial Puzzle","PreservedInsect"],"acts_visited":["Exordium","TheCity"],"potions_floor_usage":[],"damage_taken":[{"damage":0.0,"enemies":"Jaw Worm","floor":1.0,"turns":1.0},{"damage":0.0,"enemies":"Small Slimes","floor":4.0,"turns":1.0},{"damage":0.0,"enemies":"Gremlin Nob","floor":7.0,"turns":1.0},{"damage":0.0,"enemies":"Cultist","floor":8.0,"turns":4.0},{"damage":6.0,"enemies":"Large Slime","floor":10.0,"turns":7.0},{"damage":1.0,"enemies":"Looter","floor":11.0,"turns":3.0},{"damage":0.0,"enemies":"Red Slaver","floor":12.0,"turns":5.0},{"damage":0.0,"enemies":"The Guardian","floor":16.0,"turns":13.0},{"damage":20.0,"enemies":"Spheric Guardian","floor":18.0,"turns":8.0},{"damage":2.0,"enemies":"3 Byrds","floor":21.0,"turns":3.0},{"damage":9.0,"enemies":"Centurion and Healer","floor":22.0,"turns":7.0},{"damage":5.0,"enemies":"Cultist and Chosen","floor":24.0,"turns":5.0},{"damage":3.0,"enemies":"Snake Plant","floor":29.0,"turns":6.0},{"damage":9,"enemies":"Centurion and Healer","floor":30,"turns":4},{"damage":9,"enemies":"Chosen and Byrds","floor":31,"turns":5}],"seed_played":"-6627504613950269272","potions_obtained":[{"floor":10.0,"key":"SteroidPotion"},{"floor":11.0,"key":"GamblersBrew"},{"floor":16.0,"key":"SpeedPotion"},{"floor":18.0,"key":"Poison Potion"},{"floor":24.0,"key":"SpeedPotion"}],"is_trial":false,"path_per_floor":["M","?","$","M","?","R","E","M","T","M","M","M","?","?","R","B",null,"M","?","$","M","M","R","M","R","T","R","?","M","M","M"],"character_chosen":"THE_SILENT","items_purchased":["Noxious Fumes","Centennial Puzzle"],"campfire_rested":0,"item_purchase_floors":[3,20],"current_hp_per_floor":[59,59,59,59,59,59,59,61,61,57,58,60,40,40,40,42,60,42,42,42,42,35,35,32,32,32,32,14,13,6,0,0],"gold":245,"neow_bonus":"THREE_ENEMY_KILL","is_daily":false,"chose_seed":false,"campfire_upgraded":5,"win_rate":0.0,"timestamp":1610104427,"path_taken":["M","?","$","M","?","R","E","M","T","M","M","?","?","?","R","BOSS","M","?","?","M","M","R","M","R","T","R","?","M","?","M"],"items_purchased_type":["Card","Relic"],"build_version":"2020-12-22","purchased_purges":1,"victory":false,"max_hp_per_floor":[66,66,66,66,66,66,66,66,66,66,66,66,66,66,66,66,66,66,66,66,66,66,66,66,66,66,66,66,66,66,66,66],"relic_stats":{"Blood Vial":24,"Centennial Puzzle":[18],"counters":[15,73],"Astrolabe":["Night Terror","Grand Finale","Night Terror"],"PreservedInsect":0,"obtain_stats":[{"Blood Vial":7,"Anchor":9,"Centennial Puzzle":20,"NeowsBlessing":0,"Astrolabe":17,"PreservedInsect":26,"Ring of the Snake":0},{"Blood Vial":3,"Anchor":4,"Centennial Puzzle":9,"NeowsBlessing":0,"Astrolabe":8,"PreservedInsect":12,"Ring of the Snake":0},{"Blood Vial":3,"Anchor":7,"Centennial Puzzle":43,"NeowsBlessing":0,"Astrolabe":35,"PreservedInsect":58,"Ring of the Snake":0}],"Ring of the Snake":[30]},"card_choices":[{"not_picked":["Slice","Predator"],"picked":"Endless Agony","floor":1.0},{"not_picked":["Sucker Punch","Quick Slash","Leg Sweep"],"picked":"SKIP","floor":4.0},{"not_picked":["Finisher","All Out Attack"],"picked":"Heel Hook","floor":7.0},{"not_picked":["Acrobatics","PiercingWail"],"picked":"Backflip","floor":8.0},{"not_picked":["Flying Knee","Accuracy"],"picked":"Dagger Spray","floor":10.0},{"not_picked":["PiercingWail","Deflect"],"picked":"Caltrops","floor":11.0},{"not_picked":["Endless Agony","Caltrops","Outmaneuver"],"picked":"SKIP","floor":12.0},{"not_picked":["Tools of the Trade","Unload"],"picked":"After Image","floor":16.0},{"not_picked":["Bouncing Flask","Deadly Poison","Leg Sweep"],"picked":"SKIP","floor":18.0},{"not_picked":["Calculated Gamble","Dagger Throw"],"picked":"Reflex","floor":21.0},{"not_picked":["Dash","Slice"],"picked":"PiercingWail","floor":22.0},{"not_picked":["Deadly Poison","Catalyst"],"picked":"Prepared","floor":24.0},{"not_picked":["Backflip","Sucker Punch","Poisoned Stab"],"picked":"SKIP","floor":29.0},{"not_picked":["Predator","Underhanded Strike","Outmaneuver"],"picked":"SKIP","floor":30}],"player_experience":1532425,"relics_obtained":[{"floor":7.0,"key":"Blood Vial"},{"floor":9.0,"key":"Anchor"},{"floor":26.0,"key":"PreservedInsect"}],"event_choices":[{"damage_healed":0.0,"max_hp_gain":0.0,"max_hp_loss":0.0,"gold_gain":0.0,"cards_transformed":["Strike_G"],"event_name":"Living Wall","player_choice":"Change","floor":2.0,"gold_loss":0.0,"damage_taken":0.0,"cards_obtained":["Footwork"]},{"cards_removed":["Strike_G"],"damage_healed":0.0,"max_hp_gain":0.0,"max_hp_loss":0.0,"gold_gain":0.0,"event_name":"Wheel of Change","player_choice":"Card Removal","floor":5.0,"gold_loss":0.0,"damage_taken":0.0},{"damage_healed":0.0,"max_hp_gain":0.0,"max_hp_loss":0.0,"gold_gain":0.0,"event_name":"Shining Light","player_choice":"Entered Light","floor":13.0,"gold_loss":0.0,"damage_taken":20.0,"cards_upgraded":["Heel Hook","Endless Agony"]},{"cards_removed":["Strike_G"],"damage_healed":0.0,"max_hp_gain":0.0,"max_hp_loss":0.0,"gold_gain":0.0,"event_name":"Bonfire Elementals","player_choice":"Offered Basic","floor":14.0,"gold_loss":0.0,"damage_taken":0.0},{"damage_healed":0.0,"max_hp_gain":0.0,"max_hp_loss":0.0,"gold_gain":0.0,"event_name":"N\u0027loth","player_choice":"Ignored","floor":19.0,"gold_loss":0.0,"damage_taken":0.0},{"damage_healed":0.0,"max_hp_gain":0.0,"max_hp_loss":0.0,"gold_gain":90.0,"event_name":"Knowing Skull","player_choice":"CARD GOLD ","floor":28.0,"potions_obtained":[],"gold_loss":0.0,"damage_taken":18.0,"cards_obtained":["Madness"]}],"is_beta":false,"boss_relics":[{"not_picked":["HoveringKite","Coffee Dripper"],"picked":"Astrolabe"}],"items_purged_floors":[20],"is_endless":false,"potions_floor_spawned":[10,11,12,16,18,24],"killed_by":"Chosen and Byrds","ascension_level":20}}