{"host":"t7mx8yfj1no5p62f","time":1610105818,"event":{"mods":["BaseMod","Colored Map","Colored Powertips","Minty Spire (QoL Compilation)","Relic Stats","StSLib"],"gold_per_floor":[114,126,138,149,149,183,183,217,242,275,314,13,32,32,32,130,130,115,135,153,153,153,153,153],"floor_reached":23,"playtime":1127,"items_purged":["Strike_R"],"score":422,"play_id":"4c4bbf38-b026-4764-9824-af0cddfd7666","local_time":"20210108063658","is_ascension_mode":true,"campfire_choices":[{"data":"Rampage","floor":7.0,"key":"SMITH"},{"data":"True Grit","floor":15.0,"key":"SMITH"}],"circlet_count":0,"master_deck":["AscendersBane","Strike_R","Defend_R","Defend_R","Defend_R","Bash","Double Tap","Rampage+1","Disarm","Headbutt","Burning Pact","Metallicize","Shrug It Off","True Grit+1","Impervious","Intimidate+1","Rage","Ghostly Armor","Battle Trance","Juggernaut"],"relics":["Burning Blood","Bloody Idol","Shovel","Blood Vial","Red Skull","Odd Mushroom","Ancient Tea Set","Medical Kit","Fusion Hammer"],"acts_visited":["Exordium","TheCity"],"potions_floor_usage":[23],"damage_taken":[{"damage":1.0,"enemies":"Cultist","floor":1.0,"turns":3.0},{"damage":2.0,"enemies":"2 Louse","floor":2.0,"turns":5.0},{"damage":1.0,"enemies":"Small Slimes","floor":3.0,"turns":3.0},{"damage":12.0,"enemies":"Exordium Wildlife","floor":4.0,"turns":5.0},{"damage":19.0,"enemies":"Lagavulin","floor":6.0,"turns":7.0},{"damage":13.0,"enemies":"3 Sentries","floor":8.0,"turns":9.0},{"damage":26.0,"enemies":"The Mushroom Lair","floor":10.0,"turns":4.0},{"damage":15.0,"enemies":"Lagavulin","floor":11.0,"turns":6.0},{"damage":1.0,"enemies":"Looter","floor":13.0,"turns":3.0},{"damage":9.0,"enemies":"Hexaghost","floor":16.0,"turns":9.0},{"damage":17.0,"enemies":"2 Thieves","floor":18.0,"turns":4.0},{"damage":8.0,"enemies":"Chosen","floor":19.0,"turns":9.0},{"damage":1.0,"enemies":"Centurion and Healer","floor":20.0,"turns":9.0},{"damage":70,"enemies":"Slavers","floor":23,"turns":8}],"seed_played":"5255675462701454952","potions_obtained":[{"floor":1.0,"key":"DuplicationPotion"},{"floor":3.0,"key":"SneckoOil"},{"floor":6.0,"key":"Weak Potion"},{"floor":10.0,"key":"Swift Potion"},{"floor":18.0,"key":"Regen Potion"}],"is_trial":false,"path_per_floor":["M","M","M","M","?","E","R","E","T","?","E","$","M","$","R","B",null,"M","M","M","?","?","E"],"character_chosen":"IRONCLAD","items_purchased":["Medical Kit","FearPotion"],"campfire_rested":0,"item_purchase_floors":[12,12],"current_hp_per_floor":[68,68,68,62,62,49,49,42,42,24,17,17,24,24,24,23,52,43,43,50,50,50,0,0],"gold":153,"neow_bonus":"TRANSFORM_TWO_CARDS","is_daily":false,"chose_seed":false,"campfire_upgraded":2,"win_rate":0.0,"timestamp":1610105818,"path_taken":["M","M","M","?","?","E","R","E","T","?","E","$","M","?","R","BOSS","M","M","M","?","?","E"],"items_purchased_type":["Relic","Potion"],"build_version":"2020-12-22","purchased_purges":1,"victory":false,"max_hp_per_floor":[68,68,68,68,62,62,62,62,62,62,62,62,62,62,62,62,62,62,62,62,62,62,62,62],"relic_stats":{"Blood Vial":16,"Shovel":0,"counters":[14,84],"Bloody Idol":0,"Medical Kit":[17],"obtain_stats":[{"Blood Vial":8,"Shovel":6,"Golden Idol":5,"Bloody Idol":21,"Fusion Hammer":17,"Odd Mushroom":10,"Ancient Tea Set":11,"Medical Kit":12,"Burning Blood":0,"Red Skull":9},{"Blood Vial":6,"Shovel":5,"Golden Idol":4,"Bloody Idol":13,"Fusion Hammer":10,"Odd Mushroom":7,"Ancient Tea Set":8,"Medical Kit":8,"Burning Blood":0,"Red Skull":6},{"Blood Vial":32,"Shovel":23,"Golden Idol":16,"Bloody Idol":76,"Fusion Hammer":54,"Odd Mushroom":36,"Ancient Tea Set":42,"Medical Kit":42,"Burning Blood":0,"Red Skull":32}],"Burning Blood":64},"card_choices":[{"not_picked":["Reckless Charge","Burning Pact"],"picked":"Disarm","floor":1.0},{"not_picked":["Clothesline","Rupture"],"picked":"Headbutt","floor":2.0},{"not_picked":["Iron Wave","Warcry"],"picked":"Burning Pact","floor":3.0},{"not_picked":["Pommel Strike","Perfected Strike"],"picked":"Metallicize","floor":4.0},{"not_picked":["Anger","Searing Blow","Body Slam"],"picked":"SKIP","floor":6.0},{"not_picked":["Iron Wave","Clash","Pummel"],"picked":"SKIP","floor":8.0},{"not_picked":["Perfected Strike","Clothesline"],"picked":"Shrug It Off","floor":11.0},{"not_picked":["Rampage","Heavy Blade"],"picked":"True Grit","floor":13.0},{"not_picked":["Barricade","Immolate"],"picked":"Impervious","floor":16.0},{"not_picked":["Dual Wield","Burning Pact"],"picked":"Intimidate+1","floor":18.0},{"not_picked":["Entrench","Bloodletting"],"picked":"Rage","floor":19.0},{"not_picked":["Seeing Red","Wild Strike+1"],"picked":"Ghostly Armor","floor":20.0}],"player_experience":1678580,"relics_obtained":[{"floor":6.0,"key":"Shovel"},{"floor":8.0,"key":"Blood Vial"},{"floor":9.0,"key":"Red Skull"},{"floor":10.0,"key":"Odd Mushroom"},{"floor":11.0,"key":"Ancient Tea Set"}],"event_choices":[{"damage_healed":0.0,"max_hp_gain":0.0,"max_hp_loss":6.0,"gold_gain":0.0,"event_name":"Golden Idol","player_choice":"Lose Max HP","floor":5.0,"gold_loss":0.0,"damage_taken":0.0,"relics_obtained":["Golden Idol"]},{"damage_healed":0.0,"max_hp_gain":0.0,"max_hp_loss":0.0,"gold_gain":0.0,"event_name":"Mushrooms","player_choice":"Fought Mushrooms","floor":10.0,"gold_loss":0.0,"damage_taken":0.0},{"damage_healed":0.0,"max_hp_gain":0.0,"max_hp_loss":0.0,"gold_gain":0.0,"event_name":"Forgotten Altar","player_choice":"Gave Idol","floor":21.0,"relics_lost":["Golden Idol"],"gold_loss":0.0,"damage_taken":0.0,"relics_obtained":["Bloody Idol"]},{"damage_healed":0.0,"max_hp_gain":0.0,"max_hp_loss":0.0,"gold_gain":0.0,"cards_transformed":["Strike_R","Defend_R"],"event_name":"Drug Dealer","player_choice":"Became Test Subject","floor":22.0,"gold_loss":0.0,"damage_taken":0.0,"cards_obtained":["Battle Trance","Juggernaut"]}],"is_beta":false,"boss_relics":[{"not_picked":["Busted Crown","Calling Bell"],"picked":"Fusion Hammer"}],"items_purged_floors":[12],"is_endless":false,"potions_floor_spawned":[1,3,6,10,18],"killed_by":"Slavers","ascension_level":20}}