{"host":"f5gffvlv6a66yqkd","time":1610072156,"event":{"mods":["2.2 Compatiblity","BaseMod","Colored Map","DeckTracker","Keyboard Shortcuts","Minty Spire (QoL Compilation)","Permanent Neow","Quick Restart","Relic Stats","StSLib","SuperFastMode"],"gold_per_floor":[117,117,117,117,137,168,168,192,192,207,241,241,284,304,304,400,400,414,414,414,430,35,35,60,81,81,81,81,47,47,60,60,150,213,231,255,48,64,64,64,108,48,48,81,95,95,111,130,130,130,130,130,130,3,34,34,34],"floor_reached":56,"playtime":1770,"items_purged":["Strike_B+1","Ball Lightning"],"score":2104,"play_id":"3318a89c-0eff-4dcd-8c45-b63a3e9ea179","local_time":"20210108111556","is_ascension_mode":true,"campfire_choices":[{"data":"Zap","floor":7.0,"key":"SMITH"},{"floor":12.0,"key":"REST"},{"floor":15.0,"key":"REST"},{"data":"Defragment","floor":23.0,"key":"SMITH"},{"data":"Seek","floor":28.0,"key":"SMITH"},{"data":"Consume","floor":30.0,"key":"SMITH"},{"data":"Capacitor","floor":32.0,"key":"SMITH"},{"data":"Heatsinks","floor":40.0,"key":"SMITH"},{"data":"Force Field","floor":46.0,"key":"SMITH"},{"floor":49.0,"key":"RECALL"},{"data":"Creative AI","floor":53.0,"key":"SMITH"}],"circlet_count":0,"master_deck":["AscendersBane","Defend_B+1","Defend_B+1","Defend_B+1","Defend_B+1","Zap+1","Dualcast","Ball Lightning","Hologram","Seek+1","Compile Driver+1","Capacitor+1","Self Repair","Loop","Buffer","Cold Snap+1","Storm","Defragment+1","Core Surge","Turbo","Reinforced Body","Force Field+1","Hologram","Heatsinks+1","Consume+1","Machine Learning","White Noise+1","Storm","Creative AI+1","Self Repair","Compile Driver","Coolheaded+1","Capacitor","Thunder Strike","Chill","Storm","Defragment","Heatsinks","Biased Cognition"],"relics":["Cracked Core","NeowsBlessing","Golden Idol","Mercury Hourglass","Strawberry","Mummified Hand","Nunchaku","Matryoshka","Nuclear Battery","Toy Ornithopter","The Courier","Tiny House","TungstenRod","PreservedInsect","Pear","Pen Nib"],"acts_visited":["Exordium","TheCity","TheBeyond","TheEnding"],"potions_floor_usage":[55],"damage_taken":[{"damage":0.0,"enemies":"Small Slimes","floor":1.0,"turns":1.0},{"damage":0.0,"enemies":"Jaw Worm","floor":5.0,"turns":1.0},{"damage":0.0,"enemies":"Lagavulin","floor":6.0,"turns":1.0},{"damage":0.0,"enemies":"2 Louse","floor":8.0,"turns":3.0},{"damage":0.0,"enemies":"Looter","floor":10.0,"turns":3.0},{"damage":27.0,"enemies":"3 Sentries","floor":11.0,"turns":5.0},{"damage":9.0,"enemies":"Gremlin Nob","floor":13.0,"turns":3.0},{"damage":12.0,"enemies":"Lots of Slimes","floor":14.0,"turns":2.0},{"damage":23.0,"enemies":"Slime Boss","floor":16.0,"turns":7.0},{"damage":11.0,"enemies":"3 Byrds","floor":18.0,"turns":2.0},{"damage":8.0,"enemies":"Chosen","floor":21.0,"turns":4.0},{"damage":10.0,"enemies":"Centurion and Healer","floor":24.0,"turns":4.0},{"damage":10.0,"enemies":"Shelled Parasite and Fungi","floor":25.0,"turns":4.0},{"damage":0.0,"enemies":"Snecko","floor":31.0,"turns":3.0},{"damage":14.0,"enemies":"Automaton","floor":33.0,"turns":10.0},{"damage":22.0,"enemies":"3 Darklings","floor":35.0,"turns":4.0},{"damage":10.0,"enemies":"Orb Walker","floor":36.0,"turns":3.0},{"damage":0.0,"enemies":"Transient","floor":38.0,"turns":6.0},{"damage":33.0,"enemies":"Nemesis","floor":41.0,"turns":5.0},{"damage":0.0,"enemies":"Reptomancer","floor":44.0,"turns":3.0},{"damage":20.0,"enemies":"3 Darklings","floor":45.0,"turns":5.0},{"damage":0.0,"enemies":"Spire Growth","floor":47.0,"turns":2.0},{"damage":0.0,"enemies":"Sphere and 2 Shapes","floor":48.0,"turns":1.0},{"damage":0.0,"enemies":"Donu and Deca","floor":50.0,"turns":3.0},{"damage":57.0,"enemies":"Time Eater","floor":51.0,"turns":9.0},{"damage":40,"enemies":"Shield and Spear","floor":55,"turns":4},{"damage":93,"enemies":"The Heart","floor":56,"turns":3}],"seed_played":"-7432927389130462852","potions_obtained":[{"floor":6.0,"key":"DuplicationPotion"},{"floor":10.0,"key":"LiquidBronze"},{"floor":16.0,"key":"Swift Potion"},{"floor":24.0,"key":"Swift Potion"},{"floor":31.0,"key":"Dexterity Potion"},{"floor":33.0,"key":"DuplicationPotion"},{"floor":35.0,"key":"Fruit Juice"},{"floor":45.0,"key":"Block Potion"}],"is_trial":false,"path_per_floor":["M","?","?","T","M","E","R","M","T","M","E","R","E","M","R","B",null,"M","?","?","M","$","R","M","M","T","?","R","$","R","M","R","B",null,"M","M","$","M","?","R","E","$","T","E","M","R","M","M","R","B","B",null,"R","$","E","B"],"character_chosen":"DEFECT","items_purchased":["Defragment","Core Surge","Turbo","Consume","Self Repair","EntropicBrew","Capacitor","Defragment","Heatsinks"],"campfire_rested":2,"item_purchase_floors":[22,22,22,29,37,37,42,54,54],"current_hp_per_floor":[64,57,33,33,33,40,40,40,40,40,13,36,27,15,38,22,64,53,53,53,52,52,52,49,46,46,46,46,46,46,53,53,46,75,60,50,60,74,74,74,60,60,60,94,81,81,95,95,95,98,55,87,87,87,66,0,0],"gold":34,"neow_bonus":"THREE_ENEMY_KILL","is_daily":false,"chose_seed":false,"campfire_upgraded":8,"win_rate":0.0,"timestamp":1610072156,"path_taken":["M","?","?","?","M","E","R","M","T","M","E","R","E","M","R","BOSS","M","?","?","M","$","R","M","M","T","?","R","?","R","M","R","BOSS","M","?","$","M","?","R","E","$","T","E","M","R","M","M","R","BOSS","BOSS","R","$","E","BOSS"],"items_purchased_type":["Card","Card","Card","Card","Card","Potion","Card","Card","Card"],"build_version":"2020-12-22","purchased_purges":2,"victory":false,"max_hp_per_floor":[71,71,71,71,71,78,78,78,78,78,78,78,78,78,78,78,78,78,78,78,78,78,78,78,78,78,78,78,78,78,78,78,78,83,83,83,88,88,88,88,88,88,88,98,98,98,98,98,98,98,98,98,98,98,98,98,98],"relic_stats":{"Nunchaku":[13],"counters":[27,99],"Golden Idol":188,"Mummified Hand":[220],"PreservedInsect":138,"Pen Nib":[0],"obtain_stats":[{"Tiny House":34,"Pear":44,"NeowsBlessing":0,"Golden Idol":3,"The Courier":26,"PreservedInsect":43,"Pen Nib":55,"Mercury Hourglass":4,"Nuclear Battery":17,"Nunchaku":11,"Matryoshka":13,"Mummified Hand":9,"Strawberry":6,"Cracked Core":0,"Toy Ornithopter":26,"TungstenRod":41},{"Tiny House":15,"Pear":20,"NeowsBlessing":0,"Golden Idol":1,"The Courier":13,"PreservedInsect":19,"Pen Nib":26,"Mercury Hourglass":1,"Nuclear Battery":9,"Nunchaku":6,"Matryoshka":7,"Mummified Hand":4,"Strawberry":3,"Cracked Core":0,"Toy Ornithopter":13,"TungstenRod":19},{"Tiny House":52,"Pear":73,"NeowsBlessing":0,"Golden Idol":1,"The Courier":39,"PreservedInsect":70,"Pen Nib":96,"Mercury Hourglass":1,"Nuclear Battery":25,"Nunchaku":14,"Matryoshka":17,"Mummified Hand":6,"Strawberry":3,"Cracked Core":0,"Toy Ornithopter":39,"TungstenRod":70}],"Toy Ornithopter":25,"TungstenRod":43,"Mercury Hourglass":[392]},"card_choices":[{"not_picked":["Rebound","Recycle"],"picked":"Ball Lightning","floor":1.0},{"not_picked":["Go for the Eyes","BootSequence"],"picked":"Hologram","floor":5.0},{"not_picked":["Turbo","Stack"],"picked":"Seek","floor":6.0},{"not_picked":["Beam Cell","Turbo"],"picked":"Compile Driver","floor":8.0},{"not_picked":["Redo","Conserve Battery"],"picked":"Capacitor","floor":10.0},{"not_picked":["Melter","Turbo"],"picked":"Ball Lightning","floor":11.0},{"not_picked":["Gash","Leap"],"picked":"Self Repair","floor":13.0},{"not_picked":["Compile Driver","Hyperbeam"],"picked":"Loop","floor":14.0},{"not_picked":["Amplify","Rainbow"],"picked":"Buffer","floor":16.0},{"not_picked":["Turbo","Steam"],"picked":"Cold Snap+1","floor":18.0},{"not_picked":["Chaos","Consume"],"picked":"Storm","floor":21.0},{"not_picked":["Steam Power","Sweeping Beam"],"picked":"Reinforced Body","floor":24.0},{"not_picked":["Coolheaded","Loop"],"picked":"Force Field","floor":25.0},{"not_picked":["Genetic Algorithm","Gash","Hologram"],"picked":"SKIP","floor":31.0},{"not_picked":["All For One","Multi-Cast"],"picked":"Machine Learning","floor":33.0},{"not_picked":["Redo","Conserve Battery"],"picked":"White Noise+1","floor":34.0},{"not_picked":["Blizzard","Leap+1"],"picked":"Storm","floor":35.0},{"not_picked":["Coolheaded","Sweeping Beam"],"picked":"Creative AI","floor":36.0},{"not_picked":["Barrage","Redo"],"picked":"Compile Driver","floor":38.0},{"not_picked":["Compile Driver","Steam"],"picked":"Coolheaded+1","floor":41.0},{"not_picked":["Steam","Tempest"],"picked":"Thunder Strike","floor":44.0},{"not_picked":["Hello World","Lockon+1"],"picked":"Chill","floor":45.0},{"not_picked":["Leap+1","Scrape"],"picked":"Storm","floor":47.0},{"not_picked":["Hologram+1","Leap","Rebound+1"],"picked":"SKIP","floor":48.0},{"not_picked":["Go for the Eyes","Barrage+1"],"picked":"Biased Cognition","floor":55}],"player_experience":1530655,"relics_obtained":[{"floor":4.0,"key":"Mercury Hourglass"},{"floor":6.0,"key":"Strawberry"},{"floor":9.0,"key":"Mummified Hand"},{"floor":11.0,"key":"Nunchaku"},{"floor":13.0,"key":"Matryoshka"},{"floor":26.0,"key":"Toy Ornithopter"},{"floor":26.0,"key":"The Courier"},{"floor":41.0,"key":"TungstenRod"},{"floor":43.0,"key":"PreservedInsect"},{"floor":44.0,"key":"Pear"},{"floor":55,"key":"Pen Nib"}],"event_choices":[{"cards_removed":["Strike_B"],"damage_healed":0.0,"max_hp_gain":0.0,"max_hp_loss":0.0,"gold_gain":0.0,"event_name":"Golden Wing","player_choice":"Card Removal","floor":2.0,"gold_loss":0.0,"damage_taken":7.0},{"damage_healed":0.0,"max_hp_gain":0.0,"max_hp_loss":0.0,"gold_gain":0.0,"event_name":"Golden Idol","player_choice":"Take Damage","floor":3.0,"gold_loss":0.0,"damage_taken":24.0,"relics_obtained":["Golden Idol"]},{"damage_healed":0.0,"max_hp_gain":0.0,"max_hp_loss":0.0,"gold_gain":0.0,"event_name":"Back to Basics","player_choice":"Simplicity","floor":19.0,"gold_loss":0.0,"damage_taken":0.0,"cards_upgraded":["Strike_B","Strike_B","Strike_B","Defend_B","Defend_B","Defend_B","Defend_B"]},{"damage_healed":0.0,"max_hp_gain":0.0,"max_hp_loss":0.0,"gold_gain":0.0,"event_name":"The Mausoleum","player_choice":"Ignored","floor":20.0,"gold_loss":0.0,"damage_taken":0.0},{"damage_healed":0.0,"max_hp_gain":0.0,"max_hp_loss":0.0,"gold_gain":0.0,"cards_transformed":["Strike_B","Strike_B"],"event_name":"Drug Dealer","player_choice":"Became Test Subject","floor":27.0,"gold_loss":0.0,"damage_taken":0.0,"cards_obtained":["Hologram","Heatsinks"]},{"damage_healed":0.0,"max_hp_gain":0.0,"max_hp_loss":0.0,"gold_gain":0.0,"event_name":"Tomb of Lord Red Mask","player_choice":"Ignored","floor":39.0,"gold_loss":0.0,"damage_taken":0.0}],"is_beta":false,"boss_relics":[{"not_picked":["SlaversCollar","Black Star"],"picked":"Nuclear Battery"},{"not_picked":["Runic Dome","Philosopher\u0027s Stone"],"picked":"Tiny House"}],"items_purged_floors":[22,37],"is_endless":false,"potions_floor_spawned":[6,10,13,16,24,31,33,35,38,45,48],"killed_by":"The Heart","ascension_level":20}}