{"host":"788p3pvxhs5s9n7p","time":1610118584,"event":{"mods":["AchievementEnabler","BaseMod","Downfall","Hermit","Hubris","Jorbs\u0027s Wanderer Trilogy","Minty Spire (QoL Compilation)","Replay The Spire","StSLib","The Cursed","vexMod"],"gold_per_floor":[115,40,40,51,104,131,143,55,79,79,79,110,125,142,142,244,244,276,151,151,151],"floor_reached":20,"playtime":744,"items_purged":["hermit:Strike_Hermit","hermit:Strike_Hermit","hermit:Defend_Hermit"],"score":205,"play_id":"7e145eb6-c8a3-4676-9034-0dcbd0e57a66","local_time":"20210108090944","is_ascension_mode":false,"campfire_choices":[{"data":"hermit:Determination","floor":10,"key":"SMITH"},{"data":"hermit:CursedWeapon","floor":15,"key":"SMITH"}],"circlet_count":0,"master_deck":["hermit:Strike_Hermit","hermit:Strike_Hermit","hermit:Defend_Hermit","hermit:Defend_Hermit+1","hermit:Defend_Hermit+1","hermit:Snapshot","hermit:Covet","hermit:CursedWeapon+1","hermit:Gestalt","hermit:Determination+1","hermit:Cheat","hermit:DeadOrAlive"],"relics":["hermit:Momento","NeowsBlessing","hubris:TenFootPole","MawBank","hubris:Towel","War Paint","hubris:Metronome","vexMod:NewClearReactor"],"acts_visited":["Exordium","TheCity"],"potions_floor_usage":[16,16],"damage_taken":[{"damage":0,"enemies":"Small Slimes","floor":1,"turns":1},{"damage":2,"enemies":"Jaw Worm","floor":4,"turns":1},{"damage":0,"enemies":"Lagavulin","floor":6,"turns":1},{"damage":50,"enemies":"Gremlin Nob","floor":12,"turns":6},{"damage":9,"enemies":"Cultist","floor":13,"turns":4},{"damage":3,"enemies":"Large Slime","floor":14,"turns":4},{"damage":4,"enemies":"Slime Boss","floor":16,"turns":8},{"damage":0,"enemies":"Spheric Guardian","floor":18,"turns":2},{"damage":0,"enemies":"Shell Parasite","floor":20,"turns":1}],"seed_played":"-4433642890770520183","potions_obtained":[{"floor":1,"key":"CultistPotion"},{"floor":14,"key":"LiquidMemories"},{"floor":16,"key":"LiquidMemories"},{"floor":18,"key":"Milkshake"}],"is_trial":false,"path_per_floor":["M","$","?","M","T","E","?","$","T","R","$","E","M","M","R","B",null,"M","$","M"],"character_chosen":"HERMIT","items_purchased":[],"campfire_rested":0,"item_purchase_floors":[],"current_hp_per_floor":[75,75,75,73,73,73,73,73,73,73,73,23,14,11,11,7,75,75,75,75,75],"gold":151,"neow_bonus":"THREE_ENEMY_KILL","is_daily":false,"chose_seed":false,"campfire_upgraded":2,"win_rate":0.0,"timestamp":1610118584,"path_taken":["M","$","?","M","?","E","?","$","T","R","$","E","M","M","R","BOSS","M","$","M"],"items_purchased_type":[],"build_version":"2020-12-22","purchased_purges":3,"victory":false,"max_hp_per_floor":[75,75,75,75,75,75,75,75,75,75,75,75,75,75,75,75,75,75,75,75,75],"card_choices":[{"not_picked":["hermit:FullyLoaded","hermit:WideOpen"],"picked":"hermit:CursedWeapon","floor":1},{"not_picked":["hermit:SprayPray","hermit:HoleUp"],"picked":"hermit:Gestalt","floor":4},{"not_picked":["hermit:OverwhelmingPower","hermit:TrackingShot"],"picked":"hermit:Determination","floor":6},{"not_picked":["hermit:Maintenance","hermit:CalledShot","hermit:HighCaliber"],"picked":"SKIP","floor":12},{"not_picked":["hermit:Manifest","hermit:TakeCover","hermit:Dive"],"picked":"SKIP","floor":13},{"not_picked":["hermit:BodyArmor","hermit:Feint"],"picked":"hermit:Cheat","floor":14},{"not_picked":["hermit:FromBeyond","hermit:Adapt"],"picked":"hermit:DeadOrAlive","floor":16},{"not_picked":["hermit:BodyArmor","hermit:TakeCover","hermit:SprayPray"],"picked":"SKIP","floor":18}],"player_experience":163687,"relics_obtained":[{"floor":5,"key":"hubris:TenFootPole"},{"floor":6,"key":"MawBank"},{"floor":9,"key":"War Paint"},{"floor":12,"key":"hubris:Metronome"}],"event_choices":[{"damage_healed":0,"gold_gain":0,"player_choice":"Leave","damage_taken":0,"max_hp_gain":0,"max_hp_loss":0,"event_name":"The Cleric","floor":3,"gold_loss":0}],"is_beta":false,"boss_relics":[{"not_picked":["Cursed Key","Replay:Ancient Bell"],"picked":"vexMod:NewClearReactor"}],"items_purged_floors":[2,8,19],"is_endless":false,"potions_floor_spawned":[1,14,16,18],"killed_by":"Shell Parasite","ascension_level":0}}