{"host":"by2xx8ri294xcjpl","time":1610116221,"event":{"mods":["BaseMod","Dota2Spire","Minty Spire (QoL Compilation)","Replay The Spire","StSLib","vexMod","【功能Mod】混沌之环修复补丁","【功能Mod】精心准备","【遗物Mod】简单游戏","【遗物卡牌】REMEMod"],"gold_per_floor":[112,162,209,45,45,45,57,67,67,67,27,52,66,82,82,182,182,165,183,201,16,33,33,53,73,100,112,139,151,37,37,37,139,139,157,157,157,157],"floor_reached":37,"playtime":2129,"items_purged":["Voices"],"score":467,"play_id":"bd43857c-292d-4bbf-9a02-c6191edfd045","local_time":"20210108223021","is_ascension_mode":true,"campfire_choices":[{"floor":6.0,"key":"RECALL"},{"data":"Buffer","floor":10.0,"key":"SMITH"},{"floor":15.0,"key":"DIG"},{"floor":23,"key":"REST"},{"floor":27,"key":"REST"},{"floor":29,"key":"REST"},{"floor":32,"key":"DIG"}],"circlet_count":0,"master_deck":["Strike_B","Strike_B","Strike_B","Strike_B","Defend_B","Defend_B","Zap","Dualcast","Coolheaded","Buffer+1","REME_Compress+1","Steam","Loop","Doubt","FIFO Queue","Voices","Self Repair","FIFO Queue+1","Delirium","Doom and Gloom","Steam","Blizzard","Defragment+1","Hello World","Apotheosis","Gash","Ball Lightning","Redo+1","BasicCrystalCard+1","Gash+1","Crystallizer+1","Spreading Infection","Cold Snap","Consume","Coolheaded+1","Ball Lightning"],"relics":["EasyRelic","Nuclear Battery","vexMod:MysteryBossChallenge","Ring of the Serpent","Ring of Greed","Membership Card","MealTicket","ReplayTheSpireMod:Ring of Addiction","Potion Belt","Toy Ornithopter","Pet Ghost","Shuriken","Replay:Wax Seal","Dota2Spire:LinkenSphere","Bag of Preparation","Fusion Hammer","Prayer Wheel","Oddly Smooth Stone","MawBank","Raider\u0027s Mask","MutagenicStrength","REME_HourglassOfDeath","REME_ChargedStone"],"acts_visited":["Exordium","TheCity","TheBeyond"],"potions_floor_usage":[18,24],"damage_taken":[{"damage":0.0,"enemies":"Cultist","floor":1.0,"turns":2.0},{"damage":0.0,"enemies":"2 Louse","floor":7.0,"turns":2.0},{"damage":0.0,"enemies":"Jaw Worm","floor":8.0,"turns":3.0},{"damage":7.0,"enemies":"3 Sentries","floor":12.0,"turns":10.0},{"damage":0.0,"enemies":"Blue Slaver","floor":13.0,"turns":4.0},{"damage":3.0,"enemies":"Looter","floor":14.0,"turns":2.0},{"damage":2.0,"enemies":"Fading Forest","floor":16.0,"turns":11.0},{"damage":10,"enemies":"2 Thieves","floor":18,"turns":4},{"damage":27,"enemies":"3 Byrds","floor":19,"turns":7},{"damage":0,"enemies":"Snecko","floor":20,"turns":8},{"damage":0,"enemies":"3 Cultists","floor":22,"turns":4},{"damage":3,"enemies":"Snake Plant","floor":24,"turns":4},{"damage":3,"enemies":"Shelled Parasite and Fungi","floor":25,"turns":6},{"damage":11,"enemies":"Centurion and Healer","floor":28,"turns":6},{"damage":0,"enemies":"Automaton","floor":33,"turns":8},{"damage":0,"enemies":"Orb Walker","floor":35,"turns":5},{"damage":11,"enemies":"3 Darklings","floor":37,"turns":2}],"seed_played":"7674359882081797176","potions_obtained":[{"floor":2.0,"key":"Fire Potion"},{"floor":2.0,"key":"Reflective Coating"},{"floor":2.0,"key":"Strength Potion"},{"floor":3.0,"key":"Reflective Coating"},{"floor":3.0,"key":"GamblersBrew"},{"floor":7.0,"key":"BlessingOfTheForge"},{"floor":13.0,"key":"SkillPotion"},{"floor":14.0,"key":"ColorlessPotion"},{"floor":20,"key":"SteroidPotion"},{"floor":28,"key":"SkillPotion"},{"floor":33,"key":"Dota2Spire:HealingSalve"}],"is_trial":false,"path_per_floor":["M","?","?","$","?","R","M","M","T","R","$","E","M","M","R","B",null,"M","M","M","$","M","R","M","M","T","R","M","R","$","?","R","B",null,"M","?","M"],"character_chosen":"DEFECT","items_purchased":["Shuriken","Replay:Wax Seal","Oddly Smooth Stone","Hello World","Apotheosis","Raider\u0027s Mask","Cold Snap","Consume"],"campfire_rested":3,"item_purchase_floors":[4,11,21,21,21,30,30,30],"current_hp_per_floor":[75,75,57,72,72,72,72,72,71,71,71,62,62,64,64,67,69,64,44,51,66,67,67,67,67,67,67,61,65,65,63,63,63,61,61,61,48,48],"gold":157,"neow_bonus":"BOSS_RELIC","is_daily":false,"chose_seed":false,"campfire_upgraded":1,"win_rate":0.0,"timestamp":1610116221,"path_taken":["M","?","?","?","?","R","M","?","T","R","$","E","M","M","R","BOSS","M","M","?","$","M","R","M","M","T","R","M","R","$","?","R","BOSS","M","?","M"],"items_purchased_type":["Relic","Relic","Relic","Card","Card","Relic","Card","Card"],"build_version":"2020-12-22","purchased_purges":1,"victory":false,"max_hp_per_floor":[75,75,75,75,75,73,73,73,71,71,71,69,69,69,69,69,69,69,69,69,69,67,67,67,67,67,67,65,65,65,63,63,63,61,61,61,59,59],"card_choices":[{"not_picked":["Sweeping Beam","Streamline"],"picked":"Coolheaded","floor":1.0},{"not_picked":["Sweeping Beam","Redo"],"picked":"Buffer","floor":3.0},{"not_picked":["Aggregate","Compile Driver"],"picked":"Steam","floor":7.0},{"not_picked":["Redo","Go for the Eyes"],"picked":"Loop","floor":8.0},{"not_picked":["Force Field","Glacier","Barrage"],"picked":"SKIP","floor":12.0},{"not_picked":["Genetic Algorithm","ReplaySolidLightProjector"],"picked":"FIFO Queue","floor":13.0},{"not_picked":["Reprogram","Scrape","Compile Driver"],"picked":"SKIP","floor":14.0},{"not_picked":["Thunder Strike","Biased Cognition"],"picked":"ReplayTheSpireMod:Fabricate Wheel","floor":16.0},{"not_picked":["Redo+1","Leap+1"],"picked":"Self Repair","floor":18},{"not_picked":["Turbo","Fusion"],"picked":"FIFO Queue+1","floor":18},{"not_picked":["Conserve Battery","Coolheaded"],"picked":"Doom and Gloom","floor":19},{"not_picked":["Coolheaded","Hologram"],"picked":"Steam","floor":19},{"not_picked":["Sunder+1","Compile Driver"],"picked":"Blizzard","floor":20},{"not_picked":["Compile Driver","Chaos"],"picked":"Defragment+1","floor":20},{"not_picked":["Compile Driver","Amplify"],"picked":"Gash","floor":22},{"not_picked":["Compile Driver","Turbo+1","Sweeping Beam"],"picked":"SKIP","floor":22},{"not_picked":["Rebound","Beam Cell"],"picked":"Ball Lightning","floor":24},{"not_picked":["Rebound","BasicCrystalCard"],"picked":"Redo+1","floor":24},{"not_picked":["Streamline","Hologram"],"picked":"BasicCrystalCard+1","floor":25},{"not_picked":["Aggregate","Rebound"],"picked":"Gash+1","floor":25},{"not_picked":["FIFO Queue","Undo"],"picked":"Crystallizer+1","floor":28},{"not_picked":["Crystallizer","ReplaySolidLightProjector","Rip and Tear"],"picked":"SKIP","floor":28},{"not_picked":["Sweeping Beam","Conserve Battery"],"picked":"Coolheaded+1","floor":35},{"not_picked":["Conserve Battery+1","Hologram"],"picked":"Ball Lightning","floor":35}],"player_experience":11965,"relics_obtained":[{"floor":2.0,"key":"Ring of Greed"},{"floor":2.0,"key":"Membership Card"},{"floor":2.0,"key":"MealTicket"},{"floor":2.0,"key":"ReplayTheSpireMod:Ring of Addiction"},{"floor":2.0,"key":"Potion Belt"},{"floor":2.0,"key":"Toy Ornithopter"},{"floor":3.0,"key":"Pet Ghost"},{"floor":12.0,"key":"Dota2Spire:LinkenSphere"},{"floor":15.0,"key":"Bag of Preparation"},{"floor":26,"key":"MawBank"},{"floor":32,"key":"REME_HourglassOfDeath"}],"event_choices":[{"damage_healed":0,"gold_gain":0,"player_choice":"Inject Mutagens","damage_taken":0,"relics_obtained":["MutagenicStrength"],"max_hp_gain":0,"max_hp_loss":0,"event_name":"Drug Dealer","floor":31,"gold_loss":0},{"cards_removed":["Defend_B"],"damage_healed":0,"gold_gain":0,"player_choice":"Removed Skill","damage_taken":0,"max_hp_gain":0,"max_hp_loss":0,"event_name":"Falling","floor":36,"gold_loss":0}],"is_beta":false,"boss_relics":[{"not_picked":["Honey Jar","Ring of Chaos"],"picked":"Fusion Hammer"},{"not_picked":["REME_DuelDisc","ReplayTheSpireMod:DimensionalGlitch"],"picked":"REME_ChargedStone"}],"items_purged_floors":[4],"is_endless":false,"potions_floor_spawned":[7,8,13,14,20,28,33],"killed_by":"3 Darklings","ascension_level":1}}