{"host":"mydft8i2zzydgggw","time":1610136624,"event":{"mods":["AchievementEnabler","BaseMod","Colored Map","Colored Powertips","DeckTracker","Keyboard Shortcuts","Minty Spire (QoL Compilation)","Rare Cards Sparkle","StSLib","SuperFastMode","The Poker Player","everything is the same but u backflip on backflip"],"gold_per_floor":[111,186,199,219,219,244,257,287,355,355,371,371,371,396,396,396,396],"floor_reached":16,"playtime":198,"items_purged":[],"score":123,"play_id":"f949a2de-9bb9-4622-8743-03971576ca66","local_time":"20210109051024","is_ascension_mode":true,"campfire_choices":[{"data":"Body Slam","floor":10,"key":"SMITH"},{"data":"Pummel","floor":12,"key":"SMITH"},{"data":"Shrug It Off","floor":15,"key":"SMITH"}],"circlet_count":0,"master_deck":["Strike_R","Strike_R","Strike_R","Strike_R","Strike_R","Defend_R","Defend_R","Defend_R","Defend_R","Bash","Shrug It Off+1","Pummel+1","Body Slam+1"],"relics":["Burning Blood","NeowsBlessing","Akabeko","Du-Vu Doll","Red Skull","Kunai","Golden Idol"],"acts_visited":["Exordium"],"potions_floor_usage":[8,8,16],"damage_taken":[{"damage":0,"enemies":"Jaw Worm","floor":1,"turns":1},{"damage":0,"enemies":"Cultist","floor":3,"turns":1},{"damage":0,"enemies":"2 Louse","floor":4,"turns":1},{"damage":59,"enemies":"Lagavulin","floor":6,"turns":9},{"damage":0,"enemies":"Looter","floor":7,"turns":1},{"damage":10,"enemies":"Gremlin Nob","floor":8,"turns":5},{"damage":0,"enemies":"Blue Slaver","floor":11,"turns":1},{"damage":0,"enemies":"Large Slime","floor":14,"turns":1},{"damage":45,"enemies":"Slime Boss","floor":16,"turns":8}],"seed_played":"-2664690935449320406","potions_obtained":[{"floor":3,"key":"PowerPotion"},{"floor":4,"key":"LiquidMemories"},{"floor":7,"key":"Block Potion"},{"floor":11,"key":"Swift Potion"}],"is_trial":false,"path_per_floor":["M","?","M","M","?","E","M","E","T","R","M","R","?","M","R","B"],"character_chosen":"IRONCLAD","items_purchased":[],"campfire_rested":0,"item_purchase_floors":[],"current_hp_per_floor":[80,69,75,80,80,27,33,29,29,29,35,35,35,41,41,0,0],"gold":396,"neow_bonus":"THREE_ENEMY_KILL","is_daily":false,"chose_seed":false,"campfire_upgraded":3,"win_rate":0.0,"timestamp":1610136624,"path_taken":["M","?","M","M","?","E","M","E","T","R","?","R","?","M","R","BOSS"],"items_purchased_type":[],"build_version":"2020-12-22","purchased_purges":0,"victory":false,"max_hp_per_floor":[80,80,80,80,80,80,80,80,80,80,80,80,74,74,74,74,74],"card_choices":[{"not_picked":["Havoc","Clash","True Grit"],"picked":"SKIP","floor":1},{"not_picked":["Clothesline","Rampage"],"picked":"Shrug It Off","floor":3},{"not_picked":["Thunderclap","Perfected Strike","Twin Strike"],"picked":"SKIP","floor":4},{"not_picked":["True Grit","Corruption"],"picked":"Pummel","floor":6},{"not_picked":["Wild Strike","Sentinel","Havoc"],"picked":"SKIP","floor":7},{"not_picked":["Armaments","Rupture"],"picked":"Body Slam","floor":8},{"not_picked":["Havoc","Sword Boomerang","Spot Weakness"],"picked":"SKIP","floor":11},{"not_picked":["Body Slam","Iron Wave","Sword Boomerang"],"picked":"SKIP","floor":14}],"player_experience":148884,"relics_obtained":[{"floor":6,"key":"Du-Vu Doll"},{"floor":8,"key":"Red Skull"},{"floor":9,"key":"Kunai"}],"event_choices":[{"damage_healed":0,"gold_gain":75,"player_choice":"Gather Gold","damage_taken":11,"max_hp_gain":0,"max_hp_loss":0,"event_name":"World of Goop","floor":2,"gold_loss":0},{"damage_healed":0,"gold_gain":0,"player_choice":"Gave Potion","damage_taken":0,"relics_obtained":["Akabeko"],"max_hp_gain":0,"max_hp_loss":0,"event_name":"WeMeetAgain","floor":5,"gold_loss":0},{"damage_healed":0,"gold_gain":0,"player_choice":"Lose Max HP","damage_taken":0,"relics_obtained":["Golden Idol"],"max_hp_gain":0,"max_hp_loss":6,"event_name":"Golden Idol","floor":13,"gold_loss":0}],"is_beta":false,"boss_relics":[],"items_purged_floors":[],"is_endless":false,"potions_floor_spawned":[3,4,7,11],"killed_by":"Slime Boss","ascension_level":2}}