{"host":"msa0wxqjs3jv1k3j","time":1610112383,"event":{"mods":["BaseMod","BetterRewards","Colored Map","Highlight Path","KOR Keyword Fix","Keyboard Shortcuts","Minty Spire (QoL Compilation)","Quick Restart","SuperFastMode","everything is the same but u backflip on backflip"],"gold_per_floor":[118,118,137,156,156,156,170,48,73,102,119,119,119,152,152,255,255,271,123,140,160,174,174,174,174,199,199,210,223,223,66,66,169,169,181,0,0,16,16,16,16,16,16,33,33,33,33,49,49,49],"floor_reached":51,"playtime":1802,"items_purged":["Defend_B"],"score":730,"play_id":"9c572d34-dc73-4243-bfbd-1891823161fa","local_time":"20210108222623","is_ascension_mode":false,"campfire_choices":[{"data":"Buffer","floor":6.0,"key":"SMITH"},{"floor":12.0,"key":"REST"},{"data":"Fusion","floor":15.0,"key":"SMITH"},{"floor":23.0,"key":"REST"},{"floor":25.0,"key":"REST"},{"floor":32,"key":"REST"},{"data":"Redo","floor":40,"key":"SMITH"},{"data":"Creative AI","floor":42,"key":"SMITH"},{"floor":47,"key":"REST"},{"floor":49,"key":"REST"}],"circlet_count":0,"master_deck":["Strike_B","Defend_B","Defend_B","Defend_B","Zap","Doom and Gloom","Heatsinks","Compile Driver","Fusion+1","Buffer+1","Beam Cell","Redo+1","White Noise","Coolheaded","Conserve Battery","Capacitor","Go for the Eyes","Chaos","Creative AI+1","Static Discharge+1","Electrodynamics","Loop+1","Rainbow","Undo+1","Leap+1","Storm+1","Capacitor","Meteor Strike","Barrage","Biased Cognition","White Noise+1","Barrage+1"],"relics":["Cracked Core","Prayer Wheel","TheAbacus","Happy Flower","Omamori","Ancient Tea Set","NlothsMask","Dream Catcher","SlaversCollar","InkBottle","Vajra","Runic Pyramid","Red Mask","Bottled Flame","Regal Pillow"],"acts_visited":["Exordium","TheCity","TheBeyond"],"potions_floor_usage":[33,33,50,50,50],"damage_taken":[{"damage":0.0,"enemies":"Cultist","floor":1.0,"turns":3.0},{"damage":11.0,"enemies":"Jaw Worm","floor":3.0,"turns":3.0},{"damage":6.0,"enemies":"2 Louse","floor":4.0,"turns":2.0},{"damage":15.0,"enemies":"Lots of Slimes","floor":7.0,"turns":3.0},{"damage":0.0,"enemies":"Lagavulin","floor":10.0,"turns":6.0},{"damage":0.0,"enemies":"Looter","floor":11.0,"turns":3.0},{"damage":18.0,"enemies":"3 Sentries","floor":14.0,"turns":6.0},{"damage":21.0,"enemies":"Hexaghost","floor":16.0,"turns":9.0},{"damage":10.0,"enemies":"Chosen","floor":18.0,"turns":6.0},{"damage":27.0,"enemies":"Shell Parasite","floor":20.0,"turns":7.0},{"damage":21.0,"enemies":"Shelled Parasite and Fungi","floor":21.0,"turns":9.0},{"damage":15.0,"enemies":"Chosen and Byrds","floor":22.0,"turns":3.0},{"damage":6.0,"enemies":"Snecko","floor":28.0,"turns":6.0},{"damage":30,"enemies":"Shelled Parasite and Fungi","floor":29,"turns":5},{"damage":0,"enemies":"Champ","floor":33,"turns":9},{"damage":8,"enemies":"Orb Walker","floor":35,"turns":3},{"damage":6,"enemies":"3 Shapes","floor":38,"turns":4},{"damage":49,"enemies":"Writhing Mass","floor":44,"turns":4},{"damage":6,"enemies":"4 Shapes","floor":48,"turns":3},{"damage":30,"enemies":"Time Eater","floor":50,"turns":5}],"seed_played":"8550356050250664433","potions_obtained":[{"floor":1.0,"key":"ColorlessPotion"},{"floor":3.0,"key":"AttackPotion"},{"floor":10.0,"key":"EssenceOfSteel"},{"floor":18.0,"key":"Dexterity Potion"},{"floor":28.0,"key":"Ancient Potion"},{"floor":33,"key":"Regen Potion"},{"floor":35,"key":"SpeedPotion"},{"floor":38,"key":"SpeedPotion"}],"is_trial":false,"path_per_floor":["M","?","M","M","?","R","M","$","T","E","M","R","?","E","R","B",null,"M","$","M","M","M","R","?","R","T","?","M","M","$","$","R","B",null,"M","?","?","M","$","R","?","R","T","M","T","$","R","M","R","B",null],"character_chosen":"DEFECT","items_purchased":["TheAbacus","Happy Flower","Doom and Gloom","Conserve Battery","Electrodynamics","Vajra"],"campfire_rested":6,"item_purchase_floors":[0,0,0,8,19,31],"current_hp_per_floor":[75,80,69,63,63,63,48,48,48,48,48,72,72,54,54,33,80,70,70,43,22,7,31,31,55,55,55,49,19,19,19,43,43,80,72,72,72,66,66,66,66,66,66,17,17,17,54,48,76,46],"gold":49,"neow_bonus":"","is_daily":false,"chose_seed":false,"campfire_upgraded":4,"win_rate":0.0,"timestamp":1610112383,"path_taken":["M","?","M","M","?","R","M","$","T","E","?","R","?","E","R","BOSS","M","$","M","?","M","R","?","R","T","?","M","M","?","$","R","BOSS","M","?","?","M","$","R","?","R","T","M","?","?","R","?","R","BOSS"],"items_purchased_type":["Relic","Relic","Card","Card","Card","Relic"],"build_version":"2020-12-22","purchased_purges":1,"victory":true,"max_hp_per_floor":[75,80,80,80,80,80,80,80,80,80,80,80,80,80,80,80,80,80,80,80,80,80,80,80,80,80,80,80,80,80,80,80,80,80,80,80,80,80,80,80,76,76,76,76,76,76,76,76,76,76],"card_choices":[{"not_picked":["Stack","Leap"],"picked":"Heatsinks","floor":1.0},{"not_picked":["Ball Lightning","Gash"],"picked":"Compile Driver","floor":1.0},{"not_picked":["Cold Snap","Steam"],"picked":"Fusion","floor":3.0},{"not_picked":["Stack","Barrage"],"picked":"Buffer","floor":3.0},{"not_picked":["Stack","Glacier"],"picked":"Beam Cell","floor":4.0},{"not_picked":["Hologram","Beam Cell"],"picked":"Redo","floor":4.0},{"not_picked":["Stack","BootSequence"],"picked":"White Noise","floor":7.0},{"not_picked":["Stack","Rebound"],"picked":"Coolheaded","floor":7.0},{"not_picked":["All For One","Steam Power"],"picked":"Capacitor","floor":10.0},{"not_picked":["Cold Snap","Darkness"],"picked":"Go for the Eyes","floor":11.0},{"not_picked":["Beam Cell","Redo","Cold Snap"],"picked":"SKIP","floor":11.0},{"not_picked":["Biased Cognition","Hologram"],"picked":"Chaos","floor":14.0},{"not_picked":["Seek","Meteor Strike"],"picked":"Creative AI","floor":16.0},{"not_picked":["Steam+1","Ball Lightning"],"picked":"Static Discharge+1","floor":18.0},{"not_picked":["Beam Cell","Cold Snap","Steam Power"],"picked":"SKIP","floor":18.0},{"not_picked":["Sweeping Beam+1","Stack+1"],"picked":"Loop+1","floor":20.0},{"not_picked":["Doom and Gloom","Redo","Sweeping Beam"],"picked":"SKIP","floor":20.0},{"not_picked":["White Noise","Go for the Eyes","Heatsinks"],"picked":"SKIP","floor":21.0},{"not_picked":["Ball Lightning","Conserve Battery","Hologram"],"picked":"SKIP","floor":21.0},{"not_picked":["Conserve Battery","Sweeping Beam+1"],"picked":"Rainbow","floor":22.0},{"not_picked":["Turbo","Melter","Genetic Algorithm"],"picked":"SKIP","floor":22.0},{"not_picked":["Sweeping Beam+1","Capacitor"],"picked":"Undo+1","floor":23.0},{"not_picked":["Double Energy","Steam+1"],"picked":"Leap+1","floor":25.0},{"not_picked":["Scrape","Melter+1","Doom and Gloom"],"picked":"SKIP","floor":28.0},{"not_picked":["Steam Power","Tempest","Compile Driver"],"picked":"SKIP","floor":28.0},{"not_picked":["Heatsinks","Aggregate"],"picked":"Storm+1","floor":29},{"not_picked":["White Noise","Turbo"],"picked":"Capacitor","floor":29},{"not_picked":["Fission","Creative AI"],"picked":"Meteor Strike","floor":33},{"not_picked":["Coolheaded","Auto Shields"],"picked":"Barrage","floor":35},{"not_picked":["Turbo+1","Force Field","Coolheaded+1"],"picked":"SKIP","floor":35},{"not_picked":["Rebound+1","Coolheaded"],"picked":"Biased Cognition","floor":38},{"not_picked":["Stack+1","Ball Lightning","Gash"],"picked":"SKIP","floor":38},{"not_picked":["Coolheaded+1","Capacitor"],"picked":"White Noise+1","floor":44},{"not_picked":["Tempest+1","Darkness+1","Streamline+1"],"picked":"SKIP","floor":44},{"not_picked":["Steam+1","Stack"],"picked":"Barrage+1","floor":47},{"not_picked":["Steam Power+1","Hologram+1","Steam"],"picked":"SKIP","floor":48},{"not_picked":["Tempest+1","Capacitor+1","Biased Cognition"],"picked":"SKIP","floor":48}],"player_experience":33163,"relics_obtained":[{"floor":9.0,"key":"Omamori"},{"floor":10.0,"key":"Ancient Tea Set"},{"floor":14.0,"key":"Dream Catcher"},{"floor":43,"key":"Bottled Flame"},{"floor":45,"key":"Regal Pillow"}],"event_choices":[{"damage_healed":0.0,"max_hp_gain":5.0,"max_hp_loss":0.0,"gold_gain":0.0,"event_name":"Big Fish","player_choice":"Donut","floor":2.0,"gold_loss":0.0,"damage_taken":0.0},{"cards_removed":["Strike_B"],"damage_healed":0.0,"max_hp_gain":0.0,"max_hp_loss":0.0,"gold_gain":0.0,"event_name":"Wheel of Change","player_choice":"Card Removal","floor":5.0,"gold_loss":0.0,"damage_taken":0.0},{"damage_healed":0.0,"max_hp_gain":0.0,"max_hp_loss":0.0,"gold_gain":0.0,"event_name":"FaceTrader","player_choice":"Trade","floor":13.0,"gold_loss":0.0,"damage_taken":0.0,"relics_obtained":["NlothsMask"]},{"damage_healed":0.0,"max_hp_gain":0.0,"max_hp_loss":0.0,"gold_gain":0.0,"event_name":"The Mausoleum","player_choice":"Opened","floor":24.0,"gold_loss":0.0,"damage_taken":0.0,"relics_obtained":["InkBottle"]},{"cards_removed":["Strike_B"],"damage_healed":0.0,"max_hp_gain":0.0,"max_hp_loss":0.0,"gold_gain":0.0,"event_name":"Back to Basics","player_choice":"Elegance","floor":27.0,"gold_loss":0.0,"damage_taken":0.0},{"damage_healed":0,"gold_gain":0,"player_choice":"Paid","damage_taken":0,"relics_obtained":["Red Mask"],"max_hp_gain":0,"max_hp_loss":0,"event_name":"Tomb of Lord Red Mask","floor":36,"gold_loss":181},{"cards_removed":["Strike_B"],"damage_healed":0,"gold_gain":0,"player_choice":"Removed Attack","damage_taken":0,"max_hp_gain":0,"max_hp_loss":0,"event_name":"Falling","floor":37,"gold_loss":0},{"damage_healed":0,"gold_gain":0,"player_choice":"Max HP","damage_taken":0,"max_hp_gain":0,"max_hp_loss":4,"event_name":"Winding Halls","floor":41,"gold_loss":0}],"is_beta":false,"boss_relics":[{"not_picked":["SacredBark","Coffee Dripper"],"picked":"SlaversCollar"},{"not_picked":["Busted Crown","Empty Cage"],"picked":"Runic Pyramid"}],"items_purged_floors":[8],"is_endless":false,"potions_floor_spawned":[1,3,10,14,18,28,33,35,38],"ascension_level":0}}