{"host":"ig7tc0uedzltt2sr","time":1610064393,"event":{"mods":["BaseMod","Better Twitch Integration","Block Reminder","Colored Map","Colored Powertips","Communication Mod","Current Relic Mod","GifTheSpireLib","HexUI Lib","Minty Spire (QoL Compilation)","Quick Restart","Random Character Button","Rare Cards Sparkle","Relic Sorter","Relic Stats","Slay the Relics Exporter","StSLib","SuperFastMode","Synergy Search","Twitch Decklist","Twitch Utils","everything is the same but u backflip on backflip","slay the spire mod where everything is the same but ironclad has a cowboy hat"],"gold_per_floor":[115,130,141,39,9,9,19,19,19],"floor_reached":8,"playtime":79,"items_purged":[],"score":48,"play_id":"7656c9e8-0a73-48e7-8d23-33dfcc77d7f1","local_time":"20210107160633","is_ascension_mode":false,"campfire_choices":[{"floor":6,"key":"REST"}],"circlet_count":0,"master_deck":["Strike_R","Strike_R","Strike_R","Strike_R","Strike_R","Defend_R","Defend_R","Defend_R","Defend_R","Bash","Clothesline","Spot Weakness","Sever Soul","Bloodletting","Shrug It Off","Rage","Brutality"],"relics":["Burning Blood"],"acts_visited":["Exordium"],"potions_floor_usage":[],"damage_taken":[{"damage":31,"enemies":"Cultist","floor":1,"turns":8},{"damage":4,"enemies":"2 Louse","floor":2,"turns":4},{"damage":7,"enemies":"Small Slimes","floor":3,"turns":7},{"damage":6,"enemies":"Looter","floor":5,"turns":4},{"damage":14,"enemies":"3 Louse","floor":7,"turns":5},{"damage":80,"enemies":"Gremlin Nob","floor":8,"turns":5}],"seed_played":"-5199344998313034763","potions_obtained":[{"floor":7,"key":"AttackPotion"}],"is_trial":false,"path_per_floor":["M","M","M","$","M","R","M","E"],"character_chosen":"IRONCLAD","items_purchased":["Bloodletting","Shrug It Off"],"campfire_rested":1,"item_purchase_floors":[4,4],"current_hp_per_floor":[63,65,64,64,64,88,80,0,0],"gold":19,"neow_bonus":"TEN_PERCENT_HP_BONUS","is_daily":false,"chose_seed":false,"campfire_upgraded":0,"win_rate":0.0,"timestamp":1610064393,"path_taken":["M","?","M","$","M","R","M","E"],"items_purchased_type":["Card","Card"],"build_version":"2020-12-22","purchased_purges":0,"victory":false,"max_hp_per_floor":[88,88,88,88,88,88,88,88,88],"relic_stats":{"counters":[6,33],"obtain_stats":[{"Burning Blood":0},{"Burning Blood":0},{"Burning Blood":0}],"Burning Blood":30},"card_choices":[{"not_picked":["Heavy Blade","Shrug It Off"],"picked":"Clothesline","floor":1},{"not_picked":["Perfected Strike","Wild Strike"],"picked":"Spot Weakness","floor":2},{"not_picked":["Iron Wave","Body Slam"],"picked":"Sever Soul","floor":3},{"not_picked":["Havoc","Clash"],"picked":"Rage","floor":5},{"not_picked":["Dual Wield","Heavy Blade"],"picked":"Brutality","floor":7}],"player_experience":1462839,"relics_obtained":[],"event_choices":[],"is_beta":false,"boss_relics":[],"items_purged_floors":[],"is_endless":false,"potions_floor_spawned":[7],"killed_by":"Gremlin Nob","ascension_level":0}}