{"host":"w4k767hitkqtifhw","time":1610123324,"event":{"mods":["AchievementEnabler","Act Like it!","AlwaysNeverKeys","BaseMod","BetterRewards","Colored Map","Colored Powertips","Downfall","GifTheSpireLib","Hallownest","Minty Spire (QoL Compilation)","Quick Restart","Rare Cards Sparkle","Replay The Spire","StSLib","The Animator","The Bug Knight","Waifu the Spire","WarShipGirlsR/????R mod"],"gold_per_floor":[110,77,94,94,114,143,157,157,157,157,157,157,157,157,181,35,35,138,138,148,148,159,57,57,57,77,32,32,43,57,57,90,144,144,242,242,262,262,82,145,163,183,198,198,198,210,210,229,247,259,259,259,259],"floor_reached":52,"playtime":6173,"items_purged":[],"score":776,"play_id":"fbd94d7c-2ce3-4a2f-885d-1f09ef6c124b","local_time":"20210108172844","is_ascension_mode":false,"campfire_choices":[{"data":"HollowMod:ChannelNail","floor":8,"key":"SMITH"},{"data":"HollowMod:SoulVessel","floor":12,"key":"SMITH"},{"data":"HollowMod:FocusHealStart","floor":17,"key":"SMITH"},{"floor":34,"key":"REST"},{"floor":44,"key":"REST"},{"floor":51,"key":"REST"}],"circlet_count":0,"master_deck":["HollowMod:NailStrikeStart","HollowMod:NailStrikeStart","HollowMod:NailStrikeStart","HollowMod:NailStrikeStart","HollowMod:QuickDashStart","HollowMod:QuickDashStart","HollowMod:QuickDashStart","HollowMod:QuickDashStart","HollowMod:FocusHealStart+1","HollowMod:PogoStrike","HollowMod:CloakDash","HollowMod:SoulSplash+1","HollowMod:CloakDash","HollowMod:SoulVessel+1","HollowMod:LifebloodCocoon","HollowMod:ChannelNail+1","HollowMod:AwokenDreamNail","HollowMod:NewLittleFool+1","HollowMod:SoulStrike","HollowMod:DashSlash+1","Replay:Bootleg Shield Generator","HollowMod:MothsMistake","HollowMod:NewLittleFool","HollowMod:SiblingsSouls","HollowMod:CloakDash+1","HollowMod:QuirrelsAssistance","HollowMod:RecoilStrike+1","HollowMod:PureNailStrike","HollowMod:MothsMistake+1","HollowMod:Weaversong","HollowMod:SharpenedNail+1","HollowMod:SharpenedNail+1","HollowMod:HuntersJournal+1","HollowMod:HuntersJournal","HollowMod:NewGlowingWomb","HollowMod:GoodIntentions+1","HollowMod:CycloneSlash+1","HollowMod:MidwifesHunger","HollowMod:CloakDash+1"],"relics":["HollowMod:VesselMask","Happy Flower","Sling","Hallownest:DreamNailRelic","Kunai","Peace Pipe","Replay:Mystery Machine","ReplayFunnel","HollowMod:KingsBrand","SlaversCollar","BargainBundle","Onion Ring","Replay:Ringing Soul","Torii","ReplayTheSpireMod:TigerMarble","Replay:Grab Bag","Philosopher\u0027s Stone","ChewingGum","Ring of Chaos","Hallownest:BeastSealRelic","Hallownest:StagBellRelic1","Replay:Towering Pillar of Hats","Toxic Egg 2","Hallownest:KingsIdolRelic"],"acts_visited":["Hallownest:Greenpath","Hallownest:CityofTears","Hallownest:KingdomsEdge"],"potions_floor_usage":[26,30,35,40,46,48,50,50,50],"damage_taken":[{"damage":3,"enemies":"Hallownest:monsterHuskWarrior","floor":1,"turns":4},{"damage":0,"enemies":"Hallownest:2_Baldur","floor":3,"turns":3},{"damage":0,"enemies":"Hallownest:2_MossCreeps","floor":5,"turns":4},{"damage":2,"enemies":"Hallownest:eliteMossKnight","floor":6,"turns":4},{"damage":0,"enemies":"Hallownest:monsterMossCharger","floor":7,"turns":4},{"damage":68,"enemies":"Hallownest:BossHornet","floor":18,"turns":21},{"damage":20,"enemies":"Hallownest:2_Mistakes","floor":20,"turns":7},{"damage":47,"enemies":"Hallownest:Flukemon_and_Top","floor":22,"turns":8},{"damage":16,"enemies":"Hallownest:2_Flukemon","floor":26,"turns":9},{"damage":0,"enemies":"Hallownest:monsterShrumalOgre","floor":29,"turns":5},{"damage":14,"enemies":"Hallownest:2_Husk_Sentries","floor":30,"turns":6},{"damage":0,"enemies":"Hallownest:eliteWatcherKnight","floor":32,"turns":10},{"damage":19,"enemies":"Hallownest:Glutton_and_Coward","floor":33,"turns":5},{"damage":11,"enemies":"Hallownest:BossMantisLord","floor":35,"turns":7},{"damage":40,"enemies":"Hallownest:2_Littles","floor":37,"turns":8},{"damage":38,"enemies":"Hallownest:2_Primals","floor":40,"turns":5},{"damage":0,"enemies":"Hallownest:Shield_Heavy","floor":41,"turns":3},{"damage":17,"enemies":"Hallownest:2_Wandering_and_1_Horned","floor":42,"turns":6},{"damage":6,"enemies":"Hallownest:Shield_Sturdy","floor":43,"turns":5},{"damage":34,"enemies":"Hallownest:monsterPrimalAspid","floor":46,"turns":5},{"damage":28,"enemies":"Hallownest:Slobbering_and_Violent","floor":48,"turns":6},{"damage":0,"enemies":"Hallownest:2_Soldiers_and_1_Guardian","floor":49,"turns":7},{"damage":47,"enemies":"Hallownest:Xero_Hu_Marmu","floor":50,"turns":8},{"damage":84,"enemies":"Hallownest:BossGreyPrinceZote","floor":52,"turns":5}],"seed_played":"-5860160245193074345","potions_obtained":[{"floor":5,"key":"sneckomod:MuddlingPotion"},{"floor":7,"key":"EntropicBrew"},{"floor":26,"key":"Milkshake"},{"floor":30,"key":"LiquidMemories"},{"floor":35,"key":"PowerPotion"},{"floor":41,"key":"Toxic Potion"},{"floor":43,"key":"EssenceOfSteel"},{"floor":48,"key":"FearPotion"},{"floor":49,"key":"AttackPotion"},{"floor":50,"key":"SpeedPotion"}],"is_trial":false,"path_per_floor":["M","$","M","?","M","E","M","R","PTL","PTL","T","R","?","T","T","$","R","B",null,"M","?","M","$","?","?","M","?","T","M","M","?","E","M","R","B",null,"M","?","?","?","M","M","M","R","T","M","?","M","M","M","R","B"],"character_chosen":"THE_BUGKNIGHT","items_purchased":["Happy Flower","Sling","HollowMod:SoulSplash+1","HollowMod:KingsBrand","BargainBundle","Onion Ring","Replay:Ringing Soul","HollowMod:DashSlash+1","Replay:Bootleg Shield Generator","HollowMod:MothsMistake","Energy Potion","HollowMod:NewLittleFool","HollowMod:SiblingsSouls"],"campfire_rested":3,"item_purchase_floors":[0,0,2,16,23,23,23,23,23,23,23,23,23],"current_hp_per_floor":[72,72,72,72,72,70,70,70,70,70,70,70,79,79,79,79,79,23,84,70,70,33,36,36,36,29,35,35,48,43,43,62,58,90,88,111,80,80,80,45,48,44,47,84,84,59,59,44,57,23,64,0,0],"gold":259,"neow_bonus":"","is_daily":false,"chose_seed":false,"campfire_upgraded":3,"win_rate":0.0,"timestamp":1610123324,"path_taken":["M","$","M","?","?","E","?","R","PTL","PTL","T","R","?","?","?","?","R","BOSS","M","?","M","$","?","?","?","?","T","M","?","?","E","M","R","BOSS","M","?","?","?","?","M","M","R","T","M","?","?","?","M","R","BOSS"],"items_purchased_type":["Relic","Relic","Card","Relic","Relic","Relic","Relic","Card","Card","Card","Potion","Card","Card"],"build_version":"2020-12-22","purchased_purges":0,"victory":false,"max_hp_per_floor":[75,75,75,75,75,75,75,75,75,75,75,75,84,84,84,84,84,84,84,84,84,84,87,87,87,90,96,96,99,102,102,105,108,108,111,111,114,114,114,117,120,123,126,126,126,129,129,132,135,138,138,138,138],"card_choices":[{"not_picked":["HollowMod:CoiledNail","HollowMod:DashSlash"],"picked":"HollowMod:CloakDash","floor":1},{"not_picked":["HollowMod:VengefulVoid","HollowMod:NewLittleFool"],"picked":"HollowMod:CloakDash","floor":3},{"not_picked":["HollowMod:VengefulVoid","HollowMod:CrystalDash"],"picked":"HollowMod:SoulVessel","floor":5},{"not_picked":["HollowMod:CloakDash","HollowMod:DescendingDark"],"picked":"HollowMod:LifebloodCocoon","floor":6},{"not_picked":["HollowMod:NewLittleFool","HollowMod:NewJinnsSoul"],"picked":"HollowMod:ChannelNail","floor":7},{"not_picked":["HollowMod:MidwifesHunger","HollowMod:LordofShades"],"picked":"HollowMod:AwokenDreamNail","floor":18},{"not_picked":["HollowMod:PureNailStrike","HollowMod:FallenFury"],"picked":"HollowMod:NewLittleFool+1","floor":20},{"not_picked":["HollowMod:CornifersMapStart","HollowMod:ShadowDash"],"picked":"HollowMod:SoulStrike","floor":22},{"not_picked":["HollowMod:CoiledNail","HollowMod:DesolateDive"],"picked":"HollowMod:CloakDash+1","floor":26},{"not_picked":["HollowMod:SoulStrike","HollowMod:NewLittleFool"],"picked":"HollowMod:QuirrelsAssistance","floor":29},{"not_picked":["HollowMod:NewLittleFool","HollowMod:SharpenedShadows+1"],"picked":"HollowMod:RecoilStrike+1","floor":30},{"not_picked":["HollowMod:GoodIntentions","HollowMod:DashSlash"],"picked":"HollowMod:PureNailStrike","floor":32},{"not_picked":["HollowMod:RecoilStrike","HollowMod:GrimmsGift"],"picked":"HollowMod:MothsMistake+1","floor":33},{"not_picked":["HollowMod:LordofShades","HollowMod:Hiveblood"],"picked":"HollowMod:Weaversong","floor":35},{"not_picked":["HollowMod:InfectedCysts","HollowMod:FallenFury+1"],"picked":"HollowMod:SharpenedNail+1","floor":37},{"not_picked":["HollowMod:SoulEater","HollowMod:PureNailStrike+1"],"picked":"HollowMod:SharpenedNail+1","floor":40},{"not_picked":["HollowMod:DreamGate+1","HollowMod:WraithStrike"],"picked":"HollowMod:HuntersJournal+1","floor":41},{"not_picked":["HollowMod:WraithStrike","HollowMod:TaintedHusks"],"picked":"HollowMod:HuntersJournal","floor":42},{"not_picked":["HollowMod:CloakDash","HollowMod:SiblingsSouls"],"picked":"HollowMod:NewGlowingWomb","floor":43},{"not_picked":["HollowMod:DreamGate+1","HollowMod:NewLittleFool"],"picked":"HollowMod:GoodIntentions+1","floor":46},{"not_picked":["HollowMod:DoubleDash+1","HollowMod:MonarchWings+1"],"picked":"HollowMod:CycloneSlash+1","floor":48},{"not_picked":["HollowMod:TaintedHusks+1","HollowMod:FallenFury"],"picked":"HollowMod:MidwifesHunger","floor":49},{"not_picked":["HollowMod:MantisMark+1","HollowMod:TaintedHusks+1"],"picked":"HollowMod:CloakDash+1","floor":50}],"player_experience":55860,"relics_obtained":[{"floor":6,"key":"Kunai"},{"floor":11,"key":"Peace Pipe"},{"floor":14,"key":"Replay:Mystery Machine"},{"floor":15,"key":"ReplayFunnel"},{"floor":28,"key":"Torii"},{"floor":32,"key":"ReplayTheSpireMod:TigerMarble"},{"floor":40,"key":"Replay:Towering Pillar of Hats"},{"floor":45,"key":"Toxic Egg 2"}],"event_choices":[],"is_beta":false,"boss_relics":[{"not_picked":["Abe\u0027s Treasure","Painkiller Herb"],"picked":"SlaversCollar"},{"not_picked":["Replay:Wanted Poster","HollowMod:VoidIdolRelic"],"picked":"Replay:Grab Bag"},{"not_picked":["ReplayTheSpireMod:Onyx Gauntlets","Fusion Hammer"],"picked":"Philosopher\u0027s Stone"},{"not_picked":["Velvet Choker","Replay:Bronze Core"],"picked":"ChewingGum"},{"not_picked":["Astrolabe","Replay:Drink Me"],"picked":"Ring of Chaos"}],"items_purged_floors":[],"is_endless":false,"potions_floor_spawned":[5,7,26,30,32,33,35,41,43,48,49,50],"killed_by":"Hallownest:BossGreyPrinceZote","ascension_level":0}}