{"host":"zdcz0a6aak4rnx0s","time":1610073643,"event":{"mods":["AchievementEnabler","BaseMod","Colored Map","Colored Powertips","Minty Spire (QoL Compilation)","StSLib"],"gold_per_floor":[119,119,136,52,62,62,75,0,26,26,26,59,59,59,59,131,131,109,109,34,46,46,46,46,46,46,46,46,46,46],"floor_reached":29,"playtime":1509,"items_purged":["Strike_R"],"score":412,"play_id":"e3aa2d0b-72d2-4ca0-80e6-c169c71d99c2","local_time":"20210107204043","is_ascension_mode":true,"campfire_choices":[{"data":"Wild Strike","floor":6,"key":"SMITH"},{"data":"Power Through","floor":11,"key":"SMITH"},{"data":"Disarm","floor":13,"key":"SMITH"},{"data":"Bash","floor":15,"key":"SMITH"},{"data":"Barricade","floor":23,"key":"SMITH"},{"data":"True Grit","floor":27,"key":"SMITH"}],"circlet_count":0,"master_deck":["AscendersBane","Strike_R","Strike_R","Defend_R","Defend_R","Defend_R","Bash+1","Second Wind","Wild Strike+1","Feel No Pain","Power Through+1","True Grit+1","Disarm+1","Barricade+1","Disarm+1","True Grit+1","Decay"],"relics":["Black Blood","Potion Belt","Dream Catcher","Question Card","InkBottle"],"acts_visited":["Exordium","TheCity"],"potions_floor_usage":[18],"damage_taken":[{"damage":1,"enemies":"Small Slimes","floor":1,"turns":4},{"damage":7,"enemies":"2 Louse","floor":3,"turns":3},{"damage":6,"enemies":"Cultist","floor":5,"turns":3},{"damage":0,"enemies":"Large Slime","floor":7,"turns":6},{"damage":9,"enemies":"3 Sentries","floor":12,"turns":21},{"damage":19,"enemies":"The Guardian","floor":16,"turns":18},{"damage":23,"enemies":"2 Thieves","floor":18,"turns":4},{"damage":15,"enemies":"3 Byrds","floor":21,"turns":16},{"damage":64,"enemies":"Cultist and Chosen","floor":29,"turns":4}],"seed_played":"-4991983359291177516","potions_obtained":[{"floor":1,"key":"BloodPotion"},{"floor":5,"key":"DuplicationPotion"},{"floor":16,"key":"Weak Potion"},{"floor":28,"key":"Energy Potion"},{"floor":28,"key":"ElixirPotion"}],"is_trial":false,"path_per_floor":["M","?","M","$","M","R","M","?","T","?","R","E","R","T","R","B",null,"M","?","$","M","$","R","?","$","T","R","?","M"],"character_chosen":"IRONCLAD","items_purchased":["Feel No Pain"],"campfire_rested":0,"item_purchase_floors":[4],"current_hp_per_floor":[73,66,65,65,65,65,71,71,71,71,71,68,68,68,68,55,70,59,59,59,56,56,56,56,56,56,56,56,0,0],"gold":46,"neow_bonus":"REMOVE_CARD","is_daily":false,"chose_seed":false,"campfire_upgraded":6,"win_rate":0.0,"timestamp":1610073643,"path_taken":["M","?","M","$","M","R","M","?","T","?","R","E","R","?","R","BOSS","M","?","$","M","?","R","?","$","T","R","?","M"],"items_purchased_type":["Card"],"build_version":"2020-12-22","purchased_purges":1,"victory":false,"max_hp_per_floor":[75,75,75,75,75,75,75,75,75,75,75,75,75,75,75,75,75,75,75,75,75,75,75,75,75,75,75,75,75,75],"card_choices":[{"not_picked":["Rage","Havoc"],"picked":"Second Wind","floor":1},{"not_picked":["Pommel Strike","Sword Boomerang"],"picked":"Wild Strike","floor":3},{"not_picked":["Body Slam","Thunderclap"],"picked":"Power Through","floor":5},{"not_picked":["Perfected Strike","Thunderclap"],"picked":"True Grit","floor":7},{"not_picked":["Heavy Blade","Clash"],"picked":"Disarm","floor":12},{"not_picked":["Brutality","Bludgeon","Exhume"],"picked":"Barricade","floor":16},{"not_picked":["Cleave+1","Flex","Thunderclap","Seeing Red+1"],"picked":"SKIP","floor":18},{"not_picked":["Sword Boomerang","Flex","Havoc"],"picked":"True Grit","floor":21}],"player_experience":1006082,"relics_obtained":[{"floor":9,"key":"Potion Belt"},{"floor":12,"key":"Dream Catcher"},{"floor":14,"key":"Question Card"},{"floor":26,"key":"InkBottle"}],"event_choices":[{"cards_removed":["Defend_R"],"damage_healed":0,"gold_gain":0,"player_choice":"Card Removal","damage_taken":7,"max_hp_gain":0,"max_hp_loss":0,"event_name":"Golden Wing","floor":2,"gold_loss":0},{"cards_removed":["Strike_R"],"damage_healed":0,"gold_gain":0,"player_choice":"Card Removal","damage_taken":0,"max_hp_gain":0,"max_hp_loss":0,"event_name":"The Cleric","floor":8,"gold_loss":75},{"damage_healed":0,"gold_gain":0,"player_choice":"Grow","damage_taken":0,"max_hp_gain":0,"max_hp_loss":0,"event_name":"Living Wall","floor":10,"gold_loss":0,"cards_upgraded":["True Grit"]},{"damage_healed":0,"gold_gain":0,"player_choice":"Copied","damage_taken":0,"max_hp_gain":0,"max_hp_loss":0,"event_name":"Duplicator","floor":19,"gold_loss":0,"cards_obtained":["Disarm"]},{"damage_healed":0,"gold_gain":0,"player_choice":"Smashed Altar","damage_taken":0,"max_hp_gain":0,"max_hp_loss":0,"event_name":"Forgotten Altar","floor":24,"gold_loss":0,"cards_obtained":["Decay"]},{"damage_healed":0,"gold_gain":0,"player_choice":"Got Potions","damage_taken":0,"max_hp_gain":0,"max_hp_loss":0,"event_name":"Lab","floor":28,"gold_loss":0}],"is_beta":false,"boss_relics":[{"not_picked":["Fusion Hammer","Snecko Eye"],"picked":"Black Blood"}],"items_purged_floors":[20],"is_endless":false,"potions_floor_spawned":[1,5,16],"killed_by":"Cultist and Chosen","ascension_level":18}}