{"host":"j61pjxqytd94o6ng","time":1610091629,"event":{"mods":["BaseMod","Bestiary","Colored Map","Colored Powertips","Curses Come First","Minty Spire (QoL Compilation)","StSLib"],"gold_per_floor":[119,119,132,146,157,157,189,189,234,246,261,15,34,54,54,130,130,143,143,156,171,171,171],"floor_reached":22,"playtime":1072,"items_purged":["Strike_G"],"score":336,"play_id":"61ff7970-8b93-44e1-8a65-e746e472ac9e","local_time":"20210108004029","is_ascension_mode":true,"campfire_choices":[{"data":"Poisoned Stab","floor":6,"key":"SMITH"},{"data":"Calculated Gamble","floor":8,"key":"SMITH"},{"data":"Skewer","floor":15,"key":"SMITH"}],"circlet_count":0,"master_deck":["AscendersBane","Strike_G+1","Strike_G","Strike_G+1","Defend_G","Defend_G","Defend_G","Defend_G","Survivor","Neutralize","Tools of the Trade+1","Calculated Gamble+1","Poisoned Stab+1","Calculated Gamble","Blade Dance","Escape Plan","Tactician","Tactician","Backflip","Burst","Skewer+1","Tools of the Trade+1","PiercingWail+1","Prepared+1","Prepared"],"relics":["Ring of the Snake","Frozen Egg 2","Vajra","Chemical X","Empty Cage","Whetstone"],"acts_visited":["Exordium","TheCity"],"potions_floor_usage":[7],"damage_taken":[{"damage":0,"enemies":"Jaw Worm","floor":1,"turns":6},{"damage":0,"enemies":"Cultist","floor":3,"turns":5},{"damage":0,"enemies":"2 Louse","floor":4,"turns":3},{"damage":2,"enemies":"Large Slime","floor":5,"turns":8},{"damage":20,"enemies":"Lagavulin","floor":7,"turns":6},{"damage":0,"enemies":"Gremlin Gang","floor":10,"turns":4},{"damage":0,"enemies":"2 Fungi Beasts","floor":11,"turns":4},{"damage":0,"enemies":"Lots of Slimes","floor":13,"turns":4},{"damage":4,"enemies":"Large Slime","floor":14,"turns":5},{"damage":20,"enemies":"The Guardian","floor":16,"turns":10},{"damage":9,"enemies":"3 Byrds","floor":18,"turns":5},{"damage":2,"enemies":"Chosen","floor":20,"turns":4},{"damage":19,"enemies":"Snake Plant","floor":21,"turns":4},{"damage":26,"enemies":"3 Cultists","floor":22,"turns":3}],"seed_played":"-7413566903437766674","potions_obtained":[{"floor":3,"key":"AttackPotion"},{"floor":7,"key":"Energy Potion"},{"floor":13,"key":"Poison Potion"}],"is_trial":false,"path_per_floor":["M","?","M","M","M","R","E","R","T","M","M","$","M","M","R","B",null,"M","T","M","M","M"],"character_chosen":"THE_SILENT","items_purchased":["Chemical X","Backflip"],"campfire_rested":0,"item_purchase_floors":[12,12],"current_hp_per_floor":[59,59,59,59,57,57,37,37,37,37,37,37,37,33,33,13,48,39,39,37,18,0,0],"gold":171,"neow_bonus":"THREE_RARE_CARDS","is_daily":false,"chose_seed":false,"campfire_upgraded":3,"win_rate":0.0,"timestamp":1610091629,"path_taken":["M","?","M","M","M","R","E","R","T","?","M","$","M","?","R","BOSS","M","?","M","M","M"],"items_purchased_type":["Relic","Card"],"build_version":"2020-12-22","purchased_purges":1,"victory":false,"max_hp_per_floor":[60,60,60,60,60,60,60,60,60,60,60,60,60,60,60,60,60,60,60,60,60,60,60],"card_choices":[{"not_picked":["Storm of Steel","Grand Finale"],"picked":"Tools of the Trade","floor":0},{"not_picked":["Outmaneuver","Deflect"],"picked":"Calculated Gamble","floor":1},{"not_picked":["Backflip","Dagger Spray"],"picked":"Poisoned Stab","floor":3},{"not_picked":["Dodge and Roll","Deadly Poison"],"picked":"Calculated Gamble","floor":4},{"not_picked":["Sucker Punch","Outmaneuver"],"picked":"Blade Dance","floor":5},{"not_picked":["Heel Hook","Flying Knee"],"picked":"Escape Plan","floor":7},{"not_picked":["Cloak And Dagger","Expertise"],"picked":"Tactician","floor":10},{"not_picked":["Prepared","Acrobatics"],"picked":"Tactician","floor":11},{"not_picked":["Bouncing Flask","Eviscerate"],"picked":"Burst","floor":13},{"not_picked":["Heel Hook","Slice"],"picked":"Skewer","floor":14},{"not_picked":["Night Terror","Burst"],"picked":"Tools of the Trade+1","floor":16},{"not_picked":["Flechettes","Cloak And Dagger"],"picked":"PiercingWail+1","floor":18},{"not_picked":["Finisher+1","Dagger Throw"],"picked":"Prepared+1","floor":20},{"not_picked":["Poisoned Stab","Slice+1"],"picked":"Prepared","floor":21}],"player_experience":493322,"relics_obtained":[{"floor":7,"key":"Frozen Egg 2"},{"floor":9,"key":"Vajra"},{"floor":19,"key":"Whetstone"}],"event_choices":[{"damage_healed":0,"gold_gain":0,"player_choice":"Upgraded","damage_taken":0,"max_hp_gain":0,"max_hp_loss":0,"event_name":"Upgrade Shrine","floor":2,"gold_loss":0,"cards_upgraded":["Tools of the Trade"]}],"is_beta":false,"boss_relics":[{"not_picked":["Ectoplasm","Ring of the Serpent"],"picked":"Empty Cage"}],"items_purged_floors":[12],"is_endless":false,"potions_floor_spawned":[3,7,13,16,18],"killed_by":"3 Cultists","ascension_level":15}}