{"host":"sav7uxregyirlf69","time":1610093295,"event":{"mods":["AchievementEnabler","BaseMod","Colored Map","DeckTracker","Keyboard Shortcuts","Minty Spire (QoL Compilation)","READ ME - Guardian Mod","StSLib","SuperFastMode"],"gold_per_floor":[118,138,138,151,151,183,183,194,241,254,273,284,329,349,349,420,420,439,639,653,193,193,193,206,206,206],"floor_reached":25,"playtime":502,"items_purged":["Strike_G"],"score":414,"play_id":"e9c47456-b515-45e8-8bcc-ed158bf0ad9f","local_time":"20210108170815","is_ascension_mode":true,"campfire_choices":[{"data":"Apotheosis","floor":7.0,"key":"SMITH"},{"floor":15.0,"key":"REST"},{"floor":23.0,"key":"REST"}],"circlet_count":0,"master_deck":["AscendersBane","Strike_G","Strike_G","Strike_G","Strike_G","Defend_G","Defend_G","Defend_G","Defend_G","Defend_G","Survivor","Neutralize","Apotheosis+1","Deadly Poison","Heel Hook","Dagger Throw","Backflip","Blade Dance","Catalyst","Crippling Poison","PiercingWail"],"relics":["Ring of the Snake","Pear","Happy Flower","Bronze Scales","Nunchaku","SacredBark","Medical Kit","Oddly Smooth Stone"],"acts_visited":["Exordium","TheCity"],"potions_floor_usage":[25,25],"damage_taken":[{"damage":0.0,"enemies":"Jaw Worm","floor":1.0,"turns":4.0},{"damage":10.0,"enemies":"2 Louse","floor":2.0,"turns":5.0},{"damage":6.0,"enemies":"Cultist","floor":4.0,"turns":4.0},{"damage":8.0,"enemies":"Lagavulin","floor":6.0,"turns":7.0},{"damage":4.0,"enemies":"Exordium Wildlife","floor":8.0,"turns":5.0},{"damage":3.0,"enemies":"Looter","floor":10.0,"turns":3.0},{"damage":3.0,"enemies":"Exordium Thugs","floor":11.0,"turns":5.0},{"damage":0.0,"enemies":"Blue Slaver","floor":12.0,"turns":3.0},{"damage":8.0,"enemies":"Looter","floor":14.0,"turns":3.0},{"damage":4.0,"enemies":"Hexaghost","floor":16.0,"turns":6.0},{"damage":5.0,"enemies":"Chosen","floor":18.0,"turns":4.0},{"damage":12.0,"enemies":"Shell Parasite","floor":20.0,"turns":6.0},{"damage":21.0,"enemies":"Snake Plant","floor":24.0,"turns":6.0},{"damage":36,"enemies":"Gremlin Leader","floor":25,"turns":7}],"seed_played":"3160807244632869881","potions_obtained":[{"floor":6.0,"key":"Energy Potion"},{"floor":8.0,"key":"Fire Potion"},{"floor":24.0,"key":"Dexterity Potion"}],"is_trial":false,"path_per_floor":["M","M","?","M","?","E","R","M","T","M","M","M","T","M","R","B",null,"M","?","M","$","?","R","M","E"],"character_chosen":"THE_SILENT","items_purchased":["Medical Kit","Oddly Smooth Stone","SkillPotion"],"campfire_rested":2,"item_purchase_floors":[21,21,21],"current_hp_per_floor":[44,34,39,33,33,25,25,21,21,18,15,15,15,7,29,25,63,58,58,46,46,24,48,27,0,0],"gold":206,"neow_bonus":"RANDOM_COLORLESS_2","is_daily":false,"chose_seed":false,"campfire_upgraded":1,"win_rate":0.0,"timestamp":1610093295,"path_taken":["M","M","?","M","?","E","R","M","T","M","M","M","?","M","R","BOSS","M","?","?","$","?","R","M","E"],"items_purchased_type":["Relic","Relic","Potion"],"build_version":"2020-12-22","purchased_purges":1,"victory":false,"max_hp_per_floor":[66,66,76,76,76,76,76,76,76,76,76,76,76,76,76,76,76,76,76,76,76,81,81,81,81,81],"card_choices":[{"not_picked":["Thinking Ahead","Transmutation"],"picked":"Apotheosis","floor":0.0},{"not_picked":["Slice","Backflip"],"picked":"Deadly Poison","floor":1.0},{"not_picked":["Endless Agony","Quick Slash"],"picked":"Heel Hook","floor":2.0},{"not_picked":["PiercingWail","Backflip"],"picked":"Dagger Throw","floor":4.0},{"not_picked":["Sucker Punch","Deadly Poison"],"picked":"Backflip","floor":6.0},{"not_picked":["Bane","Catalyst"],"picked":"Blade Dance","floor":8.0},{"not_picked":["Blade Dance","Envenom","Bane"],"picked":"SKIP","floor":10.0},{"not_picked":["Blade Dance","Skewer"],"picked":"Catalyst","floor":11.0},{"not_picked":["Eviscerate","Choke"],"picked":"Crippling Poison","floor":12.0},{"not_picked":["Acrobatics","Deflect","Underhanded Strike"],"picked":"SKIP","floor":14.0},{"not_picked":["Dagger Spray+1","Choke"],"picked":"PiercingWail","floor":18.0},{"not_picked":["Dagger Throw","Slice","Sucker Punch"],"picked":"SKIP","floor":20.0},{"not_picked":["Bouncing Flask","Blade Dance","Underhanded Strike"],"picked":"SKIP","floor":24.0}],"player_experience":1198999,"relics_obtained":[{"floor":6.0,"key":"Happy Flower"},{"floor":9.0,"key":"Bronze Scales"},{"floor":13.0,"key":"Nunchaku"}],"event_choices":[{"damage_healed":0.0,"max_hp_gain":0.0,"max_hp_loss":0.0,"gold_gain":0.0,"event_name":"Scrap Ooze","player_choice":"Success","floor":3.0,"gold_loss":0.0,"damage_taken":5.0,"relics_obtained":["Pear"]},{"damage_healed":0.0,"max_hp_gain":0.0,"max_hp_loss":0.0,"gold_gain":0.0,"event_name":"Liars Game","player_choice":"Ignored","floor":5.0,"gold_loss":0.0,"damage_taken":0.0},{"damage_healed":0.0,"max_hp_gain":0.0,"max_hp_loss":0.0,"gold_gain":250.0,"event_name":"The Joust","player_choice":"Bet on Owner","floor":19.0,"gold_loss":50.0,"damage_taken":0.0},{"damage_healed":0.0,"max_hp_gain":5.0,"max_hp_loss":0.0,"gold_gain":0.0,"event_name":"Forgotten Altar","player_choice":"Shed Blood","floor":22.0,"gold_loss":0.0,"damage_taken":27.0}],"is_beta":false,"boss_relics":[{"not_picked":["Snecko Eye","Tiny House"],"picked":"SacredBark"}],"items_purged_floors":[21],"is_endless":false,"potions_floor_spawned":[6,8,10,14,24],"killed_by":"Gremlin Leader","ascension_level":20}}