{"host":"3jjxuhjpio8e4zkv","time":1610086825,"event":{"mods":["BaseMod","Colored Map","Highlight Path","Minty Spire (QoL Compilation)","Permanent Neow","Relic Stats","StSLib"],"gold_per_floor":[115,130,143,68,28,28,28,62,62,62,62,100,0,35,35,124,124,139,189,203,217,217,217],"floor_reached":22,"playtime":589,"items_purged":["Strike_G","Strike_G"],"score":404,"play_id":"894208bf-5339-4f68-8f5c-fa5f87016a0c","local_time":"20210108012025","is_ascension_mode":true,"campfire_choices":[{"data":"The Bomb","floor":6.0,"key":"SMITH"},{"data":"Blade Dance","floor":10.0,"key":"SMITH"},{"data":"Footwork","floor":15.0,"key":"SMITH"}],"circlet_count":0,"master_deck":["AscendersBane","Defend_G","Defend_G","Defend_G","Defend_G","Defend_G","Survivor","Neutralize","The Bomb+1","Dodge and Roll","Footwork+1","Deflect","Blade Dance+1","Phantasmal Killer","Unload+1","Escape Plan+1","Storm of Steel+1","Backflip","Dagger Spray","Accuracy"],"relics":["Ring of the Snake","Golden Idol","Shuriken","Matryoshka","Paper Crane","Bird Faced Urn","Astrolabe"],"acts_visited":["Exordium","TheCity"],"potions_floor_usage":[22],"damage_taken":[{"damage":1.0,"enemies":"Jaw Worm","floor":1.0,"turns":3.0},{"damage":10.0,"enemies":"2 Louse","floor":2.0,"turns":3.0},{"damage":0.0,"enemies":"Cultist","floor":3.0,"turns":3.0},{"damage":0.0,"enemies":"Looter","floor":5.0,"turns":4.0},{"damage":8.0,"enemies":"3 Sentries","floor":8.0,"turns":4.0},{"damage":23.0,"enemies":"Lagavulin","floor":12.0,"turns":6.0},{"damage":6.0,"enemies":"3 Sentries","floor":14.0,"turns":3.0},{"damage":16.0,"enemies":"The Guardian","floor":16.0,"turns":13.0},{"damage":21.0,"enemies":"Chosen","floor":18.0,"turns":6.0},{"damage":1.0,"enemies":"Spheric Guardian","floor":20.0,"turns":3.0},{"damage":20.0,"enemies":"Shelled Parasite and Fungi","floor":21.0,"turns":4.0},{"damage":15,"enemies":"Snecko","floor":22,"turns":4}],"seed_played":"-1117613377970948143","potions_obtained":[{"floor":8.0,"key":"Regen Potion"},{"floor":12.0,"key":"Energy Potion"},{"floor":14.0,"key":"Strength Potion"},{"floor":16.0,"key":"FearPotion"}],"is_trial":false,"path_per_floor":["M","M","M","$","M","R","?","E","T","R","?","E","$","E","R","B",null,"M","?","M","M","M"],"character_chosen":"THE_SILENT","items_purchased":[],"campfire_rested":0,"item_purchase_floors":[],"current_hp_per_floor":[58,48,48,48,48,48,48,40,40,40,45,36,36,30,30,16,48,29,29,28,8,0,0],"gold":217,"neow_bonus":"RANDOM_COLORLESS_2","is_daily":false,"chose_seed":false,"campfire_upgraded":3,"win_rate":0.0,"timestamp":1610086825,"path_taken":["M","M","M","$","M","R","?","E","T","R","?","E","?","E","R","BOSS","M","?","M","M","M"],"items_purchased_type":[],"build_version":"2020-12-22","purchased_purges":2,"victory":false,"max_hp_per_floor":[60,60,60,60,60,60,54,54,54,54,59,59,59,59,59,59,59,59,59,59,59,59,59],"relic_stats":{"counters":[12,56],"Golden Idol":49,"Shuriken":[11],"Bird Faced Urn":[8],"Astrolabe":["Unload","Escape Plan","Storm of Steel"],"obtain_stats":[{"Matryoshka":9,"Golden Idol":7,"Shuriken":8,"Bird Faced Urn":14,"Astrolabe":17,"Paper Crane":12,"Ring of the Snake":0},{"Matryoshka":5,"Golden Idol":4,"Shuriken":5,"Bird Faced Urn":7,"Astrolabe":8,"Paper Crane":6,"Ring of the Snake":0},{"Matryoshka":17,"Golden Idol":13,"Shuriken":17,"Bird Faced Urn":26,"Astrolabe":39,"Paper Crane":23,"Ring of the Snake":0}],"Ring of the Snake":[24]},"card_choices":[{"not_picked":["Metamorphosis","Panache"],"picked":"The Bomb","floor":0.0},{"not_picked":["Blade Dance","Bane"],"picked":"Dodge and Roll","floor":1.0},{"not_picked":["Poisoned Stab","Blade Dance","Bane"],"picked":"SKIP","floor":2.0},{"not_picked":["Prepared","Choke"],"picked":"Footwork","floor":3.0},{"not_picked":["Dagger Spray","Flying Knee"],"picked":"Deflect","floor":5.0},{"not_picked":["Backflip","Acrobatics"],"picked":"Blade Dance","floor":8.0},{"not_picked":["Deadly Poison","Dash","Night Terror"],"picked":"SKIP","floor":12.0},{"not_picked":["Caltrops","Dagger Spray","Poisoned Stab"],"picked":"SKIP","floor":14.0},{"not_picked":["Venomology","Doppelganger"],"picked":"Phantasmal Killer","floor":16.0},{"not_picked":["Crippling Poison","Concentrate"],"picked":"Backflip","floor":18.0},{"not_picked":["Dagger Throw","Distraction"],"picked":"Dagger Spray","floor":20.0},{"not_picked":["Blade Dance","Phantasmal Killer"],"picked":"Accuracy","floor":21.0}],"player_experience":1185088,"relics_obtained":[{"floor":8.0,"key":"Shuriken"},{"floor":9.0,"key":"Matryoshka"},{"floor":12.0,"key":"Paper Crane"},{"floor":14.0,"key":"Bird Faced Urn"}],"event_choices":[{"damage_healed":0.0,"max_hp_gain":0.0,"max_hp_loss":6.0,"gold_gain":0.0,"event_name":"Golden Idol","player_choice":"Lose Max HP","floor":7.0,"gold_loss":0.0,"damage_taken":0.0,"relics_obtained":["Golden Idol"]},{"damage_healed":0.0,"max_hp_gain":5.0,"max_hp_loss":0.0,"gold_gain":0.0,"event_name":"Big Fish","player_choice":"Donut","floor":11.0,"gold_loss":0.0,"damage_taken":0.0},{"damage_healed":0.0,"max_hp_gain":0.0,"max_hp_loss":0.0,"gold_gain":50.0,"event_name":"Golden Shrine","player_choice":"Pray","floor":19.0,"gold_loss":0.0,"damage_taken":0.0}],"is_beta":false,"boss_relics":[{"not_picked":["Calling Bell","Philosopher\u0027s Stone"],"picked":"Astrolabe"}],"items_purged_floors":[4,13],"is_endless":false,"potions_floor_spawned":[8,12,14,16],"killed_by":"Snecko","ascension_level":20}}