{"host":"2t5wqx5om8wmj2wi","time":1610072990,"event":{"mods":["2.2 Compatiblity","Abigail Mod","Act Like it!","Arknights The Spire","Aspiration","BaseMod","Better-Laid Plans","Conspire","Downfall","Friendly Minions","Gensokyo","Kiyohime¡]²M®V¡^","Marisa¡]Ãú«B¡@Å]²z¨F¡^","Minty Spire (QoL Compilation)","MostiFishMod","Pale of the Ancients","Prisma Mod","Rare Cards Sparkle","Remilia¡]Á¢¦Ì²ú?¡^","Replay The Spire","RumiaBox-ÅS¦Ì?ªº¯«¯µ²°¤l","StSLib","The Animator","Yuri Mod","Yuyuko","¡i?ª«¥dµP¡jREMEMod"],"gold_per_floor":[115,128,158,158,173,173,173],"floor_reached":6,"playtime":444,"items_purged":[],"score":36,"play_id":"6926811b-807d-4d0c-b3e2-16f5c36061d4","local_time":"20210108102950","is_ascension_mode":false,"campfire_choices":[],"circlet_count":0,"master_deck":["Strike_G","Strike_G","Strike_G","Strike_G","Strike_G","Defend_G","Defend_G","Defend_G","Defend_G","Defend_G","Survivor","Prepared","Backflip","Hidden Blade","Cloak And Dagger"],"relics":["Ring of the Snake","DaveBox","REME_ComplimentaryCards","NeowsBlessing","SynthV:TestCard","ReplayTheSpireMod:Lightbulb","Happy Flower"],"acts_visited":["Gensokyo:Gensokyo"],"potions_floor_usage":[],"damage_taken":[{"damage":0,"enemies":"Gensokyo:Python","floor":1,"turns":1},{"damage":0,"enemies":"Gensokyo:2_Kodama","floor":2,"turns":1},{"damage":0,"enemies":"conspire:MimicChest","floor":3,"turns":1},{"damage":8,"enemies":"Gensokyo:Gryphon","floor":5,"turns":5},{"damage":3,"enemies":"Gensokyo:Mamizou","floor":6,"turns":8}],"seed_played":"1421277398448011603","potions_obtained":[{"floor":2,"key":"Explosive Potion"}],"is_trial":false,"path_per_floor":["M","M","?","?","M","E"],"character_chosen":"THE_SILENT","items_purchased":[],"campfire_rested":0,"item_purchase_floors":[],"current_hp_per_floor":[70,70,70,70,62,59,59],"gold":173,"neow_bonus":"THREE_ENEMY_KILL","is_daily":false,"chose_seed":false,"campfire_upgraded":0,"win_rate":0.0,"timestamp":1610072990,"path_taken":["M","?","?","?","M","E"],"items_purchased_type":[],"build_version":"2020-12-22","purchased_purges":0,"victory":false,"max_hp_per_floor":[70,70,70,70,70,70,70],"card_choices":[{"not_picked":["Acrobatics","Dodge and Roll"],"picked":"Prepared","floor":1},{"not_picked":["Caltrops","Flechettes","Deflect","Dagger Throw"],"picked":"Backflip","floor":2},{"not_picked":["Quick Slash","Finisher","MostiFishMod:PerfectParry","Blur"],"picked":"Hidden Blade","floor":3},{"not_picked":["Wraith Form v2","Quick Slash","MostiFishMod:InvigoratingSolution","Outmaneuver"],"picked":"Cloak And Dagger","floor":5}],"player_experience":273376,"relics_obtained":[{"floor":1,"key":"SynthV:TestCard"},{"floor":3,"key":"ReplayTheSpireMod:Lightbulb"}],"event_choices":[],"is_beta":false,"boss_relics":[],"items_purged_floors":[],"is_endless":false,"potions_floor_spawned":[2],"killed_by":"Gensokyo:Mamizou","ascension_level":0}}