{"host":"b995t17pt6d05w8c","time":1610106909,"event":{"mods":["AchievementEnabler","BaseMod","Colored Map","Minty Spire (QoL Compilation)","SuperFastMode"],"gold_per_floor":[112,112,112,133,133,133,169,169,169,192,206,245,170,209,209,338,338,358,457,457,357,373,373,411,326,375,375,27,52,87,110,110,229,229,253,31,45,63,63,63,98,98,175,189,101,164,6,27,27,27],"floor_reached":51,"playtime":1390,"items_purged":["Strike_P","Defend_P","Defend_P","Strike_P","PathToVictory+1","EmptyBody+1"],"score":1320,"play_id":"0870e96c-0caf-45a1-be53-1fb985598ce5","local_time":"20210108205508","is_ascension_mode":true,"campfire_choices":[{"data":"Eruption","floor":6.0,"key":"SMITH"},{"data":"WheelKick","floor":8.0,"key":"SMITH"},{"data":"MentalFortress","floor":15.0,"key":"SMITH"},{"data":"Vault","floor":23.0,"key":"SMITH"},{"data":"Adaptation","floor":32,"key":"SMITH"},{"data":"Scrawl","floor":40,"key":"SMITH"},{"data":"InnerPeace","floor":42,"key":"SMITH"},{"data":"TalkToTheHand","floor":49,"key":"SMITH"}],"circlet_count":0,"master_deck":["Eruption+1","Vigilance","TalkToTheHand+1","WheelKick+1","MentalFortress+1","Vault+1","CrushJoints+1","InnerPeace+1","Adaptation+1","Scrawl+1"],"relics":["PureWater","Golden Idol","Torii","Damaru","Pear","CaptainsWheel","Bag of Marbles","Astrolabe","Bottled Lightning","Oddly Smooth Stone","Ancient Tea Set","Lee\u0027s Waffle","Anchor","Busted Crown","Membership Card","Bottled Tornado","The Courier","GoldenEye","Orrery"],"acts_visited":["Exordium","TheCity","TheBeyond"],"potions_floor_usage":[24,50,50],"damage_taken":[{"damage":0.0,"enemies":"Jaw Worm","floor":1.0,"turns":4.0},{"damage":0.0,"enemies":"Small Slimes","floor":4.0,"turns":2.0},{"damage":10.0,"enemies":"Gremlin Nob","floor":7.0,"turns":3.0},{"damage":0.0,"enemies":"2 Louse","floor":10.0,"turns":2.0},{"damage":1.0,"enemies":"Large Slime","floor":11.0,"turns":3.0},{"damage":7.0,"enemies":"3 Sentries","floor":12.0,"turns":4.0},{"damage":0.0,"enemies":"Gremlin Nob","floor":14.0,"turns":2.0},{"damage":7.0,"enemies":"Slime Boss","floor":16.0,"turns":7.0},{"damage":15.0,"enemies":"Shell Parasite","floor":18.0,"turns":4.0},{"damage":0.0,"enemies":"Spheric Guardian","floor":22.0,"turns":3.0},{"damage":41,"enemies":"Slavers","floor":24,"turns":6},{"damage":0,"enemies":"Centurion and Healer","floor":29,"turns":6},{"damage":0,"enemies":"Book of Stabbing","floor":30,"turns":4},{"damage":6,"enemies":"Shelled Parasite and Fungi","floor":31,"turns":3},{"damage":0,"enemies":"Champ","floor":33,"turns":10},{"damage":0,"enemies":"3 Darklings","floor":35,"turns":3},{"damage":0,"enemies":"Orb Walker","floor":37,"turns":1},{"damage":0,"enemies":"Sphere and 2 Shapes","floor":38,"turns":2},{"damage":0,"enemies":"Reptomancer","floor":41,"turns":1},{"damage":0,"enemies":"Jaw Worm Horde","floor":44,"turns":1},{"damage":0,"enemies":"Mind Bloom Boss Battle","floor":46,"turns":1},{"damage":0,"enemies":"4 Shapes","floor":48,"turns":1},{"damage":0,"enemies":"Time Eater","floor":50,"turns":3}],"seed_played":"187259589274054857","potions_obtained":[{"floor":1.0,"key":"Dexterity Potion"},{"floor":10.0,"key":"LiquidMemories"},{"floor":11.0,"key":"Block Potion"},{"floor":16.0,"key":"LiquidBronze"},{"floor":24,"key":"DuplicationPotion"},{"floor":30,"key":"SpeedPotion"},{"floor":31,"key":"Strength Potion"},{"floor":38,"key":"FearPotion"}],"is_trial":false,"path_per_floor":["M","?","?","M","T","R","E","R","T","M","M","E","$","E","R","B",null,"M","?","?","$","M","R","E","?","T","?","$","M","E","M","R","B",null,"M","$","M","M","?","R","E","R","T","M","$","?","$","M","R","B",null],"character_chosen":"WATCHER","items_purchased":["Adaptation","Lee\u0027s Waffle","Membership Card","Orrery"],"campfire_rested":0,"item_purchase_floors":[28,28,36,47],"current_hp_per_floor":[65,58,58,58,58,58,48,48,58,58,57,50,50,50,50,43,69,54,54,54,54,54,54,13,13,13,13,84,84,84,78,78,78,83,83,83,83,83,83,83,83,83,83,83,83,83,83,83,83,83],"gold":27,"neow_bonus":"TRANSFORM_CARD","is_daily":false,"chose_seed":false,"campfire_upgraded":8,"win_rate":0.0,"timestamp":1610106908,"path_taken":["M","?","?","M","?","R","E","R","T","M","M","E","$","E","R","BOSS","M","?","?","$","M","R","E","?","T","?","$","?","E","M","R","BOSS","M","$","M","M","?","R","E","R","T","M","$","?","?","M","R","BOSS"],"items_purchased_type":["Card","Relic","Relic","Relic"],"build_version":"2020-12-22","purchased_purges":6,"victory":true,"max_hp_per_floor":[72,72,67,67,67,67,67,67,77,77,77,77,77,77,77,77,77,77,77,77,77,77,77,77,77,77,77,84,84,84,84,84,84,84,84,84,84,84,84,84,84,84,84,84,84,84,84,84,84,84],"card_choices":[{"not_picked":["CutThroughFate","CrushJoints"],"picked":"TalkToTheHand","floor":1.0},{"not_picked":["SashWhip","Pray"],"picked":"WheelKick","floor":4.0},{"not_picked":["Evaluate","WaveOfTheHand","Consecrate"],"picked":"SKIP","floor":7.0},{"not_picked":["WaveOfTheHand","CutThroughFate","Perseverance"],"picked":"SKIP","floor":10.0},{"not_picked":["FollowUp","BowlingBash","SignatureMove"],"picked":"SKIP","floor":11.0},{"not_picked":["TalkToTheHand","Collect"],"picked":"MentalFortress","floor":12.0},{"not_picked":["CrushJoints","MasterReality"],"picked":"ClearTheMind","floor":14.0},{"not_picked":["MasterReality","Wish"],"picked":"Vault","floor":16.0},{"not_picked":["Conclude","CrushJoints+1"],"picked":"InnerPeace","floor":18.0},{"not_picked":["Halt","EmptyFist","FollowUp"],"picked":"SKIP","floor":22.0},{"not_picked":["Halt","EmptyFist","FollowUp"],"picked":"SKIP","floor":22.0},{"not_picked":["CutThroughFate","JustLucky+1","Wallop+1"],"picked":"SKIP","floor":24},{"not_picked":["Prostrate","ClearTheMind","SignatureMove"],"picked":"SKIP","floor":29},{"not_picked":["Crescendo","EmptyFist","Perseverance"],"picked":"SKIP","floor":30},{"not_picked":["ForeignInfluence","PathToVictory","BattleHymn+1"],"picked":"SKIP","floor":31},{"not_picked":["Blasphemy","Devotion"],"picked":"Scrawl","floor":33},{"not_picked":["FlyingSleeves"],"picked":"SKIP","floor":35},{"not_picked":["ReachHeaven"],"picked":"SKIP","floor":37},{"not_picked":["CutThroughFate+1"],"picked":"SKIP","floor":38},{"not_picked":["CutThroughFate+1"],"picked":"SKIP","floor":38},{"not_picked":["Nirvana"],"picked":"SKIP","floor":41},{"not_picked":["Nirvana"],"picked":"SKIP","floor":41},{"not_picked":["JustLucky+1"],"picked":"SKIP","floor":44},{"not_picked":["Wallop+1"],"picked":"SKIP","floor":48}],"player_experience":47135,"relics_obtained":[{"floor":5.0,"key":"Torii"},{"floor":7.0,"key":"Damaru"},{"floor":9.0,"key":"Pear"},{"floor":12.0,"key":"CaptainsWheel"},{"floor":14.0,"key":"Bag of Marbles"},{"floor":24,"key":"Bottled Lightning"},{"floor":26,"key":"Ancient Tea Set"},{"floor":30,"key":"Anchor"},{"floor":41,"key":"Bottled Tornado"},{"floor":43,"key":"The Courier"},{"floor":46,"key":"GoldenEye"}],"event_choices":[{"cards_removed":["Defend_P"],"damage_healed":0.0,"max_hp_gain":0.0,"max_hp_loss":0.0,"gold_gain":0.0,"event_name":"Golden Wing","player_choice":"Card Removal","floor":2.0,"gold_loss":0.0,"damage_taken":7.0},{"damage_healed":0.0,"max_hp_gain":0.0,"max_hp_loss":5.0,"gold_gain":0.0,"event_name":"Golden Idol","player_choice":"Lose Max HP","floor":3.0,"gold_loss":0.0,"damage_taken":0.0,"relics_obtained":["Golden Idol"]},{"damage_healed":0.0,"max_hp_gain":0.0,"max_hp_loss":0.0,"gold_gain":99.0,"event_name":"Nest","player_choice":"Stole From Cult","floor":19.0,"gold_loss":0.0,"damage_taken":0.0},{"damage_healed":0.0,"max_hp_gain":0.0,"max_hp_loss":0.0,"gold_gain":0.0,"event_name":"Ghosts","player_choice":"Ignored","floor":20.0,"gold_loss":0.0,"damage_taken":0.0},{"damage_healed":0,"gold_gain":0,"player_choice":"Obtained Relic","damage_taken":0,"relics_obtained":["Oddly Smooth Stone"],"max_hp_gain":0,"max_hp_loss":0,"event_name":"Addict","floor":25,"gold_loss":85},{"damage_healed":0,"gold_gain":0,"player_choice":"0 cards matched","damage_taken":0,"max_hp_gain":0,"max_hp_loss":0,"event_name":"Match and Keep!","floor":27,"gold_loss":0,"cards_obtained":[]},{"cards_removed":["ClearTheMind"],"damage_healed":0,"gold_gain":0,"player_choice":"Removed Skill","damage_taken":0,"max_hp_gain":0,"max_hp_loss":0,"event_name":"Falling","floor":39,"gold_loss":0},{"damage_healed":0,"gold_gain":0,"player_choice":"Fight","damage_taken":0,"max_hp_gain":0,"max_hp_loss":0,"event_name":"MindBloom","floor":46,"gold_loss":0}],"is_beta":false,"boss_relics":[{"not_picked":["Cursed Key","SacredBark"],"picked":"Astrolabe"},{"not_picked":["Philosopher\u0027s Stone","Fusion Hammer"],"picked":"Busted Crown"}],"items_purged_floors":[13,21,28,36,45,47],"is_endless":false,"potions_floor_spawned":[1,10,11,16,24,30,31,38,41,44],"ascension_level":6}}