{"host":"mjmsgaxkb56jw5c5","time":1610130949,"event":{"mods":["AchievementEnabler","Aspiration","BaseMod","Colored Powertips","Conspire","Downfall","Hubris","Minty Spire (QoL Compilation)","Replay The Spire","StSLib","The Jungle"],"gold_per_floor":[118,118,168,20,35,35,60,78,132,132,21,38,113,147,147,249,249,266,192,192,192,282,282,294,294,319,319,345,63,80,95,95,195,195,208,2,2,2,15,15,26,43,116,134,134,150,150,165,165,165],"floor_reached":51,"playtime":1837,"items_purged":["ReplayTheSpireMod:Restless Dread","Amnesia","hubris:Envy","hubris:Gluttony"],"score":1110,"play_id":"644fe57b-f813-4333-82ce-7a078ce499fa","local_time":"20210108193549","is_ascension_mode":true,"campfire_choices":[{"data":"Bash","floor":6,"key":"SMITH"},{"data":"Demon Form","floor":10,"key":"SMITH"},{"floor":23,"key":"REST"},{"floor":25,"key":"REST"},{"floor":27,"key":"REST"},{"floor":32,"key":"DIG"},{"floor":40,"key":"DIG"},{"floor":45,"key":"REST"},{"floor":47,"key":"REST"},{"floor":49,"key":"DIG"}],"circlet_count":0,"master_deck":["Strike_R","Strike_R","Strike_R","Strike_R","Strike_R","Defend_R","Defend_R","Defend_R+1","Defend_R+1","Bash+1","ReplayTheSpireMod:Limb From Limb","Sickly","Thunderclap","Demon Form+1","Dual Wield","Spot Weakness+1","hubris:StunningStrike","Double Tap+1","Sword Boomerang","Heavy Blade+1","Rampage","Whirlwind","Inflame+1","Berserk","CurseOfTheBell","Parasite","hubris:Envy"],"relics":["Burning Blood","NeowsBlessing","aspiration:HatOfInfinitePower","Ring of Greed","Ring of Misfortune","MealTicket","Tiny Chest","Membership Card","Blood Vial","War Paint","hubris:OldNail","Replay:Wax Seal","hubris:IronBody","Ancient Tea Set","Shovel","Ice Cream","Orrery","Eternal Feather","Calling Bell","Bag of Marbles","hubris:CrystalStatue","aspiration:AnachronicSnailShell","Shuriken","Mummified Hand","Replay:Ringing Soul","Ornamental Fan"],"acts_visited":["Exordium","TheCity","TheBeyond"],"potions_floor_usage":[8,24,24,24,31,44,46],"damage_taken":[{"damage":0,"enemies":"2 Louse","floor":1,"turns":1},{"damage":0,"enemies":"Jaw Worm","floor":5,"turns":1},{"damage":0,"enemies":"Lagavulin","floor":7,"turns":1},{"damage":4,"enemies":"Small Slimes","floor":8,"turns":2},{"damage":19,"enemies":"conspire:2 RoseBushes","floor":12,"turns":5},{"damage":17,"enemies":"3 Sentries","floor":14,"turns":5},{"damage":0,"enemies":"Slime Boss","floor":16,"turns":5},{"damage":11,"enemies":"Chosen","floor":18,"turns":6},{"damage":17,"enemies":"2 Thieves","floor":24,"turns":4},{"damage":22,"enemies":"Gremlin Leader","floor":28,"turns":6},{"damage":18,"enemies":"Snecko","floor":30,"turns":4},{"damage":4,"enemies":"Cultist and Chosen","floor":31,"turns":4},{"damage":53,"enemies":"conspire:MysteriousRune","floor":33,"turns":7},{"damage":24,"enemies":"3 Darklings","floor":35,"turns":4},{"damage":22,"enemies":"3 Shapes","floor":39,"turns":3},{"damage":8,"enemies":"Writhing Mass","floor":41,"turns":4},{"damage":52,"enemies":"Spire Growth","floor":42,"turns":5},{"damage":4,"enemies":"Transient","floor":44,"turns":5},{"damage":29,"enemies":"Writhing Mass","floor":46,"turns":5},{"damage":26,"enemies":"Sphere and 2 Shapes","floor":48,"turns":3},{"damage":72,"enemies":"conspire:OrnateMirror","floor":50,"turns":5}],"seed_played":"-3942775067067259116","potions_obtained":[{"floor":1,"key":"AttackPotion"},{"floor":12,"key":"Strength Potion"},{"floor":14,"key":"BlessingOfTheForge"},{"floor":18,"key":"champ:CounterPotion"},{"floor":28,"key":"DistilledChaos"},{"floor":42,"key":"Weak Potion"},{"floor":44,"key":"LiquidMemories"}],"is_trial":false,"path_per_floor":["M","?","?","$","M","R","E","M","T","R","$","M","?","E","R","B",null,"M","$","?","T","?","R","M","R","T","R","E","$","M","M","R","B",null,"M","$","NS","?","M","R","M","M","T","M","R","M","R","M","R","B",null],"character_chosen":"IRONCLAD","items_purchased":["Membership Card","hubris:OldNail","Heavy Blade","Ice Cream","Orrery","Shuriken"],"campfire_rested":5,"item_purchase_floors":[4,11,19,29,29,36],"current_hp_per_floor":[78,45,45,60,66,66,72,76,76,76,80,67,56,47,71,79,80,75,80,20,20,8,32,23,47,47,71,57,72,62,66,66,21,65,49,64,64,64,50,65,65,21,21,25,64,43,80,60,75,11],"gold":165,"neow_bonus":"THREE_ENEMY_KILL","is_daily":false,"chose_seed":false,"campfire_upgraded":2,"win_rate":0.0,"timestamp":1610130949,"path_taken":["M","?","?","$","M","R","E","M","T","R","$","?","?","E","R","BOSS","M","$","?","?","?","R","?","R","T","R","E","$","M","M","R","BOSS","M","$","NS","?","M","R","M","M","T","M","R","M","R","M","R","BOSS"],"items_purchased_type":["Relic","Relic","Card","Relic","Relic","Relic"],"build_version":"2020-12-22","purchased_purges":4,"victory":true,"max_hp_per_floor":[80,80,80,80,80,80,80,80,80,80,80,80,80,80,80,80,80,80,80,80,80,80,80,80,80,80,80,80,80,80,80,80,80,80,80,80,80,80,80,80,80,80,80,80,80,80,80,80,80,80],"card_choices":[{"not_picked":["Feel No Pain","Heavy Blade"],"picked":"ReplayTheSpireMod:Limb From Limb","floor":1},{"not_picked":["Anger","ReplayTheSpireMod:Strike From Hell"],"picked":"Thunderclap","floor":5},{"not_picked":["Dark Embrace","Iron Wave"],"picked":"Demon Form","floor":7},{"not_picked":["Sword Boomerang","hubris:ReadiedAction"],"picked":"Dual Wield","floor":8},{"not_picked":["Sword Boomerang","Thunderclap"],"picked":"Spot Weakness","floor":12},{"not_picked":["Sword Boomerang","Shrug It Off"],"picked":"hubris:StunningStrike","floor":14},{"not_picked":["Exhume","conspire:Purge"],"picked":"Double Tap","floor":16},{"not_picked":["Cleave","hubris:CleavingFinish"],"picked":"Sword Boomerang","floor":18},{"not_picked":["Replay:Undeath\u0027s Touch","Flame Barrier"],"picked":"Rampage","floor":24},{"not_picked":["Spot Weakness","Power Through+1"],"picked":"Whirlwind","floor":28},{"not_picked":["Run Through","ReplayTheSpireMod:LeadingStrike"],"picked":"Inflame+1","floor":29},{"not_picked":["Rupture","Perfected Strike","Armaments"],"picked":"SKIP","floor":30},{"not_picked":["ReplayReversal","Evolve+1","conspire:ExplosiveBarrier"],"picked":"SKIP","floor":31},{"not_picked":["conspire:Purge","Feed"],"picked":"Berserk","floor":33},{"not_picked":["ReplayTheSpireMod:Corrosion Curse","Clash+1","Armaments"],"picked":"SKIP","floor":35},{"not_picked":["Life Link","Replay:Undeath\u0027s Touch+1","Wild Strike"],"picked":"SKIP","floor":39},{"not_picked":["ReplayTheSpireMod:Stacked+1","Abandon+1","Iron Wave"],"picked":"SKIP","floor":41},{"not_picked":["conspire:ExplosiveBarrier+1","Clothesline+1","Run Through+1"],"picked":"SKIP","floor":42},{"not_picked":["Armaments+1","Headbutt","Shockwave"],"picked":"SKIP","floor":44},{"not_picked":["Feel No Pain+1","Sword Boomerang","Iron Wave"],"picked":"SKIP","floor":46},{"not_picked":["Uppercut+1","Armaments","Rupture+1"],"picked":"SKIP","floor":48}],"player_experience":239661,"relics_obtained":[{"floor":3,"key":"Ring of Greed"},{"floor":3,"key":"Ring of Misfortune"},{"floor":3,"key":"MealTicket"},{"floor":3,"key":"Tiny Chest"},{"floor":7,"key":"Blood Vial"},{"floor":9,"key":"War Paint"},{"floor":14,"key":"Replay:Wax Seal"},{"floor":21,"key":"hubris:IronBody"},{"floor":26,"key":"Ancient Tea Set"},{"floor":28,"key":"Shovel"},{"floor":32,"key":"Eternal Feather"},{"floor":34,"key":"Bag of Marbles"},{"floor":34,"key":"hubris:CrystalStatue"},{"floor":34,"key":"aspiration:AnachronicSnailShell"},{"floor":40,"key":"Mummified Hand"},{"floor":43,"key":"Replay:Ringing Soul"},{"floor":49,"key":"Ornamental Fan"}],"event_choices":[{"damage_healed":0,"gold_gain":0,"player_choice":"Success","damage_taken":33,"relics_obtained":["aspiration:HatOfInfinitePower"],"max_hp_gain":0,"max_hp_loss":0,"event_name":"Scrap Ooze","floor":2,"gold_loss":0},{"damage_healed":0,"gold_gain":75,"player_choice":"Gather Gold","damage_taken":11,"max_hp_gain":0,"max_hp_loss":0,"event_name":"World of Goop","floor":13,"gold_loss":0},{"damage_healed":0,"gold_gain":90,"player_choice":"GOLD ","damage_taken":12,"max_hp_gain":0,"max_hp_loss":0,"event_name":"Knowing Skull","floor":22,"potions_obtained":[],"gold_loss":0,"cards_obtained":[]}],"is_beta":false,"boss_relics":[{"not_picked":["Electric Blood","hubris:CrackedHourglass","Replay:Fungal Core"]},{"not_picked":["Astrolabe","hubris:ScarierMask"],"picked":"Calling Bell"}],"items_purged_floors":[11,19,29,36],"is_endless":false,"potions_floor_spawned":[1,12,14,18,28,42,44],"ascension_level":6}}