{"host":"x7n7968bn9ekn290","time":1610153885,"event":{"mods":["AchievementEnabler","BaseMod","Colored Map","Colored Powertips","Googly Eyes","Highlight Path","Melee Mod","Minty Spire (QoL Compilation)","Quick Restart","Rare Cards Sparkle","Relic Stats","Spire Birthday Party","StSLib","slay the spire mod where everything is the same but ironclad has a cowboy hat"],"gold_per_floor":[109,128,128,141,154,154,173,348,348,358,32,32,32,46,46,46,46],"floor_reached":16,"playtime":515,"items_purged":["Doubt"],"score":119,"play_id":"000dc8d0-b2a0-410b-ac31-2723575b2573","local_time":"20210108165805","is_ascension_mode":false,"campfire_choices":[{"data":"Sucker Punch","floor":6,"key":"SMITH"},{"floor":15,"key":"REST"}],"circlet_count":0,"master_deck":["Strike_G","Strike_G","Strike_G","Strike_G","Strike_G","Defend_G","Defend_G","Defend_G","Defend_G","Defend_G","Survivor","Neutralize","Outmaneuver","Sucker Punch+1","Sucker Punch","Sucker Punch","All Out Attack","Slice","Sucker Punch+1"],"relics":["Ring of the Snake","Tiny Chest","Bag of Marbles","Molten Egg 2","White Beast Statue"],"acts_visited":["Exordium"],"potions_floor_usage":[16,16,16],"damage_taken":[{"damage":0,"enemies":"Cultist","floor":1,"turns":4},{"damage":0,"enemies":"Jaw Worm","floor":2,"turns":7},{"damage":0,"enemies":"Small Slimes","floor":4,"turns":4},{"damage":0,"enemies":"Looter","floor":5,"turns":5},{"damage":5,"enemies":"2 Fungi Beasts","floor":7,"turns":4},{"damage":31,"enemies":"Exordium Thugs","floor":10,"turns":7},{"damage":0,"enemies":"Blue Slaver","floor":14,"turns":2},{"damage":70,"enemies":"Slime Boss","floor":16,"turns":11}],"seed_played":"1662051480443060533","potions_obtained":[{"floor":5,"key":"Swift Potion"},{"floor":10,"key":"LiquidMemories"},{"floor":14,"key":"BlessingOfTheForge"}],"is_trial":false,"path_per_floor":["M","M","?","M","M","R","M","?","T","M","$","?","T","M","R","B"],"character_chosen":"THE_SILENT","items_purchased":["Molten Egg 2"],"campfire_rested":1,"item_purchase_floors":[11],"current_hp_per_floor":[77,77,74,74,74,74,69,69,69,38,38,38,38,38,61,0,0],"gold":46,"neow_bonus":"TEN_PERCENT_HP_BONUS","is_daily":false,"chose_seed":false,"campfire_upgraded":1,"win_rate":0.0,"timestamp":1610153885,"path_taken":["M","M","?","M","M","R","M","?","T","M","?","?","?","M","R","BOSS"],"items_purchased_type":["Relic"],"build_version":"2020-12-22","purchased_purges":1,"victory":false,"max_hp_per_floor":[77,77,77,77,77,77,77,77,77,77,77,77,77,77,77,77,77],"relic_stats":{"counters":[8,44],"Tiny Chest":1,"obtain_stats":[{"Tiny Chest":3,"Molten Egg 2":11,"Bag of Marbles":9,"White Beast Statue":13,"Ring of the Snake":0},{"Tiny Chest":2,"Molten Egg 2":6,"Bag of Marbles":5,"White Beast Statue":6,"Ring of the Snake":0},{"Tiny Chest":11,"Molten Egg 2":31,"Bag of Marbles":24,"White Beast Statue":31,"Ring of the Snake":0}],"Ring of the Snake":[16]},"card_choices":[{"not_picked":["Quick Slash","PiercingWail"],"picked":"Outmaneuver","floor":1},{"not_picked":["Acrobatics","Backflip"],"picked":"Sucker Punch","floor":2},{"not_picked":["Expertise","Heel Hook"],"picked":"Sucker Punch","floor":4},{"not_picked":["Glass Knife","Cloak And Dagger"],"picked":"Sucker Punch","floor":5},{"not_picked":["Flying Knee","Blur"],"picked":"All Out Attack","floor":7},{"not_picked":["Eviscerate","Masterful Stab"],"picked":"Slice","floor":10},{"not_picked":["Prepared","Escape Plan"],"picked":"Sucker Punch+1","floor":14}],"player_experience":32274,"relics_obtained":[{"floor":9,"key":"Bag of Marbles"},{"floor":13,"key":"White Beast Statue"}],"event_choices":[{"damage_healed":0,"gold_gain":0,"player_choice":"Success","damage_taken":3,"relics_obtained":["Tiny Chest"],"max_hp_gain":0,"max_hp_loss":0,"event_name":"Scrap Ooze","floor":3,"gold_loss":0},{"damage_healed":0,"gold_gain":175,"player_choice":"AGREE","damage_taken":0,"max_hp_gain":0,"max_hp_loss":0,"event_name":"Liars Game","floor":8,"gold_loss":0,"cards_obtained":["Doubt"]},{"damage_healed":0,"gold_gain":0,"player_choice":"Ignored","damage_taken":0,"max_hp_gain":0,"max_hp_loss":0,"event_name":"Golden Idol","floor":12,"gold_loss":0}],"is_beta":false,"boss_relics":[],"items_purged_floors":[11],"is_endless":false,"potions_floor_spawned":[5,10,14],"killed_by":"Slime Boss","ascension_level":0}}