{"host":"z9grmtg2w0nmz8n1","time":1610116330,"event":{"mods":["Aspiration","Bard","BaseMod","Beaked The Cultist","Better Altar","Better Match","Better Note","Better Sensory Stone","Better Skull","Better Third Choice","BetterRewards","CCEM","Colored Map","Conspire","Downfall","GifTheSpireLib","Googly Eyes","Halation","Hermit","Highlight Path","Hubris","Hunter ??","Jedi Mod","Jorbs\u0027s Wanderer Trilogy","Mad Scientist","Marisa????????","Minty Spire (QoL Compilation)","Permanent Neow","Replay The Spire","Shade Mod","Shop Mod","Spicy Shops","StSLib","Stuff the Spire","The Bug Knight","The Construct","The Necromancer","The Runesmith","The Witch"],"gold_per_floor":[109,122,122,136,219,244,244,244,244],"floor_reached":8,"playtime":333,"items_purged":[],"score":59,"play_id":"606c3720-eabf-4d6e-8036-ffef2a47d380","local_time":"20210108123210","is_ascension_mode":true,"campfire_choices":[{"floor":7,"key":"RECALL"}],"circlet_count":0,"master_deck":["Strike_B","Strike_B","Strike_B","Strike_B","Defend_B","Defend_B","Defend_B","Defend_B","Zap+1","Dualcast","Gash","jedi:blockon","Leap"],"relics":["Cracked Core","hubris:Towel","halation:PrussianBluePaint","CCEMRelics:SpiritsEdge"],"acts_visited":["Exordium"],"potions_floor_usage":[6],"damage_taken":[{"damage":1,"enemies":"Cultist","floor":1,"turns":3},{"damage":0,"enemies":"2 Louse","floor":2,"turns":2},{"damage":5,"enemies":"Small Slimes","floor":4,"turns":4},{"damage":18,"enemies":"Gremlin Nob","floor":6,"turns":4},{"damage":35,"enemies":"Lagavulin","floor":8,"turns":6}],"seed_played":"4345849990715310826","potions_obtained":[{"floor":4,"key":"AttackPotion"}],"is_trial":false,"path_per_floor":["M","M","?","M","?","E","R","E"],"character_chosen":"DEFECT","items_purchased":[],"campfire_rested":0,"item_purchase_floors":[],"current_hp_per_floor":[74,74,74,69,51,33,33,0,0],"gold":244,"neow_bonus":"UPGRADE_CARD","is_daily":false,"chose_seed":false,"campfire_upgraded":0,"win_rate":0.0,"timestamp":1610116330,"path_taken":["M","?","?","M","?","E","R","E"],"items_purchased_type":[],"build_version":"2020-12-22","purchased_purges":0,"victory":false,"max_hp_per_floor":[75,75,75,75,75,75,75,75,75],"card_choices":[{"not_picked":["jedi:markofdeath","Rebound"],"picked":"Gash","floor":1},{"not_picked":["Consume","jedi:locknload","ReplayTheSpireMod:GoodbyeWorld"],"picked":"SKIP","floor":2},{"not_picked":["Turbo","StuffTheSpire:Plugnplay"],"picked":"jedi:blockon","floor":4},{"not_picked":["Compile Driver","ReplayTheSpireMod:System Scan"],"picked":"Leap","floor":6}],"player_experience":812939,"relics_obtained":[{"floor":5,"key":"halation:PrussianBluePaint"},{"floor":6,"key":"CCEMRelics:SpiritsEdge"}],"event_choices":[],"is_beta":false,"boss_relics":[],"items_purged_floors":[],"is_endless":false,"potions_floor_spawned":[4],"killed_by":"Lagavulin","ascension_level":1}}