{"host":"jvd5k9mqzerszifx","time":1610116909,"event":{"mods":["AchievementEnabler","Act Like it!","BaseMod","Conspire","Gensokyo","Hallownest","Lobotomy","Minty Spire (QoL Compilation)","MostiFishMod","Replay The Spire","Reworked Bosses","Spicy Shops","StSLib","The Factory","The Jungle","【功能Mod】聪明的最终Boss"],"gold_per_floor":[126,76,15,45,45,125,207,269,323,103,173,213,273,307,307,517,517,553,46,78,78,78,78,150,234,234,234,234,346,346,368,418,422,422,624,624,664,664,714,714,738,836,9,9,9,39,39,137,137,197,197,197,197,197,19,75,70],"floor_reached":58,"playtime":3590,"items_purged":[],"score":2656,"play_id":"1af5a9f8-61c6-4bf5-a371-8fb30869673f","local_time":"20210108224149","is_ascension_mode":true,"campfire_choices":[{"data":"Strike_B","floor":15,"key":"SMITH"},{"data":"Strike_B","floor":15,"key":"SMITH"},{"data":"Leap","floor":15,"key":"SMITH"},{"data":"Leap","floor":15,"key":"SMITH"},{"data":"Double Energy","floor":15,"key":"SMITH"},{"data":"Capacitor","floor":15,"key":"SMITH"},{"data":"Electrodynamics","floor":15,"key":"SMITH"},{"data":"Redo","floor":15,"key":"SMITH"},{"data":"Zap","floor":15,"key":"SMITH"},{"data":"Echo Form","floor":15,"key":"SMITH"},{"data":"Dualcast","floor":15,"key":"SMITH"},{"data":"Time Bomb","floor":15,"key":"SMITH"},{"data":"conspire:SpireCoStock","floor":15,"key":"SMITH"},{"data":"Gash","floor":15,"key":"SMITH"},{"data":"Ball Lightning","floor":15,"key":"SMITH"},{"data":"Go for the Eyes","floor":15,"key":"SMITH"},{"data":"Go for the Eyes","floor":15,"key":"SMITH"},{"data":"Beam Cell","floor":15,"key":"SMITH"},{"data":"Stack","floor":15,"key":"SMITH"},{"data":"Coolheaded","floor":15,"key":"SMITH"},{"data":"Chill","floor":15,"key":"SMITH"},{"data":"Gash","floor":15,"key":"SMITH"},{"data":"Thinking Ahead","floor":15,"key":"SMITH"},{"data":"conspire:Banana","floor":15,"key":"SMITH"},{"data":"Bandage Up","floor":15,"key":"SMITH"},{"data":"Amplify","floor":15,"key":"SMITH"},{"data":"MostiFishMod:ReprogramOld","floor":15,"key":"SMITH"},{"data":"Cold Snap","floor":15,"key":"SMITH"},{"data":"All For One","floor":15,"key":"SMITH"},{"data":"Defragment","floor":30,"key":"SMITH"},{"data":"Crystallizer","floor":30,"key":"SMITH"},{"data":"FIFO Queue","floor":30,"key":"SMITH"},{"data":"Steam Power","floor":30,"key":"SMITH"},{"data":"Endless Agony","floor":30,"key":"SMITH"},{"data":"Anger","floor":30,"key":"SMITH"},{"data":"Echo Form+1","floor":30,"key":"PURGE"},{"floor":30,"key":"RECALL"},{"data":"Conserve Battery","floor":34,"key":"SMITH"},{"data":"Turbo","floor":34,"key":"SMITH"},{"floor":34,"key":"DIG"},{"floor":44,"key":"DIG"},{"floor":47,"key":"DIG"},{"data":"Pot Of Greed","floor":51,"key":"SMITH"},{"data":"TodaysExpression","floor":51,"key":"SMITH"},{"floor":51,"key":"DIG"},{"floor":54,"key":"DIG"}],"circlet_count":0,"master_deck":["AscendersBane","Strike_B+1","Strike_B+1","Leap+1","Leap+1","Double Energy+1","Capacitor+1","Electrodynamics+1","Redo+1","Zap+1","Dualcast+1","Time Bomb+1","conspire:SpireCoStock+1","Ball Lightning+1","Go for the Eyes+1","Go for the Eyes+1","Beam Cell+1","Stack+1","Coolheaded+1","Chill+1","Gash+1","Thinking Ahead+1","conspire:Banana+1","Bandage Up+1","Amplify+1","MostiFishMod:ReprogramOld+1","Cold Snap+1","All For One+1","MostiFishMod:StarOceanB+1","Steam Power+1","Defragment+1","Crystallizer+1","FIFO Queue+1","Steam Power+1","Endless Agony+1","Jack Of All Trades+1","Anger+1","RedEyes+1","Conserve Battery+1","Turbo+1","MostiFishMod:SpreadingSpore+1","Headbutt+1","Weave+1","PathToVictory+1","Aggregate+1","Beam Cell+1","Pot Of Greed+1","Pot Of Greed+1","Pot Of Greed+1","Pot Of Greed+1","Cleave+1","Double Energy+1","Pot Of Greed+1","TodaysExpression+1","Combust"],"relics":["Cracked Core","Peace Pipe","Ginger","Turnip","Unceasing Top","Omamori","Ice Cream","The Courier","Medical Kit","WingedGreaves","DaveBox","PatriotShield","SynthV:TestCard","Bag of Marbles","ReplayTheSpireMod:ShopPack","ReplayTheSpireMod:Lightbulb","Bag of Preparation","Cursed Key","PrismaticShard","Gremlin Horn","Toolbox","Shovel","Golden Egg","conspire:IceCreamScoop","Regal Pillow","DataDisk","Shuriken","Blood Vial","HereWithMe","Ring of Fury","ReplayTheSpireMod:Ring of Collecting","Pet Ghost","Blue Doll","Potion Belt","Juzu Bracelet","Frozen Eye","Grinning Jar","Gambling Chip","Molten Egg 2","Ring of Panic","ReplayTheSpireMod:Ninjato","Mummified Hand","Replay:Kaleidoscope","Mango","Replay:Bottled Flurry","Replay:Bottled Eggs","Boot","Bronze Scales","Lantern"],"acts_visited":["Hallownest:Greenpath","theJungle:Jungle","TheBeyond","TheEnding"],"potions_floor_usage":[16,16,33,57,57,57],"damage_taken":[{"damage":2.0,"enemies":"Hallownest:2_Tiktiks_and_1_Crawlid","floor":1.0,"turns":3.0},{"damage":0.0,"enemies":"2_ Uuma","floor":4.0,"turns":4.0},{"damage":0.0,"enemies":"Hallownest:eliteVengeflyKing","floor":6.0,"turns":4.0},{"damage":0.0,"enemies":"Hallownest:monsterHuskGuard","floor":7.0,"turns":3.0},{"damage":0.0,"enemies":"Hallownest:Guard_and_Warrior","floor":8.0,"turns":3.0},{"damage":0,"enemies":"Hallownest:eliteCrystalGuardian","floor":11,"turns":1},{"damage":0,"enemies":"Hallownest:1_Ooma_and_2_Uuma","floor":12,"turns":3},{"damage":0,"enemies":"Hallownest:eliteMossKnight","floor":13,"turns":2},{"damage":0,"enemies":"Hallownest:MossCreep_and_Mosskin","floor":14,"turns":3},{"damage":0,"enemies":"Hallownest:BossBrokenVessel","floor":16,"turns":2},{"damage":0,"enemies":"theJungle:Flameango_and_Byrd","floor":18,"turns":3},{"damage":0,"enemies":"theJungle:5_Spyders","floor":20,"turns":3},{"damage":0,"enemies":"theJungle:2_Phrogs","floor":24,"turns":3},{"damage":4,"enemies":"theJungle:Snecko_Cultist_And_Trap","floor":25,"turns":2},{"damage":0,"enemies":"theJungle:MamaSnecko","floor":29,"turns":3},{"damage":0,"enemies":"theJungle:JungleHuntersEncounter","floor":31,"turns":3},{"damage":0,"enemies":"theJungle:2_Phrogs","floor":32,"turns":2},{"damage":0,"enemies":"JungleHuntersEvent","floor":33,"turns":3},{"damage":0,"enemies":"theJungle:TotemBoss","floor":35,"turns":2},{"damage":0,"enemies":"Orb Walker","floor":37,"turns":1},{"damage":0,"enemies":"3 Darklings","floor":39,"turns":2},{"damage":0,"enemies":"Maw","floor":41,"turns":2},{"damage":0,"enemies":"Nemesis","floor":42,"turns":3},{"damage":8,"enemies":"4 Shapes","floor":46,"turns":1},{"damage":0,"enemies":"2 Orb Walkers","floor":48,"turns":1},{"damage":0,"enemies":"R_Hoarder","floor":50,"turns":2},{"damage":0,"enemies":"bossMod:newShapes","floor":52,"turns":3},{"damage":0,"enemies":"Shield and Spear","floor":56,"turns":2},{"damage":6,"enemies":"The Heart","floor":57,"turns":3}],"seed_played":"-7690581503664195443","potions_obtained":[{"floor":1.0,"key":"Explosive Potion"},{"floor":4.0,"key":"Explosive Potion"},{"floor":12,"key":"Adrenaline Potion"},{"floor":14,"key":"EssenceOfSteel"},{"floor":16,"key":"Block Potion"},{"floor":25,"key":"Strength Potion"},{"floor":33,"key":"Explosive Potion"},{"floor":39,"key":"Toxic Potion"},{"floor":42,"key":"Block Potion"},{"floor":48,"key":"SteroidPotion"},{"floor":56,"key":"Elixir"}],"is_trial":false,"path_per_floor":["M","?","$","M","?","E","M","M","T","$","E","M","E","M","R","B",null,"M","$","M","?","?","?","E","M","T","PTL","PTL","E","R","M","E","?","R","B",null,"M","?","M","?","M","E","$","R","T","M","R","?","?","E","R","B",null,"R","$","E","B",null],"character_chosen":"DEFECT","items_purchased":["Gash","Ball Lightning","Coolheaded","ReplayTheSpireMod:ShopPack","Chill","Gash","Defragment","PrismaticShard","Crystallizer","Gremlin Horn","Toolbox","FIFO Queue","Blue Doll","Beam Cell","Potion Belt","Juzu Bracelet","Frozen Eye","Grinning Jar","Gambling Chip","Boot","Bronze Scales"],"campfire_rested":0,"item_purchase_floors":[3,3,10,10,10,10,19,19,19,19,19,19,43,43,43,43,43,43,43,55,55],"current_hp_per_floor":[66,66,66,66,66,66,66,66,66,66,66,66,66,70,70,72,76,79,79,81,81,81,81,83,79,79,79,79,85,85,85,87,89,89,91,91,91,91,91,91,91,93,93,93,93,85,85,87,93,107,107,107,107,107,107,107,108],"gold":70,"neow_bonus":"ONE_RANDOM_RARE_CARD","is_daily":false,"chose_seed":false,"campfire_upgraded":39,"win_rate":0.0,"timestamp":1610116909,"path_taken":["M","?","$","M","?","E","M","M","T","?","E","M","E","M","R","BOSS","M","$","M","?","?","?","E","?","T","PTL","PTL","E","R","M","E","?","R","BOSS","M","?","M","?","M","E","$","R","T","M","R","?","?","E","R","BOSS","R","$","E","BOSS"],"items_purchased_type":["Card","Card","Card","Relic","Card","Card","Card","Relic","Card","Relic","Relic","Card","Relic","Card","Relic","Relic","Relic","Relic","Relic","Relic","Relic"],"build_version":"2020-12-22","purchased_purges":0,"victory":true,"max_hp_per_floor":[75,75,75,75,75,75,75,75,75,75,75,75,75,75,75,77,77,79,79,81,81,81,81,83,83,83,83,83,85,85,85,87,89,89,91,91,91,91,91,91,91,93,93,93,93,93,93,93,93,107,107,107,107,107,107,107,109],"card_choices":[{"not_picked":["ReplayGash","Heatsinks"],"picked":"Time Bomb","floor":1.0},{"not_picked":["Rebound","Leap","MostiFishMod:PushDownKick","Compile Driver"],"picked":"Go for the Eyes","floor":4.0},{"not_picked":["Static Discharge","Tempest","Rebound","Streamline"],"picked":"Go for the Eyes","floor":6.0},{"not_picked":["MostiFishMod:GatherIntelligence","Static Discharge","FIFO Queue","conspire:Rain"],"picked":"Beam Cell","floor":7.0},{"not_picked":["Time Bomb","Coolheaded","Compile Driver","BasicCrystalCard"],"picked":"Stack","floor":8.0},{"not_picked":["MostiFishMod:ElfcollectionBox","MostiFishMod:Awakening","MostiFishMod:Kaleido","MostiFishMod:StoryBook"],"picked":"Thinking Ahead","floor":10},{"not_picked":["MostiFishMod:Mottled","Good Instincts","Metamorphosis","Purity"],"picked":"conspire:Banana","floor":10},{"not_picked":["Magnetism","Metamorphosis","Panacea","Dramatic Entrance"],"picked":"Bandage Up","floor":10},{"not_picked":["Leap","Coolheaded","Rip and Tear","Sweeping Beam"],"picked":"Amplify","floor":11},{"not_picked":["Streamline","Consume","Gash","Turbo"],"picked":"MostiFishMod:ReprogramOld","floor":12},{"not_picked":["Go for the Eyes","Redo","Loop","Coolheaded"],"picked":"Cold Snap","floor":13},{"not_picked":["Hologram","Darkness","Conserve Battery","Sweeping Beam"],"picked":"All For One","floor":14},{"not_picked":["MostiFishMod:GoodWordForIt","Mirror Shield","Amplify","Hyperbeam"],"picked":"MostiFishMod:StarOceanB","floor":16},{"not_picked":["Conserve Battery","Sweeping Beam","Streamline","Beam Cell+1"],"picked":"Steam Power+1","floor":18},{"not_picked":["Replay:Undeath\u0027s Touch","Replay:BasicMightCard","Underhanded Strike","Protect+1"],"picked":"Steam Power","floor":20},{"not_picked":["True Grit","MostiFishMod:DisColor","LikeWater","WristCuter"],"picked":"Endless Agony","floor":24},{"not_picked":["ReplayTheSpireMod:Reroute Power","Deadly Poison","Crescendo","Deflect"],"picked":"Jack Of All Trades+1","floor":25},{"not_picked":["Fusion","Blade Dance","FearNoEvil","MostiFishMod:StarLaLaLa"],"picked":"Anger","floor":29},{"not_picked":["Jack Of All Trades","InTheNameOfLoveAndHate+1","Cloak And Dagger","Turbo"],"picked":"RedEyes+1","floor":31},{"not_picked":["Barrage","Bouncing Flask+1","WristCuter+1","Darkness+1"],"picked":"Conserve Battery","floor":32},{"not_picked":["Replay:BluntJabs+1","Heel Hook","RedEyes","EmptyMind"],"picked":"Turbo","floor":33},{"not_picked":["MostiFishMod:MusicBox","Corruption","ReplayTheSpireMod:From All Sides","Replay:Many Hands"],"picked":"MostiFishMod:SpreadingSpore","floor":35},{"not_picked":["TodaysExpression","ShedSkin","Reflex+1","Hologram+1"],"picked":"Headbutt+1","floor":37},{"not_picked":["Hologram+1","ReplayTheSpireMod:Stacked","Halt","Underhanded Strike"],"picked":"Weave+1","floor":39},{"not_picked":["Replay:Sssssssssstrike+1","Conclude+1","MostiFishMod:PerfectParry","CUTE"],"picked":"PathToVictory+1","floor":41},{"not_picked":["Shrug It Off","Logging+1","MostiFishMod:OutWit","Harvest"],"picked":"Aggregate+1","floor":42},{"not_picked":["Worship+1","MostiFishMod:PerfectParry+1","ReplayTheSpireMod:Reroute Power","BloodyDesire+1"],"picked":"Cleave+1","floor":46},{"not_picked":["Dagger Throw+1","Heatsinks","Warcry+1","Chill+1"],"picked":"Double Energy+1","floor":48},{"not_picked":["Iron Wave+1","MostiFishMod:FluxCapactior+1","Replay:AtTheReady+1","Tactician"],"picked":"TodaysExpression","floor":50},{"not_picked":["Doom and Gloom+1","Regret_ego+1","Replay:Undeath\u0027s Touch+1","ReplayTheSpireMod:Calculation Training"],"picked":"Combust","floor":56}],"player_experience":173313,"relics_obtained":[{"floor":1.0,"key":"SynthV:TestCard"},{"floor":6.0,"key":"Bag of Marbles"},{"floor":11,"key":"ReplayTheSpireMod:Lightbulb"},{"floor":13,"key":"Bag of Preparation"},{"floor":24,"key":"Golden Egg"},{"floor":26,"key":"conspire:IceCreamScoop"},{"floor":29,"key":"Regal Pillow"},{"floor":32,"key":"DataDisk"},{"floor":33,"key":"Shuriken"},{"floor":34,"key":"Blood Vial"},{"floor":38,"key":"Ring of Fury"},{"floor":38,"key":"ReplayTheSpireMod:Ring of Collecting"},{"floor":42,"key":"Pet Ghost"},{"floor":44,"key":"Molten Egg 2"},{"floor":45,"key":"Ring of Panic"},{"floor":45,"key":"ReplayTheSpireMod:Ninjato"},{"floor":47,"key":"Mummified Hand"},{"floor":48,"key":"Replay:Kaleidoscope"},{"floor":50,"key":"Mango"},{"floor":51,"key":"Replay:Bottled Flurry"},{"floor":54,"key":"Replay:Bottled Eggs"},{"floor":56,"key":"Lantern"}],"event_choices":[{"damage_healed":0.0,"max_hp_gain":0.0,"max_hp_loss":0.0,"gold_gain":0.0,"event_name":"conspire:Investor","player_choice":"Invest 1","floor":2.0,"gold_loss":0.0,"damage_taken":0.0},{"damage_healed":0,"gold_gain":0,"player_choice":"Upgraded","damage_taken":0,"max_hp_gain":0,"max_hp_loss":0,"event_name":"Upgrade Shrine","floor":23,"gold_loss":0,"cards_upgraded":["MostiFishMod:StarOceanB"]},{"cards_removed":["Gash"],"damage_healed":0,"gold_gain":0,"player_choice":"Removed Attack","damage_taken":0,"max_hp_gain":0,"max_hp_loss":0,"event_name":"Falling","floor":40,"gold_loss":0},{"damage_healed":0,"gold_gain":0,"player_choice":"Fight","damage_taken":0,"max_hp_gain":0,"max_hp_loss":0,"event_name":"Mysterious Sphere","floor":48,"gold_loss":0},{"damage_healed":23,"gold_gain":0,"player_choice":"Writhe","damage_taken":0,"max_hp_gain":0,"max_hp_loss":0,"event_name":"Winding Halls","floor":49,"gold_loss":0,"cards_obtained":["Writhe"]}],"is_beta":false,"boss_relics":[{"not_picked":["Coffee Dripper","Fusion Hammer"],"picked":"Cursed Key"},{"not_picked":["RhineCircuit","MoonlightInvasionPlan"],"picked":"HereWithMe"}],"items_purged_floors":[],"is_endless":false,"potions_floor_spawned":[1,4,12,14,16,25,32,33,35,37,39,42,48,56],"ascension_level":11}}