{"host":"ljavmhyz2e552xgo","time":1610119679,"event":{"mods":["BaseMod","Better Third Choice","Downfall","Friendly Minions","GungeonMod","Minty Spire (QoL Compilation)","Permanent Neow","Spicy Shops","StSLib"],"gold_per_floor":[99,118,132,132,132,117,141,157,157,177,209,219,237,78,94,199,199,124,139,139,239,258,1,51,36,36,52,69,69,9,539,553,653,653,578,597,697,711,230,248,248,258,284,294,219,238,238,238,248,248,248,274,10,10,10],"floor_reached":56,"playtime":4681,"items_purged":["Guardian:Strike_Guardian"],"score":1303,"play_id":"d9566856-efb8-4da0-841e-5276785d5d85","local_time":"20210108092759","is_ascension_mode":false,"campfire_choices":[{"data":"Guardian:TwinSlam","floor":1,"key":"SMITH"},{"data":"Guardian:BaubleBeam","floor":9,"key":"SMITH"},{"data":"Guardian:ArmoredProtocol","floor":18,"key":"SMITH"},{"data":"Guardian:Harden","floor":26,"key":"SMITH"},{"data":"Guardian:SentryBeam","floor":29,"key":"SMITH"},{"floor":35,"key":"RECALL"},{"data":"Guardian:ExploitGems","floor":45,"key":"SMITH"},{"data":"Guardian:CurlUp","floor":47,"key":"SMITH"},{"data":"Guardian:Repulse","floor":54,"key":"SMITH"}],"circlet_count":0,"master_deck":["Guardian:Strike_Guardian","Guardian:Strike_Guardian","Guardian:Defend_Guardian","Guardian:Defend_Guardian","Guardian:Defend_Guardian","Guardian:Defend_Guardian","Guardian:CurlUp+1","Guardian:TwinSlam+1","Guardian:BaubleBeam+1","Guardian:ChargeCore","Guardian:PiercingHide","Guardian:ArmoredProtocol+1","Guardian:Harden+1","Guardian:Reroute","Guardian:SentryBeam+1","Guardian:ExploitGems+1","Guardian:StasisField","Guardian:Harden+1","Guardian:DecasProtection","Guardian:PrismaticBarrier+1","Guardian:TimeSifter","Guardian:EvasiveProtocol+1","Guardian:CrystalBeam","Guardian:Repulse+1","Guardian:Gem_Cyan","Guardian:Gem_Fragmented","Guardian:SpikerProtocol","Guardian:DecasProtection+1","Guardian:AncientConstruct","Guardian:VentSteam"],"relics":["Guardian:ModeShifter","DemoMod:MonsterBlood","Lantern","sneckomod:SneckoTalon","downfall:HeartBlessingGreen","DemoMod:SerJunkan","DemoMod:GoldJunk","Cursed Key","downfall:HeartBlessingBlue","downfall:GremlinWheel","DemoMod:SuperHotWatch","Mummified Hand","Gambling Chip","Potion Belt","DemoMod:GlassGuonStoneRelic","Guardian:SackOfGems","downfall:HeartBlessingRed","downfall:TeleportStone","Oddly Smooth Stone","DemoMod:PartiallyEatenCheese","DemoMod:Metronome"],"acts_visited":["Exordium","TheCity","TheBeyond","TheEnding"],"potions_floor_usage":[55,55,55,55],"damage_taken":[{"damage":0,"enemies":"2 Louse","floor":2,"turns":3},{"damage":4,"enemies":"Small Slimes","floor":3,"turns":2},{"damage":0,"enemies":"downfall:FleeingMerchant","floor":6,"turns":4},{"damage":0,"enemies":"Cultist","floor":8,"turns":3},{"damage":0,"enemies":"Lots of Slimes","floor":10,"turns":3},{"damage":10,"enemies":"Gremlin Nob","floor":11,"turns":4},{"damage":0,"enemies":"Blue Slaver","floor":12,"turns":3},{"damage":9,"enemies":"2 Fungi Beasts","floor":13,"turns":5},{"damage":0,"enemies":"downfall:FleeingMerchant","floor":14,"turns":4},{"damage":0,"enemies":"Exordium Wildlife","floor":15,"turns":4},{"damage":0,"enemies":"downfall:Watcher","floor":16,"turns":6},{"damage":0,"enemies":"Chosen","floor":19,"turns":5},{"damage":0,"enemies":"3 Byrds","floor":22,"turns":4},{"damage":1,"enemies":"downfall:FleeingMerchant","floor":23,"turns":4},{"damage":0,"enemies":"downfall:FleeingMerchant","floor":25,"turns":4},{"damage":3,"enemies":"Centurion and Healer","floor":27,"turns":7},{"damage":0,"enemies":"Sentry and Sphere","floor":28,"turns":5},{"damage":0,"enemies":"downfall:FleeingMerchant","floor":30,"turns":4},{"damage":12,"enemies":"Slavers","floor":31,"turns":5},{"damage":0,"enemies":"Cultist and Chosen","floor":32,"turns":3},{"damage":14,"enemies":"downfall:Silent","floor":33,"turns":4},{"damage":2,"enemies":"3 Darklings","floor":36,"turns":3},{"damage":0,"enemies":"3 Darklings","floor":37,"turns":3},{"damage":0,"enemies":"Orb Walker","floor":38,"turns":3},{"damage":0,"enemies":"downfall:FleeingMerchant","floor":39,"turns":1},{"damage":0,"enemies":"Maw","floor":40,"turns":5},{"damage":0,"enemies":"4 Shapes","floor":42,"turns":3},{"damage":2,"enemies":"Giant Head","floor":43,"turns":6},{"damage":0,"enemies":"Jaw Worm Horde","floor":44,"turns":3},{"damage":0,"enemies":"Maw","floor":46,"turns":4},{"damage":0,"enemies":"3 Darklings","floor":49,"turns":3},{"damage":4,"enemies":"downfall:Ironclad","floor":50,"turns":7},{"damage":0,"enemies":"downfall:CharBossMerchant","floor":52,"turns":6},{"damage":0,"enemies":"downfall:NeowBoss","floor":55,"turns":19}],"seed_played":"5421079239141473262","potions_obtained":[{"floor":2,"key":"FearPotion"},{"floor":3,"key":"Fire Potion"},{"floor":12,"key":"sneckomod:MuddlingPotion"},{"floor":13,"key":"EssenceOfSteel"},{"floor":16,"key":"Strength Potion"},{"floor":28,"key":"CultistPotion"},{"floor":37,"key":"PowerPotion"},{"floor":44,"key":"Strength Potion"},{"floor":46,"key":"DemoMod:LeadSkinPotion"}],"is_trial":false,"path_per_floor":["R","M","M","?","?","$","T","M","R","M","E","M","M","$","M","B",null,"R","M","?","?","M","$","T","$","R","M","M","R","$","E","M","B",null,"R","M","?","M","$","M","T","M","E","M","R","M","R","?","M","B",null,"E","$","R","B",null],"character_chosen":"GUARDIAN","items_purchased":["Guardian:SentryBeam","DemoMod:SerJunkan","Guardian:Gem_Cyan","DemoMod:SuperHotWatch","Mummified Hand","Gambling Chip","DemoMod:PartiallyEatenCheese","DemoMod:Metronome","Guardian:VentSteam"],"campfire_rested":0,"item_purchase_floors":[14,23,30,39,39,39,53,53,53],"current_hp_per_floor":[80,80,76,76,76,76,83,83,83,83,73,73,64,64,64,64,87,87,87,87,87,87,86,86,86,86,83,83,83,83,71,71,57,87,97,95,95,95,95,95,95,95,93,93,93,93,93,93,93,89,97,97,97,97,97],"gold":10,"neow_bonus":"ONE_RANDOM_RARE_CARD","is_daily":false,"chose_seed":false,"campfire_upgraded":8,"win_rate":0.0,"timestamp":1610119679,"path_taken":["R","M","M","?","?","$","T","M","R","M","E","?","?","$","M","BOSS","R","M","?","?","M","$","T","?","R","M","?","R","?","E","M","BOSS","R","M","?","M","$","M","T","M","E","M","R","?","R","?","M","BOSS","E","$","R","BOSS"],"items_purchased_type":["Card","Relic","Card","Relic","Relic","Relic","Relic","Relic","Card"],"build_version":"2020-12-22","purchased_purges":1,"victory":true,"max_hp_per_floor":[80,80,80,80,80,80,87,87,87,87,87,87,87,87,87,87,87,87,87,87,87,87,87,87,87,87,87,87,87,87,87,87,87,87,97,97,97,97,97,97,97,97,97,97,97,97,97,97,97,97,97,97,97,97,97],"card_choices":[{"not_picked":["Guardian:RollAttack","Guardian:TemporalStrike"],"picked":"Guardian:ChargeCore","floor":2},{"not_picked":["Guardian:TemporalShield","Guardian:ChargeCore","Guardian:Planning"],"picked":"SKIP","floor":3},{"not_picked":["Guardian:PrimingBeam","Guardian:ChargeCore"],"picked":"Guardian:Gem_Orange","floor":6},{"not_picked":["Guardian:ShieldCharger","Guardian:Gem_Crimson"],"picked":"Guardian:PiercingHide","floor":8},{"not_picked":["Guardian:PrismaticBarrier","Guardian:ShieldCharger"],"picked":"Guardian:Gem_Orange","floor":10},{"not_picked":["Guardian:Emergency","Guardian:RollAttack"],"picked":"Guardian:ArmoredProtocol","floor":11},{"not_picked":["Guardian:Gem_Green","Guardian:VentSteam"],"picked":"Guardian:Harden","floor":12},{"not_picked":["Guardian:Gem_Cyan","Guardian:VentSteam"],"picked":"Guardian:Reroute","floor":13},{"not_picked":["Guardian:Gem_Green","Guardian:Recover","Guardian:Harden"],"picked":"SKIP","floor":14},{"not_picked":["Guardian:Planning","Guardian:Gem_Red"],"picked":"Guardian:ExploitGems","floor":15},{"not_picked":["Guardian:GemFinder","Guardian:FierceBash"],"picked":"Guardian:StasisField","floor":16},{"not_picked":["Guardian:Planning","Guardian:TemporalStrike","Guardian:VentSteam+1"],"picked":"SKIP","floor":19},{"not_picked":["Guardian:Planning","Guardian:WalkerClaw+1","Guardian:TemporalShield"],"picked":"SKIP","floor":22},{"not_picked":["Guardian:TemporalShield","Guardian:Gem_Cyan"],"picked":"Guardian:Harden+1","floor":23},{"not_picked":["Guardian:WalkerClaw+1","Guardian:PrismaticBarrier"],"picked":"Guardian:Gem_Purple","floor":25},{"not_picked":["Guardian:Gem_Green","Guardian:Gem_Red"],"picked":"Guardian:DecasProtection","floor":27},{"not_picked":["Guardian:PrimingBeam","Guardian:FuturePlans","Guardian:ChargeCore"],"picked":"SKIP","floor":28},{"not_picked":["Guardian:Incinerate","Guardian:PrimingBeam"],"picked":"Guardian:PrismaticBarrier+1","floor":30},{"not_picked":["Guardian:Gem_Red","Guardian:CrystalBeam"],"picked":"Guardian:Gem_White","floor":31},{"not_picked":["Guardian:Gem_Yellow","Guardian:ChargeCore"],"picked":"Guardian:Gem_Orange","floor":32},{"not_picked":["Guardian:HyperBeam_Guardian","Guardian:ConstructionForm"],"picked":"Guardian:TimeSifter","floor":33},{"not_picked":["Guardian:ChargeUp","Guardian:CrystalBeam"],"picked":"Guardian:EvasiveProtocol+1","floor":36},{"not_picked":["Guardian:Suspension","Guardian:ShieldCharger+1","Guardian:Reroute"],"picked":"SKIP","floor":38},{"not_picked":["Guardian:Gem_Yellow","Guardian:Gem_Cyan"],"picked":"Guardian:CrystalBeam","floor":39},{"not_picked":["Guardian:TimeBomb+1","Guardian:Incinerate"],"picked":"Guardian:Gem_Red","floor":40},{"not_picked":["Guardian:FuturePlans+1","Guardian:DecasProtection"],"picked":"Guardian:Repulse","floor":42},{"not_picked":["Guardian:WalkerClaw","Guardian:Reroute"],"picked":"Guardian:Gem_Fragmented","floor":43},{"not_picked":["Guardian:TemporalShield","Guardian:ChargeCore+1"],"picked":"Guardian:Gem_White","floor":44},{"not_picked":["Guardian:Preprogram+1","Guardian:Gem_Red"],"picked":"Guardian:SpikerProtocol","floor":46},{"not_picked":["Guardian:Recover","Guardian:Gem_Crimson"],"picked":"Guardian:DecasProtection+1","floor":49},{"not_picked":["Guardian:Planning+1","Guardian:Reroute+1"],"picked":"Guardian:AncientConstruct","floor":52}],"player_experience":1484219,"relics_obtained":[{"floor":7,"key":"DemoMod:MonsterBlood"},{"floor":11,"key":"Lantern"},{"floor":31,"key":"DemoMod:Junk"},{"floor":37,"key":"downfall:GremlinWheel"},{"floor":41,"key":"Potion Belt"},{"floor":43,"key":"Guardian:SackOfGems"},{"floor":52,"key":"Oddly Smooth Stone"}],"event_choices":[{"damage_healed":0,"gold_gain":0,"player_choice":"Read","damage_taken":0,"max_hp_gain":0,"max_hp_loss":0,"event_name":"The Library","floor":20,"gold_loss":0,"cards_obtained":["Guardian:Gem_Blue"]},{"cards_removed":["sneckomod:Bewildered"],"damage_healed":0,"gold_gain":0,"player_choice":"Card Removal","damage_taken":0,"max_hp_gain":0,"max_hp_loss":0,"event_name":"Wheel of Change","floor":45,"gold_loss":0}],"is_beta":false,"boss_relics":[{"not_picked":["Coffee Dripper","DemoMod:RiddleOfLead"],"picked":"sneckomod:SneckoTalon"},{"not_picked":["Guardian:StasisSlotReductionRelic","Calling Bell"],"picked":"Cursed Key"}],"items_purged_floors":[14],"is_endless":false,"potions_floor_spawned":[2,3,12,13,16,27,28,31,32,36,37,38,44,46,52],"ascension_level":0}}