{"host":"Rich","time":1610074710,"event":{"mods":["AchievementEnabler","BaseMod","Highlight Path","Minty Spire (QoL Compilation)","Relic Stats"],"gold_per_floor":[110,35,45,60,10,10,38,53,53,53,53,80,80,109,109,211,211,223,322,340,352,352,352],"floor_reached":22,"playtime":605,"items_purged":["Strike_B"],"score":204,"play_id":"1fbb3e1c-0c7e-4b5f-b9a4-a925231fb6e4","local_time":"20210107215830","is_ascension_mode":true,"campfire_choices":[{"data":"Zap","floor":6.0,"key":"SMITH"},{"data":"Static Discharge","floor":13.0,"key":"SMITH"},{"floor":15.0,"key":"REST"}],"circlet_count":0,"master_deck":["Strike_B","Strike_B","Defend_B","Defend_B","Defend_B","Defend_B","Zap+1","Dualcast","Finesse","Streamline","Rip and Tear","Static Discharge+1","Capacitor","Cold Snap","Beam Cell","Glacier","Seek","BootSequence+1"],"relics":["Cracked Core","Lizard Tail","Singing Bowl","Odd Mushroom","Question Card","Nuclear Battery"],"acts_visited":["Exordium","TheCity"],"potions_floor_usage":[21,22],"damage_taken":[{"damage":0.0,"enemies":"Small Slimes","floor":1.0,"turns":3.0},{"damage":0.0,"enemies":"2 Louse","floor":3.0,"turns":3.0},{"damage":6.0,"enemies":"Jaw Worm","floor":4.0,"turns":2.0},{"damage":12.0,"enemies":"Lagavulin","floor":7.0,"turns":5.0},{"damage":15.0,"enemies":"Looter","floor":8.0,"turns":3.0},{"damage":20.0,"enemies":"The Mushroom Lair","floor":12.0,"turns":4.0},{"damage":14.0,"enemies":"Gremlin Nob","floor":14.0,"turns":3.0},{"damage":33.0,"enemies":"Slime Boss","floor":16.0,"turns":7.0},{"damage":6,"enemies":"Shell Parasite","floor":18,"turns":8},{"damage":18,"enemies":"2 Thieves","floor":20,"turns":2},{"damage":22,"enemies":"Chosen and Byrds","floor":21,"turns":7},{"damage":3,"enemies":"3 Cultists","floor":22,"turns":3}],"seed_played":"-8413236858965120498","potions_obtained":[{"floor":3.0,"key":"Fire Potion"},{"floor":4.0,"key":"LiquidMemories"},{"floor":12.0,"key":"Regen Potion"},{"floor":16.0,"key":"DistilledChaos"},{"floor":21,"key":"Regen Potion"}],"is_trial":false,"path_per_floor":["M","$","M","M","?","R","E","M","T","?","?","?","R","E","R","B",null,"M","?","M","M","M"],"character_chosen":"DEFECT","items_purchased":[],"campfire_rested":1,"item_purchase_floors":[],"current_hp_per_floor":[75,75,75,69,69,69,57,42,42,42,67,47,47,33,55,22,75,71,71,53,33,30,30],"gold":352,"neow_bonus":"RANDOM_COLORLESS","is_daily":false,"chose_seed":false,"campfire_upgraded":2,"win_rate":0.0,"timestamp":1610074710,"path_taken":["M","$","M","M","?","R","E","M","T","?","?","?","R","E","R","BOSS","M","?","M","M","M"],"items_purchased_type":[],"build_version":"2020-12-18","purchased_purges":1,"victory":false,"max_hp_per_floor":[75,75,75,75,75,75,75,75,75,75,75,75,75,75,75,75,75,77,77,77,79,79,79],"relic_stats":{"Lizard Tail":0,"Singing Bowl":4,"counters":[12,50],"Question Card":4,"obtain_stats":[{"Lizard Tail":7,"Singing Bowl":9,"Odd Mushroom":12,"Cracked Core":0,"Question Card":14,"Nuclear Battery":17},{"Lizard Tail":4,"Singing Bowl":5,"Odd Mushroom":6,"Cracked Core":0,"Question Card":7,"Nuclear Battery":8},{"Lizard Tail":13,"Singing Bowl":16,"Odd Mushroom":20,"Cracked Core":0,"Question Card":23,"Nuclear Battery":30}]},"card_choices":[{"not_picked":["Trip","Jack Of All Trades"],"picked":"Finesse","floor":0.0},{"not_picked":["Reprogram","Go for the Eyes"],"picked":"Streamline","floor":1.0},{"not_picked":["Aggregate","Undo"],"picked":"Rip and Tear","floor":3.0},{"not_picked":["Redo","Streamline"],"picked":"Static Discharge","floor":4.0},{"not_picked":["Conserve Battery","Cold Snap"],"picked":"Capacitor","floor":7.0},{"not_picked":["Go for the Eyes","Compile Driver"],"picked":"Cold Snap","floor":8.0},{"not_picked":["Cold Snap","Static Discharge"],"picked":"Beam Cell","floor":12.0},{"not_picked":["Hologram","Streamline"],"picked":"Glacier","floor":14.0},{"not_picked":["Meteor Strike","Thunder Strike","Core Surge"],"picked":"Seek","floor":16.0},{"not_picked":["Leap","Steam Power","Conserve Battery","Go for the Eyes"],"picked":"Singing Bowl","floor":18},{"not_picked":["Steam+1","Defragment","Go for the Eyes"],"picked":"BootSequence+1","floor":20},{"not_picked":["Ball Lightning+1","FTL","Auto Shields","Defragment"],"picked":"Singing Bowl","floor":21}],"player_experience":1973731,"relics_obtained":[{"floor":7.0,"key":"Lizard Tail"},{"floor":9.0,"key":"Singing Bowl"},{"floor":12.0,"key":"Odd Mushroom"},{"floor":14.0,"key":"Question Card"}],"event_choices":[{"cards_removed":["Strike_B"],"damage_healed":0.0,"max_hp_gain":0.0,"max_hp_loss":0.0,"gold_gain":0.0,"event_name":"The Cleric","player_choice":"Card Removal","floor":5.0,"gold_loss":50.0,"damage_taken":0.0},{"damage_healed":0.0,"max_hp_gain":0.0,"max_hp_loss":0.0,"gold_gain":0.0,"event_name":"Liars Game","player_choice":"Ignored","floor":10.0,"gold_loss":0.0,"damage_taken":0.0},{"damage_healed":25.0,"max_hp_gain":0.0,"max_hp_loss":0.0,"gold_gain":0.0,"event_name":"Big Fish","player_choice":"Banana","floor":11.0,"gold_loss":0.0,"damage_taken":0.0},{"damage_healed":0.0,"max_hp_gain":0.0,"max_hp_loss":0.0,"gold_gain":0.0,"event_name":"Mushrooms","player_choice":"Fought Mushrooms","floor":12.0,"gold_loss":0.0,"damage_taken":0.0},{"damage_healed":0,"gold_gain":99,"player_choice":"Stole From Cult","damage_taken":0,"max_hp_gain":0,"max_hp_loss":0,"event_name":"Nest","floor":19,"gold_loss":0}],"is_beta":true,"boss_relics":[{"not_picked":["Tiny House","Philosopher\u0027s Stone"],"picked":"Nuclear Battery"}],"items_purged_floors":[2],"is_endless":false,"potions_floor_spawned":[3,4,12,16,18,21],"killed_by":"3 Cultists","ascension_level":1}}