{"host":"dyggtcpod2kd5hqt","time":1610142505,"event":{"mods":["2.2 Compatiblity","AchievementEnabler","BaseMod","Bestiary","Block Reminder","Colored Map","Colored Powertips","Minty Spire (QoL Compilation)","Quick Restart","Rare Cards Sparkle","Relic Stats","Unknown Chances"],"gold_per_floor":[117,117,117,130,130,169,169,208,235,258,258,223,296,336,336,457,457,478,499,499,499,499,537,537,130,130,14,27,27,27,27,27,27,27],"floor_reached":33,"playtime":1091,"items_purged":[],"score":441,"play_id":"59951971-e18b-43b7-b245-fc60778987f5","local_time":"20210108164825","is_ascension_mode":true,"campfire_choices":[{"data":"Chaos","floor":7.0,"key":"SMITH"},{"floor":15.0,"key":"REST"},{"floor":24,"key":"REST"},{"floor":30,"key":"REST"},{"data":"Scrape","floor":32,"key":"SMITH"}],"circlet_count":0,"master_deck":["Strike_B","Strike_B+1","Strike_B","Strike_B","Defend_B","Defend_B","Defend_B","Zap","Dualcast","Conserve Battery","Go for the Eyes+1","Chaos+1","BootSequence","Defragment","Core Surge","Ball Lightning","Auto Shields+1","Gash","Go for the Eyes","Gash","Scrape+1","Loop","Go for the Eyes","Beam Cell","Melter","FTL"],"relics":["Cracked Core","NeowsBlessing","Golden Idol","Smiling Mask","Ancient Tea Set","Happy Flower","Tiny Chest","The Courier","Torii","Runic Pyramid","Pocketwatch","Blood Vial","Oddly Smooth Stone","Bag of Marbles","Bottled Lightning"],"acts_visited":["Exordium","TheCity"],"potions_floor_usage":[23,23,33],"damage_taken":[{"damage":0.0,"enemies":"Cultist","floor":1.0,"turns":1.0},{"damage":0.0,"enemies":"2 Louse","floor":4.0,"turns":1.0},{"damage":0.0,"enemies":"Gremlin Nob","floor":6.0,"turns":1.0},{"damage":17.0,"enemies":"3 Sentries","floor":8.0,"turns":9.0},{"damage":2.0,"enemies":"Jaw Worm","floor":10.0,"turns":4.0},{"damage":20.0,"enemies":"Lagavulin","floor":14.0,"turns":8.0},{"damage":9.0,"enemies":"Hexaghost","floor":16.0,"turns":11.0},{"damage":30.0,"enemies":"2 Thieves","floor":18.0,"turns":5.0},{"damage":0.0,"enemies":"Chosen","floor":19.0,"turns":4.0},{"damage":0.0,"enemies":"3 Cultists","floor":20.0,"turns":3.0},{"damage":23,"enemies":"Slavers","floor":23,"turns":6},{"damage":17,"enemies":"Cultist and Chosen","floor":28,"turns":6},{"damage":46,"enemies":"Champ","floor":33,"turns":9}],"seed_played":"4448768342812831814","potions_obtained":[{"floor":4.0,"key":"EssenceOfSteel"},{"floor":6.0,"key":"Strength Potion"},{"floor":10.0,"key":"Fire Potion"},{"floor":16.0,"key":"SmokeBomb"},{"floor":28,"key":"Fire Potion"}],"is_trial":false,"path_per_floor":["M","?","?","M","?","E","R","E","T","M","?","?","T","E","R","B",null,"M","M","M","?","T","E","R","$","T","$","M","$","R","?","R","B"],"character_chosen":"DEFECT","items_purchased":["Go for the Eyes","Gash","Scrape","Oddly Smooth Stone","Bag of Marbles","Loop","Go for the Eyes","Beam Cell","Melter"],"campfire_rested":3,"item_purchase_floors":[25,25,25,25,25,25,27,27,27],"current_hp_per_floor":[68,50,47,47,47,47,47,30,30,28,13,31,31,11,33,24,62,32,32,32,32,32,9,31,31,31,31,16,16,38,38,38,0,0],"gold":27,"neow_bonus":"THREE_ENEMY_KILL","is_daily":false,"chose_seed":false,"campfire_upgraded":2,"win_rate":0.0,"timestamp":1610142505,"path_taken":["M","?","?","M","?","E","R","E","T","?","?","?","?","E","R","BOSS","M","?","?","?","?","E","R","$","T","$","?","?","R","?","R","BOSS"],"items_purchased_type":["Card","Card","Card","Relic","Relic","Card","Card","Card","Card"],"build_version":"2020-12-22","purchased_purges":0,"victory":false,"max_hp_per_floor":[75,75,75,75,75,75,75,75,75,75,75,75,75,75,75,75,75,75,75,75,75,75,75,75,75,75,75,75,75,75,75,75,75,75],"relic_stats":{"Blood Vial":4,"Happy Flower":[18],"Torii":36,"counters":[13,68],"Golden Idol":79,"Tiny Chest":2,"Smiling Mask":0,"obtain_stats":[{"NeowsBlessing":0,"Happy Flower":8,"Torii":14,"Golden Idol":2,"Oddly Smooth Stone":25,"The Courier":13,"Smiling Mask":3,"Ancient Tea Set":6,"Blood Vial":23,"Tiny Chest":9,"Bag of Marbles":25,"Bottled Lightning":26,"Cracked Core":0,"Runic Pyramid":17,"Pocketwatch":22},{"NeowsBlessing":0,"Happy Flower":4,"Torii":6,"Golden Idol":1,"Oddly Smooth Stone":11,"The Courier":5,"Smiling Mask":1,"Ancient Tea Set":3,"Blood Vial":11,"Tiny Chest":4,"Bag of Marbles":11,"Bottled Lightning":11,"Cracked Core":0,"Runic Pyramid":7,"Pocketwatch":10},{"NeowsBlessing":0,"Happy Flower":12,"Torii":24,"Golden Idol":1,"Oddly Smooth Stone":53,"The Courier":16,"Smiling Mask":1,"Ancient Tea Set":3,"Blood Vial":53,"Tiny Chest":12,"Bag of Marbles":53,"Bottled Lightning":53,"Cracked Core":0,"Runic Pyramid":35,"Pocketwatch":47}],"Pocketwatch":[6]},"card_choices":[{"not_picked":["Sweeping Beam","Skim"],"picked":"Conserve Battery","floor":1.0},{"not_picked":["Genetic Algorithm","Rebound"],"picked":"Go for the Eyes","floor":4.0},{"not_picked":["Cold Snap","BootSequence"],"picked":"Chaos","floor":6.0},{"not_picked":["Cold Snap","Stack","Redo"],"picked":"SKIP","floor":8.0},{"not_picked":["Darkness","Cold Snap"],"picked":"BootSequence","floor":10.0},{"not_picked":["Fission","Stack"],"picked":"Defragment","floor":14.0},{"not_picked":["Buffer","Meteor Strike"],"picked":"Core Surge","floor":16.0},{"not_picked":["Steam Power","Skim"],"picked":"Ball Lightning","floor":18.0},{"not_picked":["Rebound","Lockon+1"],"picked":"Auto Shields+1","floor":19.0},{"not_picked":["Reinforced Body+1","Consume"],"picked":"Gash","floor":23},{"not_picked":["Blizzard+1","Turbo"],"picked":"FTL","floor":28}],"player_experience":570348,"relics_obtained":[{"floor":6.0,"key":"Ancient Tea Set"},{"floor":8.0,"key":"Happy Flower"},{"floor":9.0,"key":"Tiny Chest"},{"floor":13.0,"key":"The Courier"},{"floor":14.0,"key":"Torii"},{"floor":22.0,"key":"Pocketwatch"},{"floor":23,"key":"Blood Vial"},{"floor":26,"key":"Bottled Lightning"}],"event_choices":[{"damage_healed":0.0,"max_hp_gain":0.0,"max_hp_loss":0.0,"gold_gain":0.0,"event_name":"Golden Idol","player_choice":"Take Damage","floor":2.0,"gold_loss":0.0,"damage_taken":18.0,"relics_obtained":["Golden Idol"]},{"damage_healed":0.0,"max_hp_gain":0.0,"max_hp_loss":0.0,"gold_gain":0.0,"event_name":"Scrap Ooze","player_choice":"Success","floor":3.0,"gold_loss":0.0,"damage_taken":3.0,"relics_obtained":["Smiling Mask"]},{"damage_healed":0.0,"max_hp_gain":0.0,"max_hp_loss":0.0,"gold_gain":0.0,"event_name":"The Woman in Blue","player_choice":"Bought 0 Potions","floor":5.0,"gold_loss":0.0,"damage_taken":0.0},{"damage_healed":0.0,"max_hp_gain":0.0,"max_hp_loss":0.0,"gold_gain":0.0,"event_name":"Shining Light","player_choice":"Entered Light","floor":11.0,"gold_loss":0.0,"damage_taken":15.0,"cards_upgraded":["Strike_B","Go for the Eyes"]},{"damage_healed":18.0,"max_hp_gain":0.0,"max_hp_loss":0.0,"gold_gain":0.0,"event_name":"The Cleric","player_choice":"Healed","floor":12.0,"gold_loss":35.0,"damage_taken":0.0},{"damage_healed":0.0,"max_hp_gain":0.0,"max_hp_loss":0.0,"gold_gain":0.0,"event_name":"Vampires","player_choice":"Ignored","floor":21.0,"gold_loss":0.0,"damage_taken":0.0},{"cards_removed":["Defend_B"],"damage_healed":0,"gold_gain":0,"player_choice":"Offered Basic","damage_taken":0,"max_hp_gain":0,"max_hp_loss":0,"event_name":"Bonfire Elementals","floor":31,"gold_loss":0}],"is_beta":false,"boss_relics":[{"not_picked":["SacredBark","Cursed Key"],"picked":"Runic Pyramid"}],"items_purged_floors":[],"is_endless":false,"potions_floor_spawned":[4,6,10,16,28],"killed_by":"Champ","ascension_level":9}}