{"host":"56ghxnzsglgdq727","time":1610112217,"event":{"mods":["AchievementEnabler","BaseMod","Downfall","Duelist Mod","Hermit","Minty Spire (QoL Compilation)","Rare Cards Sparkle","SOS???????","StSLib","The Bug Knight","The Senshi","The Servant 0.9.4","The Wild Card","Yuri Mod"],"gold_per_floor":[116,136,156,6,6,6,31,31,31,58,72,90,90,90,90,90,90],"floor_reached":16,"playtime":447,"items_purged":[],"score":110,"play_id":"8d20af8c-bb7f-4713-8602-874a597ca2af","local_time":"20210108082337","is_ascension_mode":false,"campfire_choices":[{"data":"HollowMod:GreatSlash","floor":6,"key":"SMITH"},{"data":"HollowMod:NailStrikeStart","floor":8,"key":"SMITH"},{"data":"HollowMod:FocusHealStart","floor":13,"key":"SMITH"},{"floor":15,"key":"REST"}],"circlet_count":0,"master_deck":["HollowMod:NailStrikeStart","HollowMod:NailStrikeStart","HollowMod:NailStrikeStart+1","HollowMod:QuickDashStart","HollowMod:QuickDashStart","HollowMod:QuickDashStart","HollowMod:QuickDashStart","HollowMod:FocusHealStart+1","HollowMod:PogoStrike","HollowMod:GreatSlash+1","HollowMod:HowlingWraiths"],"relics":["HollowMod:VesselMask","NeowsBlessing","HollowMod:StagPassRelic","Kunai","Frozen Egg 2","MealTicket"],"acts_visited":["Exordium"],"potions_floor_usage":[7,16],"damage_taken":[{"damage":0,"enemies":"Cultist","floor":1,"turns":1},{"damage":0,"enemies":"2 Louse","floor":2,"turns":1},{"damage":0,"enemies":"Small Slimes","floor":3,"turns":1},{"damage":31,"enemies":"Lagavulin","floor":7,"turns":5},{"damage":15,"enemies":"Gremlin Nob","floor":10,"turns":4},{"damage":6,"enemies":"3 Louse","floor":11,"turns":3},{"damage":0,"enemies":"2 Fungi Beasts","floor":12,"turns":2},{"damage":42,"enemies":"Hexaghost","floor":16,"turns":4}],"seed_played":"-46698805499744251","potions_obtained":[{"floor":1,"key":"Dexterity Potion"},{"floor":2,"key":"DistilledChaos"},{"floor":10,"key":"FearPotion"}],"is_trial":false,"path_per_floor":["M","M","M","?","?","R","E","R","T","E","M","M","R","?","R","B"],"character_chosen":"THE_BUGKNIGHT","items_purchased":[],"campfire_rested":1,"item_purchase_floors":[],"current_hp_per_floor":[75,75,75,75,75,75,50,50,50,35,35,35,35,35,57,25,25],"gold":90,"neow_bonus":"THREE_ENEMY_KILL","is_daily":false,"chose_seed":false,"campfire_upgraded":3,"win_rate":0.0,"timestamp":1610112217,"path_taken":["M","M","?","?","?","R","E","R","T","E","?","M","R","?","R","BOSS"],"items_purchased_type":[],"build_version":"2020-12-22","purchased_purges":0,"victory":false,"max_hp_per_floor":[75,75,75,75,75,75,75,75,75,75,75,75,75,75,75,75,75],"card_choices":[{"not_picked":["HollowMod:MonarchWings","HollowMod:GrimmsGift","HollowMod:NewLittleFool"],"picked":"SKIP","floor":1},{"not_picked":["HollowMod:AbyssShriek","HollowMod:DescendingDark"],"picked":"HollowMod:GreatSlash","floor":2},{"not_picked":["HollowMod:NewLittleFool","HollowMod:SharpenedNail","HollowMod:NewGlowingWomb"],"picked":"SKIP","floor":3},{"not_picked":["HollowMod:SoulShaman","HollowMod:NewInfectedGuardian","HollowMod:BaldurShell"],"picked":"SKIP","floor":7},{"not_picked":["HollowMod:PerfectDash","HollowMod:BlackTendrils"],"picked":"HollowMod:HowlingWraiths","floor":10},{"not_picked":["HollowMod:InfectedCysts","HollowMod:DescendingDark","HollowMod:SoulVessel+1"],"picked":"SKIP","floor":11},{"not_picked":["HollowMod:DesolateDive","HollowMod:DreamGate","HollowMod:NewGlowingWomb+1"],"picked":"SKIP","floor":12}],"player_experience":192523,"relics_obtained":[{"floor":7,"key":"Kunai"},{"floor":9,"key":"Frozen Egg 2"},{"floor":10,"key":"MealTicket"}],"event_choices":[{"cards_removed":["HollowMod:NailStrikeStart"],"damage_healed":0,"gold_gain":0,"player_choice":"Purged","damage_taken":0,"max_hp_gain":0,"max_hp_loss":0,"event_name":"Purifier","floor":5,"gold_loss":0},{"damage_healed":0,"gold_gain":0,"player_choice":"Ignored","damage_taken":0,"max_hp_gain":0,"max_hp_loss":0,"event_name":"Golden Idol","floor":14,"gold_loss":0}],"is_beta":false,"boss_relics":[],"items_purged_floors":[],"is_endless":false,"potions_floor_spawned":[1,2,10],"killed_by":"Hexaghost","ascension_level":0}}