{"host":"5wf60zc4jjt9ov65","time":1610129579,"event":{"mods":["AchievementEnabler","BaseMod","Beaked The Cultist","Better Altar","Better Match","Better Note","Better Sensory Stone","Better Skull","Better Third Choice","BetterRewards","Colored Map","Colored Powertips","Downfall","Googly Eyes","Halation","Highlight Path","Hubris","Infinite Spire","Minty Spire (QoL Compilation)","Permanent Neow","Quick Restart","Replay The Spire","StSLib","The Bug Knight","The Construct"],"gold_per_floor":[118,118,118,118,43,43,43,43,43,43,56,56,5,20,20,117,117,134,134,134,144,144,171,171,171,217,217,237,12,31,56,56,157,157,171,181,181,181,151,151,171,171,194,194,204,104,204,217,217,217],"floor_reached":51,"playtime":4037,"items_purged":["hubris:Gluttony","construct:Defend_Gold","HollowMod:Hiveblood","HollowMod:FocusHealStart+1"],"score":774,"play_id":"ae466c9d-5dc0-4339-a1bb-744516d4a243","local_time":"20210108131259","is_ascension_mode":false,"campfire_choices":[{"data":"HollowMod:FocusHealStart","floor":6.0,"key":"SMITH"},{"data":"Pot Of Greed","floor":10.0,"key":"SMITH"},{"data":"Pot Of Greed","floor":15.0,"key":"SMITH"},{"floor":25.0,"key":"REST"},{"data":"HollowMod:NewJinnsSoul","floor":40.0,"key":"SMITH"},{"data":"hubris:Fate","floor":42.0,"key":"SMITH"},{"data":"hubris:Fate","floor":44.0,"key":"SMITH"},{"data":"Looming Evil","floor":49,"key":"PURGE"}],"circlet_count":0,"master_deck":["HollowMod:NailStrikeStart","HollowMod:NailStrikeStart","HollowMod:NailStrikeStart","HollowMod:NailStrikeStart","HollowMod:QuickDashStart","HollowMod:QuickDashStart","HollowMod:QuickDashStart","HollowMod:QuickDashStart","HollowMod:PogoStrike","beaked:Ceremony","HollowMod:CoiledNail","Apotheosis+1","Pot Of Greed+1","Pot Of Greed+1","HollowMod:SoulEater+1","HollowMod:MantisMark+1","HollowMod:HowlingWraiths","HollowMod:VoidDash","HollowMod:RecoilStrike+1","HollowMod:SoulSplash","RitualDagger","HollowMod:HuntersJournal+1","infinitespire:Fortify","Pot Of Greed","HollowMod:SoulStrike+1","HollowMod:NewGlowingWomb+1","HollowMod:ChannelNail+1","hubris:Fate+1","HollowMod:SlysStrikes+1","HollowMod:NewJinnsSoul+1","hubris:Fate+1","HollowMod:LifebloodCocoon+1"],"relics":["HollowMod:VesselMask","Ring of Fury","ReplayTheSpireMod:Ring of Challenge","Grinning Jar","halation:PinkSoulGem","Ring of Chaos","Replay:Bottled Flurry","Golden Egg","halation:LettersToHer","hubris:BottledHeart","HollowMod:MillibellesNoteRelic","HollowMod:GreatKnightMask","Cursed Key","halation:Convergence","ReplayFunnel"],"acts_visited":["Exordium","TheCity","TheBeyond"],"potions_floor_usage":[50,50,50],"damage_taken":[{"damage":0.0,"enemies":"2 Louse","floor":1.0,"turns":3.0},{"damage":1.0,"enemies":"Small Slimes","floor":11.0,"turns":4.0},{"damage":7.0,"enemies":"Jaw Worm","floor":14.0,"turns":4.0},{"damage":69.0,"enemies":"Hexaghost","floor":16.0,"turns":9.0},{"damage":40.0,"enemies":"HollowMod:HuskSentry","floor":18.0,"turns":7.0},{"damage":21.0,"enemies":"Chosen","floor":21.0,"turns":6.0},{"damage":61.0,"enemies":"Book of Stabbing","floor":23.0,"turns":5.0},{"damage":0.0,"enemies":"Snake Plant","floor":28.0,"turns":3.0},{"damage":0.0,"enemies":"Chosen and Byrds","floor":30.0,"turns":5.0},{"damage":0.0,"enemies":"HollowMod:Zote","floor":31.0,"turns":2.0},{"damage":0.0,"enemies":"Champ","floor":33.0,"turns":7.0},{"damage":0.0,"enemies":"3 Darklings","floor":35.0,"turns":3.0},{"damage":0.0,"enemies":"Orb Walker","floor":36.0,"turns":3.0},{"damage":0.0,"enemies":"3 Darklings","floor":41.0,"turns":5.0},{"damage":0.0,"enemies":"Writhing Mass","floor":45.0,"turns":3.0},{"damage":0,"enemies":"Spire Growth","floor":48,"turns":5},{"damage":0,"enemies":"HollowMod:Radiance","floor":50,"turns":8}],"seed_played":"5119207872537949701","potions_obtained":[{"floor":14.0,"key":"hexamod:EctoCoolerPotion"},{"floor":18.0,"key":"PowerPotion"},{"floor":23.0,"key":"ColorlessPotion"},{"floor":30.0,"key":"SpeedPotion"},{"floor":35.0,"key":"Weak Potion"},{"floor":36.0,"key":"Elixir"},{"floor":39.0,"key":"hexamod:EctoCoolerPotion"},{"floor":39.0,"key":"DuplicationPotion"},{"floor":45.0,"key":"Adrenaline Potion"}],"is_trial":false,"path_per_floor":["M","?","?","?","$","R","$","?","T","R","M","?","$","M","R","B",null,"M","?","?","M","?","E","AVR","R","T","?","M","$","M","?","R_BF","B",null,"M","M","?","AVR","?","R","M","R","T","R","M","$","?","M","R_BF","B",null],"character_chosen":"THE_BUGKNIGHT","items_purchased":["HollowMod:MantisMark+1","HollowMod:MillibellesNoteRelic","HollowMod:NewGlowingWomb"],"campfire_rested":1,"item_purchase_floors":[13,29,29],"current_hp_per_floor":[75,75,75,75,75,75,75,75,75,75,74,74,74,73,73,31,75,70,70,70,71,65,24,24,46,46,1,1,1,1,1,1,1,1,1,1,1,1,1,1,1,1,1,1,1,1,1,1,1,1],"gold":217,"neow_bonus":"THREE_RARE_CARDS","is_daily":false,"chose_seed":false,"campfire_upgraded":6,"win_rate":0.0,"timestamp":1610129579,"path_taken":["M","?","?","?","$","R","$","?","T","R","M","?","$","?","R","BOSS","M","?","?","?","?","E","AVR","R","T","?","M","$","M","?","R_BF","BOSS","M","M","?","AVR","?","R","?","R","T","R","M","?","?","M","R_BF","BOSS"],"items_purchased_type":["Card","Relic","Card"],"build_version":"2020-12-22","purchased_purges":4,"victory":true,"max_hp_per_floor":[75,75,75,75,75,75,75,75,75,75,75,75,75,75,75,75,75,75,75,75,75,75,75,75,75,75,1,1,1,1,1,1,1,1,1,1,1,1,1,1,1,1,1,1,1,1,1,1,1,1],"card_choices":[{"not_picked":["HollowMod:ZotesMagnificence","HollowMod:HornetsHelp"],"picked":"HollowMod:Hiveblood","floor":0.0},{"not_picked":["HollowMod:DoubleDash","HollowMod:DreamGate"],"picked":"HollowMod:CoiledNail","floor":1.0},{"not_picked":["HollowMod:MothsMistake","HollowMod:GreatSlash"],"picked":"HollowMod:SoulEater","floor":11.0},{"not_picked":["HollowMod:SoulStrike","HollowMod:VoidDash"],"picked":"HollowMod:HowlingWraiths","floor":14.0},{"not_picked":["HollowMod:ZotesMagnificence","HollowMod:theNailsmith"],"picked":"HollowMod:VoidDash","floor":16.0},{"not_picked":["HollowMod:TaintedHusks","HollowMod:SoulStrike+1"],"picked":"HollowMod:RecoilStrike+1","floor":18.0},{"not_picked":["HollowMod:DungDefenderAura","HollowMod:NewJinnsSoul+1"],"picked":"HollowMod:SoulSplash","floor":21.0},{"not_picked":["HollowMod:Weaversong","HollowMod:NewJinnsSoul"],"picked":"HollowMod:HuntersJournal+1","floor":23.0},{"not_picked":["HollowMod:HeavyBlow","HollowMod:RecoilStrike"],"picked":"HollowMod:SoulStrike+1","floor":28.0},{"not_picked":["HollowMod:SiblingsSouls+1","HollowMod:CornifersMapStart"],"picked":"HollowMod:ChannelNail+1","floor":30.0},{"not_picked":["HollowMod:HeavyBlow","HollowMod:SoulSplash"],"picked":"HollowMod:NewGlowingWomb","floor":31.0},{"not_picked":["ReplayTheSpireMod:??????????????????????","infinitespire:SealOfDarkness+"],"picked":"hubris:Fate","floor":32.0},{"not_picked":["HollowMod:theNailsmith","HollowMod:AwokenDreamNail"],"picked":"HollowMod:SlysStrikes","floor":33.0},{"not_picked":["HollowMod:ShadowDash","HollowMod:CloakDash"],"picked":"HollowMod:NewJinnsSoul","floor":35.0},{"not_picked":["HollowMod:DoubleDash+1","HollowMod:ChannelNail+1","HollowMod:Weaversong"],"picked":"SKIP","floor":36.0},{"not_picked":["HollowMod:CornifersMapStart","HollowMod:SharpenedNail","HollowMod:InfectedAttack"],"picked":"SKIP","floor":41.0},{"not_picked":["HollowMod:DungDefenderAura","HollowMod:CornifersMapStart+1"],"picked":"HollowMod:LifebloodCocoon+1","floor":45.0},{"not_picked":["HollowMod:SoulStrike","HollowMod:WraithStrike+1","HollowMod:DoubleDash+1"],"picked":"SKIP","floor":48}],"player_experience":44028,"relics_obtained":[{"floor":4.0,"key":"Ring of Fury"},{"floor":4.0,"key":"ReplayTheSpireMod:Ring of Challenge"},{"floor":9.0,"key":"Grinning Jar"},{"floor":23.0,"key":"Replay:Bottled Flurry"},{"floor":26.0,"key":"halation:LettersToHer"},{"floor":31.0,"key":"HollowMod:GreatKnightMask"},{"floor":43.0,"key":"halation:LettersToHer"},{"floor":43.0,"key":"ReplayFunnel"}],"event_choices":[{"damage_healed":75.0,"max_hp_gain":0.0,"max_hp_loss":75.0,"gold_gain":0.0,"event_name":"betterThird:BetterShining","player_choice":"Embrace","floor":3.0,"gold_loss":0.0,"damage_taken":0.0},{"damage_healed":0.0,"max_hp_gain":0.0,"max_hp_loss":0.0,"gold_gain":0.0,"event_name":"The Cleric","player_choice":"Leave","floor":8.0,"gold_loss":0.0,"damage_taken":0.0},{"damage_healed":0.0,"max_hp_gain":0.0,"max_hp_loss":0.0,"gold_gain":0.0,"event_name":"Accursed Blacksmith","player_choice":"Forge","floor":19.0,"gold_loss":0.0,"damage_taken":0.0,"cards_upgraded":["HollowMod:SoulEater"]},{"damage_healed":0.0,"max_hp_gain":0.0,"max_hp_loss":0.0,"gold_gain":0.0,"event_name":"betterNote:BetterNote","player_choice":"Ignored","floor":20.0,"gold_loss":0.0,"damage_taken":0.0,"cards_obtained":["ReplayTheSpireMod:Fabricate Wheel"]},{"damage_healed":0.0,"max_hp_gain":0.0,"max_hp_loss":0.0,"gold_gain":0.0,"event_name":"betterThird:BetterNest","player_choice":"Dagger","floor":22.0,"gold_loss":0.0,"damage_taken":6.0,"cards_obtained":["RitualDagger"]},{"cards_removed":["HollowMod:NewGlowingWomb"],"damage_healed":0.0,"max_hp_gain":0.0,"max_hp_loss":0.0,"gold_gain":0.0,"event_name":"Falling","player_choice":"Removed Power","floor":37.0,"gold_loss":0.0,"damage_taken":0.0},{"damage_healed":0.0,"max_hp_gain":0.0,"max_hp_loss":0.0,"gold_gain":0.0,"event_name":"The Woman in Blue","player_choice":"Bought 2 Potions","floor":39.0,"gold_loss":0.0,"damage_taken":0.0},{"damage_healed":0.0,"max_hp_gain":0.0,"max_hp_loss":0.0,"gold_gain":100.0,"event_name":"Golden Shrine","player_choice":"Pray","floor":47.0,"gold_loss":0.0,"damage_taken":0.0}],"is_beta":false,"boss_relics":[{"not_picked":["Busted Crown","Runic Dome"],"picked":"Ring of Chaos"},{"not_picked":["Velvet Choker","Philosopher\u0027s Stone"],"picked":"Cursed Key"}],"items_purged_floors":[5,24,38,46],"is_endless":false,"potions_floor_spawned":[14,18,23,30,31,35,36,45],"ascension_level":0}}