{"host":"ucdbpuzijx14spkb","time":1610089316,"event":{"mods":["Act Like it!","Aspiration","Astrologer","Bartender","BaseMod","Better Altar","Better Note","Better Sensory Stone","Better Skull","Better Third Choice","Clockwork Mod","Curses Come First","Downfall","Duelist Mod","Ekko","Gensokyo","GifTheSpireLib","Hermit","Hubris","Infinite Spire","Ironclad Rager","Jorbs\u0027s Wanderer Trilogy","Koishi","Luminous","Marisa????????","Minty Spire (QoL Compilation)","Permanent Neow","Potionbrewer","Rare Cards Sparkle","Replay The Spire","Robot Space Explorer","SacredBarkPlus","Shade Mod","Somnambulant","StSLib","Stuff the Spire","The Blackbeard","The Bug Knight","The Construct","The Disciple","The Druid","The Elementalist","The Forsaken","The Gatherer","The Hayseed","The Hierophant","The Judge","The Jungle","The Kombatant","The Marked","The Mystic","The Necromancer","The Runesmith","The Saiyan","The Servant 0.9.4","The Trickster","TheBandit","TheFirefly","TheHero","WarShipGirlsR/????R mod","Yuri Mod"],"gold_per_floor":[110,130,149,168,188,188,217,217,217,217,217,234,234,247,247,349,349,367,383,383,50,50,50,162,162,162,162,182,182,201,227,227,336,336,364,364],"floor_reached":35,"playtime":1854,"items_purged":["theMarked:TunnelVision"],"score":361,"play_id":"616fb777-bde6-4f41-8d65-4c59246cfe9f","local_time":"20210107230156","is_ascension_mode":false,"campfire_choices":[{"data":"theMarked:SoldierOfQuellstein","floor":6,"key":"SMITH"},{"floor":11,"key":"REST"},{"data":"theMarked:RepellingDischarge","floor":13,"key":"SMITH"},{"data":"theMarked:ElectricStrings","floor":15,"key":"SMITH"},{"data":"theMarked:Static","floor":23,"key":"SMITH"},{"data":"theMarked:ResourceFulStrike","floor":27,"key":"SMITH"},{"floor":29,"key":"REST"},{"data":"theMarked:ComboAttacks","floor":32,"key":"SMITH"}],"circlet_count":0,"master_deck":["elementalist:Earth_Emblem","elementalist:Earth_Emblem","theMarked:Strike+1","theMarked:Strike","theMarked:Strike","theMarked:Defend","theMarked:Defend","theMarked:Defend","theMarked:SoldierOfQuellstein+1","theMarked:MaelstromOfLightning+1","theMarked:ResourceFulStrike+1","theMarked:Static+1","theMarked:Aftermath","theMarked:RepellingDischarge+1","theMarked:ElectricStrings+1","theMarked:RepellingDischarge","theMarked:Reabsorb","theMarked:Challenge","theMarked:ElectricStrings","theMarked:ContemptForTheProud+1","Impatience","theMarked:SuspiciousRaven","theMarked:SwordAndMagic+1","theMarked:ComboAttacks+1","theMarked:GodGivenPower","theMarked:Challenge","theMarked:HeightenedSenses+1"],"relics":["theMarked:ArtifactOfAir","hubris:ToyBattleship","hubris:Icosahedron","Pear","elementalistmod:BlueRibbon","Empty Cage","Runesmith:Nanobots","Blood Vial","CeramicFish","potionbrewer:BhaskarasWheel"],"acts_visited":["Exordium","TheCity","TheBeyond"],"potions_floor_usage":[3,14,28,33],"damage_taken":[{"damage":1,"enemies":"Jaw Worm","floor":1,"turns":4},{"damage":0,"enemies":"Small Slimes","floor":2,"turns":2},{"damage":0,"enemies":"Cultist","floor":3,"turns":2},{"damage":11,"enemies":"Large Slime","floor":4,"turns":5},{"damage":15,"enemies":"Looter","floor":5,"turns":3},{"damage":28,"enemies":"Gremlin Nob","floor":7,"turns":4},{"damage":14,"enemies":"Exordium Wildlife","floor":12,"turns":3},{"damage":0,"enemies":"Large Slime","floor":14,"turns":3},{"damage":11,"enemies":"Slime Boss","floor":16,"turns":6},{"damage":5,"enemies":"Spheric Guardian","floor":18,"turns":5},{"damage":7,"enemies":"Chosen","floor":19,"turns":5},{"damage":14,"enemies":"Centurion and Healer","floor":28,"turns":7},{"damage":16,"enemies":"Snake Plant","floor":30,"turns":3},{"damage":4,"enemies":"Shelled Parasite and Fungi","floor":31,"turns":6},{"damage":23,"enemies":"Collector","floor":33,"turns":9},{"damage":12,"enemies":"3 Darklings","floor":35,"turns":4}],"seed_played":"-4406867562292035323","potions_obtained":[{"floor":3,"key":"potionbrewer:BlacksmithPotion"},{"floor":5,"key":"potionbrewer:CleansingPotion"},{"floor":12,"key":"DistilledChaos"},{"floor":16,"key":"SkillPotion"},{"floor":31,"key":"SmokeBomb"},{"floor":33,"key":"FairyPotion"},{"floor":35,"key":"Cursed Concoction"}],"is_trial":false,"path_per_floor":["M","M","M","M","M","R","E","?","T","?","R","M","R","M","R","B",null,"M","M","?","$","$","R","?","?","T","R","M","R","M","M","R","B",null,"M"],"character_chosen":"THE_DEFAULT","items_purchased":["Runesmith:Nanobots"],"campfire_rested":2,"item_purchase_floors":[21],"current_hp_per_floor":[69,69,69,58,43,43,15,15,25,25,49,35,35,35,35,24,80,75,68,68,68,68,68,29,29,29,29,17,41,27,25,25,4,80,68,68],"gold":364,"neow_bonus":"TRANSFORM_CARD","is_daily":false,"chose_seed":false,"campfire_upgraded":6,"win_rate":0.0,"timestamp":1610089316,"path_taken":["M","M","M","M","M","R","E","?","T","?","R","M","R","M","R","BOSS","M","M","?","?","$","R","?","?","T","R","M","R","M","M","R","BOSS","M"],"items_purchased_type":["Relic"],"build_version":"2020-12-22","purchased_purges":1,"victory":false,"max_hp_per_floor":[70,70,70,70,70,70,70,70,80,80,80,80,80,80,80,80,80,80,80,80,80,80,80,80,80,80,80,80,80,80,80,80,80,80,80,80],"card_choices":[{"not_picked":["theMarked:WardOff","theMarked:Standoff"],"picked":"theMarked:ResourceFulStrike","floor":1},{"not_picked":["theMarked:WastefulAttack","theMarked:TakeCover"],"picked":"theMarked:Static","floor":2},{"not_picked":["theMarked:ResourceFulStrike","theMarked:Defy"],"picked":"theMarked:Aftermath","floor":3},{"not_picked":["theMarked:Frustration","theMarked:Panic"],"picked":"theMarked:RepellingDischarge","floor":4},{"not_picked":["theMarked:TwofoldDefense","theMarked:HeritageOfTheMarked"],"picked":"theMarked:ElectricStrings","floor":5},{"not_picked":["theMarked:ElectricStrings","theMarked:EmpowerWeapon","theMarked:Parkour"],"picked":"SKIP","floor":7},{"not_picked":["theMarked:WastefulAttack","theMarked:StartUp"],"picked":"theMarked:RepellingDischarge","floor":12},{"not_picked":["theMarked:WastefulAttack","theMarked:ThrowWeapon"],"picked":"theMarked:Reabsorb","floor":14},{"not_picked":["theMarked:MagicAdept","theMarked:ThrowWeapon"],"picked":"theMarked:Challenge","floor":16},{"not_picked":["theMarked:TakeCover","theMarked:RepellingDischarge"],"picked":"theMarked:ElectricStrings","floor":18},{"not_picked":["theMarked:Parkour+1","theMarked:Aftermath+1"],"picked":"theMarked:ContemptForTheProud+1","floor":19},{"not_picked":["theMarked:BanishingStrike","theMarked:EmpowerWeapon"],"picked":"theMarked:SwordAndMagic+1","floor":28},{"not_picked":["theMarked:ChainLightning","theMarked:HeightenedSenses"],"picked":"theMarked:ComboAttacks","floor":30},{"not_picked":["theMarked:TakeCover","theMarked:Panic"],"picked":"theMarked:GodGivenPower","floor":31},{"not_picked":["theMarked:ChannelForce","theMarked:MagicAdept"],"picked":"theMarked:Challenge","floor":33},{"not_picked":["theMarked:WastefulDefense+1","theMarked:Parkour+1"],"picked":"theMarked:HeightenedSenses+1","floor":35}],"player_experience":1928177,"relics_obtained":[{"floor":7,"key":"hubris:ToyBattleship"},{"floor":9,"key":"Pear"},{"floor":26,"key":"CeramicFish"}],"event_choices":[{"damage_healed":0,"gold_gain":0,"player_choice":"3 cards matched","damage_taken":0,"max_hp_gain":0,"max_hp_loss":0,"event_name":"Match and Keep!","floor":20,"gold_loss":0,"cards_obtained":["theMarked:TunnelVision","Impatience","theMarked:SuspiciousRaven"]},{"damage_healed":0,"gold_gain":112,"player_choice":"GO UP RE ","damage_taken":44,"relics_obtained":["Blood Vial"],"max_hp_gain":0,"max_hp_loss":0,"event_name":"betterSkull:BetterSkull","floor":24,"gold_loss":0,"cards_upgraded":["theMarked:Strike"]},{"cards_removed":["theMarked:SoldierOfQuellstein"],"damage_healed":0,"gold_gain":0,"player_choice":"Give","damage_taken":0,"max_hp_gain":0,"max_hp_loss":0,"event_name":"betterNote:BetterNote","floor":25,"gold_loss":0,"cards_obtained":["None"]}],"is_beta":false,"boss_relics":[{"not_picked":["Kintsugi","StuffTheSpire:ModemDavis"],"picked":"Empty Cage"},{"not_picked":["aspiration:FutureDiary","hubris:RunicObelisk"],"picked":"potionbrewer:BhaskarasWheel"}],"items_purged_floors":[21],"is_endless":false,"potions_floor_spawned":[3,5,12,16,31,33,35],"killed_by":"3 Darklings","ascension_level":0}}