{"host":"61r95uy0hn86b9iu","time":1610065646,"event":{"mods":["AchievementEnabler","BaseMod","Better Vampires","BetterRewards","Colored Powertips","Hubris","Minty Spire (QoL Compilation)","Shop Mod","StSLib"],"gold_per_floor":[115,135,135,151,169,169,179,179,203,42,72,72,98,108,108,184,184,200,200,200,212,230,230,241,272,296,308,331,356,43,62,62,141,141,161,161,161,161,180,180,121,121,121,121,121,146,159,178,178,178],"floor_reached":51,"playtime":5876,"items_purged":["Strike_R","Strike_R"],"score":1605,"play_id":"1899eb41-55d7-439d-8311-322b783429b7","local_time":"20210107182726","is_ascension_mode":true,"campfire_choices":[{"data":"Body Slam","floor":6.0,"key":"SMITH"},{"data":"Heavy Blade","floor":8.0,"key":"SMITH"},{"data":"hubris:EnhanceAbility","floor":12.0,"key":"SMITH"},{"floor":15.0,"key":"REST"},{"floor":23.0,"key":"REST"},{"data":"Metallicize","floor":27.0,"key":"SMITH"},{"floor":32.0,"key":"REST"},{"data":"Armaments","floor":40.0,"key":"SMITH"},{"data":"Finesse","floor":42.0,"key":"SMITH"},{"data":"Flex","floor":44.0,"key":"SMITH"},{"floor":49.0,"key":"REST"}],"circlet_count":0,"master_deck":["AscendersBane","Defend_R","Defend_R","Defend_R","Bash","Shrug It Off","Metallicize+1","hubris:EnhanceAbility+1","Body Slam+1","Heavy Blade+1","Pommel Strike","Cleave","Feed+1","Spot Weakness+1","Heavy Blade","Flame Barrier","Armaments+1","Inflame","Flame Barrier+1","Bloodletting+1","Brutality+1","Flex+1","Finesse+1","Uppercut+1"],"relics":["Black Blood","Thread and Needle","Vajra","hubris:TenFootPole","Regal Pillow","Omamori","Turnip","hubris:ToyBattleship","Membership Card","MerchantsRug","Astrolabe","hubris:Icosahedron","hubris:IronBody","hubris:64BitClover"],"acts_visited":["Exordium","TheCity","TheBeyond"],"potions_floor_usage":[],"damage_taken":[{"damage":3.0,"enemies":"Jaw Worm","floor":1.0,"turns":5.0},{"damage":0.0,"enemies":"Cultist","floor":2.0,"turns":4.0},{"damage":3.0,"enemies":"2 Louse","floor":4.0,"turns":4.0},{"damage":5.0,"enemies":"2 Fungi Beasts","floor":5.0,"turns":5.0},{"damage":3.0,"enemies":"Exordium Thugs","floor":7.0,"turns":5.0},{"damage":24.0,"enemies":"Lagavulin","floor":11.0,"turns":8.0},{"damage":8.0,"enemies":"3 Sentries","floor":13.0,"turns":7.0},{"damage":23.0,"enemies":"Gremlin Gang","floor":14.0,"turns":5.0},{"damage":67.0,"enemies":"Hexaghost","floor":16.0,"turns":13.0},{"damage":5.0,"enemies":"Spheric Guardian","floor":18.0,"turns":7.0},{"damage":25.0,"enemies":"3 Byrds","floor":21.0,"turns":6.0},{"damage":27.0,"enemies":"Snake Plant","floor":22.0,"turns":5.0},{"damage":14.0,"enemies":"Snecko","floor":24.0,"turns":3.0},{"damage":43.0,"enemies":"Book of Stabbing","floor":25.0,"turns":5.0},{"damage":4.0,"enemies":"Sentry and Sphere","floor":28.0,"turns":7.0},{"damage":5.0,"enemies":"Centurion and Healer","floor":29.0,"turns":6.0},{"damage":23.0,"enemies":"Snecko","floor":31.0,"turns":6.0},{"damage":100.0,"enemies":"Collector","floor":33.0,"turns":10.0},{"damage":12.0,"enemies":"Orb Walker","floor":35.0,"turns":5.0},{"damage":9.0,"enemies":"3 Darklings","floor":39.0,"turns":7.0},{"damage":18.0,"enemies":"Mind Bloom Boss Battle","floor":46.0,"turns":5.0},{"damage":62.0,"enemies":"Jaw Worm Horde","floor":47.0,"turns":6.0},{"damage":9.0,"enemies":"4 Shapes","floor":48.0,"turns":9.0},{"damage":79,"enemies":"hubris:GrandSnecko","floor":50,"turns":14}],"seed_played":"7243763884785410484","potions_obtained":[{"floor":1.0,"key":"SpeedPotion"},{"floor":2.0,"key":"PowerPotion"},{"floor":24.0,"key":"PowerPotion"},{"floor":25.0,"key":"AttackPotion"},{"floor":28.0,"key":"DistilledChaos"},{"floor":33.0,"key":"EssenceOfSteel"},{"floor":35.0,"key":"Energy Potion"}],"is_trial":false,"path_per_floor":["M","M","?","M","M","R","M","R","T","$","E","R","E","M","R","B",null,"M","?","?","M","M","R","M","E","T","R","M","M","$","M","R","B",null,"M","?","?","?","M","R","$","R","T","R","?","?","M","M","R","B",null],"character_chosen":"IRONCLAD","items_purchased":["Thread and Needle","Shrug It Off","Metallicize","hubris:TenFootPole","hubris:EnhanceAbility","Strength Potion","Omamori","Membership Card","Inflame","MerchantsRug","DuplicationPotion","BlessingOfTheForge","Finesse"],"campfire_rested":4,"item_purchase_floors":[0,0,0,0,0,0,10,30,30,30,30,41,41],"current_hp_per_floor":[55,61,75,75,75,75,75,75,75,75,57,57,55,38,75,14,60,67,67,67,54,39,75,77,46,46,46,54,65,65,54,83,53,76,80,80,87,87,87,87,87,87,87,87,87,85,35,42,85,18],"gold":178,"neow_bonus":"","is_daily":false,"chose_seed":false,"campfire_upgraded":7,"win_rate":0.0,"timestamp":1610065646,"path_taken":["M","M","?","?","M","R","?","R","T","$","E","R","E","M","R","BOSS","M","?","?","?","M","R","M","E","T","R","M","M","$","?","R","BOSS","M","?","?","?","?","R","$","R","T","R","?","?","M","?","R","BOSS"],"items_purchased_type":["Relic","Card","Card","Relic","Card","Potion","Relic","Relic","Card","Relic","Potion","Potion","Card"],"build_version":"2020-12-22","purchased_purges":2,"victory":true,"max_hp_per_floor":[75,75,75,75,75,75,75,75,75,75,75,75,75,75,75,75,75,75,75,75,75,75,75,79,79,79,79,79,83,83,83,83,83,83,87,87,87,87,87,87,87,87,87,87,87,91,91,95,95,95],"card_choices":[{"not_picked":["Warcry","Battle Trance","Rupture"],"picked":"SKIP","floor":1.0},{"not_picked":["Warcry","Battle Trance","Rupture"],"picked":"SKIP","floor":1.0},{"not_picked":["Perfected Strike","Clothesline","Shrug It Off"],"picked":"SKIP","floor":2.0},{"not_picked":["Perfected Strike","Sword Boomerang"],"picked":"Body Slam","floor":4.0},{"not_picked":["Dual Wield","Warcry","Dark Embrace"],"picked":"SKIP","floor":5.0},{"not_picked":["hubris:SharpeningStone","Perfected Strike"],"picked":"Heavy Blade","floor":7.0},{"not_picked":["Immolate","True Grit"],"picked":"Pommel Strike","floor":11.0},{"not_picked":["Rage","Twin Strike"],"picked":"Cleave","floor":13.0},{"not_picked":["Clothesline","Anger","Sword Boomerang"],"picked":"SKIP","floor":14.0},{"not_picked":["Corruption","Barricade"],"picked":"Feed","floor":16.0},{"not_picked":["Reckless Charge+1","Body Slam"],"picked":"Spot Weakness","floor":18.0},{"not_picked":["Warcry","Clash"],"picked":"Heavy Blade","floor":21.0},{"not_picked":["Spot Weakness","Rupture","Dual Wield"],"picked":"SKIP","floor":22.0},{"not_picked":["Wild Strike","Rage","Disarm"],"picked":"SKIP","floor":24.0},{"not_picked":["Perfected Strike","Bludgeon","Headbutt"],"picked":"SKIP","floor":25.0},{"not_picked":["Cleave","Anger"],"picked":"Flame Barrier","floor":28.0},{"not_picked":["Sword Boomerang","Shrug It Off"],"picked":"Armaments","floor":29.0},{"not_picked":["Reckless Charge","Iron Wave","Armaments"],"picked":"SKIP","floor":31.0},{"not_picked":["Dropkick","True Grit+1","Sword Boomerang+1"],"picked":"SKIP","floor":35.0},{"not_picked":["Warcry","Twin Strike"],"picked":"Flex","floor":39.0},{"not_picked":["Exhume","Pommel Strike","Body Slam"],"picked":"SKIP","floor":47.0},{"not_picked":["Armaments","Headbutt"],"picked":"Uppercut+1","floor":48.0}],"player_experience":3242618,"relics_obtained":[{"floor":9.0,"key":"Regal Pillow"},{"floor":11.0,"key":"Turnip"},{"floor":13.0,"key":"hubris:ToyBattleship"},{"floor":25.0,"key":"Lizard Tail"},{"floor":26.0,"key":"MawBank"},{"floor":43.0,"key":"hubris:IronBody"},{"floor":46.0,"key":"hubris:64BitClover"}],"event_choices":[{"cards_removed":["Burning Pact"],"damage_healed":14.0,"max_hp_gain":0.0,"max_hp_loss":0.0,"gold_gain":0.0,"event_name":"Bonfire Elementals","player_choice":"Offered Uncommon","floor":3.0,"gold_loss":0.0,"damage_taken":0.0},{"damage_healed":0.0,"max_hp_gain":0.0,"max_hp_loss":0.0,"gold_gain":0.0,"event_name":"Upgrade Shrine","player_choice":"Upgraded","floor":20.0,"gold_loss":0.0,"damage_taken":0.0,"cards_upgraded":["Spot Weakness"]},{"damage_healed":17.0,"max_hp_gain":0.0,"max_hp_loss":0.0,"gold_gain":0.0,"event_name":"Winding Halls","player_choice":"Writhe","floor":37.0,"gold_loss":0.0,"damage_taken":0.0,"cards_obtained":["Writhe"]},{"cards_removed":["Strike_R"],"damage_healed":0.0,"max_hp_gain":0.0,"max_hp_loss":0.0,"gold_gain":0.0,"event_name":"Purifier","player_choice":"Purged","floor":38.0,"gold_loss":0.0,"damage_taken":0.0},{"damage_healed":0.0,"max_hp_gain":0.0,"max_hp_loss":0.0,"gold_gain":0.0,"event_name":"Tomb of Lord Red Mask","player_choice":"Ignored","floor":45.0,"gold_loss":0.0,"damage_taken":0.0},{"damage_healed":0.0,"max_hp_gain":0.0,"max_hp_loss":0.0,"gold_gain":0.0,"event_name":"MindBloom","player_choice":"Fight","floor":46.0,"gold_loss":0.0,"damage_taken":0.0}],"is_beta":false,"boss_relics":[{"not_picked":["hubris:HollowSoul","Runic Pyramid"],"picked":"Black Blood"},{"not_picked":["hubris:BlackHole","Runic Dome"],"picked":"Astrolabe"}],"items_purged_floors":[30,41],"is_endless":false,"potions_floor_spawned":[1,2,24,25,28,33,35],"ascension_level":17}}