{"host":"JIN","time":1610105159,"event":{"mods":["BaseMod","Custom Start","DeckTracker","Minty Spire (QoL Compilation)","Shop Mod","StSLib","SuperFastMode"],"gold_per_floor":[212,262,38,52,252,286,311,355,423,423,463,322,447,467,467,561,561,584,634,684,707,61,61,95,195,218,233,233,274,287,305,305,400,400,424,474,524,625,639,679,697,738,786,819,408,408,489,520,520,520,520,520,520,7,38,38],"floor_reached":57,"playtime":2206,"items_purged":["Strike_R","Strike_R","Armaments+1","Strike_R"],"score":3073,"play_id":"04b5e225-fbf4-447c-bca8-54ff432f4e05","local_time":"20210108202559","is_ascension_mode":true,"campfire_choices":[{"data":"Bash","floor":10.0,"key":"SMITH"},{"data":"Whirlwind","floor":15.0,"key":"SMITH"},{"data":"Double Tap","floor":23.0,"key":"SMITH"},{"data":"Barricade","floor":28,"key":"SMITH"},{"data":"Inflame","floor":32,"key":"SMITH"},{"data":"Demon Form","floor":46,"key":"SMITH"},{"floor":49,"key":"RECALL"},{"data":"Pommel Strike","floor":53,"key":"SMITH"}],"circlet_count":0,"master_deck":["Strike_R+1","Defend_R","Defend_R+1","Defend_R","Defend_R+1","Bash+1","Cleave","Inflame+1","Pommel Strike+1","Clash+1","Inflame","Whirlwind+1","Carnage","Shrug It Off","Barricade+1","Double Tap+1","Blood for Blood+1","Spot Weakness+1","Sword Boomerang+1","Metallicize+1","Intimidate+1","Entrench+1","Berserk+1","Pommel Strike+1","Evolve","Headbutt+1","Demon Form+1","Flame Barrier+1"],"relics":["Burning Blood","Question Card","Prayer Wheel","Membership Card","The Courier","Smiling Mask","Golden Idol","SsserpentHead","Black Star","Torii","Singing Bowl","Ginger","Blood Vial","Orichalcum","PreservedInsect","Eternal Feather","Du-Vu Doll","Bag of Preparation","Calling Bell","Strawberry","Mummified Hand","TungstenRod","Omamori","Omamori","Juzu Bracelet","Happy Flower","TheAbacus","FossilizedHelix","Ornamental Fan","Tiny Chest","Incense Burner","Toxic Egg 2","Bronze Scales","Toy Ornithopter","War Paint","CaptainsWheel","Busted Crown","MealTicket","Anchor","Potion Belt","InkBottle","Self Forming Clay","Whetstone","Akabeko","Kunai","Sundial","Pen Nib","Bag of Marbles","StrikeDummy","Prayer Wheel","CeramicFish","Boot","Vajra","Pantograph","Centennial Puzzle","Gambling Chip","Pear","Red Skull","Nunchaku"],"acts_visited":["Exordium","TheCity","TheBeyond","TheEnding"],"potions_floor_usage":[24,56,56],"damage_taken":[{"damage":11.0,"enemies":"Jaw Worm","floor":1.0,"turns":6.0},{"damage":7.0,"enemies":"Small Slimes","floor":4.0,"turns":3.0},{"damage":35.0,"enemies":"Lagavulin","floor":6.0,"turns":6.0},{"damage":1.0,"enemies":"2 Louse","floor":7.0,"turns":2.0},{"damage":31.0,"enemies":"Gremlin Nob","floor":8.0,"turns":4.0},{"damage":2.0,"enemies":"3 Sentries","floor":11.0,"turns":3.0},{"damage":0.0,"enemies":"Gremlin Gang","floor":14.0,"turns":2.0},{"damage":23.0,"enemies":"Hexaghost","floor":16.0,"turns":9.0},{"damage":23.0,"enemies":"Spheric Guardian","floor":18.0,"turns":6.0},{"damage":6.0,"enemies":"3 Byrds","floor":21.0,"turns":5.0},{"damage":19,"enemies":"Slavers","floor":24,"turns":5},{"damage":0,"enemies":"Snake Plant","floor":27,"turns":2},{"damage":12,"enemies":"Book of Stabbing","floor":29,"turns":3},{"damage":0,"enemies":"Snecko","floor":30,"turns":5},{"damage":0,"enemies":"Cultist and Chosen","floor":31,"turns":6},{"damage":57,"enemies":"Automaton","floor":33,"turns":9},{"damage":14,"enemies":"3 Darklings","floor":35,"turns":6},{"damage":0,"enemies":"3 Shapes","floor":39,"turns":4},{"damage":0,"enemies":"Giant Head","floor":40,"turns":5},{"damage":0,"enemies":"Transient","floor":41,"turns":6},{"damage":0,"enemies":"Nemesis","floor":42,"turns":3},{"damage":0,"enemies":"Giant Head","floor":44,"turns":5},{"damage":0,"enemies":"Mind Bloom Boss Battle","floor":47,"turns":4},{"damage":11,"enemies":"Nemesis","floor":48,"turns":3},{"damage":20,"enemies":"Time Eater","floor":50,"turns":6},{"damage":37,"enemies":"Awakened One","floor":51,"turns":10},{"damage":22,"enemies":"Shield and Spear","floor":55,"turns":6},{"damage":41,"enemies":"The Heart","floor":56,"turns":7}],"seed_played":"1667230110972073404","potions_obtained":[{"floor":4.0,"key":"SpeedPotion"},{"floor":7.0,"key":"BloodPotion"},{"floor":8.0,"key":"LiquidMemories"},{"floor":16.0,"key":"LiquidMemories"},{"floor":24,"key":"BloodPotion"},{"floor":27,"key":"FairyPotion"},{"floor":40,"key":"GamblersBrew"},{"floor":42,"key":"Fire Potion"},{"floor":48,"key":"Regen Potion"}],"is_trial":false,"path_per_floor":["M","?","$","M","?","E","M","E","T","R","E","$","?","M","R","B",null,"M","?","?","M","$","R","E","?","T","M","R","E","M","M","R","B",null,"M","?","?","T","M","E","M","E","T","E","$","R","?","E","R","B","B",null,"R","$","E","B",null],"character_chosen":"IRONCLAD","items_purchased":["Torii","Singing Bowl","Bag of Preparation","Shrug It Off","Juzu Bracelet","Happy Flower","TheAbacus","FossilizedHelix","Ornamental Fan","Tiny Chest","Incense Burner","Sundial","Pen Nib","Bag of Marbles","StrikeDummy","Flame Barrier+1","Vajra","Pantograph","Centennial Puzzle","Gambling Chip","Pear"],"campfire_rested":0,"item_purchase_floors":[3,3,12,12,22,22,22,22,22,22,22,45,45,45,45,45,54,54,54,54,54],"current_hp_per_floor":[63,56,56,57,57,28,35,27,27,27,35,35,24,36,45,30,77,64,64,64,68,68,77,66,66,66,74,86,82,92,98,98,47,85,81,81,81,81,91,99,102,104,104,104,104,104,106,103,108,94,65,97,108,118,104,119],"gold":38,"neow_bonus":"HUNDRED_GOLD","is_daily":false,"chose_seed":false,"campfire_upgraded":7,"win_rate":0.0,"timestamp":1610105159,"path_taken":["M","?","$","M","?","E","M","E","T","R","E","$","?","M","R","BOSS","M","?","?","M","$","R","E","?","T","M","R","E","M","M","R","BOSS","M","?","?","?","M","E","M","E","T","E","$","R","?","E","R","BOSS","BOSS","R","$","E","BOSS"],"items_purchased_type":["Relic","Relic","Relic","Card","Relic","Relic","Relic","Relic","Relic","Relic","Relic","Relic","Relic","Relic","Relic","Card","Relic","Relic","Relic","Relic","Relic"],"build_version":"2020-12-18","purchased_purges":4,"victory":true,"max_hp_per_floor":[75,75,75,77,77,77,77,77,77,77,79,79,79,83,83,83,90,92,92,92,94,94,94,94,94,94,94,94,94,96,98,98,98,98,100,100,100,100,102,102,102,104,104,104,104,104,106,108,108,108,108,108,108,118,120,120],"card_choices":[{"not_picked":["Searing Blow","Heavy Blade","Perfected Strike"],"picked":"Cleave","floor":1.0},{"not_picked":["Havoc","Anger","Uppercut"],"picked":"Inflame","floor":1.0},{"not_picked":["Cleave","Corruption","Iron Wave"],"picked":"Pommel Strike","floor":4.0},{"not_picked":["Heavy Blade","Wild Strike","Warcry","Havoc"],"picked":"Singing Bowl","floor":4.0},{"not_picked":["Reckless Charge","Clothesline","Rage"],"picked":"Clash","floor":6.0},{"not_picked":["Feel No Pain","Flex","Heavy Blade"],"picked":"Inflame","floor":7.0},{"not_picked":["Body Slam","Iron Wave","Sword Boomerang"],"picked":"Whirlwind","floor":7.0},{"not_picked":["Warcry","Body Slam","Flex"],"picked":"Carnage","floor":8.0},{"not_picked":["Barricade","Anger","Armaments","Sword Boomerang"],"picked":"Singing Bowl","floor":11.0},{"not_picked":["Perfected Strike","Clash","Inflame","Body Slam"],"picked":"Singing Bowl","floor":14.0},{"not_picked":["Clash","Seeing Red","Warcry","Reckless Charge"],"picked":"Singing Bowl","floor":14.0},{"not_picked":["Corruption","Bludgeon","Exhume"],"picked":"Barricade","floor":16.0},{"not_picked":["Anger","Body Slam","Reckless Charge"],"picked":"Double Tap","floor":18.0},{"not_picked":["Wild Strike","Anger","Thunderclap","Dark Embrace"],"picked":"Singing Bowl","floor":18.0},{"not_picked":["Twin Strike","Shrug It Off","Entrench"],"picked":"Blood for Blood+1","floor":21.0},{"not_picked":["Second Wind","Dual Wield","Pommel Strike","Wild Strike"],"picked":"Singing Bowl","floor":21.0},{"not_picked":["Flex+1","Ghostly Armor+1","Twin Strike"],"picked":"Spot Weakness+1","floor":24},{"not_picked":["Burning Pact+1","Shrug It Off+1","Sentinel+1"],"picked":"Sword Boomerang+1","floor":27},{"not_picked":["Perfected Strike","True Grit+1","Ghostly Armor+1"],"picked":"Metallicize+1","floor":27},{"not_picked":["Heavy Blade","Flex+1","Sentinel+1"],"picked":"Intimidate+1","floor":29},{"not_picked":["Pommel Strike","Spot Weakness+1","Wild Strike"],"picked":"Armaments+1","floor":30},{"not_picked":["Double Tap+1","Sentinel+1","Headbutt","True Grit+1"],"picked":"Singing Bowl","floor":30},{"not_picked":["Warcry+1","Burning Pact+1","Shrug It Off+1"],"picked":"Entrench+1","floor":31},{"not_picked":["Carnage","Anger","Heavy Blade","Sword Boomerang"],"picked":"SKIP","floor":31},{"not_picked":["Carnage","Anger","Heavy Blade","Sword Boomerang"],"picked":"Singing Bowl","floor":31},{"not_picked":["Corruption","Fiend Fire","Exhume+1"],"picked":"Berserk","floor":33},{"not_picked":["Headbutt","Perfected Strike+1"],"picked":"Singing Bowl","floor":35},{"not_picked":["Iron Wave","Thunderclap"],"picked":"SKIP","floor":35},{"not_picked":["Flex+1"],"picked":"Pommel Strike+1","floor":39},{"not_picked":["Thunderclap+1","Heavy Blade"],"picked":"Singing Bowl","floor":39},{"not_picked":["Iron Wave+1"],"picked":"Evolve","floor":40},{"not_picked":["True Grit+1"],"picked":"Headbutt+1","floor":41},{"not_picked":["Rage+1","Clothesline+1"],"picked":"SKIP","floor":41},{"not_picked":["Thunderclap","True Grit+1"],"picked":"Singing Bowl","floor":42},{"not_picked":["Intimidate+1"],"picked":"Demon Form","floor":44},{"not_picked":["Flame Barrier+1","Thunderclap"],"picked":"Singing Bowl","floor":47},{"not_picked":["Spot Weakness+1","Perfected Strike+1"],"picked":"Singing Bowl","floor":48},{"not_picked":["Dropkick","Body Slam+1"],"picked":"Singing Bowl","floor":55}],"player_experience":1207321,"relics_obtained":[{"floor":6.0,"key":"Ginger"},{"floor":6.0,"key":"Blood Vial"},{"floor":8.0,"key":"Orichalcum"},{"floor":8.0,"key":"PreservedInsect"},{"floor":11.0,"key":"Eternal Feather"},{"floor":11.0,"key":"Du-Vu Doll"},{"floor":17.0,"key":"Strawberry"},{"floor":17.0,"key":"Mummified Hand"},{"floor":17.0,"key":"TungstenRod"},{"floor":24,"key":"Toxic Egg 2"},{"floor":24,"key":"Bronze Scales"},{"floor":26,"key":"Toy Ornithopter"},{"floor":29,"key":"War Paint"},{"floor":29,"key":"CaptainsWheel"},{"floor":38,"key":"MealTicket"},{"floor":40,"key":"Anchor"},{"floor":40,"key":"Potion Belt"},{"floor":42,"key":"InkBottle"},{"floor":42,"key":"Self Forming Clay"},{"floor":43,"key":"Whetstone"},{"floor":44,"key":"Akabeko"},{"floor":44,"key":"Kunai"},{"floor":47,"key":"Prayer Wheel"},{"floor":48,"key":"CeramicFish"},{"floor":48,"key":"Boot"},{"floor":55,"key":"Red Skull"},{"floor":55,"key":"Nunchaku"}],"event_choices":[{"cards_removed":["Strike_R"],"damage_healed":0.0,"max_hp_gain":0.0,"max_hp_loss":0.0,"gold_gain":0.0,"event_name":"Golden Wing","player_choice":"Card Removal","floor":2.0,"gold_loss":0.0,"damage_taken":7.0},{"damage_healed":0.0,"max_hp_gain":0.0,"max_hp_loss":0.0,"gold_gain":150.0,"event_name":"Liars Game","player_choice":"AGREE","floor":5.0,"gold_loss":0.0,"damage_taken":0.0,"cards_obtained":["Doubt"]},{"damage_healed":0.0,"max_hp_gain":0.0,"max_hp_loss":0.0,"gold_gain":75.0,"event_name":"World of Goop","player_choice":"Gather Gold","floor":13.0,"gold_loss":0.0,"damage_taken":11.0},{"damage_healed":0.0,"max_hp_gain":0.0,"max_hp_loss":0.0,"gold_gain":0.0,"event_name":"The Mausoleum","player_choice":"Opened","floor":19.0,"gold_loss":0.0,"damage_taken":0.0,"relics_obtained":["Omamori"],"cards_obtained":["Writhe"]},{"damage_healed":0.0,"max_hp_gain":0.0,"max_hp_loss":0.0,"gold_gain":0.0,"event_name":"Ghosts","player_choice":"Ignored","floor":20.0,"gold_loss":0.0,"damage_taken":0.0},{"damage_healed":0,"gold_gain":50,"player_choice":"Stole From Cult","damage_taken":0,"max_hp_gain":0,"max_hp_loss":0,"event_name":"Nest","floor":25,"gold_loss":0},{"damage_healed":0,"gold_gain":0,"player_choice":"Upgraded","damage_taken":0,"max_hp_gain":0,"max_hp_loss":0,"event_name":"Upgrade Shrine","floor":36,"gold_loss":0,"cards_upgraded":["Berserk"]},{"damage_healed":0,"gold_gain":0,"player_choice":"Ignored","damage_taken":0,"max_hp_gain":0,"max_hp_loss":0,"event_name":"SecretPortal","floor":37,"gold_loss":0},{"damage_healed":0,"gold_gain":0,"player_choice":"Fight","damage_taken":0,"max_hp_gain":0,"max_hp_loss":0,"event_name":"MindBloom","floor":47,"gold_loss":0}],"is_beta":true,"boss_relics":[{"not_picked":["Runic Pyramid","SacredBark"],"picked":"Calling Bell"},{"not_picked":["Runic Dome","Empty Cage"],"picked":"Busted Crown"}],"items_purged_floors":[12,22,45,54],"is_endless":false,"potions_floor_spawned":[4,7,8,16,18,24,27,30,39,40,42,44,48],"ascension_level":20}}