{"host":"ig7tc0uedzltt2sr","time":1610072569,"event":{"mods":["BaseMod","Better Twitch Integration","Block Reminder","Colored Map","Colored Powertips","Communication Mod","Current Relic Mod","GifTheSpireLib","HexUI Lib","Minty Spire (QoL Compilation)","Quick Restart","Random Character Button","Rare Cards Sparkle","Relic Sorter","Relic Stats","Slay the Relics Exporter","StSLib","SuperFastMode","Synergy Search","Twitch Decklist","Twitch Utils","everything is the same but u backflip on backflip","slay the spire mod where everything is the same but ironclad has a cowboy hat"],"gold_per_floor":[110,121,121,121,121,149,160,160,160,112,137,168,168,168,168,168,168],"floor_reached":16,"playtime":75,"items_purged":[],"score":131,"play_id":"9bc7fe0c-80eb-41fc-82fe-c142660caca5","local_time":"20210107182249","is_ascension_mode":false,"campfire_choices":[{"floor":8,"key":"REST"},{"floor":13,"key":"REST"},{"floor":15,"key":"REST"}],"circlet_count":0,"master_deck":["Strike_R","Strike_R","Strike_R+1","Strike_R+1","Defend_R","Defend_R","Defend_R","Defend_R","Bash","Pommel Strike","Bloodletting","Rupture","Sentinel","Corruption"],"relics":["Burning Blood","NeowsBlessing","Charon\u0027s Ashes","Potion Belt","Ancient Tea Set"],"acts_visited":["Exordium"],"potions_floor_usage":[],"damage_taken":[{"damage":0,"enemies":"2 Louse","floor":1,"turns":1},{"damage":0,"enemies":"Jaw Worm","floor":2,"turns":1},{"damage":3,"enemies":"Gremlin Nob","floor":6,"turns":1},{"damage":26,"enemies":"Small Slimes","floor":7,"turns":8},{"damage":33,"enemies":"3 Sentries","floor":12,"turns":6},{"damage":80,"enemies":"Hexaghost","floor":16,"turns":9}],"seed_played":"-2092303586295491411","potions_obtained":[{"floor":2,"key":"SpeedPotion"},{"floor":6,"key":"BloodPotion"}],"is_trial":false,"path_per_floor":["M","M","?","$","?","E","M","R","T","$","T","E","R","?","R","B"],"character_chosen":"IRONCLAD","items_purchased":["Block Potion"],"campfire_rested":3,"item_purchase_floors":[10],"current_hp_per_floor":[80,80,73,73,57,60,56,80,80,80,80,53,77,77,80,0,0],"gold":168,"neow_bonus":"THREE_ENEMY_KILL","is_daily":false,"chose_seed":false,"campfire_upgraded":0,"win_rate":0.0,"timestamp":1610072569,"path_taken":["M","M","?","?","?","E","M","R","T","$","?","E","R","?","R","BOSS"],"items_purchased_type":["Potion"],"build_version":"2020-12-22","purchased_purges":0,"victory":false,"max_hp_per_floor":[80,80,80,80,80,80,80,80,80,80,80,80,80,80,80,80,80],"relic_stats":{"counters":[6,26],"Charon\u0027s Ashes":[65],"obtain_stats":[{"Potion Belt":11,"NeowsBlessing":0,"Charon\u0027s Ashes":6,"Ancient Tea Set":12,"Burning Blood":0},{"Potion Belt":4,"NeowsBlessing":0,"Charon\u0027s Ashes":3,"Ancient Tea Set":5,"Burning Blood":0},{"Potion Belt":11,"NeowsBlessing":0,"Charon\u0027s Ashes":3,"Ancient Tea Set":17,"Burning Blood":0}],"Burning Blood":18},"card_choices":[{"not_picked":["Flex","True Grit"],"picked":"Pommel Strike","floor":1},{"not_picked":["Dual Wield","Twin Strike"],"picked":"Bloodletting","floor":2},{"not_picked":["Clash","Entrench"],"picked":"Rupture","floor":6},{"not_picked":["Disarm","Shrug It Off"],"picked":"Sentinel","floor":7},{"not_picked":["Rage","Fire Breathing"],"picked":"Corruption","floor":12}],"player_experience":1469162,"relics_obtained":[{"floor":6,"key":"Charon\u0027s Ashes"},{"floor":11,"key":"Potion Belt"},{"floor":12,"key":"Ancient Tea Set"}],"event_choices":[{"cards_removed":["Strike_R"],"damage_healed":0,"gold_gain":0,"player_choice":"Card Removal","damage_taken":7,"max_hp_gain":0,"max_hp_loss":0,"event_name":"Golden Wing","floor":3,"gold_loss":0},{"damage_healed":0,"gold_gain":0,"player_choice":"Entered Light","damage_taken":16,"max_hp_gain":0,"max_hp_loss":0,"event_name":"Shining Light","floor":5,"gold_loss":0,"cards_upgraded":["Strike_R","Strike_R"]},{"damage_healed":0,"gold_gain":0,"player_choice":"Fled","damage_taken":0,"max_hp_gain":0,"max_hp_loss":0,"event_name":"Scrap Ooze","floor":14,"gold_loss":0}],"is_beta":false,"boss_relics":[],"items_purged_floors":[],"is_endless":false,"potions_floor_spawned":[2,6],"killed_by":"Hexaghost","ascension_level":0}}