{"host":"yk6rxbjfjo5kivd3","time":1610098691,"event":{"mods":["BaseMod","Downfall","Googly Eyes","Hermit","Lobotomy","Minty Spire (QoL Compilation)","Potionbrewer","Replay The Spire","Robot Space Explorer","StSLib","The Blackbeard","The Cursed","The Disciple","The Hierophant","The Necromancer","The Runesmith","The Servant 0.9.4"],"gold_per_floor":[99,99,99,99,99,99,99,9,39,39,39,55,72,102,117,218,218,218,236,236,236,246,171,240,252,102,116,128,153,153,173,187,288,288,288,306,306,319,332,352,352,452,465,465,465,485,520,538,557,557],"floor_reached":51,"playtime":7690,"items_purged":["Guardian:Defend_Guardian"],"score":786,"play_id":"878f3caf-832e-40bf-87ad-0716a2b073fc","local_time":"20210108133811","is_ascension_mode":false,"campfire_choices":[{"data":"Guardian:TwinSlam","floor":1.0,"key":"SMITH"},{"data":"Guardian:RefractedBeam","floor":10.0,"key":"SMITH"},{"floor":18.0,"key":"DIG"},{"floor":23.0,"key":"RECALL"},{"data":"Guardian:RefractedBeam+1","floor":26.0,"key":"SMITH"},{"data":"Guardian:PrismaticBarrier","floor":30,"key":"SMITH"},{"data":"Guardian:ExploitGems","floor":35,"key":"SMITH"},{"data":"Guardian:PrismaticBeam","floor":44,"key":"SMITH"}],"circlet_count":0,"master_deck":["Guardian:Strike_Guardian+1","Guardian:Strike_Guardian","Guardian:Defend_Guardian+1","Guardian:Defend_Guardian+1","Guardian:Defend_Guardian","Guardian:CurlUp","Guardian:TwinSlam+1","Guardian:RefractedBeam+2","Guardian:TemporalStrike+1","Guardian:Repulse+1","Guardian:StasisField","Guardian:Preprogram+1","Guardian:GuardianWhirl","Guardian:PrismaticBarrier+1","Guardian:ExploitGems+1","Guardian:BronzeArmor","Guardian:FloatingOrbs","Guardian:Gem_Purple","Guardian:AncientConstruct","CurseOfTheBell","Guardian:SpikerProtocol+1","Guardian:PrismaticBeam+1","Guardian:FloatingOrbs+1","Guardian:Gem_Synthetic"],"relics":["Guardian:ModeShifter","downfall:HeartsMalice","Blue Doll","HornCleat","Meat on the Bone","Iron Hammer","potionbrewer:BhaskarasWheel","Runesmith:Nanobots","downfall:HeartBlessingGreen","downfall:HeartBlessingRed","downfall:HeartBlessingBlue","Gambling Chip","Calling Bell","Boot","Unceasing Top","potionbrewer:BottledElixir","Gremlin Food","White Beast Statue","War Paint"],"acts_visited":["Exordium","TheCity","TheBeyond"],"potions_floor_usage":[29,29,40,42,42,42,43,47,47,50,50,50],"damage_taken":[{"damage":0.0,"enemies":"Jaw Worm","floor":2.0,"turns":1.0},{"damage":0.0,"enemies":"2 Louse","floor":5.0,"turns":1.0},{"damage":0.0,"enemies":"Cultist","floor":6.0,"turns":1.0},{"damage":0.0,"enemies":"downfall:FleeingMerchant","floor":8.0,"turns":4.0},{"damage":26.0,"enemies":"3 Sentries","floor":9.0,"turns":9.0},{"damage":4.0,"enemies":"Exordium Thugs","floor":12.0,"turns":4.0},{"damage":1.0,"enemies":"Large Slime","floor":13.0,"turns":5.0},{"damage":0.0,"enemies":"Lagavulin","floor":14.0,"turns":5.0},{"damage":7.0,"enemies":"Lots of Slimes","floor":15.0,"turns":4.0},{"damage":23.0,"enemies":"downfall:Silent","floor":16.0,"turns":9.0},{"damage":5.0,"enemies":"3 Byrds","floor":19.0,"turns":5.0},{"damage":0.0,"enemies":"Spheric Guardian","floor":22.0,"turns":4.0},{"damage":5.0,"enemies":"Snake Plant","floor":25.0,"turns":5.0},{"damage":0.0,"enemies":"3 Cultists","floor":27.0,"turns":5.0},{"damage":0,"enemies":"Centurion and Healer","floor":28,"turns":5},{"damage":0,"enemies":"Replay:Snechameleon","floor":29,"turns":5},{"damage":0,"enemies":"Snake Plant","floor":31,"turns":3},{"damage":11,"enemies":"Chosen and Byrds","floor":32,"turns":7},{"damage":0,"enemies":"downfall:Defect","floor":33,"turns":7},{"damage":0,"enemies":"Orb Walker","floor":36,"turns":3},{"damage":1,"enemies":"3 Shapes","floor":38,"turns":6},{"damage":0,"enemies":"Maw","floor":39,"turns":7},{"damage":6,"enemies":"Jaw Worm Horde","floor":40,"turns":4},{"damage":14,"enemies":"downfall:LadyInBlue","floor":42,"turns":8},{"damage":0,"enemies":"Writhing Mass","floor":43,"turns":5},{"damage":0,"enemies":"Maw","floor":46,"turns":5},{"damage":19,"enemies":"Giant Head","floor":47,"turns":7},{"damage":0,"enemies":"3 Darklings","floor":48,"turns":4},{"damage":0,"enemies":"Jaw Worm Horde","floor":49,"turns":5},{"damage":27,"enemies":"downfall:Ironclad","floor":50,"turns":15}],"seed_played":"7759954999659378388","potions_obtained":[{"floor":9.0,"key":"FearPotion"},{"floor":12.0,"key":"Swift Potion"},{"floor":13.0,"key":"SpeedPotion"},{"floor":14.0,"key":"Strength Potion"},{"floor":22.0,"key":"potionbrewer:DiscountPotion"},{"floor":25.0,"key":"potionbrewer:StunPotion"},{"floor":32,"key":"Regen Potion"},{"floor":39,"key":"Energy Potion"},{"floor":42,"key":"potionbrewer:BlacksmithPotion"},{"floor":42,"key":"Fruit Juice"},{"floor":42,"key":"Guardian:BlockOnCardUsePotion"},{"floor":43,"key":"SteroidPotion"},{"floor":46,"key":"SteroidPotion"},{"floor":47,"key":"potionbrewer:AcidPotion"},{"floor":48,"key":"Fire Potion"},{"floor":49,"key":"Toxic Potion"}],"is_trial":false,"path_per_floor":["R","M","?","T","M","M","T","$","E","R","?","M","M","E","M","B",null,"R","M","?","?","M","R","T","M","R","M","M","E","R","M","M","B",null,"R","M","?","M","M","M","T","?","M","R","?","M","E","M","M","B",null],"character_chosen":"GUARDIAN","items_purchased":[],"campfire_rested":0,"item_purchase_floors":[],"current_hp_per_floor":[80,80,80,80,80,80,80,80,54,54,54,50,49,49,42,31,80,80,75,75,67,67,67,67,62,72,72,72,72,72,72,61,61,90,90,90,90,89,89,84,84,75,75,75,75,75,56,56,56,41],"gold":557,"neow_bonus":"THREE_ENEMY_KILL","is_daily":false,"chose_seed":false,"campfire_upgraded":6,"win_rate":0.0,"timestamp":1610098691,"path_taken":["R","M","?","?","M","M","T","$","E","R","?","M","?","E","M","BOSS","R","M","?","?","M","R","T","M","R","M","?","E","R","?","M","BOSS","R","M","?","?","M","M","T","?","?","R","?","M","E","?","M","BOSS"],"items_purchased_type":[],"build_version":"2020-12-22","purchased_purges":1,"victory":true,"max_hp_per_floor":[80,80,80,80,80,80,80,80,80,80,80,80,80,80,80,80,80,80,80,80,80,80,80,80,80,90,90,90,90,90,90,90,90,90,90,90,90,90,90,90,90,95,95,95,95,95,95,95,95,95],"card_choices":[{"not_picked":["Guardian:Gem_White","Guardian:WalkerClaw"],"picked":"Guardian:RefractedBeam","floor":2.0},{"not_picked":["Guardian:ChargeCore","Guardian:TemporalShield"],"picked":"Guardian:Repulse","floor":5.0},{"not_picked":["Guardian:RollAttack","Guardian:Planning"],"picked":"Guardian:Gem_Lightblue","floor":6.0},{"not_picked":["Guardian:Emergency","Guardian:TemporalShield"],"picked":"Guardian:StasisField","floor":8.0},{"not_picked":["Guardian:VentSteam","Guardian:Emergency"],"picked":"Guardian:Gem_Lightblue","floor":9.0},{"not_picked":["Guardian:Gem_Fragmented","Guardian:Gem_Lightblue"],"picked":"Guardian:Preprogram","floor":12.0},{"not_picked":["Guardian:Clone","Guardian:PrimingBeam"],"picked":"Guardian:GuardianWhirl","floor":13.0},{"not_picked":["Guardian:DecasProtection","Guardian:Gem_Cyan"],"picked":"Guardian:PrismaticBarrier","floor":14.0},{"not_picked":["Guardian:Gem_Lightblue","Guardian:CrystalBeam"],"picked":"Guardian:Gem_White","floor":15.0},{"not_picked":["Guardian:FastForward","Guardian:SphericShield"],"picked":"Guardian:ExploitGems","floor":16.0},{"not_picked":["Guardian:ChargeUp+1","Guardian:Recover+1"],"picked":"Guardian:Gem_Cyan","floor":19.0},{"not_picked":["Guardian:RefractedBeam","Guardian:Gem_Cyan"],"picked":"Guardian:BronzeArmor","floor":22.0},{"not_picked":["Guardian:Gem_Lightblue","Guardian:Recover"],"picked":"Guardian:FloatingOrbs","floor":25.0},{"not_picked":["Guardian:PiercingHide+1","Guardian:RefractedBeam"],"picked":"Guardian:Gem_Green","floor":27.0},{"not_picked":["Guardian:Reroute","Guardian:ShieldCharger"],"picked":"Guardian:Gem_Cyan","floor":28},{"not_picked":["Guardian:ChargeCore","Guardian:ChargeUp"],"picked":"Guardian:Gem_Red","floor":29},{"not_picked":["Guardian:Suspension+1","Guardian:ShieldCharger+1"],"picked":"Guardian:Gem_Purple","floor":31},{"not_picked":["Guardian:Planning+1","Guardian:Harden+1","Guardian:ShieldSpikes+1"],"picked":"SKIP","floor":32},{"not_picked":["Guardian:ConstructionForm","Guardian:FastForward"],"picked":"Guardian:AncientConstruct","floor":33},{"not_picked":["Guardian:TemporalShield+1","Guardian:CrystalBeam+1","Guardian:AncientConstruct"],"picked":"SKIP","floor":36},{"not_picked":["Guardian:ChargeCore+1","Guardian:PrimingBeam"],"picked":"Guardian:SpikerProtocol+1","floor":38},{"not_picked":["Guardian:Planning","Guardian:CrystalBeam"],"picked":"Guardian:PrismaticBeam","floor":39},{"not_picked":["Guardian:Harden","Guardian:TemporalStrike"],"picked":"Guardian:Gem_Red","floor":40},{"not_picked":["Guardian:ChargeCore+1","Guardian:Recover"],"picked":"Guardian:FloatingOrbs+1","floor":42},{"not_picked":["Guardian:Gem_Green","Guardian:Incinerate+1"],"picked":"Guardian:Gem_Red","floor":43},{"not_picked":["Guardian:TemporalStrike","Guardian:TemporalShield","Guardian:ShieldCharger"],"picked":"SKIP","floor":46},{"not_picked":["Guardian:Recover","Guardian:ShieldSpikes","Guardian:WalkerClaw+1"],"picked":"SKIP","floor":47},{"not_picked":["Guardian:Harden+1","Guardian:PrismaticBarrier"],"picked":"Guardian:Gem_Synthetic","floor":48},{"not_picked":["Guardian:Incinerate+1","Guardian:WalkerClaw+1","Guardian:CrystalBeam"],"picked":"SKIP","floor":49}],"player_experience":1268300,"relics_obtained":[{"floor":4.0,"key":"Blue Doll"},{"floor":7.0,"key":"HornCleat"},{"floor":9.0,"key":"Meat on the Bone"},{"floor":14.0,"key":"Iron Hammer"},{"floor":18.0,"key":"Runesmith:Nanobots"},{"floor":29,"key":"Gambling Chip"},{"floor":34,"key":"Boot"},{"floor":34,"key":"Unceasing Top"},{"floor":34,"key":"potionbrewer:BottledElixir"},{"floor":41,"key":"Gremlin Food"},{"floor":42,"key":"White Beast Statue"},{"floor":47,"key":"War Paint"}],"event_choices":[],"is_beta":false,"boss_relics":[{"not_picked":["Black Star","Tiny House"],"picked":"potionbrewer:BhaskarasWheel"},{"not_picked":["Guardian:StasisSlotReductionRelic","Pandora\u0027s Box"],"picked":"Calling Bell"}],"items_purged_floors":[8],"is_endless":false,"potions_floor_spawned":[9,12,13,14,22,25,32,39,43,46,47,48,49],"ascension_level":0}}