{"host":"2e3z4r48quhw80cc","time":1610076484,"event":{"mods":["BaseMod","Minty Spire (QoL Compilation)","Quick Restart","StSLib","SuperFastMode"],"gold_per_floor":[118,118,118,118,293,324,324,659,659,684,684,193,206,220,220,350,350,366,10,24,38,52,52,52,96,120,120,120,43,168,203,203,329,329,352,352,685,685,389,389,417,437,437,466,262,5,5,5,5,5],"floor_reached":51,"playtime":1591,"items_purged":["Defend_G","Defend_G","Strike_G","Strike_G"],"score":1052,"play_id":"7654db0b-4ae5-4457-9698-fcd3321789c4","local_time":"20210108122804","is_ascension_mode":true,"campfire_choices":[{"floor":7.0,"key":"REST"},{"data":"Footwork","floor":15.0,"key":"SMITH"},{"data":"Noxious Fumes","floor":23.0,"key":"SMITH"},{"floor":32.0,"key":"DIG"},{"floor":40.0,"key":"DIG"},{"floor":49.0,"key":"DIG"}],"circlet_count":0,"master_deck":["Strike_G+1","Strike_G","Defend_G","Defend_G","Survivor","Neutralize+1","Flying Knee","Footwork+1","Backflip","Quick Slash","Poisoned Stab","Adrenaline+1","Backflip+1","Apotheosis+1","Finesse+1","Crippling Poison+1","Noxious Fumes+1","Phantasmal Killer+1","Crippling Poison+1","Malaise+1","Well Laid Plans+1","Night Terror+1","Acrobatics+1","Choke+1","Catalyst+1","Escape Plan+1","Dash"],"relics":["Ring of the Snake","NeowsBlessing","Question Card","Whetstone","Old Coin","Boot","Toxic Egg 2","ClockworkSouvenir","Philosopher\u0027s Stone","Shovel","Pen Nib","PreservedInsect","WingedGreaves","Blue Candle","Mercury Hourglass","Paper Crane","Busted Crown","Membership Card","Ancient Tea Set","Pantograph","Lantern","Letter Opener","Juzu Bracelet","Bag of Marbles","Thread and Needle","Toy Ornithopter","Eternal Feather","Sundial"],"acts_visited":["Exordium","TheCity","TheBeyond"],"potions_floor_usage":[50,50],"damage_taken":[{"damage":0.0,"enemies":"2 Louse","floor":1.0,"turns":1.0},{"damage":0.0,"enemies":"Gremlin Nob","floor":6.0,"turns":1.0},{"damage":0.0,"enemies":"Lagavulin","floor":8.0,"turns":1.0},{"damage":4.0,"enemies":"Jaw Worm","floor":10.0,"turns":5.0},{"damage":0.0,"enemies":"Small Slimes","floor":13.0,"turns":4.0},{"damage":1.0,"enemies":"Looter","floor":14.0,"turns":3.0},{"damage":12.0,"enemies":"The Guardian","floor":16.0,"turns":16.0},{"damage":1.0,"enemies":"Shell Parasite","floor":18.0,"turns":5.0},{"damage":5.0,"enemies":"2 Thieves","floor":20.0,"turns":4.0},{"damage":7.0,"enemies":"Snake Plant","floor":21.0,"turns":4.0},{"damage":3.0,"enemies":"Snecko","floor":22.0,"turns":4.0},{"damage":2.0,"enemies":"Book of Stabbing","floor":25.0,"turns":5.0},{"damage":3.0,"enemies":"Colosseum Slavers","floor":30.0,"turns":4.0},{"damage":13.0,"enemies":"Colosseum Nobs","floor":30.0,"turns":3.0},{"damage":0.0,"enemies":"Gremlin Leader","floor":31.0,"turns":5.0},{"damage":23.0,"enemies":"Collector","floor":33.0,"turns":7.0},{"damage":0.0,"enemies":"Orb Walker","floor":35.0,"turns":4.0},{"damage":2.0,"enemies":"Reptomancer","floor":41.0,"turns":4.0},{"damage":0.0,"enemies":"3 Darklings","floor":42.0,"turns":3.0},{"damage":6.0,"enemies":"Giant Head","floor":44.0,"turns":5.0},{"damage":0,"enemies":"Donu and Deca","floor":50,"turns":8}],"seed_played":"-9154773679441175715","potions_obtained":[{"floor":6.0,"key":"SteroidPotion"},{"floor":13.0,"key":"PowerPotion"},{"floor":30.0,"key":"Block Potion"},{"floor":33.0,"key":"CunningPotion"},{"floor":35.0,"key":"DistilledChaos"},{"floor":42.0,"key":"Energy Potion"}],"is_trial":false,"path_per_floor":["M","?","?","?","?","E","R","E","T","M","?","$","M","M","R","B",null,"M","$","M","M","M","R","?","E","T","?","?","$","?","E","R","B",null,"M","?","?","?","$","R","E","M","T","E","$","$","?","?","R","B",null],"character_chosen":"THE_SILENT","items_purchased":["Toxic Egg 2","ClockworkSouvenir","Apotheosis+1","Finesse+1","Well Laid Plans","Membership Card","Ancient Tea Set","Catalyst+1","Escape Plan+1","Bag of Marbles","Dash","Thread and Needle","Toy Ornithopter"],"campfire_rested":1,"item_purchase_floors":[12,12,19,19,29,39,39,45,45,45,46,46,46],"current_hp_per_floor":[70,75,57,39,39,39,61,61,61,57,57,57,57,56,56,44,75,74,74,69,62,59,59,59,57,57,57,57,57,41,41,41,18,75,75,75,75,71,71,71,69,69,69,63,63,63,63,63,71,71],"gold":5,"neow_bonus":"THREE_ENEMY_KILL","is_daily":false,"chose_seed":false,"campfire_upgraded":2,"win_rate":0.0,"timestamp":1610076484,"path_taken":["M","?","?","?","?","E","R","E","T","M","?","$","?","M","R","BOSS","M","$","M","M","M","R","?","E","T","?","?","?","?","E","R","BOSS","M","?","?","?","?","R","E","?","T","E","$","$","?","?","R","BOSS"],"items_purchased_type":["Relic","Relic","Card","Card","Card","Relic","Relic","Card","Card","Relic","Card","Relic","Relic"],"build_version":"2020-12-22","purchased_purges":4,"victory":true,"max_hp_per_floor":[70,75,75,75,75,75,75,75,75,75,75,75,75,75,75,75,75,75,75,75,75,75,75,75,75,75,75,75,75,75,75,75,75,75,75,75,75,71,71,71,71,71,71,71,71,71,71,71,71,71],"card_choices":[{"not_picked":["Dagger Throw","Bane"],"picked":"Flying Knee","floor":1.0},{"not_picked":["Calculated Gamble","Bane","Flying Knee"],"picked":"Footwork","floor":6.0},{"not_picked":["Unload","Flying Knee","Endless Agony"],"picked":"Backflip","floor":8.0},{"not_picked":["Setup","Poisoned Stab","Leg Sweep"],"picked":"Quick Slash","floor":10.0},{"not_picked":["Masterful Stab","Underhanded Strike","Sucker Punch","Poisoned Stab"],"picked":"SKIP","floor":13.0},{"not_picked":["Underhanded Strike","Expertise+1","Choke"],"picked":"Poisoned Stab","floor":14.0},{"not_picked":["Phantasmal Killer+1","Bullet Time+1","Malaise+1"],"picked":"Adrenaline+1","floor":16.0},{"not_picked":["Slice","Flying Knee","Caltrops"],"picked":"Backflip+1","floor":18.0},{"not_picked":["Poisoned Stab","Dodge and Roll+1","Cloak And Dagger+1"],"picked":"Crippling Poison+1","floor":20.0},{"not_picked":["Distraction+1","Poisoned Stab","Quick Slash","Dodge and Roll+1"],"picked":"SKIP","floor":21.0},{"not_picked":["Flying Knee","Tools of the Trade","Dagger Spray"],"picked":"Noxious Fumes","floor":22.0},{"not_picked":["Quick Slash","Bane+1","Cloak And Dagger+1"],"picked":"Malaise+1","floor":25.0},{"not_picked":["Slice+1","Prepared+1","Underhanded Strike+1","Phantasmal Killer+1"],"picked":"SKIP","floor":31.0},{"not_picked":["Malaise+1","Glass Knife","A Thousand Cuts"],"picked":"Night Terror+1","floor":33.0},{"not_picked":["Dagger Spray+1","Well Laid Plans"],"picked":"SKIP","floor":35.0},{"not_picked":["Well Laid Plans+1","Underhanded Strike+1"],"picked":"SKIP","floor":41.0},{"not_picked":["Prepared+1"],"picked":"Acrobatics+1","floor":42.0},{"not_picked":["Blade Dance+1"],"picked":"Choke+1","floor":44.0}],"player_experience":38361,"relics_obtained":[{"floor":6.0,"key":"Whetstone"},{"floor":8.0,"key":"Old Coin"},{"floor":9.0,"key":"Boot"},{"floor":25.0,"key":"Shovel"},{"floor":26.0,"key":"Pen Nib"},{"floor":30.0,"key":"WingedGreaves"},{"floor":30.0,"key":"Blue Candle"},{"floor":31.0,"key":"Mercury Hourglass"},{"floor":32.0,"key":"Paper Crane"},{"floor":40.0,"key":"Pantograph"},{"floor":41.0,"key":"Lantern"},{"floor":43.0,"key":"Letter Opener"},{"floor":44.0,"key":"Juzu Bracelet"},{"floor":49.0,"key":"Sundial"}],"event_choices":[{"damage_healed":0.0,"max_hp_gain":5.0,"max_hp_loss":0.0,"gold_gain":0.0,"event_name":"Big Fish","player_choice":"Donut","floor":2.0,"gold_loss":0.0,"damage_taken":0.0},{"damage_healed":0.0,"max_hp_gain":0.0,"max_hp_loss":0.0,"gold_gain":0.0,"event_name":"Golden Idol","player_choice":"Take Damage","floor":3.0,"gold_loss":0.0,"damage_taken":18.0,"relics_obtained":["Golden Idol"]},{"damage_healed":0.0,"max_hp_gain":0.0,"max_hp_loss":0.0,"gold_gain":0.0,"event_name":"Scrap Ooze","player_choice":"Success","floor":4.0,"gold_loss":0.0,"damage_taken":18.0,"relics_obtained":["Question Card"]},{"damage_healed":0.0,"max_hp_gain":0.0,"max_hp_loss":0.0,"gold_gain":175.0,"event_name":"Liars Game","player_choice":"AGREE","floor":5.0,"gold_loss":0.0,"damage_taken":0.0,"cards_obtained":["Doubt"]},{"cards_removed":["Doubt"],"damage_healed":0.0,"max_hp_gain":0.0,"max_hp_loss":0.0,"gold_gain":0.0,"event_name":"Living Wall","player_choice":"Forget","floor":11.0,"gold_loss":0.0,"damage_taken":0.0},{"damage_healed":0.0,"max_hp_gain":0.0,"max_hp_loss":0.0,"gold_gain":0.0,"cards_transformed":["Defend_G","Strike_G"],"event_name":"Drug Dealer","player_choice":"Became Test Subject","floor":24.0,"gold_loss":0.0,"damage_taken":0.0,"cards_obtained":["Phantasmal Killer","Crippling Poison"]},{"damage_healed":0.0,"max_hp_gain":0.0,"max_hp_loss":0.0,"gold_gain":0.0,"event_name":"The Mausoleum","player_choice":"Opened","floor":27.0,"gold_loss":0.0,"damage_taken":0.0,"relics_obtained":["PreservedInsect"],"cards_obtained":["Writhe"]},{"cards_removed":["Writhe"],"damage_healed":0.0,"max_hp_gain":0.0,"max_hp_loss":0.0,"gold_gain":0.0,"event_name":"Back to Basics","player_choice":"Elegance","floor":28.0,"gold_loss":0.0,"damage_taken":0.0},{"damage_healed":0.0,"max_hp_gain":0.0,"max_hp_loss":0.0,"gold_gain":0.0,"event_name":"Colosseum","player_choice":"Fight","floor":30.0,"gold_loss":0.0,"damage_taken":0.0},{"damage_healed":0.0,"max_hp_gain":0.0,"max_hp_loss":0.0,"gold_gain":0.0,"event_name":"Colosseum","player_choice":"Fought Nobs","floor":30.0,"gold_loss":0.0,"damage_taken":0.0},{"damage_healed":0.0,"max_hp_gain":0.0,"max_hp_loss":0.0,"gold_gain":0.0,"event_name":"Tomb of Lord Red Mask","player_choice":"Ignored","floor":36.0,"gold_loss":0.0,"damage_taken":0.0},{"damage_healed":0.0,"max_hp_gain":0.0,"max_hp_loss":0.0,"gold_gain":333.0,"event_name":"The Moai Head","player_choice":"Gave Idol","floor":37.0,"relics_lost":["Golden Idol"],"gold_loss":0.0,"damage_taken":0.0},{"damage_healed":0.0,"max_hp_gain":0.0,"max_hp_loss":4.0,"gold_gain":0.0,"event_name":"Winding Halls","player_choice":"Max HP","floor":38.0,"gold_loss":0.0,"damage_taken":0.0},{"damage_healed":0.0,"max_hp_gain":0.0,"max_hp_loss":0.0,"gold_gain":0.0,"event_name":"Upgrade Shrine","player_choice":"Upgraded","floor":47.0,"gold_loss":0.0,"damage_taken":0.0,"cards_upgraded":["Well Laid Plans"]},{"damage_healed":0.0,"max_hp_gain":0.0,"max_hp_loss":0.0,"gold_gain":0.0,"event_name":"WeMeetAgain","player_choice":"Gave Potion","floor":48.0,"gold_loss":0.0,"damage_taken":0.0,"relics_obtained":["Eternal Feather"]}],"is_beta":false,"boss_relics":[{"not_picked":["HoveringKite","Tiny House"],"picked":"Philosopher\u0027s Stone"},{"not_picked":["Sozu","Pandora\u0027s Box"],"picked":"Busted Crown"}],"items_purged_floors":[12,19,39,45],"is_endless":false,"potions_floor_spawned":[6,13,30,30,33,35,42,44],"ascension_level":2}}