{"host":"qojc688juf5ijsln","time":1610085122,"event":{"mods":["AchievementEnabler","BaseMod","BetterRewards","Colored Powertips","Highlight Path","Minty Spire (QoL Compilation)","Quick Restart","Shop Mod","StSLib"],"gold_per_floor":[115,115,128,147,147,186,186,219,219,244,194,194,194],"floor_reached":12,"playtime":856,"items_purged":["Defend_P","Strike_P"],"score":92,"play_id":"7dd9badc-7351-44ad-a9da-55c9ac3fd172","local_time":"20210108135202","is_ascension_mode":true,"campfire_choices":[{"floor":7.0,"key":"RECALL"}],"circlet_count":0,"master_deck":["Strike_P","Strike_P","Strike_P","Defend_P","Defend_P","Defend_P","Vigilance","Madness","InnerPeace","PathToVictory","Indignation"],"relics":["PureWater","Unceasing Top","Prayer Wheel","Golden Idol","Ice Cream","HornCleat"],"acts_visited":["Exordium"],"potions_floor_usage":[12],"damage_taken":[{"damage":0.0,"enemies":"Small Slimes","floor":1.0,"turns":2.0},{"damage":0.0,"enemies":"2 Louse","floor":3.0,"turns":1.0},{"damage":0.0,"enemies":"Jaw Worm","floor":4.0,"turns":3.0},{"damage":32.0,"enemies":"Gremlin Nob","floor":6.0,"turns":4.0},{"damage":16.0,"enemies":"Lagavulin","floor":8.0,"turns":5.0},{"damage":1.0,"enemies":"Looter","floor":10.0,"turns":3.0},{"damage":34,"enemies":"3 Sentries","floor":12,"turns":8}],"seed_played":"-5565732468911579063","potions_obtained":[{"floor":1.0,"key":"Fruit Juice"},{"floor":4.0,"key":"FearPotion"},{"floor":8.0,"key":"PowerPotion"}],"is_trial":false,"path_per_floor":["M","?","M","M","?","E","R","E","T","M","?","E"],"character_chosen":"WATCHER","items_purchased":["Unceasing Top","Madness"],"campfire_rested":0,"item_purchase_floors":[0,0],"current_hp_per_floor":[77,82,82,82,76,44,44,28,28,27,27,0,0],"gold":194,"neow_bonus":"","is_daily":false,"chose_seed":false,"campfire_upgraded":0,"win_rate":0.0,"timestamp":1610085122,"path_taken":["M","?","M","M","?","E","R","E","T","M","?","E"],"items_purchased_type":["Relic","Card"],"build_version":"2020-12-22","purchased_purges":2,"victory":false,"max_hp_per_floor":[77,82,82,82,76,76,76,76,76,76,76,76,76],"card_choices":[{"not_picked":["ClearTheMind","EmptyBody","Sanctity"],"picked":"SKIP","floor":1.0},{"not_picked":["BowlingBash","EmptyBody","WaveOfTheHand"],"picked":"SKIP","floor":1.0},{"not_picked":["TalkToTheHand","Halt"],"picked":"InnerPeace","floor":3.0},{"not_picked":["BowlingBash","Prostrate","ClearTheMind"],"picked":"SKIP","floor":3.0},{"not_picked":["FlyingSleeves","Study","SashWhip"],"picked":"SKIP","floor":4.0},{"not_picked":["SashWhip","SandsOfTime","BowlingBash"],"picked":"SKIP","floor":4.0},{"not_picked":["SashWhip","Halt","JustLucky"],"picked":"SKIP","floor":6.0},{"not_picked":["Omniscience","WreathOfFlame"],"picked":"PathToVictory","floor":8.0},{"not_picked":["Adaptation","JustLucky"],"picked":"Indignation","floor":10.0},{"not_picked":["Evaluate","BowlingBash","JustLucky"],"picked":"SKIP","floor":10.0}],"player_experience":97975,"relics_obtained":[{"floor":6.0,"key":"Ice Cream"},{"floor":8.0,"key":"HornCleat"}],"event_choices":[{"damage_healed":0.0,"max_hp_gain":5.0,"max_hp_loss":0.0,"gold_gain":0.0,"event_name":"Big Fish","player_choice":"Donut","floor":2.0,"gold_loss":0.0,"damage_taken":0.0},{"damage_healed":0.0,"max_hp_gain":0.0,"max_hp_loss":6.0,"gold_gain":0.0,"event_name":"Golden Idol","player_choice":"Lose Max HP","floor":5.0,"gold_loss":0.0,"damage_taken":0.0,"relics_obtained":["Golden Idol"]},{"cards_removed":["Eruption"],"damage_healed":0.0,"max_hp_gain":0.0,"max_hp_loss":0.0,"gold_gain":0.0,"event_name":"The Cleric","player_choice":"Card Removal","floor":11.0,"gold_loss":50.0,"damage_taken":0.0}],"is_beta":false,"boss_relics":[],"items_purged_floors":[0,0],"is_endless":false,"potions_floor_spawned":[1,4,8],"killed_by":"3 Sentries","ascension_level":1}}