{"host":"pvf7uj918he10jir","time":1610085108,"event":{"mods":["AchievementEnabler","BaseMod","Colored Map","Colored Powertips","Highlight Path","Minty Spire (QoL Compilation)","Relic Stats","Slay the Relics Exporter","everything is the same but u backflip on backflip"],"gold_per_floor":[109,121,135,146,161,161,161,161],"floor_reached":7,"playtime":492,"items_purged":[],"score":54,"play_id":"9d2abe5b-748f-424e-abf9-494d6ba1f7d7","local_time":"20210108005148","is_ascension_mode":true,"campfire_choices":[{"data":"Gash","floor":6,"key":"SMITH"}],"circlet_count":0,"master_deck":["Strike_B","Strike_B","Strike_B","Strike_B","Defend_B","Defend_B","Defend_B","Defend_B","Zap","Dualcast","Hologram","Gash","Gash+1","Genetic Algorithm"],"relics":["Cracked Core","Shovel"],"acts_visited":["Exordium"],"potions_floor_usage":[],"damage_taken":[{"damage":1,"enemies":"Cultist","floor":1,"turns":4},{"damage":7,"enemies":"Jaw Worm","floor":2,"turns":4},{"damage":8,"enemies":"Small Slimes","floor":3,"turns":3},{"damage":4,"enemies":"Red Slaver","floor":4,"turns":3},{"damage":8,"enemies":"Exordium Thugs","floor":5,"turns":5},{"damage":32,"enemies":"3 Sentries","floor":7,"turns":5}],"seed_played":"-3893305246118296272","potions_obtained":[{"floor":3,"key":"LiquidBronze"}],"is_trial":false,"path_per_floor":["M","M","M","M","M","R","E"],"character_chosen":"DEFECT","items_purchased":[],"campfire_rested":0,"item_purchase_floors":[],"current_hp_per_floor":[53,46,38,34,26,26,0,0],"gold":161,"neow_bonus":"ONE_RARE_RELIC","is_daily":false,"chose_seed":true,"campfire_upgraded":1,"win_rate":0.0,"timestamp":1610085108,"path_taken":["M","M","M","M","?","R","E"],"items_purchased_type":[],"build_version":"2020-12-22","purchased_purges":0,"victory":false,"max_hp_per_floor":[75,75,75,75,75,75,75,75],"relic_stats":{"Shovel":0,"counters":[6,24],"obtain_stats":[{"Shovel":0,"Cracked Core":0},{"Shovel":0,"Cracked Core":0},{"Shovel":0,"Cracked Core":0}]},"card_choices":[{"not_picked":["Sunder","White Noise"],"picked":"Hologram","floor":1},{"not_picked":["Streamline","Darkness"],"picked":"Gash","floor":2},{"not_picked":["Steam","Redo"],"picked":"Gash","floor":3},{"not_picked":["White Noise","Leap"],"picked":"Genetic Algorithm","floor":4},{"not_picked":["Steam","Go for the Eyes","Glacier"],"picked":"SKIP","floor":5}],"player_experience":135579,"relics_obtained":[],"event_choices":[],"is_beta":false,"boss_relics":[],"items_purged_floors":[],"is_endless":false,"potions_floor_spawned":[3],"killed_by":"3 Sentries","ascension_level":4}}