{"host":"2n2g1vowfllvjtvi","time":1610120705,"event":{"mods":["AchievementEnabler","BaseMod","Custom Start","GifTheSpireLib","Keyboard Shortcuts","Minty Spire (QoL Compilation)","Quick Restart","Rare Cards Sparkle","StSLib","SuperFastMode"],"gold_per_floor":[116,166,183,183,41,68,68,101,177,190,203,232,232,245,245,317,317,337,162,162,176,189,189,222,222,277,277,297,314,11,38,38,112,112,123,123,123,123,139,139,139,139,139],"floor_reached":42,"playtime":1254,"items_purged":["Strike_R","Strike_R"],"score":863,"play_id":"596cf507-70c5-4e32-a690-e6a02d6dd3e0","local_time":"20210109004505","is_ascension_mode":true,"campfire_choices":[{"data":"Shockwave","floor":7.0,"key":"SMITH"},{"data":"Carnage","floor":13.0,"key":"SMITH"},{"data":"Fire Breathing","floor":15.0,"key":"SMITH"},{"data":"Bludgeon","floor":23.0,"key":"SMITH"},{"data":"Feel No Pain","floor":25.0,"key":"SMITH"},{"floor":32.0,"key":"REST"},{"floor":40,"key":"RECALL"}],"circlet_count":0,"master_deck":["AscendersBane","Strike_R+1","Strike_R+1","Defend_R+1","Defend_R+1","Defend_R+1","Bash+1","Thunderclap+1","Carnage+1","Shockwave+1","Power Through+1","Fire Breathing+1","Bludgeon+1","Second Wind+1","Feel No Pain+1","Writhe","Offering+1","Whirlwind+1","Berserk+1","Panacea+1"],"relics":["Burning Blood","NeowsBlessing","MealTicket","Bronze Scales","StrikeDummy","Singing Bowl","Cursed Key","InkBottle","War Paint","Chemical X","Letter Opener","Philosopher\u0027s Stone","Mark of the Bloom"],"acts_visited":["Exordium","TheCity","TheBeyond"],"potions_floor_usage":[42,42],"damage_taken":[{"damage":0.0,"enemies":"Small Slimes","floor":1.0,"turns":1.0},{"damage":0.0,"enemies":"Cultist","floor":3.0,"turns":1.0},{"damage":0.0,"enemies":"Lagavulin","floor":6.0,"turns":1.0},{"damage":39.0,"enemies":"Gremlin Nob","floor":8.0,"turns":5.0},{"damage":0.0,"enemies":"2 Louse","floor":10.0,"turns":2.0},{"damage":6.0,"enemies":"2 Fungi Beasts","floor":11.0,"turns":3.0},{"damage":10.0,"enemies":"Lagavulin","floor":12.0,"turns":6.0},{"damage":10.0,"enemies":"Gremlin Gang","floor":14.0,"turns":4.0},{"damage":12.0,"enemies":"Hexaghost","floor":16.0,"turns":7.0},{"damage":7.0,"enemies":"3 Byrds","floor":18.0,"turns":2.0},{"damage":6.0,"enemies":"Spheric Guardian","floor":21.0,"turns":3.0},{"damage":16.0,"enemies":"Snake Plant","floor":22.0,"turns":3.0},{"damage":29.0,"enemies":"Book of Stabbing","floor":24.0,"turns":5.0},{"damage":22.0,"enemies":"Shelled Parasite and Fungi","floor":28.0,"turns":3.0},{"damage":13.0,"enemies":"Snecko","floor":29.0,"turns":4.0},{"damage":8.0,"enemies":"Gremlin Leader","floor":31.0,"turns":4.0},{"damage":12.0,"enemies":"Champ","floor":33.0,"turns":10.0},{"damage":6,"enemies":"3 Darklings","floor":35,"turns":4},{"damage":5,"enemies":"Orb Walker","floor":39,"turns":2},{"damage":77,"enemies":"Donu and Deca","floor":42,"turns":6}],"seed_played":"-7172646238082749882","potions_obtained":[{"floor":1.0,"key":"SkillPotion"},{"floor":6.0,"key":"CultistPotion"},{"floor":14.0,"key":"HeartOfIron"},{"floor":16.0,"key":"Explosive Potion"},{"floor":21.0,"key":"FearPotion"},{"floor":28.0,"key":"Strength Potion"},{"floor":31.0,"key":"HeartOfIron"},{"floor":33.0,"key":"Explosive Potion"},{"floor":35,"key":"EssenceOfSteel"}],"is_trial":false,"path_per_floor":["M","?","M","?","$","E","R","E","T","M","M","E","R","M","R","B",null,"M","$","?","M","M","R","E","R","T","?","M","M","$","E","R","B",null,"M","?","?","?","M","R","?","B"],"character_chosen":"IRONCLAD","items_purchased":["Carnage","Second Wind","Offering","Whirlwind","Chemical X"],"campfire_rested":1,"item_purchase_floors":[5,19,30,30,30],"current_hp_per_floor":[74,74,75,75,75,75,75,42,42,48,48,46,46,42,42,36,67,68,79,79,79,71,71,50,50,50,45,31,26,41,41,67,61,82,84,78,78,78,73,73,73,0,0],"gold":139,"neow_bonus":"THREE_ENEMY_KILL","is_daily":false,"chose_seed":false,"campfire_upgraded":5,"win_rate":0.0,"timestamp":1610120705,"path_taken":["M","?","?","?","$","E","R","E","T","M","M","E","R","M","R","BOSS","M","$","?","M","M","R","E","R","T","?","M","?","$","E","R","BOSS","M","?","?","?","M","R","?","BOSS"],"items_purchased_type":["Card","Card","Card","Card","Relic"],"build_version":"2020-12-22","purchased_purges":2,"victory":false,"max_hp_per_floor":[75,75,75,75,75,75,75,75,75,75,75,77,77,77,77,77,77,79,79,79,79,81,81,83,83,83,83,85,87,87,89,89,89,89,91,95,95,95,97,97,97,97,97],"card_choices":[{"not_picked":["Dark Embrace","Clash","Heavy Blade"],"picked":"SKIP","floor":1.0},{"not_picked":["Heavy Blade","Warcry","Thunderclap"],"picked":"SKIP","floor":3.0},{"not_picked":["Flex","Clash"],"picked":"Shockwave","floor":6.0},{"not_picked":["Headbutt","Clash","Searing Blow"],"picked":"SKIP","floor":8.0},{"not_picked":["Sword Boomerang","True Grit","Reckless Charge"],"picked":"SKIP","floor":10.0},{"not_picked":["Dropkick","Combust"],"picked":"Power Through","floor":11.0},{"not_picked":["Iron Wave","Twin Strike","Body Slam"],"picked":"Singing Bowl","floor":12.0},{"not_picked":["Headbutt","Blood for Blood"],"picked":"Fire Breathing","floor":14.0},{"not_picked":["Feed","Limit Break"],"picked":"Bludgeon","floor":16.0},{"not_picked":["Shrug It Off","Infernal Blade","Clothesline"],"picked":"Singing Bowl","floor":18.0},{"not_picked":["Infernal Blade","Inflame"],"picked":"Feel No Pain","floor":21.0},{"not_picked":["Armaments","Carnage","Shrug It Off"],"picked":"Singing Bowl","floor":22.0},{"not_picked":["Anger","Burning Pact","Intimidate"],"picked":"Singing Bowl","floor":24.0},{"not_picked":["Demon Form","Headbutt+1","Iron Wave"],"picked":"Singing Bowl","floor":28.0},{"not_picked":["Body Slam","Pommel Strike","Thunderclap"],"picked":"Singing Bowl","floor":29.0},{"not_picked":["Rage","Heavy Blade","True Grit+1"],"picked":"Singing Bowl","floor":31.0},{"not_picked":["Fiend Fire","Exhume"],"picked":"Berserk","floor":33.0},{"not_picked":["Pommel Strike","Clothesline","Burning Pact"],"picked":"Singing Bowl","floor":35},{"not_picked":["Deep Breath","Finesse"],"picked":"Panacea","floor":36},{"not_picked":["Forethought","Secret Technique","Mind Blast"],"picked":"Singing Bowl","floor":36},{"not_picked":["Swift Strike","Blind","Enlightenment"],"picked":"Singing Bowl","floor":36},{"not_picked":["True Grit","Sword Boomerang+1","Rage+1"],"picked":"Singing Bowl","floor":39}],"player_experience":211733,"relics_obtained":[{"floor":6.0,"key":"MealTicket"},{"floor":8.0,"key":"Bronze Scales"},{"floor":9.0,"key":"StrikeDummy"},{"floor":12.0,"key":"Singing Bowl"},{"floor":24.0,"key":"InkBottle"},{"floor":26.0,"key":"War Paint"},{"floor":31.0,"key":"Letter Opener"}],"event_choices":[{"damage_healed":0.0,"max_hp_gain":0.0,"max_hp_loss":0.0,"gold_gain":50.0,"event_name":"Golden Shrine","player_choice":"Pray","floor":2.0,"gold_loss":0.0,"damage_taken":0.0},{"damage_healed":0.0,"max_hp_gain":0.0,"max_hp_loss":0.0,"gold_gain":0.0,"cards_transformed":["Defend_R"],"event_name":"Living Wall","player_choice":"Change","floor":4.0,"gold_loss":0.0,"damage_taken":0.0,"cards_obtained":["Thunderclap"]},{"cards_removed":["Strike_R"],"damage_healed":0.0,"max_hp_gain":0.0,"max_hp_loss":0.0,"gold_gain":0.0,"event_name":"Back to Basics","player_choice":"Elegance","floor":20.0,"gold_loss":0.0,"damage_taken":0.0},{"damage_healed":0.0,"max_hp_gain":0.0,"max_hp_loss":0.0,"gold_gain":0.0,"event_name":"The Woman in Blue","player_choice":"Bought 0 Potions","floor":27.0,"gold_loss":0.0,"damage_taken":0.0},{"damage_healed":0,"gold_gain":0,"player_choice":"Memory 3","damage_taken":10,"max_hp_gain":0,"max_hp_loss":0,"event_name":"SensoryStone","floor":36,"gold_loss":0},{"damage_healed":0,"gold_gain":0,"player_choice":"Ignored","damage_taken":0,"max_hp_gain":0,"max_hp_loss":0,"event_name":"Tomb of Lord Red Mask","floor":37,"gold_loss":0},{"damage_healed":0,"gold_gain":0,"player_choice":"Upgrade","damage_taken":0,"relics_obtained":["Mark of the Bloom"],"max_hp_gain":0,"max_hp_loss":0,"event_name":"MindBloom","floor":38,"gold_loss":0,"cards_upgraded":["Strike_R","Strike_R","Defend_R","Defend_R","Bash","Thunderclap","Power Through","Offering","Whirlwind","Berserk","Panacea"]},{"damage_healed":0,"gold_gain":0,"player_choice":"Took Portal","damage_taken":0,"max_hp_gain":0,"max_hp_loss":0,"event_name":"SecretPortal","floor":41,"gold_loss":0}],"is_beta":false,"boss_relics":[{"not_picked":["Coffee Dripper","Empty Cage"],"picked":"Cursed Key"},{"not_picked":["SacredBark","SlaversCollar"],"picked":"Philosopher\u0027s Stone"}],"items_purged_floors":[5,19],"is_endless":false,"potions_floor_spawned":[1,6,14,16,21,28,31,33,35],"killed_by":"Donu and Deca","ascension_level":15}}