{"host":"b0l902yh1rk3g5bq","time":1610092499,"event":{"mods":["AchievementEnabler","Act Like it!","Aspiration","BaseMod","Better Match","Better Sensory Stone","Better Skull","Better Third Choice","BetterRewards","Challenge The Spire","Colored Map","Colored Powertips","Conspire","Downfall","Energized Spire","GifTheSpireLib","Halation","Hubris","Infinite Spire","Minty Spire (QoL Compilation)","Quick Restart","Rare Cards Sparkle","Replay The Spire","StSLib","Stuff the Spire","Trackpad","Virulent Crown","Wandering Minibosses","egg","everything is the same but u backflip on backflip","vexMod"],"gold_per_floor":[115,126,126,55,104,132,167,167,167,202,229,229,261,186,186,282,282,302,302,81,108,134,134,164,198,198,229,229,263,296,322,322,425,425,436,446,13,13,13,13,48,77,77,103,121,156,191,225,225,326,326,335,343,354,204,118,131,140,134,215,215,238,238,245,255,255,328,328,324,324,324,144,141,150,162,173,197,208,221,238,257,257,257,325,325,311,171,171,271,277,282,291,296,349,349,422,428,268,270,270,349,349,349],"floor_reached":102,"playtime":4325,"items_purged":["Regret","Dodge and Roll","Noxious Fumes","Noxious Fumes","Noxious Fumes+1","Cloak And Dagger","Terror","Cloak And Dagger","ReplayUltimateDefense","hubris:SpecializedCircuitry"],"score":3649,"play_id":"374b7916-772d-42aa-be56-635d44c2204f","local_time":"20210108085459","daily_mods":["Draft","Heirloom","Flight","DeadlyEvents","Elite Swarm"],"is_ascension_mode":true,"campfire_choices":[{"data":"Accuracy","floor":8,"key":"SMITH"},{"floor":12,"key":"REST"},{"floor":15,"key":"REST"},{"data":"Blade Dance","floor":23,"key":"SMITH"},{"data":"Cloak And Dagger","floor":32,"key":"SMITH"},{"data":"After Image","floor":40,"key":"SMITH"},{"data":"hubris:DuctTapeCard","floor":49,"key":"SMITH"},{"floor":61,"key":"REST"},{"data":"Adrenaline","floor":66,"key":"SMITH"},{"data":"Barricade","floor":83,"key":"SMITH"},{"data":"Berserk","floor":83,"key":"SMITH"},{"data":"infinitespire:UltimateForm","floor":83,"key":"SMITH"},{"data":"Accuracy","floor":83,"key":"SMITH"},{"data":"Berserk+1","floor":100,"key":"SMITH"},{"data":"Echo Form","floor":100,"key":"SMITH"},{"data":"infinitespire:UltimateForm+1","floor":100,"key":"SMITH"},{"data":"infinitespire:Fortify+1","floor":100,"key":"SMITH"}],"circlet_count":0,"master_deck":["Dodge and Roll","Accuracy+1","Backstab+1","Blade Dance+1","Cloak And Dagger+1","Blade Dance+1","Blade Dance","Replay:Fractal Strike+1","Accuracy+1","Deflect","Finesse","Finesse+1","Adrenaline+1","hubris:DuctTapeCard+2","After Image","conspire:Banana+1","Berserk+2","infinitespire:UltimateForm+2","Juggernaut","Apotheosis+1","Barricade+1","Adrenaline+1","Echo Form+1","infinitespire:Fortify+2"],"relics":["Ring of the Snake","Replay:PocketPolymizer","StuffTheSpire:RedRose","Gremlin Food","Strawberry","halation:SwordOfLegend","Potion Belt","trackpad:SappingStone","aspiration:SneckoTail","Replay:Bottled Steam","Replay:Drink Me","hubris:SlimyHat","Akabeko","StuffTheSpire:Experiment12","Quantum Egg","Mercury Hourglass","vexMod:MemoryStick","SlaversCollar","Replay:Ringing Soul","trackpad:AdjectivePendant","Regal Pillow","vexMod:TanglingVine","hexamod:BolsterEngine","WristBlade","Snack Pack","hubris:DuctTape","conspire:Dentures","hubris:CrystalStatue","Happy Flower","hubris:DisguiseKit","vexMod:MemoryStick","aspiration:DefectSkillbook","Toxic Egg 2","halation:WeightlessCrab","StuffTheSpire:Nightcore","trackpad:AncestralArmaments","infinitespire:CheckeredPen","Lantern","StuffTheSpire:WitherSkull","conspire:SpecialSausage","trackpad:WeightlessShivs","Black Star","The Courier","hubris:Potato","Kunai","halation:PenCase","aspiration:Stabinomicon","infinitespire:WardingShard","trackpad:CultistFigurine","aspiration:SeaSaltIceCream","infinitespire:WardingShard","Mummified Hand","TungstenRod","infinitespire:Bottled Soul","Paper Crane","Replay:Arrowhead","Replay:WaspNest","Byrd Skull","Centennial Puzzle","Replay:Bronze Core","champ:DuelingGlove","conspire:InfiniteJournal","hubris:GlazedTorus","Tough Bandages","halation:AfternoonTea","Prayer Wheel","Bird Faced Urn","aspiration:AnachronicSnailShell","Whetstone","Pondfish Scales","Shuriken","infinitespire:Eraser","StuffTheSpire:Wildfire","StuffTheSpire:Tea","Unceasing Top","SacredBark"],"acts_visited":["Exordium","TheCity","TheBeyond","Exordium","TheCity","TheBeyond","Exordium"],"potions_floor_usage":[16,27,50,50,50,50,50],"damage_taken":[{"damage":0,"enemies":"Cultist","floor":1,"turns":2},{"damage":0,"enemies":"Small Slimes","floor":2,"turns":2},{"damage":21,"enemies":"Replay:BlueRogue","floor":6,"turns":3},{"damage":14,"enemies":"Lagavulin","floor":7,"turns":4},{"damage":8,"enemies":"3 Sentries","floor":10,"turns":4},{"damage":24,"enemies":"Gremlin Nob","floor":11,"turns":4},{"damage":7,"enemies":"3 Sentries","floor":13,"turns":6},{"damage":12,"enemies":"Fading Forest","floor":16,"turns":11},{"damage":0,"enemies":"3 Byrds","floor":18,"turns":4},{"damage":9,"enemies":"Replay:Snechameleon","floor":22,"turns":4},{"damage":9,"enemies":"conspire:SneckoGhost","floor":24,"turns":5},{"damage":9,"enemies":"Gremlin Leader","floor":25,"turns":3},{"damage":0,"enemies":"conspire:SneckoGhost","floor":27,"turns":3},{"damage":0,"enemies":"Book of Stabbing","floor":29,"turns":2},{"damage":0,"enemies":"conspire:SneckoGhost","floor":30,"turns":2},{"damage":0,"enemies":"Slavers","floor":31,"turns":3},{"damage":0,"enemies":"conspire:MysteriousRune","floor":33,"turns":4},{"damage":0,"enemies":"3 Darklings","floor":35,"turns":3},{"damage":0,"enemies":"3 Shapes","floor":36,"turns":2},{"damage":0,"enemies":"R_Hoarder","floor":41,"turns":3},{"damage":0,"enemies":"Giant Head","floor":42,"turns":2},{"damage":0,"enemies":"Nemesis","floor":44,"turns":3},{"damage":0,"enemies":"Spire Growth","floor":45,"turns":2},{"damage":0,"enemies":"Nightmare","floor":46,"turns":3},{"damage":0,"enemies":"R_Hoarder","floor":47,"turns":3},{"damage":0,"enemies":"Nemesis","floor":48,"turns":3},{"damage":0,"enemies":"Time Eater","floor":50,"turns":4},{"damage":0,"enemies":"2 Louse","floor":52,"turns":1},{"damage":0,"enemies":"Small Slimes","floor":53,"turns":1},{"damage":0,"enemies":"Lagavulin","floor":54,"turns":2},{"damage":0,"enemies":"Gremlin Nob","floor":57,"turns":1},{"damage":0,"enemies":"Lagavulin","floor":58,"turns":1},{"damage":62,"enemies":"Nightmare","floor":59,"turns":4},{"damage":0,"enemies":"Gremlin Nob","floor":62,"turns":1},{"damage":0,"enemies":"3 Sentries","floor":64,"turns":2},{"damage":0,"enemies":"Jaw Worm","floor":65,"turns":2},{"damage":0,"enemies":"The Guardian","floor":67,"turns":3},{"damage":0,"enemies":"Spheric Guardian","floor":69,"turns":2},{"damage":0,"enemies":"conspire:FuzzyDice","floor":73,"turns":2},{"damage":0,"enemies":"Book of Stabbing","floor":74,"turns":2},{"damage":0,"enemies":"Gremlin Leader","floor":75,"turns":2},{"damage":0,"enemies":"Book of Stabbing","floor":76,"turns":2},{"damage":0,"enemies":"conspire:SneckoGhost","floor":78,"turns":2},{"damage":0,"enemies":"Slavers","floor":79,"turns":2},{"damage":0,"enemies":"Book of Stabbing","floor":80,"turns":2},{"damage":0,"enemies":"Replay:Snechameleon","floor":81,"turns":2},{"damage":0,"enemies":"Pondfish","floor":84,"turns":2},{"damage":0,"enemies":"3 Shapes","floor":86,"turns":1},{"damage":0,"enemies":"R_Hoarder","floor":90,"turns":2},{"damage":0,"enemies":"Nemesis","floor":91,"turns":1},{"damage":0,"enemies":"Reptomancer","floor":92,"turns":1},{"damage":0,"enemies":"R_Hoarder","floor":93,"turns":2},{"damage":0,"enemies":"Reptomancer","floor":97,"turns":2},{"damage":0,"enemies":"R_Hoarder","floor":99,"turns":2},{"damage":0,"enemies":"Time Eater","floor":101,"turns":3}],"seed_played":"-6165796334704956501","potions_obtained":[{"floor":1,"key":"ColorlessPotion"},{"floor":2,"key":"Explosive Potion"},{"floor":10,"key":"EssenceOfSteel"},{"floor":22,"key":"Regen Potion"},{"floor":25,"key":"BlessingOfTheForge"},{"floor":27,"key":"Explosive Potion"},{"floor":29,"key":"Strength Potion"},{"floor":41,"key":"Ancient Potion"},{"floor":46,"key":"DuplicationPotion"},{"floor":52,"key":"Weak Potion"},{"floor":58,"key":"Swift Potion"},{"floor":73,"key":"SneckoOil"},{"floor":78,"key":"Toxic Potion"},{"floor":92,"key":"CunningPotion"}],"is_trial":true,"path_per_floor":["M","M","?","$","T","E","E","R","T","E","E","R","E","$","R","B",null,"M","?","$","T","E","R","E","E","T","E","AVR","E","E","E","R","B",null,"M","M","$","AVR","?","R","E","E","T","E","M","NM","E","E","R","B",null,"M","M","E","$","$","E","E","NM","T","R","E","AVR","E","M","R","B",null,"M","?","?","$","M","E","E","E","T","E","E","E","E","AVR","R","B",null,"M","$","?","?","E","E","E","E","T","AVR","T","E","$","E","R","B",null],"character_chosen":"THE_SILENT","items_purchased":["Noxious Fumes","Accuracy","Deflect","Infinite Blades","Finesse","hexamod:BolsterEngine","conspire:Banana+1","Apotheosis+1"],"campfire_rested":3,"item_purchase_floors":[4,20,20,37,37,37,56,72],"current_hp_per_floor":[70,70,70,70,70,56,42,41,41,33,9,38,31,31,57,45,58,58,44,44,44,35,41,32,23,23,28,28,28,28,28,46,49,61,61,61,64,64,67,67,67,70,70,73,73,73,73,73,73,73,73,73,73,73,73,76,81,81,28,28,83,90,90,93,95,95,97,97,99,99,102,105,107,107,107,109,109,111,113,116,121,121,121,123,123,125,125,125,125,128,130,130,135,135,138,138,141,141,144,144,147,147,147],"gold":349,"neow_bonus":"","is_daily":false,"chose_seed":false,"campfire_upgraded":14,"win_rate":0.0,"timestamp":1610092499,"path_taken":["M","?","?","$","?","E","E","R","T","E","E","R","E","$","R","BOSS","M","?","$","?","?","R","E","E","T","E","AVR","E","E","E","R","BOSS","M","?","$","AVR","?","R","?","E","T","E","?","NM","E","E","R","BOSS","M","?","?","?","$","E","E","NM","T","R","E","AVR","E","M","R","BOSS","M","?","?","$","?","E","E","E","T","E","E","E","E","AVR","R","BOSS","M","$","?","?","?","E","E","E","T","AVR","?","E","$","E","R","BOSS"],"items_purchased_type":["Card","Card","Card","Card","Card","Relic","Card","Card"],"build_version":"2020-12-22","purchased_purges":10,"victory":false,"max_hp_per_floor":[70,70,70,70,70,77,77,77,77,77,77,77,77,77,77,77,58,58,58,58,58,58,58,58,58,58,58,58,58,58,58,58,61,61,61,61,64,64,67,67,67,70,70,73,73,73,73,73,73,73,73,73,73,73,73,76,81,81,86,86,86,91,91,93,95,95,97,97,99,99,102,105,107,107,107,109,109,111,113,116,121,121,121,123,123,125,125,125,125,128,130,130,135,135,138,138,141,141,144,144,147,147,147],"card_choices":[{"not_picked":["Catalyst","Blade Dance"],"picked":"Dodge and Roll","floor":0},{"not_picked":["Underhanded Strike","Toxin Wave"],"picked":"Accuracy","floor":0},{"not_picked":["Choke","Deadly Poison"],"picked":"Backstab","floor":0},{"not_picked":["Hidden Blade","hubris:SlightOfHand"],"picked":"Blade Dance","floor":0},{"not_picked":["StuffTheSpire:Python","Poisoned Stab"],"picked":"Backflip","floor":0},{"not_picked":["PiercingWail","Toxin Wave"],"picked":"Terror","floor":0},{"not_picked":["Poisoned Stab","ReplayTheSpireMod:Exploit Weakness"],"picked":"Cloak And Dagger","floor":0},{"not_picked":["Acrobatics","Sneak Up"],"picked":"Dodge and Roll","floor":0},{"not_picked":["Deflect","Poisoned Stab"],"picked":"Noxious Fumes","floor":0},{"not_picked":["Slice","StuffTheSpire:Incantation"],"picked":"Noxious Fumes","floor":0},{"not_picked":["Quick Slash","StuffTheSpire:Fury"],"picked":"Bane","floor":0},{"not_picked":["Riddle With Holes","StuffTheSpire:Sprint"],"picked":"Dagger Spray","floor":0},{"not_picked":["Bouncing Flask","Sucker Punch"],"picked":"Blade Dance","floor":0},{"not_picked":["Predator","Quick Slash"],"picked":"Cloak And Dagger","floor":0},{"not_picked":["Acrobatics","Dagger Throw"],"picked":"Blade Dance","floor":0},{"not_picked":["StuffTheSpire:Injection","Quick Slash"],"picked":"Cloak And Dagger","floor":1},{"not_picked":["Flying Knee","Cloak And Dagger","Deadly Poison"],"picked":"SKIP","floor":2},{"not_picked":["Burst","infinitespire:Neurotoxin","Unload"],"picked":"SKIP","floor":6},{"not_picked":["Storm of Steel","aspiration:Lunge","Doppelganger"],"picked":"SKIP","floor":7},{"not_picked":["ReplayTheSpireMod:Necrosis","Wraith Form v2","Glass Knife"],"picked":"SKIP","floor":10},{"not_picked":["Night Terror","Storm of Steel","Atom Bomb"],"picked":"SKIP","floor":11},{"not_picked":["Bullet Time","ReplayTheSpireMod:From All Sides","Envenom"],"picked":"SKIP","floor":13},{"not_picked":["Backflip","PiercingWail","Quick Slash"],"picked":"SKIP","floor":18},{"not_picked":["infinitespire:SealOfDarkness+","infinitespire:Menacing"],"picked":"Replay:Fractal Strike","floor":19},{"not_picked":["ReplayTheSpireMod:From All Sides","infinitespire:Neurotoxin","Unload"],"picked":"SKIP","floor":22},{"not_picked":["Wraith Form v2","Corpse Explosion","Glass Knife"],"picked":"SKIP","floor":24},{"not_picked":["Malaise","Phantasmal Killer","Night Terror"],"picked":"SKIP","floor":25},{"not_picked":["Poison Darts","Tools of the Trade","aspiration:Lunge"],"picked":"SKIP","floor":27},{"not_picked":["ReplayTheSpireMod:Necrosis","A Thousand Cuts","Glass Knife"],"picked":"SKIP","floor":29},{"not_picked":["Doppelganger","Storm of Steel","Venomology"],"picked":"SKIP","floor":30},{"not_picked":["Die Die Die","Bullet Time","Atom Bomb"],"picked":"SKIP","floor":31},{"not_picked":["Malaise","Wraith Form v2"],"picked":"After Image","floor":33},{"not_picked":["Poisoned Stab","StuffTheSpire:Sprint","Draining Mist"],"picked":"SKIP","floor":35},{"not_picked":["Dagger Spray+1","Slice","Sneak Up"],"picked":"SKIP","floor":36},{"not_picked":["Burst","Atom Bomb","Wraith Form v2"],"picked":"SKIP","floor":41},{"not_picked":["Die Die Die","Doppelganger"],"picked":"Adrenaline","floor":42},{"not_picked":["Glass Knife","Envenom"],"picked":"After Image","floor":44},{"not_picked":["Outmaneuver","StuffTheSpire:Sprint","Dodge and Roll"],"picked":"SKIP","floor":45},{"not_picked":["infinitespire:Neurotoxin","Burst","Wraith Form v2"],"picked":"SKIP","floor":46},{"not_picked":["Storm of Steel","ReplayTheSpireMod:Necrosis","Envenom"],"picked":"SKIP","floor":47},{"not_picked":["ReplayTheSpireMod:Necrosis","Venomology","Tools of the Trade","Fiend Fire"],"picked":"SKIP","floor":48},{"not_picked":["hubris:TrickCloak","Cold Snap","Poisoned Stab","Compile Driver","StuffTheSpire:RagingBull"],"picked":"SKIP","floor":52},{"not_picked":["Sweeping Beam","Stack","Accuracy","Deflect","Wild Strike"],"picked":"SKIP","floor":53},{"not_picked":["After Image","StuffTheSpire:LaunchingStrike","Multi-Cast+1","ReplayRNGCard+1","Feed"],"picked":"SKIP","floor":54},{"not_picked":["StuffTheSpire:ForEach+1","StuffTheSpire:Purify+1","hubris:Prefetch+1","ReplayTheSpireMod:Necrosis+1"],"picked":"Berserk","floor":57},{"not_picked":["Mirror Shield+1","Envenom","Amplify+1","Storm of Steel+1","Offering"],"picked":"SKIP","floor":58},{"not_picked":["hubris:InfiniteBlow+4","infinitespire:DeathsTouch"],"picked":"infinitespire:UltimateForm","floor":59},{"not_picked":["StuffTheSpire:Purify+1","Buffer","hubris:DoWhile+1","StuffTheSpire:LaunchingStrike","Feed"],"picked":"SKIP","floor":59},{"not_picked":["After Image","hubris:DoWhile+1","Buffer","ReplayTheSpireMod:Necrosis+1"],"picked":"Juggernaut","floor":62},{"not_picked":["Mirror Shield+1","Die Die Die","Hyperbeam","After Image","Reaper"],"picked":"SKIP","floor":64},{"not_picked":["Deadly Poison+1","Beam Cell","StuffTheSpire:BumpUp","StuffTheSpire:ClusterCrunch","Defy Death"],"picked":"SKIP","floor":65},{"not_picked":["Crippling Poison+1","Blizzard","Redo+1","StuffTheSpire:Incantation+1","Power Through"],"picked":"SKIP","floor":69},{"not_picked":["expansioncontent:QuickStudy+1","expansioncontent:HyperBeam","Secret Weapon+1"],"picked":"ReplayUltimateDefense","floor":71},{"not_picked":["StuffTheSpire:Coldhearted+1","ReplaySort+1","Defragment","Aggregate+1","Wild Strike"],"picked":"SKIP","floor":73},{"not_picked":["After Image","A Thousand Cuts","StuffTheSpire:EventHorizon+1","ReplayTheSpireMod:Omega Cannon","conspire:HitWhereItHurts"],"picked":"SKIP","floor":74},{"not_picked":["Thunder Strike","aspiration:Lunge","hubris:SpecializedCircuitry","Corpse Explosion+1","Fiend Fire"],"picked":"SKIP","floor":75},{"not_picked":["Storm of Steel+1","ReplayTheSpireMod:From All Sides","ReplayRNGCard+1","Buffer","hubris:StunningStrike"],"picked":"SKIP","floor":76},{"not_picked":["Night Terror+1","Poison Darts+1","Thunder Strike","A Thousand Cuts","Replay:Many Hands"],"picked":"SKIP","floor":78},{"not_picked":["Hyperbeam","Machine Learning","Bullet Time+1","Phantasmal Killer+1","hubris:StunningStrike"],"picked":"SKIP","floor":79},{"not_picked":["Echo Form","Machine Learning","Bullet Time+1","Biased Cognition"],"picked":"Barricade","floor":80},{"not_picked":["Storm of Steel+1","All For One","Creative AI","Offering"],"picked":"Adrenaline+1","floor":81},{"not_picked":["Sucker Punch+1","Leap+1","ReplaySolidLightProjector+1","Outmaneuver+1","Sword Boomerang"],"picked":"SKIP","floor":86},{"not_picked":["Poison Darts+1","Fission+1","Amplify+1","Eclipse"],"picked":"Echo Form","floor":90},{"not_picked":["Unload","Reboot+1","After Image","Phantasmal Killer+1","Corruption"],"picked":"SKIP","floor":91},{"not_picked":["Meteor Strike","Thunder Strike","Multi-Cast+1","StuffTheSpire:Purify+1","Exhume"],"picked":"SKIP","floor":92},{"not_picked":["Seek+1","StuffTheSpire:EventHorizon+1","Night Terror+1","hubris:Prefetch+1","Barricade"],"picked":"SKIP","floor":93},{"not_picked":["Replay:Bag of Tricks+1","Corpse Explosion+1","Amplify+1","Meteor Strike","hubris:StunningStrike"],"picked":"SKIP","floor":97},{"not_picked":["Replay:Bag of Tricks+1","Corpse Explosion+1","Amplify+1","Meteor Strike","hubris:StunningStrike"],"picked":"SKIP","floor":97},{"not_picked":["Buffer","All For One","Poison Darts+1","Core Surge","Double Tap"],"picked":"SKIP","floor":99}],"player_experience":632641,"relics_obtained":[{"floor":5,"key":"Gremlin Food"},{"floor":6,"key":"Strawberry"},{"floor":7,"key":"halation:SwordOfLegend"},{"floor":9,"key":"Potion Belt"},{"floor":10,"key":"trackpad:SappingStone"},{"floor":11,"key":"aspiration:SneckoTail"},{"floor":13,"key":"Replay:Bottled Steam"},{"floor":21,"key":"hubris:SlimyHat"},{"floor":22,"key":"Akabeko"},{"floor":24,"key":"StuffTheSpire:Experiment12"},{"floor":25,"key":"Quantum Egg"},{"floor":26,"key":"Mercury Hourglass"},{"floor":29,"key":"Replay:Ringing Soul"},{"floor":30,"key":"trackpad:AdjectivePendant"},{"floor":31,"key":"Regal Pillow"},{"floor":41,"key":"Snack Pack"},{"floor":42,"key":"hubris:DuctTape"},{"floor":43,"key":"conspire:Dentures"},{"floor":44,"key":"hubris:CrystalStatue"},{"floor":46,"key":"Happy Flower"},{"floor":47,"key":"hubris:DisguiseKit"},{"floor":48,"key":"vexMod:MemoryStick"},{"floor":54,"key":"Toxic Egg 2"},{"floor":57,"key":"halation:WeightlessCrab"},{"floor":58,"key":"StuffTheSpire:Nightcore"},{"floor":59,"key":"trackpad:AncestralArmaments"},{"floor":60,"key":"infinitespire:CheckeredPen"},{"floor":62,"key":"Lantern"},{"floor":64,"key":"trackpad:WeightlessShivs"},{"floor":74,"key":"The Courier"},{"floor":74,"key":"hubris:Potato"},{"floor":75,"key":"Kunai"},{"floor":75,"key":"halation:PenCase"},{"floor":76,"key":"aspiration:Stabinomicon"},{"floor":76,"key":"infinitespire:WardingShard"},{"floor":77,"key":"trackpad:CultistFigurine"},{"floor":78,"key":"aspiration:SeaSaltIceCream"},{"floor":78,"key":"Mummified Hand"},{"floor":79,"key":"TungstenRod"},{"floor":79,"key":"infinitespire:Bottled Soul"},{"floor":80,"key":"Paper Crane"},{"floor":80,"key":"Replay:Arrowhead"},{"floor":81,"key":"Replay:WaspNest"},{"floor":81,"key":"Byrd Skull"},{"floor":90,"key":"champ:DuelingGlove"},{"floor":90,"key":"conspire:InfiniteJournal"},{"floor":91,"key":"hubris:GlazedTorus"},{"floor":92,"key":"Tough Bandages"},{"floor":92,"key":"halation:AfternoonTea"},{"floor":93,"key":"Bird Faced Urn"},{"floor":93,"key":"aspiration:AnachronicSnailShell"},{"floor":94,"key":"Whetstone"},{"floor":96,"key":"Shuriken"},{"floor":97,"key":"infinitespire:Eraser"},{"floor":97,"key":"StuffTheSpire:Wildfire"},{"floor":99,"key":"StuffTheSpire:Tea"},{"floor":99,"key":"Unceasing Top"}],"event_choices":[{"damage_healed":0,"gold_gain":0,"player_choice":"Copied","damage_taken":0,"max_hp_gain":0,"max_hp_loss":0,"event_name":"Duplicator","floor":39,"gold_loss":0,"cards_obtained":["Finesse"]},{"damage_healed":0,"gold_gain":5,"player_choice":"1","damage_taken":0,"max_hp_gain":0,"max_hp_loss":0,"event_name":"betterStone:BetterStone","floor":71,"gold_loss":0},{"damage_healed":0,"gold_gain":100,"player_choice":"Pray","damage_taken":0,"max_hp_gain":0,"max_hp_loss":0,"event_name":"Golden Shrine","floor":89,"gold_loss":0}],"is_beta":false,"boss_relics":[{"not_picked":["Painkiller Herb","vexMod:FluxCapacitor"],"picked":"Replay:Drink Me"},{"not_picked":["aspiration:PoetsPen_weak","energizedSpire:StickyHand"],"picked":"vexMod:TanglingVine"},{"not_picked":["energizedSpire:EnergizedDie","aspiration:FutureDiary"],"picked":"aspiration:DefectSkillbook"},{"not_picked":["hubris:RunicObelisk","vexMod:EndlessSickness"],"picked":"Black Star"},{"not_picked":["energizedSpire:PogoStick","hubris:HollowSoul"],"picked":"Replay:Bronze Core"},{"not_picked":["trackpad:Trackpad","energizedSpire:RedRose"],"picked":"SacredBark"}],"items_purged_floors":[14,20,28,37,38,55,82,87,95,98],"is_endless":true,"potions_floor_spawned":[1,2,10,22,25,27,29,41,42,44,46,52,58,59,62,64,73,78,81,91,92,93],"ascension_level":1}}