{"host":"l60rmjjsfi0fipmi","time":1610145289,"event":{"mods":["BaseMod","Colored Map","DeckTracker","Highlight Path","Minty Spire (QoL Compilation)"],"gold_per_floor":[118,132,132,132,151,151,185,199,225,239,74,88,115,126,126,230,230,249,10,10,26,26,26,75,103,103,103,114,148,148,98,98,193,193,210,210,222,172,172,172,188,207,207,207,207,235,285,366,366,366],"floor_reached":51,"playtime":3260,"items_purged":["Strike_R","Strike_R","Strike_R"],"score":732,"play_id":"45e85d66-c6bb-433e-bb2c-bc5f2d698ce9","local_time":"20210108173449","is_ascension_mode":true,"campfire_choices":[{"data":"Cleave","floor":6,"key":"SMITH"},{"data":"Iron Wave","floor":15,"key":"SMITH"},{"data":"Flame Barrier","floor":23,"key":"SMITH"},{"data":"Uppercut","floor":27,"key":"SMITH"},{"floor":32,"key":"REST"},{"data":"Armaments","floor":40,"key":"SMITH"},{"floor":45,"key":"REST"},{"floor":49,"key":"REST"}],"circlet_count":0,"master_deck":["Strike_R","Strike_R","Defend_R","Defend_R","Defend_R","Defend_R","Cleave+1","Iron Wave+1","Flex","Clothesline","Headbutt","Heavy Blade","Battle Trance","Anger","Iron Wave","Uppercut+1","Spot Weakness","Limit Break","CurseOfTheBell","Rampage","Flame Barrier+1","Twin Strike+1","Armaments+1","Writhe","Exhume","Battle Trance+1","Armaments+1","Seeing Red+1"],"relics":["Burning Blood","Blood Vial","Tiny Chest","Potion Belt","Calling Bell","Smiling Mask","Mercury Hourglass","Ice Cream","HornCleat","Art of War","White Beast Statue","Ginger","Oddly Smooth Stone","Lizard Tail","SacredBark","Boot","Thread and Needle","InkBottle","StoneCalendar","Ornamental Fan"],"acts_visited":["Exordium","TheCity","TheBeyond"],"potions_floor_usage":[7,16,16,25,29,29,33,33,33,41,50,50,50,50,50],"damage_taken":[{"damage":5,"enemies":"Cultist","floor":1,"turns":4},{"damage":12,"enemies":"Small Slimes","floor":2,"turns":5},{"damage":7,"enemies":"Jaw Worm","floor":5,"turns":4},{"damage":36,"enemies":"Lagavulin","floor":7,"turns":8},{"damage":6,"enemies":"3 Louse","floor":8,"turns":4},{"damage":4,"enemies":"Red Slaver","floor":10,"turns":4},{"damage":6,"enemies":"Exordium Wildlife","floor":12,"turns":3},{"damage":17,"enemies":"3 Sentries","floor":13,"turns":6},{"damage":2,"enemies":"Looter","floor":14,"turns":2},{"damage":27,"enemies":"The Guardian","floor":16,"turns":7},{"damage":3,"enemies":"Spheric Guardian","floor":18,"turns":3},{"damage":21,"enemies":"Shell Parasite","floor":21,"turns":5},{"damage":25,"enemies":"Slavers","floor":25,"turns":5},{"damage":9,"enemies":"Cultist and Chosen","floor":28,"turns":6},{"damage":19,"enemies":"Book of Stabbing","floor":29,"turns":5},{"damage":73,"enemies":"Collector","floor":33,"turns":11},{"damage":21,"enemies":"Orb Walker","floor":35,"turns":5},{"damage":28,"enemies":"3 Darklings","floor":37,"turns":5},{"damage":30,"enemies":"Transient","floor":41,"turns":5},{"damage":7,"enemies":"4 Shapes","floor":42,"turns":7},{"damage":17,"enemies":"Reptomancer","floor":46,"turns":6},{"damage":1,"enemies":"Mind Bloom Boss Battle","floor":47,"turns":8},{"damage":48,"enemies":"Time Eater","floor":50,"turns":11}],"seed_played":"5718621414974517936","potions_obtained":[{"floor":4,"key":"Swift Potion"},{"floor":4,"key":"Swift Potion"},{"floor":4,"key":"LiquidMemories"},{"floor":5,"key":"SteroidPotion"},{"floor":7,"key":"SmokeBomb"},{"floor":13,"key":"BloodPotion"},{"floor":14,"key":"Energy Potion"},{"floor":21,"key":"Regen Potion"},{"floor":25,"key":"LiquidBronze"},{"floor":28,"key":"Dexterity Potion"},{"floor":29,"key":"FearPotion"},{"floor":33,"key":"SpeedPotion"},{"floor":35,"key":"Block Potion"},{"floor":37,"key":"Dexterity Potion"},{"floor":41,"key":"FearPotion"},{"floor":42,"key":"SmokeBomb"},{"floor":46,"key":"SpeedPotion"},{"floor":47,"key":"Explosive Potion"}],"is_trial":false,"path_per_floor":["M","M","?","?","M","R","E","M","T","M","$","M","E","M","R","B",null,"M","$","?","M","?","R","T","E","T","R","M","E","?","$","R","B",null,"M","?","M","$","T","R","M","M","T","?","R","E","?","T","R","B",null],"character_chosen":"IRONCLAD","items_purchased":["Battle Trance","Anger","HornCleat"],"campfire_rested":3,"item_purchase_floors":[11,11,19],"current_hp_per_floor":[80,74,79,79,78,78,48,50,50,54,54,56,47,53,53,51,85,85,85,85,70,58,58,58,41,41,41,40,43,43,43,68,48,85,70,70,50,50,50,50,28,29,29,29,54,45,52,52,77,37],"gold":366,"neow_bonus":"UPGRADE_CARD","is_daily":false,"chose_seed":false,"campfire_upgraded":5,"win_rate":0.0,"timestamp":1610145289,"path_taken":["M","M","?","?","M","R","E","M","T","?","$","M","E","M","R","BOSS","M","$","?","M","?","R","?","E","T","R","?","E","?","$","R","BOSS","M","?","M","$","?","R","?","M","T","?","R","E","?","?","R","BOSS"],"items_purchased_type":["Card","Card","Relic"],"build_version":"2020-12-22","purchased_purges":3,"victory":true,"max_hp_per_floor":[80,80,85,85,85,85,85,85,85,85,85,85,85,85,85,85,85,85,85,85,85,85,85,85,85,85,85,85,85,85,85,85,85,85,85,85,85,85,85,85,85,85,85,85,85,85,85,85,85,85],"card_choices":[{"not_picked":["Feel No Pain","Flex"],"picked":"Cleave","floor":1},{"not_picked":["Anger","Havoc"],"picked":"Iron Wave","floor":2},{"not_picked":["Dark Embrace","Whirlwind"],"picked":"Flex","floor":5},{"not_picked":["True Grit","Dark Embrace"],"picked":"Clothesline","floor":7},{"not_picked":["Bludgeon","Iron Wave"],"picked":"Headbutt","floor":8},{"not_picked":["Evolve","Thunderclap"],"picked":"Heavy Blade","floor":10},{"not_picked":["Flex","Heavy Blade"],"picked":"Iron Wave","floor":12},{"not_picked":["Ghostly Armor","Cleave"],"picked":"Uppercut","floor":13},{"not_picked":["Body Slam","Heavy Blade"],"picked":"Spot Weakness","floor":14},{"not_picked":["Juggernaut","Exhume"],"picked":"Limit Break","floor":16},{"not_picked":["Heavy Blade","Flex"],"picked":"Rampage","floor":18},{"not_picked":["Sever Soul","Bloodletting+1","Headbutt"],"picked":"SKIP","floor":21},{"not_picked":["Wild Strike+1","Thunderclap","Headbutt"],"picked":"SKIP","floor":25},{"not_picked":["Shrug It Off","Iron Wave"],"picked":"Twin Strike+1","floor":28},{"not_picked":["Headbutt+1","Flame Barrier+1"],"picked":"Armaments","floor":29},{"not_picked":["Fiend Fire","Limit Break"],"picked":"Exhume","floor":33},{"not_picked":["Flex","Thunderclap"],"picked":"Battle Trance+1","floor":35},{"not_picked":["Burning Pact+1","Reckless Charge","Sentinel"],"picked":"SKIP","floor":37},{"not_picked":["Dark Embrace","Blood for Blood"],"picked":"Armaments+1","floor":41},{"not_picked":["Perfected Strike+1","Power Through"],"picked":"Seeing Red+1","floor":42},{"not_picked":["Iron Wave","Warcry","Rupture"],"picked":"SKIP","floor":46}],"player_experience":276679,"relics_obtained":[{"floor":7,"key":"Blood Vial"},{"floor":9,"key":"Tiny Chest"},{"floor":13,"key":"Potion Belt"},{"floor":17,"key":"Smiling Mask"},{"floor":17,"key":"Mercury Hourglass"},{"floor":17,"key":"Ice Cream"},{"floor":24,"key":"Art of War"},{"floor":25,"key":"White Beast Statue"},{"floor":26,"key":"Ginger"},{"floor":29,"key":"Oddly Smooth Stone"},{"floor":39,"key":"Boot"},{"floor":43,"key":"Thread and Needle"},{"floor":46,"key":"InkBottle"},{"floor":47,"key":"StoneCalendar"},{"floor":48,"key":"Ornamental Fan"}],"event_choices":[{"damage_healed":0,"gold_gain":0,"player_choice":"Donut","damage_taken":0,"max_hp_gain":5,"max_hp_loss":0,"event_name":"Big Fish","floor":3,"gold_loss":0},{"damage_healed":0,"gold_gain":0,"player_choice":"Got Potions","damage_taken":0,"max_hp_gain":0,"max_hp_loss":0,"event_name":"Lab","floor":4,"gold_loss":0},{"damage_healed":0,"gold_gain":0,"player_choice":"Read","damage_taken":0,"max_hp_gain":0,"max_hp_loss":0,"event_name":"The Library","floor":20,"gold_loss":0,"cards_obtained":["Flame Barrier"]},{"damage_healed":0,"gold_gain":0,"player_choice":"POTION ","damage_taken":12,"max_hp_gain":0,"max_hp_loss":0,"event_name":"Knowing Skull","floor":22,"potions_obtained":["BlessingOfTheForge"],"gold_loss":0,"cards_obtained":[]},{"damage_healed":0,"gold_gain":0,"player_choice":"Opened","damage_taken":0,"relics_obtained":["Lizard Tail"],"max_hp_gain":0,"max_hp_loss":0,"event_name":"The Mausoleum","floor":30,"gold_loss":0,"cards_obtained":["Writhe"]},{"damage_healed":0,"gold_gain":0,"player_choice":"Ignored","damage_taken":0,"max_hp_gain":0,"max_hp_loss":0,"event_name":"Tomb of Lord Red Mask","floor":36,"gold_loss":0},{"cards_removed":["Bash"],"damage_healed":0,"gold_gain":0,"player_choice":"Removed Attack","damage_taken":0,"max_hp_gain":0,"max_hp_loss":0,"event_name":"Falling","floor":44,"gold_loss":0},{"damage_healed":0,"gold_gain":0,"player_choice":"Fight","damage_taken":0,"max_hp_gain":0,"max_hp_loss":0,"event_name":"MindBloom","floor":47,"gold_loss":0}],"is_beta":false,"boss_relics":[{"not_picked":["Ectoplasm","Philosopher\u0027s Stone"],"picked":"Calling Bell"},{"not_picked":["Sozu","Pandora\u0027s Box"],"picked":"SacredBark"}],"items_purged_floors":[11,31,38],"is_endless":false,"potions_floor_spawned":[5,7,13,14,21,25,28,29,33,35,37,41,42,46,47],"ascension_level":1}}