{"host":"7krnriczr1b2ou5r","time":1610083263,"event":{"mods":["BaseMod","Keyboard Shortcuts","Minty Spire (QoL Compilation)","Relic Stats","StSLib"],"gold_per_floor":[110,51,64,80,97,97,125,140,140,140,65,65,65,100,100,174,174,187,200,200,100,120,153,172,172,172,172,200,200,212,245,245,318,318,329,346,364,364,382,409,409,444,444,472,492,260,285,303,303,303,303],"floor_reached":52,"playtime":2511,"items_purged":["Strike_G","Strike_G","Defend_G"],"score":2424,"play_id":"519e7f1d-4e4e-4848-be14-5fa766cd63cb","local_time":"20210108142103","is_ascension_mode":true,"campfire_choices":[{"data":"Concentrate","floor":6,"key":"SMITH"},{"data":"Prepared","floor":10,"key":"SMITH"},{"data":"A Thousand Cuts","floor":12,"key":"SMITH"},{"data":"Glass Knife","floor":15,"key":"SMITH"},{"data":"Envenom","floor":25,"key":"SMITH"},{"data":"Acrobatics","floor":27,"key":"SMITH"},{"data":"Blade Dance","floor":29,"key":"SMITH"},{"data":"Tactician","floor":32,"key":"SMITH"},{"data":"Adrenaline","floor":41,"key":"SMITH"},{"data":"Neutralize","floor":49,"key":"SMITH"}],"circlet_count":0,"master_deck":["AscendersBane","Defend_G","Survivor","Neutralize+1","Glass Knife+1","A Thousand Cuts+1","Concentrate+1","Reflex+1","Prepared+1","Acrobatics+1","Blade Dance+1","Envenom+1","Eviscerate+1","Well Laid Plans+1","Wraith Form v2+1","Escape Plan","Tactician+1","Acrobatics+1","Adrenaline+1","Prepared+1"],"relics":["Ring of the Serpent","Mercury Hourglass","Letter Opener","Boot","Astrolabe","Anchor","Darkstone Periapt","Ginger","Matryoshka","The Courier","Mummified Hand","Strawberry","TungstenRod","Kunai","TwistedFunnel","Unceasing Top"],"acts_visited":["Exordium","TheCity","TheBeyond"],"potions_floor_usage":[7,14,23,28,40,50],"damage_taken":[{"damage":1,"enemies":"Small Slimes","floor":1,"turns":3},{"damage":7,"enemies":"Cultist","floor":3,"turns":4},{"damage":0,"enemies":"2 Louse","floor":4,"turns":2},{"damage":6,"enemies":"Blue Slaver","floor":5,"turns":5},{"damage":30,"enemies":"Lagavulin","floor":7,"turns":6},{"damage":8,"enemies":"Exordium Wildlife","floor":8,"turns":3},{"damage":8,"enemies":"Gremlin Nob","floor":14,"turns":3},{"damage":20,"enemies":"Hexaghost","floor":16,"turns":8},{"damage":1,"enemies":"Spheric Guardian","floor":18,"turns":3},{"damage":3,"enemies":"2 Thieves","floor":19,"turns":4},{"damage":0,"enemies":"3 Cultists","floor":22,"turns":2},{"damage":3,"enemies":"Slavers","floor":23,"turns":2},{"damage":0,"enemies":"Sentry and Sphere","floor":24,"turns":2},{"damage":0,"enemies":"Gremlin Leader","floor":28,"turns":5},{"damage":0,"enemies":"Cultist and Chosen","floor":30,"turns":2},{"damage":4,"enemies":"Book of Stabbing","floor":31,"turns":3},{"damage":0,"enemies":"Champ","floor":33,"turns":2},{"damage":4,"enemies":"3 Darklings","floor":35,"turns":3},{"damage":0,"enemies":"Orb Walker","floor":36,"turns":1},{"damage":0,"enemies":"3 Darklings","floor":37,"turns":2},{"damage":0,"enemies":"Sphere and 2 Shapes","floor":39,"turns":2},{"damage":8,"enemies":"Nemesis","floor":40,"turns":2},{"damage":0,"enemies":"Reptomancer","floor":42,"turns":2},{"damage":0,"enemies":"Nemesis","floor":44,"turns":3},{"damage":0,"enemies":"Writhing Mass","floor":45,"turns":3},{"damage":0,"enemies":"Mind Bloom Boss Battle","floor":47,"turns":2},{"damage":0,"enemies":"Transient","floor":48,"turns":6},{"damage":1,"enemies":"Time Eater","floor":50,"turns":7},{"damage":0,"enemies":"Donu and Deca","floor":51,"turns":2}],"seed_played":"-1333775335855555334","potions_obtained":[{"floor":4,"key":"SteroidPotion"},{"floor":7,"key":"PowerPotion"},{"floor":14,"key":"GamblersBrew"},{"floor":22,"key":"Fire Potion"},{"floor":24,"key":"Regen Potion"},{"floor":28,"key":"GhostInAJar"},{"floor":37,"key":"SkillPotion"},{"floor":39,"key":"GamblersBrew"},{"floor":47,"key":"Ancient Potion"}],"is_trial":false,"path_per_floor":["M","?","M","M","M","R","E","M","T","R","$","R","$","E","R","B",null,"M","M","?","$","M","E","M","R","T","R","E","R","M","E","R","B",null,"M","M","M","?","M","E","R","E","T","E","M","$","?","M","R","B","B",null],"character_chosen":"THE_SILENT","items_purchased":["TwistedFunnel"],"campfire_rested":0,"item_purchase_floors":[46],"current_hp_per_floor":[58,58,51,51,45,45,15,37,37,37,37,37,37,29,29,9,52,51,48,48,48,48,45,45,45,45,45,59,59,59,55,55,55,63,59,59,59,59,59,51,51,51,58,58,58,58,58,58,58,57,57],"gold":303,"neow_bonus":"TRANSFORM_TWO_CARDS","is_daily":false,"chose_seed":false,"campfire_upgraded":10,"win_rate":0.0,"timestamp":1610083263,"path_taken":["M","?","M","M","M","R","E","M","T","R","$","R","?","E","R","BOSS","M","M","?","$","M","E","M","R","T","R","E","R","M","E","R","BOSS","M","M","M","?","M","E","R","E","T","E","M","$","?","M","R","BOSS","BOSS"],"items_purchased_type":["Relic"],"build_version":"2020-12-22","purchased_purges":3,"victory":true,"max_hp_per_floor":[66,66,66,66,66,66,66,66,66,66,66,66,66,66,66,66,66,66,66,66,66,66,66,66,66,66,66,66,66,66,66,66,66,66,66,66,66,66,66,66,66,66,73,73,73,73,73,73,73,73,73],"relic_stats":{"Darkstone Periapt":0,"counters":[29,93],"Mummified Hand":[29],"Astrolabe":["Eviscerate","Well Laid Plans","Wraith Form v2"],"Letter Opener":[452],"Ginger":[2],"Kunai":[34],"Boot":[328],"obtain_stats":[{"Darkstone Periapt":26,"TwistedFunnel":46,"Dead Branch":2,"Astrolabe":17,"The Courier":40,"Letter Opener":9,"Ginger":28,"Boot":14,"Mercury Hourglass":7,"Anchor":23,"Matryoshka":31,"Mummified Hand":42,"Strawberry":43,"Kunai":44,"Ring of the Serpent":34,"TungstenRod":43,"Unceasing Top":47,"Ring of the Snake":0},{"Darkstone Periapt":13,"TwistedFunnel":25,"Dead Branch":1,"Astrolabe":8,"The Courier":22,"Letter Opener":6,"Ginger":14,"Boot":7,"Mercury Hourglass":5,"Anchor":12,"Matryoshka":16,"Mummified Hand":23,"Strawberry":23,"Kunai":24,"Ring of the Serpent":17,"TungstenRod":23,"Unceasing Top":26,"Ring of the Snake":0},{"Darkstone Periapt":46,"TwistedFunnel":76,"Dead Branch":3,"Astrolabe":33,"The Courier":68,"Letter Opener":23,"Ginger":51,"Boot":26,"Mercury Hourglass":20,"Anchor":44,"Matryoshka":56,"Mummified Hand":70,"Strawberry":70,"Kunai":73,"Ring of the Serpent":58,"TungstenRod":70,"Unceasing Top":78,"Ring of the Snake":0}],"TungstenRod":4,"Unceasing Top":[0],"Mercury Hourglass":[297]},"card_choices":[{"not_picked":["Deadly Poison","Slice"],"picked":"Concentrate","floor":1},{"not_picked":["Dodge and Roll","Deflect","Sucker Punch"],"picked":"SKIP","floor":3},{"not_picked":["Blur","Setup"],"picked":"Prepared","floor":4},{"not_picked":["Prepared","PiercingWail"],"picked":"Acrobatics","floor":5},{"not_picked":["Backflip","Quick Slash"],"picked":"Blade Dance","floor":7},{"not_picked":["Cloak And Dagger","Glass Knife","Deadly Poison"],"picked":"SKIP","floor":8},{"not_picked":["Backflip","Poisoned Stab","Choke"],"picked":"SKIP","floor":14},{"not_picked":["Doppelganger","Glass Knife"],"picked":"Envenom","floor":16},{"not_picked":["Backstab","Dagger Spray","Endless Agony"],"picked":"SKIP","floor":18},{"not_picked":["Flying Knee","Cloak And Dagger","Dodge and Roll+1"],"picked":"SKIP","floor":19},{"not_picked":["Flying Knee","Dagger Throw","Deadly Poison"],"picked":"SKIP","floor":22},{"not_picked":["Slice","Unload"],"picked":"Escape Plan","floor":23},{"not_picked":["Underhanded Strike","PiercingWail","Dodge and Roll"],"picked":"SKIP","floor":24},{"not_picked":["Sucker Punch","Infinite Blades","Deflect"],"picked":"SKIP","floor":28},{"not_picked":["Flying Knee+1","Catalyst"],"picked":"Tactician","floor":30},{"not_picked":["Bullet Time","Poisoned Stab","Blade Dance"],"picked":"SKIP","floor":31},{"not_picked":["Die Die Die","Unload"],"picked":"Adrenaline","floor":33},{"not_picked":["Bouncing Flask","Footwork","Choke"],"picked":"SKIP","floor":35},{"not_picked":["Blade Dance+1","Dagger Spray","Outmaneuver"],"picked":"SKIP","floor":36},{"not_picked":["Underhanded Strike","Well Laid Plans"],"picked":"Prepared+1","floor":37},{"not_picked":["A Thousand Cuts","Skewer","Choke"],"picked":"SKIP","floor":39},{"not_picked":["Backflip","Cloak And Dagger","Underhanded Strike"],"picked":"SKIP","floor":40},{"not_picked":["Backflip+1","Blade Dance","Quick Slash"],"picked":"SKIP","floor":42},{"not_picked":["Outmaneuver","Flying Knee","Deadly Poison"],"picked":"SKIP","floor":44},{"not_picked":["Blade Dance","Dagger Spray+1","Setup+1"],"picked":"SKIP","floor":45},{"not_picked":["Blade Dance","Dagger Spray+1","Setup+1"],"picked":"SKIP","floor":45},{"not_picked":["All Out Attack","Acrobatics","Dagger Spray+1"],"picked":"SKIP","floor":48}],"player_experience":1069678,"relics_obtained":[{"floor":7,"key":"Mercury Hourglass"},{"floor":9,"key":"Letter Opener"},{"floor":14,"key":"Boot"},{"floor":23,"key":"Anchor"},{"floor":26,"key":"Darkstone Periapt"},{"floor":28,"key":"Ginger"},{"floor":31,"key":"Matryoshka"},{"floor":40,"key":"The Courier"},{"floor":42,"key":"Mummified Hand"},{"floor":43,"key":"Strawberry"},{"floor":43,"key":"TungstenRod"},{"floor":44,"key":"Kunai"},{"floor":47,"key":"Unceasing Top"}],"event_choices":[{"damage_healed":0,"gold_gain":0,"player_choice":"Paid Gold","damage_taken":0,"relics_obtained":["Dead Branch"],"max_hp_gain":0,"max_hp_loss":0,"event_name":"WeMeetAgain","floor":2,"gold_loss":59},{"cards_removed":["Defend_G"],"damage_healed":0,"gold_gain":0,"player_choice":"Purged","damage_taken":0,"max_hp_gain":0,"max_hp_loss":0,"event_name":"Purifier","floor":20,"gold_loss":0},{"damage_healed":0,"gold_gain":0,"player_choice":"Ignored","damage_taken":0,"max_hp_gain":0,"max_hp_loss":0,"event_name":"Tomb of Lord Red Mask","floor":38,"gold_loss":0},{"damage_healed":0,"gold_gain":0,"player_choice":"Fight","damage_taken":0,"max_hp_gain":0,"max_hp_loss":0,"event_name":"MindBloom","floor":47,"gold_loss":0}],"is_beta":false,"boss_relics":[{"not_picked":["HoveringKite","Cursed Key"],"picked":"Astrolabe"},{"not_picked":["Calling Bell","Tiny House"],"picked":"Ring of the Serpent"}],"items_purged_floors":[11,21,46],"is_endless":false,"potions_floor_spawned":[4,7,14,22,24,28,36,37,39,47,48],"ascension_level":20}}