{"host":"qq27suot6m8koe0b","time":1610097480,"event":{"mods":["Act Like it!","BaseMod","CapriCore","Chen","Gensokyo","GifTheSpireLib","Koishi","Marisa（霧雨　魔理沙）","Minty Spire (QoL Compilation)","Onozuka Komachi Mod","Reimu（博??梦）","StSLib","The Immortal","The Servant 0.9.4","Yakumo Yukari mod","Youmu（魂魄妖梦）","Yuyuko"],"gold_per_floor":[109,109,123,123,134,134,160,160,160,191,191,191,203,203,203,308,308,327,343,353,678,688,688,719,719,719,735,745,758,167,167,167,167,167],"floor_reached":33,"playtime":1894,"items_purged":[],"score":277,"play_id":"25437cfa-b9a4-449c-9ddf-187a4c8fafaf","local_time":"20210108171800","is_ascension_mode":false,"campfire_choices":[{"data":"ManaRampage","floor":6,"key":"SMITH"},{"data":"StarBarrage","floor":11,"key":"SMITH"},{"floor":15,"key":"RECALL"},{"floor":23,"key":"REST"},{"floor":25,"key":"REST"},{"floor":32,"key":"REST"}],"circlet_count":0,"master_deck":["Strike_MRS","Strike_MRS","Strike_MRS","Strike_MRS","Defend_MRS","Defend_MRS","Defend_MRS","Defend_MRS","MasterSpark","UpSweep","6A","Gensokyo:CrescentMoonSlash","StarBarrage+1","Gensokyo:MarisaTwilightSpark","DoubleSpark","6A","UltimateShortwave","MysteriousBeam","FinalSpark","ShootTheMoon","RefractionSpark+1","GasGiant+1","PowerUp+1","Gensokyo:LockedMedkit","Gensokyo:ScrapIron","Gensokyo:Taser"],"relics":["MiniHakkero","Letter Opener","Centennial Puzzle","Gensokyo:CelestialsFlawlessClothing","Gensokyo:OccultBall","SlaversCollar","Akabeko","SimpleLauncher","Sling","Medical Kit","Nunchaku"],"acts_visited":["Gensokyo:Gensokyo","Gensokyo:Gensokyoer"],"potions_floor_usage":[20,20,24,28],"damage_taken":[{"damage":4,"enemies":"Gensokyo:3_Fairies","floor":1,"turns":3},{"damage":0,"enemies":"Gensokyo:Gryphon","floor":3,"turns":3},{"damage":0,"enemies":"Gensokyo:Python","floor":5,"turns":1},{"damage":20,"enemies":"Gensokyo:Mamizou","floor":7,"turns":6},{"damage":2,"enemies":"Gensokyo:Cirno","floor":10,"turns":5},{"damage":2,"enemies":"Gensokyo:Kitsune","floor":13,"turns":2},{"damage":31,"enemies":"Gensokyo:Reimu","floor":16,"turns":10},{"damage":21,"enemies":"Gensokyo:Chomper","floor":18,"turns":4},{"damage":18,"enemies":"Gensokyo:3_Dogs","floor":19,"turns":3},{"damage":79,"enemies":"Gensokyo:Slime_Group","floor":20,"turns":10},{"damage":39,"enemies":"Gensokyo:Swordslinger","floor":22,"turns":5},{"damage":23,"enemies":"Gensokyo:Reisen","floor":24,"turns":5},{"damage":3,"enemies":"Gensokyo:3_Gloops","floor":27,"turns":4},{"damage":15,"enemies":"Gensokyo:Slime_Group","floor":28,"turns":4},{"damage":0,"enemies":"Gensokyo:Wraith","floor":29,"turns":3},{"damage":91,"enemies":"Gensokyo:Eternal_Rivals","floor":33,"turns":4}],"seed_played":"8925237348802327792","potions_obtained":[{"floor":3,"key":"BlessingOfTheForge"},{"floor":10,"key":"PowerPotion"},{"floor":16,"key":"MagicPotion:ReiMu"},{"floor":20,"key":"Fire Potion"},{"floor":24,"key":"Weak Potion"}],"is_trial":false,"path_per_floor":["M","?","M","?","M","R","E","?","T","E","R","?","M","?","R","B",null,"M","M","M","?","M","R","E","R","T","M","M","M","COS","?","R","B"],"character_chosen":"MARISA","items_purchased":[],"campfire_rested":3,"item_purchase_floors":[],"current_hp_per_floor":[64,54,54,54,54,54,34,34,34,44,44,27,37,37,37,18,68,47,41,44,44,5,25,2,22,22,19,4,4,4,4,22,0,0],"gold":167,"neow_bonus":"THREE_RARE_CARDS","is_daily":false,"chose_seed":false,"campfire_upgraded":2,"win_rate":0.0,"timestamp":1610097480,"path_taken":["M","?","M","?","?","R","E","?","T","E","R","?","M","?","R","BOSS","M","M","?","?","M","R","E","R","T","M","M","M","COS","?","R","BOSS"],"items_purchased_type":[],"build_version":"2020-12-22","purchased_purges":0,"victory":false,"max_hp_per_floor":[68,68,68,68,68,68,68,68,68,68,68,68,68,68,68,68,68,68,68,68,68,68,68,68,68,68,68,68,68,68,63,63,63,63],"card_choices":[{"not_picked":["SatelliteIllusion","MaximisePower"],"picked":"ManaRampage","floor":0},{"not_picked":["AsteroidBelt","IllusionStar"],"picked":"6A","floor":1},{"not_picked":["NonDirectionalLaser","DoubleSpark"],"picked":"StarBarrage","floor":3},{"not_picked":["IllusionStar","RefractionSpark"],"picked":"DoubleSpark","floor":5},{"not_picked":["GalacticHalo","OneTimeOff"],"picked":"6A","floor":7},{"not_picked":["AlicesGift","ShootingEcho"],"picked":"UltimateShortwave","floor":10},{"not_picked":["NonDirectionalLaser","6A"],"picked":"MysteriousBeam","floor":13},{"not_picked":["AbsoluteMagnitude","CollectingQuirk"],"picked":"FinalSpark","floor":16},{"not_picked":["GrandCross","IllusionStar","PulseMagic+1"],"picked":"SKIP","floor":18},{"not_picked":["DC","GravityBeat+1"],"picked":"ShootTheMoon","floor":19},{"not_picked":["PulseMagic","Acceleration","UnstableBomb"],"picked":"SKIP","floor":20},{"not_picked":["GalacticHalo","GasGiant"],"picked":"RefractionSpark+1","floor":22},{"not_picked":["ManaRampage","Singularity+1"],"picked":"GasGiant+1","floor":24},{"not_picked":["AsteroidBelt","Acceleration","GalacticHalo"],"picked":"SKIP","floor":27},{"not_picked":["OpenUniverse","AsteroidBelt+1"],"picked":"PowerUp+1","floor":28},{"not_picked":["MilkyWay+1","StarDustReverie","IllusionStar"],"picked":"SKIP","floor":29}],"player_experience":333098,"relics_obtained":[{"floor":7,"key":"Meat on the Bone"},{"floor":9,"key":"Letter Opener"},{"floor":10,"key":"Centennial Puzzle"},{"floor":16,"key":"Gensokyo:OccultBall"},{"floor":20,"key":"Gensokyo:OccultBall"},{"floor":24,"key":"Akabeko"},{"floor":28,"key":"Gensokyo:OccultBall"}],"event_choices":[],"is_beta":false,"boss_relics":[{"not_picked":["Astrolabe","Black Star"],"picked":"SlaversCollar"}],"items_purged_floors":[],"is_endless":false,"potions_floor_spawned":[3,10,16,19,20,24],"killed_by":"Gensokyo:Eternal_Rivals","ascension_level":0}}