{"host":"3ykswgue17e1ycc2","time":1610117079,"event":{"mods":["BaseMod","Colored Powertips","Dark Map","Minty Spire (QoL Compilation)","Quick Restart","Rare Cards Sparkle","StSLib"],"gold_per_floor":[111,128,142,142,160,160,199,278,278,298,318,318,359,378,378,507,507,528,297,297,315,330,330,374,393,444,456,481,493,505,536,548,656,668,696,724,534,534,553,579,579,113,138,138,138,155,155,182,182,182,182,182,19,47,47,47],"floor_reached":55,"playtime":2217,"items_purged":["Strike_B","Strike_B","Strike_B","Strike_B"],"score":901,"play_id":"44045a25-c1af-466b-9c78-cffba512fe55","local_time":"20210108214439","is_ascension_mode":true,"campfire_choices":[{"data":"Sunder","floor":6.0,"key":"SMITH"},{"data":"Zap","floor":12.0,"key":"SMITH"},{"data":"Beam Cell","floor":15.0,"key":"SMITH"},{"data":"White Noise","floor":23.0,"key":"SMITH"},{"floor":27.0,"key":"REST"},{"floor":32.0,"key":"REST"},{"data":"Chill","floor":41.0,"key":"SMITH"},{"data":"Defragment","floor":44.0,"key":"SMITH"},{"floor":47.0,"key":"RECALL"},{"floor":49.0,"key":"REST"},{"data":"Loop","floor":52,"key":"SMITH"}],"circlet_count":0,"master_deck":["Defend_B","Defend_B","Defend_B","Zap+1","Dualcast","Sunder+1","Gash","Conserve Battery","Beam Cell+1","Leap","Leap","Gash","Reinforced Body","Auto Shields","Gash","All For One","Hologram+1","Chill+1","White Noise+1","Capacitor+1","Loop+1","Gash","Beam Cell","Defragment+1","Necronomicurse","All For One","Panacea","Electrodynamics","Go for the Eyes+1"],"relics":["Cracked Core","Centennial Puzzle","Bloody Idol","Toy Ornithopter","Prayer Wheel","InkBottle","Mango","Nuclear Battery","OrangePellets","Dream Catcher","MawBank","Necronomicon","Busted Crown","Mummified Hand","Membership Card","Lizard Tail","Lantern","Potion Belt","Bottled Flame"],"acts_visited":["Exordium","TheCity","TheBeyond","TheEnding"],"potions_floor_usage":[50,50,55,55,55,55],"damage_taken":[{"damage":4.0,"enemies":"Jaw Worm","floor":1.0,"turns":4.0},{"damage":7.0,"enemies":"Small Slimes","floor":2.0,"turns":3.0},{"damage":0.0,"enemies":"2 Louse","floor":3.0,"turns":1.0},{"damage":6.0,"enemies":"Looter","floor":5.0,"turns":4.0},{"damage":16.0,"enemies":"3 Sentries","floor":7.0,"turns":5.0},{"damage":20.0,"enemies":"Lagavulin Event","floor":8.0,"turns":4.0},{"damage":5.0,"enemies":"3 Louse","floor":10.0,"turns":3.0},{"damage":0.0,"enemies":"Large Slime","floor":11.0,"turns":3.0},{"damage":3.0,"enemies":"Gremlin Nob","floor":13.0,"turns":3.0},{"damage":0.0,"enemies":"Blue Slaver","floor":14.0,"turns":2.0},{"damage":28.0,"enemies":"The Guardian","floor":16.0,"turns":9.0},{"damage":6.0,"enemies":"2 Thieves","floor":18.0,"turns":4.0},{"damage":7.0,"enemies":"Chosen","floor":21.0,"turns":2.0},{"damage":7.0,"enemies":"Centurion and Healer","floor":22.0,"turns":5.0},{"damage":44.0,"enemies":"Gremlin Leader","floor":24.0,"turns":5.0},{"damage":15.0,"enemies":"Shelled Parasite and Fungi","floor":25.0,"turns":4.0},{"damage":7.0,"enemies":"Chosen and Byrds","floor":28.0,"turns":7.0},{"damage":1.0,"enemies":"Centurion and Healer","floor":31.0,"turns":4.0},{"damage":27.0,"enemies":"Champ","floor":33.0,"turns":7.0},{"damage":1.0,"enemies":"Orb Walker","floor":35.0,"turns":2.0},{"damage":28.0,"enemies":"3 Shapes","floor":36.0,"turns":3.0},{"damage":6.0,"enemies":"Sphere and 2 Shapes","floor":39.0,"turns":6.0},{"damage":71.0,"enemies":"Nemesis","floor":40.0,"turns":5.0},{"damage":0.0,"enemies":"Jaw Worm Horde","floor":46.0,"turns":3.0},{"damage":35.0,"enemies":"Giant Head","floor":48.0,"turns":7.0},{"damage":60,"enemies":"Donu and Deca","floor":50,"turns":7},{"damage":72,"enemies":"Shield and Spear","floor":54,"turns":5},{"damage":40,"enemies":"The Heart","floor":55,"turns":2}],"seed_played":"-7702752926288824649","potions_obtained":[{"floor":2.0,"key":"LiquidMemories"},{"floor":10.0,"key":"EssenceOfSteel"},{"floor":11.0,"key":"SteroidPotion"},{"floor":13.0,"key":"Block Potion"},{"floor":21.0,"key":"ColorlessPotion"},{"floor":28.0,"key":"LiquidMemories"},{"floor":39.0,"key":"DuplicationPotion"},{"floor":40.0,"key":"Explosive Potion"},{"floor":54,"key":"Swift Potion"}],"is_trial":false,"path_per_floor":["M","M","M","?","M","R","E","?","T","M","M","R","E","M","R","B",null,"M","$","?","M","M","R","E","M","T","R","M","?","?","M","R","B",null,"M","M","$","?","M","E","R","$","T","R","?","M","R","E","R","B",null,"R","$","E","B"],"character_chosen":"DEFECT","items_purchased":["OrangePellets","FairyPotion","Membership Card","Lizard Tail","Lantern","PowerPotion","Strength Potion","BlessingOfTheForge","Ancient Potion"],"campfire_rested":3,"item_purchase_floors":[19,37,42,42,42,42,53,53,53],"current_hp_per_floor":[71,64,64,64,58,58,42,22,22,17,17,17,38,38,38,10,83,77,77,77,70,68,68,29,14,14,38,31,15,15,24,53,41,83,83,60,65,65,64,29,29,29,34,34,34,44,44,14,38,41,83,83,83,16,0,0],"gold":47,"neow_bonus":"RANDOM_COMMON_RELIC","is_daily":false,"chose_seed":false,"campfire_upgraded":7,"win_rate":0.0,"timestamp":1610117079,"path_taken":["M","M","M","?","M","R","E","?","T","M","M","R","E","M","R","BOSS","M","$","?","M","M","R","E","M","T","R","M","?","?","M","R","BOSS","M","M","$","?","M","E","R","$","T","R","?","M","R","E","R","BOSS","R","$","E","BOSS"],"items_purchased_type":["Relic","Potion","Relic","Relic","Relic","Potion","Potion","Potion","Potion"],"build_version":"2020-12-22","purchased_purges":4,"victory":false,"max_hp_per_floor":[75,75,75,69,69,69,69,69,69,69,69,69,83,83,83,83,83,83,83,83,83,83,83,83,83,83,83,83,83,83,83,83,83,83,83,83,83,83,83,83,83,83,83,83,83,83,83,83,83,83,83,83,83,83,83,83],"card_choices":[{"not_picked":["Leap","Go for the Eyes"],"picked":"Sunder","floor":1.0},{"not_picked":["Redo","Compile Driver"],"picked":"Gash","floor":2.0},{"not_picked":["Streamline","Genetic Algorithm"],"picked":"Conserve Battery","floor":3.0},{"not_picked":["Double Energy","Turbo"],"picked":"Beam Cell","floor":5.0},{"not_picked":["Hyperbeam","Reprogram"],"picked":"Leap","floor":7.0},{"not_picked":["Stack","Genetic Algorithm"],"picked":"Leap","floor":10.0},{"not_picked":["Hologram","Stack","Redo"],"picked":"SKIP","floor":10.0},{"not_picked":["Leap","Turbo"],"picked":"Gash","floor":11.0},{"not_picked":["Sweeping Beam","Hologram"],"picked":"Reinforced Body","floor":11.0},{"not_picked":["Barrage","Leap","Genetic Algorithm"],"picked":"SKIP","floor":13.0},{"not_picked":["Redo","Thunder Strike"],"picked":"Auto Shields","floor":14.0},{"not_picked":["Coolheaded","Conserve Battery"],"picked":"Gash","floor":14.0},{"not_picked":["Meteor Strike","Machine Learning"],"picked":"All For One","floor":16.0},{"not_picked":["Redo","Coolheaded"],"picked":"Hologram+1","floor":18.0},{"not_picked":["Stack+1","Consume"],"picked":"Chill","floor":18.0},{"not_picked":["Compile Driver+1","Ball Lightning"],"picked":"White Noise","floor":21.0},{"not_picked":["Cold Snap+1","Leap","Coolheaded"],"picked":"SKIP","floor":21.0},{"not_picked":["Aggregate","Hologram"],"picked":"Capacitor+1","floor":22.0},{"not_picked":["Consume","Beam Cell"],"picked":"Loop","floor":22.0},{"not_picked":["Reinforced Body","Barrage","Multi-Cast"],"picked":"SKIP","floor":24.0},{"not_picked":["Chaos","Cold Snap"],"picked":"Gash","floor":25.0},{"not_picked":["Steam","Turbo"],"picked":"Beam Cell","floor":25.0},{"not_picked":["Static Discharge","Redo"],"picked":"Defragment","floor":28.0},{"not_picked":["Storm","Hologram+1","Creative AI"],"picked":"SKIP","floor":28.0},{"not_picked":["Cold Snap","Rebound+1","Steam Power"],"picked":"SKIP","floor":31.0},{"not_picked":["White Noise+1","Steam+1","Gash"],"picked":"SKIP","floor":31.0},{"not_picked":["Creative AI","Multi-Cast"],"picked":"All For One","floor":33.0},{"not_picked":["Lockon"],"picked":"SKIP","floor":35.0},{"not_picked":["Coolheaded"],"picked":"SKIP","floor":35.0},{"not_picked":["Coolheaded"],"picked":"SKIP","floor":36.0},{"not_picked":["Compile Driver+1"],"picked":"SKIP","floor":36.0},{"not_picked":[],"picked":"Panacea","floor":38.0},{"not_picked":[],"picked":"Electrodynamics","floor":39.0},{"not_picked":["Storm"],"picked":"SKIP","floor":39.0},{"not_picked":["Lockon+1"],"picked":"SKIP","floor":40.0},{"not_picked":["Beam Cell+1"],"picked":"SKIP","floor":46.0},{"not_picked":["Steam"],"picked":"SKIP","floor":46.0},{"not_picked":["Meteor Strike"],"picked":"SKIP","floor":48.0},{"not_picked":[],"picked":"Go for the Eyes+1","floor":54}],"player_experience":313380,"relics_obtained":[{"floor":7.0,"key":"Toy Ornithopter"},{"floor":8.0,"key":"Prayer Wheel"},{"floor":9.0,"key":"InkBottle"},{"floor":13.0,"key":"Mango"},{"floor":24.0,"key":"Dream Catcher"},{"floor":26.0,"key":"MawBank"},{"floor":29.0,"key":"Necronomicon"},{"floor":40.0,"key":"Mummified Hand"},{"floor":48.0,"key":"Potion Belt"},{"floor":54,"key":"Bottled Flame"}],"event_choices":[{"damage_healed":0.0,"max_hp_gain":0.0,"max_hp_loss":6.0,"gold_gain":0.0,"event_name":"Golden Idol","player_choice":"Lose Max HP","floor":4.0,"gold_loss":0.0,"damage_taken":0.0,"relics_obtained":["Golden Idol"]},{"damage_healed":0.0,"max_hp_gain":0.0,"max_hp_loss":0.0,"gold_gain":0.0,"event_name":"Dead Adventurer","player_choice":"Searched \u00272\u0027 times","floor":8.0,"gold_loss":0.0,"damage_taken":0.0},{"damage_healed":0.0,"max_hp_gain":0.0,"max_hp_loss":0.0,"gold_gain":0.0,"event_name":"Ghosts","player_choice":"Ignored","floor":20.0,"gold_loss":0.0,"damage_taken":0.0},{"damage_healed":0.0,"max_hp_gain":0.0,"max_hp_loss":0.0,"gold_gain":0.0,"event_name":"Cursed Tome","player_choice":"Obtained Book","floor":29.0,"gold_loss":0.0,"damage_taken":16.0},{"damage_healed":0.0,"max_hp_gain":0.0,"max_hp_loss":0.0,"gold_gain":0.0,"event_name":"Forgotten Altar","player_choice":"Gave Idol","floor":30.0,"relics_lost":["Golden Idol"],"gold_loss":0.0,"damage_taken":0.0,"relics_obtained":["Bloody Idol"]},{"damage_healed":0.0,"max_hp_gain":0.0,"max_hp_loss":0.0,"gold_gain":0.0,"event_name":"SensoryStone","player_choice":"Memory 1","floor":38.0,"gold_loss":0.0,"damage_taken":0.0},{"cards_removed":["Defend_B"],"damage_healed":0.0,"max_hp_gain":0.0,"max_hp_loss":0.0,"gold_gain":0.0,"event_name":"Falling","player_choice":"Removed Skill","floor":45.0,"gold_loss":0.0,"damage_taken":0.0}],"is_beta":false,"boss_relics":[{"not_picked":["FrozenCore","Ectoplasm"],"picked":"Nuclear Battery"},{"not_picked":["SacredBark","Cursed Key"],"picked":"Busted Crown"}],"items_purged_floors":[19,37,42,53],"is_endless":false,"potions_floor_spawned":[2,10,11,13,21,28,39,40,54],"killed_by":"The Heart","ascension_level":4}}