{"host":"bq4pt811tk9yrmjl","time":1610071981,"event":{"mods":["AchievementEnabler","BaseMod","Colored Map","Colored Powertips","Defuse TimeMaze Blight","Hermit","Minty Spire (QoL Compilation)","StSLib","SuperFastMode"],"gold_per_floor":[114,114,114,73,86,115,115,146,146,176,26,26,42,42,42,171,171,147,147,147,147,147,147,147,491,491,526,526,223,223,223,223,332,332,364,364,364,379,445,445,445,454,454,478,500,509,6,33,33,40,40],"floor_reached":50,"playtime":1066,"items_purged":[],"score":578,"play_id":"e92530a8-0573-49cd-bd32-e49a0e96940a","local_time":"20210108001301","is_ascension_mode":true,"campfire_choices":[{"data":"hermit:Shortfuse","floor":7.0,"key":"SMITH"},{"data":"hermit:Brawl","floor":12.0,"key":"SMITH"},{"floor":15.0,"key":"RECALL"},{"data":"hermit:GoldenBullet","floor":23.0,"key":"SMITH"},{"floor":28,"key":"REST"},{"data":"hermit:Coalescence","floor":30,"key":"SMITH"},{"data":"hermit:Scavenge","floor":32,"key":"SMITH"},{"data":"hermit:Maintenance","floor":40,"key":"SMITH"},{"floor":42,"key":"REST"},{"floor":46,"key":"REST"},{"floor":49,"key":"DIG"}],"circlet_count":0,"master_deck":["hermit:Strike_Hermit","hermit:Strike_Hermit","hermit:Strike_Hermit","hermit:Strike_Hermit","hermit:Defend_Hermit","hermit:Defend_Hermit","hermit:Defend_Hermit","hermit:Defend_Hermit","hermit:Snapshot+1","hermit:Covet","hermit:Coalescence+1","Regret","hermit:Brawl+1","hermit:Shortfuse+1","hermit:Scavenge+1","hermit:GoldenBullet+1","hermit:Headshot+1","hermit:Maintenance+1","hermit:CalledShot+1","hermit:ShadowCloak+1","hermit:Maintenance+1"],"relics":["hermit:ClaspedLocket","NeowsBlessing","Gambling Chip","Dream Catcher","MealTicket","Peace Pipe","Omamori","Bloody Idol","Pen Nib","Old Coin","Bottled Tornado","Mummified Hand","PreservedInsect","CeramicFish","Sozu","Shovel","Pocketwatch","StrikeDummy","Gremlin Horn","hermit:Horseshoe"],"acts_visited":["Exordium","TheCity","TheBeyond"],"potions_floor_usage":[25,27,33,33],"damage_taken":[{"damage":0.0,"enemies":"Jaw Worm","floor":1.0,"turns":1.0},{"damage":0.0,"enemies":"2 Louse","floor":5.0,"turns":1.0},{"damage":0.0,"enemies":"Lagavulin","floor":6.0,"turns":1.0},{"damage":33.0,"enemies":"Gremlin Nob","floor":8.0,"turns":6.0},{"damage":0.0,"enemies":"Cultist","floor":13.0,"turns":1.0},{"damage":51.0,"enemies":"Slime Boss","floor":16.0,"turns":13.0},{"damage":43.0,"enemies":"2 Thieves","floor":18.0,"turns":5.0},{"damage":22,"enemies":"Slavers","floor":25,"turns":7},{"damage":20,"enemies":"Gremlin Leader","floor":27,"turns":8},{"damage":84,"enemies":"Automaton","floor":33,"turns":12},{"damage":4,"enemies":"3 Shapes","floor":35,"turns":6},{"damage":0,"enemies":"Orb Walker","floor":38,"turns":2},{"damage":37,"enemies":"Mind Bloom Boss Battle","floor":39,"turns":7},{"damage":27,"enemies":"Spire Growth","floor":44,"turns":4},{"damage":30,"enemies":"Maw","floor":45,"turns":8},{"damage":6,"enemies":"Sphere and 2 Shapes","floor":48,"turns":5},{"damage":116,"enemies":"Time Eater","floor":50,"turns":9}],"seed_played":"-8586073230461648543","potions_obtained":[{"floor":8.0,"key":"FairyPotion"},{"floor":13.0,"key":"EntropicBrew"},{"floor":16.0,"key":"BlessingOfTheForge"},{"floor":25,"key":"hermit:Eclipse"},{"floor":27,"key":"Regen Potion"}],"is_trial":false,"path_per_floor":["M","?","?","$","M","E","R","E","T","?","$","R","M","?","R","B",null,"M","$","?","?","?","R","?","E","T","E","R","$","R","?","R","B",null,"M","?","?","M","?","R","?","R","T","M","M","R","$","M","R","B"],"character_chosen":"HERMIT","items_purchased":["hermit:Brawl","Omamori","PreservedInsect","CeramicFish","StrikeDummy","Gremlin Horn"],"campfire_rested":3,"item_purchase_floors":[4,11,29,29,47,47],"current_hp_per_floor":[75,75,75,75,75,75,75,42,42,42,57,57,57,57,57,21,75,33,48,73,73,73,73,73,51,51,31,53,68,68,68,68,11,75,75,75,75,75,49,49,49,75,75,58,41,68,75,74,74,0,0],"gold":40,"neow_bonus":"THREE_ENEMY_KILL","is_daily":false,"chose_seed":false,"campfire_upgraded":6,"win_rate":0.0,"timestamp":1610071981,"path_taken":["M","?","?","$","?","E","R","E","T","?","$","R","M","?","R","BOSS","M","$","?","?","?","R","?","E","T","E","R","$","R","?","R","BOSS","M","?","?","?","?","R","?","R","T","M","M","R","$","M","R","BOSS"],"items_purchased_type":["Card","Relic","Relic","Relic","Relic","Relic"],"build_version":"2020-12-22","purchased_purges":0,"victory":false,"max_hp_per_floor":[75,75,75,75,75,75,75,75,75,75,75,75,75,75,75,75,75,75,75,75,75,75,75,75,75,75,75,75,75,75,75,75,75,75,75,75,75,75,75,75,75,75,75,75,75,75,75,75,75,75,75],"card_choices":[{"not_picked":["hermit:NoHoldsBarred","hermit:Grudge"],"picked":"hermit:Coalescence","floor":1.0},{"not_picked":["hermit:BigShot","hermit:Manifest"],"picked":"hermit:Shortfuse","floor":5.0},{"not_picked":["hermit:TakeAim","hermit:Misfire"],"picked":"hermit:Scavenge","floor":6.0},{"not_picked":["hermit:WideOpen","hermit:EternalForm","hermit:Roulette"],"picked":"SKIP","floor":8.0},{"not_picked":["hermit:LowProfile","hermit:LoneWolf"],"picked":"hermit:GoldenBullet","floor":13.0},{"not_picked":["hermit:Coalescence","hermit:Desperado"],"picked":"hermit:Headshot+1","floor":18.0},{"not_picked":["hermit:Roughhouse","hermit:Cheat","hermit:LuckOfTheDraw"],"picked":"SKIP","floor":25},{"not_picked":["hermit:Vantage","hermit:Manifest","hermit:SprayPray"],"picked":"SKIP","floor":27},{"not_picked":["hermit:Roulette+1","hermit:Brawl+1"],"picked":"hermit:Maintenance","floor":35},{"not_picked":["hermit:Virtue","hermit:Ricochet","hermit:Cheat+1"],"picked":"SKIP","floor":38},{"not_picked":["hermit:Enervate+1","hermit:SprayPray"],"picked":"hermit:CalledShot+1","floor":39},{"not_picked":["hermit:Feint+1","hermit:TakeCover"],"picked":"hermit:ShadowCloak+1","floor":42},{"not_picked":["hermit:Vantage+1","hermit:Determination","hermit:Headshot+1"],"picked":"SKIP","floor":44},{"not_picked":["hermit:Headshot","hermit:Quickdraw","hermit:HoleUp+1"],"picked":"SKIP","floor":45},{"not_picked":["hermit:SprayPray","hermit:BlackWind"],"picked":"hermit:Maintenance+1","floor":46},{"not_picked":["hermit:SprayPray+1","hermit:CalledShot","hermit:EyeOfTheStorm"],"picked":"SKIP","floor":48}],"player_experience":145996,"relics_obtained":[{"floor":6.0,"key":"Dream Catcher"},{"floor":8.0,"key":"MealTicket"},{"floor":25,"key":"Old Coin"},{"floor":26,"key":"Bottled Tornado"},{"floor":27,"key":"Mummified Hand"},{"floor":39,"key":"Shovel"},{"floor":43,"key":"Pocketwatch"},{"floor":49,"key":"hermit:Horseshoe"}],"event_choices":[{"damage_healed":0.0,"max_hp_gain":0.0,"max_hp_loss":0.0,"gold_gain":0.0,"event_name":"Big Fish","player_choice":"Box","floor":2.0,"gold_loss":0.0,"damage_taken":0.0,"relics_obtained":["Gambling Chip"],"cards_obtained":["Regret"]},{"damage_healed":0.0,"max_hp_gain":0.0,"max_hp_loss":0.0,"gold_gain":0.0,"event_name":"Accursed Blacksmith","player_choice":"Forge","floor":3.0,"gold_loss":0.0,"damage_taken":0.0,"cards_upgraded":["hermit:Snapshot"]},{"damage_healed":0.0,"max_hp_gain":0.0,"max_hp_loss":0.0,"gold_gain":30.0,"event_name":"Dead Adventurer","player_choice":"Searched \u00273\u0027 times","floor":10.0,"gold_loss":0.0,"damage_taken":0.0,"relics_obtained":["Peace Pipe"]},{"damage_healed":0.0,"max_hp_gain":0.0,"max_hp_loss":0.0,"gold_gain":0.0,"event_name":"Golden Idol","player_choice":"Take Wound","floor":14.0,"gold_loss":0.0,"damage_taken":0.0,"relics_obtained":["Golden Idol"],"cards_obtained":["Injury"]},{"damage_healed":25.0,"max_hp_gain":0.0,"max_hp_loss":0.0,"gold_gain":0.0,"event_name":"The Library","player_choice":"Heal","floor":20.0,"gold_loss":0.0,"damage_taken":0.0},{"damage_healed":0.0,"max_hp_gain":0.0,"max_hp_loss":0.0,"gold_gain":0.0,"event_name":"Vampires","player_choice":"Ignored","floor":21.0,"gold_loss":0.0,"damage_taken":0.0},{"damage_healed":0.0,"max_hp_gain":0.0,"max_hp_loss":0.0,"gold_gain":0.0,"event_name":"Cursed Tome","player_choice":"Ignored","floor":22.0,"gold_loss":0.0,"damage_taken":0.0},{"damage_healed":0.0,"max_hp_gain":0.0,"max_hp_loss":0.0,"gold_gain":0.0,"event_name":"The Mausoleum","player_choice":"Opened","floor":24.0,"gold_loss":0.0,"damage_taken":0.0,"relics_obtained":["Pen Nib"],"cards_obtained":["Writhe"]},{"damage_healed":0,"gold_gain":0,"player_choice":"Gave Idol","damage_taken":0,"relics_obtained":["Bloody Idol"],"max_hp_gain":0,"max_hp_loss":0,"event_name":"Forgotten Altar","floor":31,"relics_lost":["Golden Idol"],"gold_loss":0},{"damage_healed":0,"gold_gain":0,"player_choice":"Memory 1","damage_taken":0,"max_hp_gain":0,"max_hp_loss":0,"event_name":"SensoryStone","floor":36,"gold_loss":0},{"damage_healed":0,"gold_gain":0,"player_choice":"Ignored","damage_taken":0,"max_hp_gain":0,"max_hp_loss":0,"event_name":"Mysterious Sphere","floor":37,"gold_loss":0},{"damage_healed":0,"gold_gain":0,"player_choice":"Fight","damage_taken":0,"max_hp_gain":0,"max_hp_loss":0,"event_name":"MindBloom","floor":39,"gold_loss":0},{"damage_healed":0,"gold_gain":0,"player_choice":"Bought 0 Potions","damage_taken":0,"max_hp_gain":0,"max_hp_loss":0,"event_name":"The Woman in Blue","floor":41,"gold_loss":0}],"is_beta":false,"boss_relics":[{"not_picked":["SlaversCollar","SacredBark"],"picked":"hermit:ClaspedLocket"},{"not_picked":["Coffee Dripper","Cursed Key"],"picked":"Sozu"}],"items_purged_floors":[],"is_endless":false,"potions_floor_spawned":[8,13,16,25,27,39,44,45],"killed_by":"Time Eater","ascension_level":1}}