{"host":"gsmj583br51y3r1c","time":1610117938,"event":{"mods":["AchievementEnabler","BaseMod","Colored Map","Dark Map","Downfall","Hermit","Highlight Path","Hubris","Infinite Spire","Marisa????????","Minty Spire (QoL Compilation)","Permanent Neow","Quick Restart","StSLib","The Bug Knight","The Cursed","The Disciple","The Marked","The Mystic","The Runesmith","The Servant 0.9.4","everything is the same but u backflip on backflip"],"gold_per_floor":[367,268,280,280,280,280,297,297,342,357,203,203,203,218,218,329,329,320,340,342,342,342],"floor_reached":21,"playtime":1653,"items_purged":[],"score":169,"play_id":"9339b828-7aea-40dc-8014-df187c23d9dc","local_time":"20210108165858","is_ascension_mode":false,"campfire_choices":[{"data":"hermit:CalledShot","floor":6,"key":"SMITH"},{"data":"hermit:Glare","floor":8,"key":"SMITH"},{"data":"hermit:LowProfile","floor":12,"key":"SMITH"},{"floor":15,"key":"REST"}],"circlet_count":0,"master_deck":["hermit:Strike_Hermit","hermit:Strike_Hermit","hermit:Strike_Hermit","hermit:Strike_Hermit","hermit:Defend_Hermit","hermit:Defend_Hermit","hermit:Snapshot","hermit:Covet+1","hermit:CalledShot+1","hermit:Glare+1","hermit:BigShot","hermit:GhostlyPresence+1","hermit:LowProfile+1","hermit:Quickdraw","hermit:CalledShot","hermit:Reprieve","hermit:GhostlyPresence","Regret","hermit:CursedWeapon","hermit:BlackWind","hermit:Showdown+1","hermit:DeadMansHand+1","hermit:Enervate+1","hermit:Malice+1","hermit:CalledShot"],"relics":["hermit:Momento","Happy Flower","Orrery","infinitespire:Midas Blood","Astrolabe","hubris:BottledHeart"],"acts_visited":["Exordium","TheCity"],"potions_floor_usage":[16,16],"damage_taken":[{"damage":1,"enemies":"Jaw Worm","floor":1,"turns":3},{"damage":10,"enemies":"Small Slimes","floor":3,"turns":4},{"damage":0,"enemies":"2 Louse","floor":7,"turns":2},{"damage":10,"enemies":"Large Slime","floor":10,"turns":6},{"damage":25,"enemies":"Gremlin Gang","floor":14,"turns":6},{"damage":26,"enemies":"Hexaghost","floor":16,"turns":11},{"damage":7,"enemies":"2 Thieves","floor":18,"turns":4},{"damage":22,"enemies":"Spheric Guardian","floor":19,"turns":4},{"damage":0,"enemies":"Centurion and Healer","floor":21,"turns":1}],"seed_played":"4060623854187728520","potions_obtained":[{"floor":7,"key":"SmokeBomb"},{"floor":10,"key":"Strength Potion"},{"floor":14,"key":"PowerPotion"}],"is_trial":false,"path_per_floor":["M","$","M","?","?","R","M","R","T","M","$","R","?","M","R","B",null,"M","M","?","M"],"character_chosen":"HERMIT","items_purchased":["hermit:Glare","hermit:BigShot","Orrery"],"campfire_rested":1,"item_purchase_floors":[2,2,11],"current_hp_per_floor":[67,67,57,43,43,43,43,43,43,33,33,33,33,12,32,10,68,61,46,1,1,1],"gold":342,"neow_bonus":"TWO_FIFTY_GOLD","is_daily":false,"chose_seed":false,"campfire_upgraded":3,"win_rate":0.0,"timestamp":1610117938,"path_taken":["M","$","M","?","?","R","M","R","T","M","$","R","?","M","R","BOSS","M","M","?","M"],"items_purchased_type":["Card","Card","Relic"],"build_version":"2020-12-22","purchased_purges":0,"victory":false,"max_hp_per_floor":[68,68,68,68,68,68,68,68,68,68,68,68,68,68,68,68,68,68,68,1,1,1],"card_choices":[{"not_picked":["hermit:TakeAim","hermit:WideOpen"],"picked":"hermit:CalledShot","floor":1},{"not_picked":["hermit:Glare","hermit:Determination"],"picked":"hermit:GhostlyPresence","floor":3},{"not_picked":["hermit:DeadMansHand","hermit:FullyLoaded","hermit:Feint"],"picked":"SKIP","floor":7},{"not_picked":["hermit:TrackingShot","hermit:Vantage"],"picked":"hermit:LowProfile","floor":10},{"not_picked":["hermit:SprayPray","hermit:Desperado"],"picked":"hermit:Quickdraw","floor":11},{"not_picked":["hermit:HighCaliber","hermit:ItchyTrigger"],"picked":"hermit:CalledShot","floor":11},{"not_picked":["hermit:TakeAim","hermit:Cheat"],"picked":"hermit:Reprieve","floor":11},{"not_picked":["hermit:LowProfile","hermit:LuckOfTheDraw"],"picked":"hermit:Quickdraw","floor":11},{"not_picked":["hermit:Snipe","hermit:HighCaliber"],"picked":"hermit:GhostlyPresence","floor":11},{"not_picked":["hermit:HighCaliber","hermit:DeadMansHand"],"picked":"hermit:CursedWeapon","floor":14},{"not_picked":["hermit:HighNoon","hermit:Reprieve"],"picked":"hermit:BlackWind","floor":16},{"not_picked":["hermit:BodyArmor","hermit:Desperado"],"picked":"hermit:Malice+1","floor":18},{"not_picked":["hermit:Roulette","hermit:Malice"],"picked":"hermit:CalledShot","floor":19}],"player_experience":352680,"relics_obtained":[{"floor":9,"key":"Happy Flower"}],"event_choices":[{"damage_healed":0,"gold_gain":0,"player_choice":"Entered Light","damage_taken":14,"max_hp_gain":0,"max_hp_loss":0,"event_name":"Shining Light","floor":4,"gold_loss":0,"cards_upgraded":["hermit:GhostlyPresence","hermit:Covet"]},{"damage_healed":0,"gold_gain":0,"player_choice":"Box","damage_taken":0,"relics_obtained":["infinitespire:Midas Blood"],"max_hp_gain":0,"max_hp_loss":0,"event_name":"Big Fish","floor":13,"gold_loss":0,"cards_obtained":["Regret"]}],"is_beta":false,"boss_relics":[{"not_picked":["Runic Dome","hubris:CrackedHourglass"],"picked":"Astrolabe"}],"items_purged_floors":[],"is_endless":false,"potions_floor_spawned":[7,10,14],"killed_by":"Centurion and Healer","ascension_level":0}}