{"host":"acczert1kscx59ut","time":1610084573,"event":{"mods":["AchievementEnabler","Act Like it!","Aspiration","Astrologer","BaseMod","Beaked The Cultist","Bestiary","BetterRewards","ChefMod","Clockwork Mod","Conspire","Decade(???)","Dio Mod","Downfall","Duelist Mod","Elementarium","Gensokyo","GifTheSpireLib","Glutton Mod","Gold Saver","Gremlin Mod","GungeonMod","Hallownest","Hermit","Hero for Fun","Hubris","Infinite Spire","Jedi Mod","Jorbs\u0027s Wanderer Trilogy","Koishi","Lobotomy","LobotomyExtend","Mad Scientist","Magitek Elite","Melee Mod","Minty Spire (QoL Compilation)","Quick Restart","Replay The Spire","Robot Space Explorer","Shade Mod","Shedinja","Shop Mod","Somnambulant","Spicy Shops","Spikes Relics","StSLib","Stuff the Spire","SuperFastMode","Td1madao Mod","The Animator","The Blackbeard","The Bug Knight","The Clintock","The Construct","The Cursed","The Death Knight","The Disciple","The Dragon Tamer","The Exalted","The Factory","The Forsaken","The Gatherer","The Hayseed","The Hierophant","The Judge","The Jungle","The Kombatant","The Necromancer","The Problem Sleuth","The Runesmith","The Sage","The Showman","The Trickster","The Valiant","The Vixen","The Wild Card","TheFirefly","Transform Curses","Wandering Minibosses","[IsaacMod]????","thorton","vexMod"],"gold_per_floor":[481,500,515,527,527,555,571,116,139,166,166,178,194,207,207,305,305,305,317,317,317,67,67,101,101,101,133,145,155,189,189,189,284,284,294,305,305,320,335,363,382,382,454,554,574,796,813,813,813,813,813],"floor_reached":50,"playtime":3759,"items_purged":[],"score":801,"play_id":"96e98a55-aad6-46f2-8377-1e5b3e6fb86c","local_time":"20210108004253","is_ascension_mode":false,"campfire_choices":[{"data":"chefmod:TodaysSpecial","floor":11.0,"key":"SMITH"},{"data":"chefmod:SpaghettiCarbonara","floor":15.0,"key":"SMITH"},{"data":"hubris:Rewind","floor":23.0,"key":"SMITH"},{"data":"chefmod:Gelato","floor":25.0,"key":"SMITH"},{"data":"chefmod:Cleavers","floor":32,"key":"SMITH"},{"data":"chefmod:FrozenTuna","floor":42,"key":"SMITH"},{"floor":49,"key":"REST"}],"circlet_count":0,"master_deck":["chefmod:Strike","chefmod:Strike","chefmod:Strike","chefmod:Strike","chefmod:Strike","chefmod:Defend","chefmod:Defend+1","chefmod:Defend","chefmod:QuickThaw+1","chefmod:TodaysSpecial+1","EpicFetus+1","chefmod:TastyDistraction+1","chefmod:IcePick","chefmod:GroceryDelivery+1","chefmod:Gelato+1","chefmod:Cleavers+1","chefmod:RaidPantry+1","chefmod:DoubleChop","chefmod:SpaghettiCarbonara+1","chefmod:IcePick","chefmod:Fillet+1","chefmod:FrozenTuna+1","chefmod:ColdSteel+1","hubris:Rewind+1","Regret","chefmod:IcePick","chefmod:AllYouCanEat+1","chefmod:TonkotsuRamen+1","chefmod:Fillet+1","chefmod:ZaruSoba+1","chefmod:FrozenTuna+1","chefmod:Tenderizer","chefmod:QuickChop","chefmod:LiquidNitrogen","chefmod:Granita+1","chefmod:VegetableTart+1","chefmod:IceCreamCone+1","chefmod:IcePick+1","chefmod:HotSoup","chefmod:SaveForLater+1","chefmod:AllYouCanEat+1","StuffTheSpire:Innocence"],"relics":["chefmod:TrustyPot","HushsDoor","aspiration:Nostalgia","infinitespire:DarkRift","BelialBook","LetterFromLob","hubris:Towel","Lantern","jedi:matchstick","TheBattery","Pen Nib","LugNut","thethorton:CrushedCigarette","vexMod:ImprovementManual","War Paint","Happy Flower","Replay:Bottled Eggs","jedi:Pinwheel","Red Mask","Bottled Tornado","Replay:Grab Bag","JudasShadow","Replay:Rubber Ducky","Mercury Hourglass"],"acts_visited":["Exordium","TheCity","TheBeyond"],"potions_floor_usage":[33,50,50,50],"damage_taken":[{"damage":1.0,"enemies":"Cultist","floor":1.0,"turns":4.0},{"damage":0.0,"enemies":"Jaw Worm","floor":2.0,"turns":9.0},{"damage":1.0,"enemies":"2 Louse","floor":3.0,"turns":3.0},{"damage":0.0,"enemies":"2 Fungi Beasts","floor":4.0,"turns":4.0},{"damage":0.0,"enemies":"Lagavulin","floor":6.0,"turns":5.0},{"damage":8.0,"enemies":"Red Slaver","floor":7.0,"turns":4.0},{"damage":0.0,"enemies":"HollowMod:MossKnight","floor":10.0,"turns":6.0},{"damage":11.0,"enemies":"3 Louse","floor":12.0,"turns":2.0},{"damage":10.0,"enemies":"Looter","floor":13.0,"turns":3.0},{"damage":2.0,"enemies":"Exordium Wildlife","floor":14.0,"turns":2.0},{"damage":26.0,"enemies":"The Guardian","floor":16.0,"turns":7.0},{"damage":6.0,"enemies":"3 Byrds","floor":19.0,"turns":4.0},{"damage":8.0,"enemies":"Book of Stabbing","floor":24.0,"turns":3.0},{"damage":1,"enemies":"Masked Bandits","floor":27,"turns":2},{"damage":0,"enemies":"conspire:FuzzyDice","floor":28,"turns":2},{"damage":5,"enemies":"Cultist and Chosen","floor":29,"turns":3},{"damage":0,"enemies":"Replay:Snechameleon","floor":30,"turns":4},{"damage":0,"enemies":"Champ","floor":33,"turns":5},{"damage":0,"enemies":"Orb Walker","floor":35,"turns":2},{"damage":0,"enemies":"3 Darklings","floor":36,"turns":1},{"damage":3,"enemies":"Writhing Mass","floor":38,"turns":4},{"damage":0,"enemies":"3 Darklings","floor":39,"turns":2},{"damage":0,"enemies":"Giant Head","floor":40,"turns":5},{"damage":3,"enemies":"Transient","floor":41,"turns":5},{"damage":0,"enemies":"Jaw Worm Horde","floor":45,"turns":1},{"damage":16,"enemies":"4 Shapes","floor":47,"turns":2},{"damage":90,"enemies":"conspire:OrnateMirror","floor":50,"turns":3}],"seed_played":"1124314847956590364","potions_obtained":[{"floor":1.0,"key":"Guardian:BlockOnCardUsePotion"},{"floor":6.0,"key":"Swift Potion"},{"floor":10.0,"key":"PowerPotion"},{"floor":24.0,"key":"Ancient Potion"},{"floor":27,"key":"Strength Potion"},{"floor":38,"key":"AttackPotion"},{"floor":41,"key":"Dexterity Potion"},{"floor":47,"key":"Reflective Coating"}],"is_trial":false,"path_per_floor":["M","M","M","M","?","E","M","$","T","E","R","M","M","M","R","B",null,"M","M","AVR","?","$","R","E","R","T","?","M","M","E","?","R","B",null,"M","M","AVR","M","M","E","M","R","T","?","M","?","M","?","R","B"],"character_chosen":"THE_CHEF","items_purchased":["jedi:matchstick","TheBattery","chefmod:DoubleChop","Happy Flower","vexMod:BerryBomb","JudasShadow","chefmod:Tenderizer"],"campfire_rested":1,"item_purchase_floors":[8,8,8,22,22,34,34],"current_hp_per_floor":[75,75,74,74,74,74,66,66,66,66,66,55,45,43,43,17,76,76,70,70,70,76,76,68,68,68,67,67,62,62,62,62,62,65,65,65,65,62,62,62,59,59,59,59,59,59,43,43,62,0,0],"gold":813,"neow_bonus":"NOSTALGIA","is_daily":false,"chose_seed":false,"campfire_upgraded":6,"win_rate":0.0,"timestamp":1610084573,"path_taken":["M","?","M","M","?","E","M","$","T","E","R","M","M","M","R","BOSS","M","M","AVR","?","$","R","E","R","T","?","M","M","E","?","R","BOSS","M","M","AVR","M","M","E","M","R","T","?","?","?","M","?","R","BOSS"],"items_purchased_type":["Relic","Relic","Card","Relic","Relic","Relic","Card"],"build_version":"2020-12-22","purchased_purges":0,"victory":false,"max_hp_per_floor":[76,76,76,76,76,76,76,76,76,76,76,76,76,76,76,76,76,76,76,76,76,82,82,82,82,82,82,82,82,82,82,82,82,65,65,65,65,65,65,65,65,65,65,65,65,65,65,65,65,1,1],"card_choices":[{"not_picked":[],"picked":"EpicFetus","floor":0.0},{"not_picked":["chefmod:Leftovers","chefmod:DinoKale"],"picked":"chefmod:TastyDistraction","floor":1.0},{"not_picked":["chefmod:VegetableTart","Bomb"],"picked":"chefmod:IcePick","floor":2.0},{"not_picked":["chefmod:Chop","chefmod:BaoBuns"],"picked":"chefmod:GroceryDelivery","floor":3.0},{"not_picked":["chefmod:SliceAndDice","chefmod:FryPan"],"picked":"chefmod:Gelato","floor":4.0},{"not_picked":["Bomb","chefmod:Leftovers"],"picked":"chefmod:Cleavers","floor":6.0},{"not_picked":["chefmod:IcePick","chefmod:Leftovers"],"picked":"chefmod:RaidPantry","floor":7.0},{"not_picked":["chefmod:Leftovers","chefmod:Flambe"],"picked":"chefmod:SpaghettiCarbonara","floor":10.0},{"not_picked":["chefmod:Defrost","chefmod:DinoKale"],"picked":"chefmod:IcePick","floor":12.0},{"not_picked":["chefmod:BaoBuns","chefmod:Defrost"],"picked":"chefmod:Fillet","floor":13.0},{"not_picked":["chefmod:Gelato","chefmod:Omelette"],"picked":"chefmod:Defrost","floor":14.0},{"not_picked":["chefmod:SushiPlatter","chefmod:Canape"],"picked":"chefmod:FrozenTuna","floor":16.0},{"not_picked":["chefmod:BaoBuns","chefmod:FireUp+1"],"picked":"chefmod:ColdSteel+1","floor":19.0},{"not_picked":["chefmod:SliceAndDice","chefmod:Bruschetta"],"picked":"chefmod:IcePick","floor":24.0},{"not_picked":["chefmod:Sorbet+1","chefmod:Chop"],"picked":"chefmod:AllYouCanEat+1","floor":27},{"not_picked":["chefmod:Granita+1","chefmod:FarmersMarket"],"picked":"chefmod:TonkotsuRamen","floor":28},{"not_picked":["chefmod:Defrost+1","chefmod:MonsterBait"],"picked":"chefmod:Fillet+1","floor":29},{"not_picked":["chefmod:FullBurn","chefmod:PrepCook"],"picked":"chefmod:ZaruSoba","floor":30},{"not_picked":["chefmod:TwoForOne","chefmod:Canape"],"picked":"chefmod:FrozenTuna","floor":33},{"not_picked":["chefmod:FryPan+1","chefmod:AlooGobi+1"],"picked":"chefmod:QuickChop","floor":35},{"not_picked":["chefmod:BaoBuns+1","chefmod:FryPan+1"],"picked":"chefmod:LiquidNitrogen","floor":36},{"not_picked":["chefmod:Flambe","chefmod:CleanHouse"],"picked":"chefmod:Granita+1","floor":38},{"not_picked":["chefmod:DinoKale+1","chefmod:SpaghettiCarbonara"],"picked":"chefmod:VegetableTart+1","floor":39},{"not_picked":["chefmod:AlooGobi+1","chefmod:FreezeSolid"],"picked":"chefmod:IceCreamCone+1","floor":40},{"not_picked":["chefmod:FireUp+1","chefmod:Bruschetta"],"picked":"chefmod:IcePick+1","floor":41},{"not_picked":["chefmod:DinoKale","chefmod:BaoBuns"],"picked":"chefmod:HotSoup","floor":44},{"not_picked":["chefmod:Chop","chefmod:IcePick+1"],"picked":"chefmod:SaveForLater+1","floor":45},{"not_picked":["chefmod:Defrost","chefmod:HotSoup+1"],"picked":"chefmod:AllYouCanEat+1","floor":47},{"not_picked":["StuffTheSpire:Perfection","StuffTheSpire:Vigor"],"picked":"StuffTheSpire:Innocence","floor":48}],"player_experience":212538,"relics_obtained":[{"floor":1.0,"key":"LetterFromLob"},{"floor":6.0,"key":"Lantern"},{"floor":9.0,"key":"Pen Nib"},{"floor":10.0,"key":"LugNut"},{"floor":24.0,"key":"Replay:Bottled Eggs"},{"floor":26.0,"key":"jedi:Pinwheel"},{"floor":27,"key":"Red Mask"},{"floor":30,"key":"Bottled Tornado"},{"floor":40,"key":"War Paint"},{"floor":43,"key":"Mercury Hourglass"}],"event_choices":[{"damage_healed":0,"gold_gain":0,"player_choice":"Fought Bandits","damage_taken":0,"max_hp_gain":0,"max_hp_loss":0,"event_name":"Masked Bandits","floor":27,"gold_loss":0},{"damage_healed":0,"gold_gain":222,"player_choice":"Wore Mask","damage_taken":0,"max_hp_gain":0,"max_hp_loss":0,"event_name":"Tomb of Lord Red Mask","floor":46,"gold_loss":0}],"is_beta":false,"boss_relics":[{"not_picked":["aspiration:WatcherSkillbook","infinitespire:Cupcake"],"picked":"thethorton:CrushedCigarette"},{"not_picked":[]},{"not_picked":["Snecko Eye","conspire:RoyalGoblet"],"picked":"Replay:Grab Bag"},{"not_picked":[]}],"items_purged_floors":[],"is_endless":false,"potions_floor_spawned":[1,6,10,12,13,24,27,29,38,41,47],"killed_by":"conspire:OrnateMirror","ascension_level":0}}