{"host":"x52zk6e1f2bye2h7","time":1610099999,"event":{"mods":["AchievementEnabler","BaseMod","Highlight Path","Minty Spire (QoL Compilation)","everything is the same but u backflip on backflip"],"gold_per_floor":[13,13,28,45,45,45,63,90,90,119,119,146,162,179,179,179,179],"floor_reached":16,"playtime":932,"items_purged":[],"score":134,"play_id":"9bb11fab-d7d1-40ec-94d6-6ad23c1dd17a","local_time":"20210108095959","is_ascension_mode":true,"campfire_choices":[{"data":"Juggernaut","floor":6,"key":"SMITH"},{"data":"Defend_R","floor":11,"key":"SMITH"},{"data":"Warcry","floor":15,"key":"SMITH"}],"circlet_count":0,"master_deck":["Strike_R","Strike_R","Strike_R","Strike_R","Defend_R","Defend_R","Defend_R","Defend_R+1","Bash","Juggernaut+1","Warcry+1","Shrug It Off","Regret","Iron Wave","Iron Wave","Shrug It Off"],"relics":["Burning Blood","Pantograph","Oddly Smooth Stone","Gremlin Horn","Vajra"],"acts_visited":["Exordium"],"potions_floor_usage":[8,8,13],"damage_taken":[{"damage":6,"enemies":"2 Louse","floor":1,"turns":3},{"damage":10,"enemies":"Cultist","floor":3,"turns":5},{"damage":9,"enemies":"Jaw Worm","floor":4,"turns":5},{"damage":5,"enemies":"2 Fungi Beasts","floor":7,"turns":4},{"damage":11,"enemies":"Gremlin Nob","floor":8,"turns":3},{"damage":38,"enemies":"3 Sentries","floor":10,"turns":9},{"damage":31,"enemies":"Lagavulin","floor":12,"turns":9},{"damage":8,"enemies":"Looter","floor":13,"turns":4},{"damage":3,"enemies":"3 Louse","floor":14,"turns":3},{"damage":38,"enemies":"The Guardian","floor":16,"turns":8}],"seed_played":"5673789197010870632","potions_obtained":[{"floor":3,"key":"Fire Potion"},{"floor":7,"key":"Fire Potion"},{"floor":12,"key":"AttackPotion"}],"is_trial":false,"path_per_floor":["M","?","M","M","?","R","M","E","T","E","R","E","M","M","R","B"],"character_chosen":"IRONCLAD","items_purchased":[],"campfire_rested":0,"item_purchase_floors":[],"current_hp_per_floor":[80,80,76,73,73,73,74,69,69,37,37,12,10,13,13,0,0],"gold":179,"neow_bonus":"THREE_RARE_CARDS","is_daily":false,"chose_seed":false,"campfire_upgraded":3,"win_rate":0.0,"timestamp":1610099999,"path_taken":["M","?","?","M","?","R","M","E","T","E","R","E","M","M","R","BOSS"],"items_purchased_type":[],"build_version":"2020-12-22","purchased_purges":0,"victory":false,"max_hp_per_floor":[80,80,80,80,80,80,80,80,80,80,80,80,80,80,80,80,80],"card_choices":[{"not_picked":["Limit Break","Impervious"],"picked":"Juggernaut","floor":0},{"not_picked":["Thunderclap","Body Slam"],"picked":"Warcry","floor":1},{"not_picked":["Anger","Clothesline","Shockwave"],"picked":"SKIP","floor":3},{"not_picked":["Twin Strike","Searing Blow"],"picked":"Shrug It Off","floor":4},{"not_picked":["Headbutt","Wild Strike","Inflame"],"picked":"SKIP","floor":7},{"not_picked":["Flex","Battle Trance","Intimidate"],"picked":"SKIP","floor":8},{"not_picked":["Perfected Strike","Double Tap","Rampage"],"picked":"SKIP","floor":10},{"not_picked":["Uppercut","Body Slam"],"picked":"Iron Wave","floor":12},{"not_picked":["Spot Weakness","Body Slam"],"picked":"Iron Wave","floor":13},{"not_picked":["Body Slam","True Grit"],"picked":"Shrug It Off","floor":14}],"player_experience":86493,"relics_obtained":[{"floor":8,"key":"Oddly Smooth Stone"},{"floor":10,"key":"Gremlin Horn"},{"floor":12,"key":"Vajra"}],"event_choices":[{"cards_removed":["Strike_R"],"damage_healed":0,"gold_gain":0,"player_choice":"Offered Basic","damage_taken":0,"max_hp_gain":0,"max_hp_loss":0,"event_name":"Bonfire Elementals","floor":2,"gold_loss":0},{"damage_healed":0,"gold_gain":0,"player_choice":"Box","damage_taken":0,"relics_obtained":["Pantograph"],"max_hp_gain":0,"max_hp_loss":0,"event_name":"Big Fish","floor":5,"gold_loss":0,"cards_obtained":["Regret"]}],"is_beta":false,"boss_relics":[],"items_purged_floors":[],"is_endless":false,"potions_floor_spawned":[3,7,12],"killed_by":"The Guardian","ascension_level":2}}