{"host":"4c7oxphrh4ok8x7u","time":1610120551,"event":{"mods":["100% Spire Juice","2.2 Compatiblity","Act Like it!","Arknights The Spire","Aspiration","BaseMod","Better Skull","Better Vampires","BetterRewards","Challenge The Spire","Conjunction","Conspire","Custom Start","Dota2Spire","Ekko","Evolution","Fiend Mod","Friendly Minions","FruityMod","GifTheSpireLib","Halation","Hermit","HololiveMod","Hubris","Hyrulean Relics","Jedi Mod","Kratos Character Expansion","Minty Spire (QoL Compilation)","MostiFishMod","Permanent Neow","Poor People Problems","Prisma Mod","Quarter Circle Forward PUNCH!","RatMod","Replay The Spire","Robot Space Explorer","SCP261 Mod","Shade Mod","Slay the Relics Exporter","Small Relic Pack","Spicy Shops","Spikes Relics","Spires And Sneckos","StSLib","Stuff the Spire","The Animator","The Blue Laboratory","The Death Knight","The Edgeheg","The Exalted","The Fake Hero","The Trickster","TheVacant","TheWitcher","Wandering Minibosses"],"gold_per_floor":[114,129,129,149,165,200,200,225,252,271,271,283,312,332,332,429,429,439,439,439],"floor_reached":19,"playtime":1179,"items_purged":["Moonworks:Strike"],"score":206,"play_id":"eec04cfc-7854-4fa2-9e92-deab497ffdaa","local_time":"20210108184231","is_ascension_mode":false,"campfire_choices":[{"data":"Moonworks:Ambush","floor":7,"key":"SMITH"},{"data":"Moonworks:BackdoorTrade","floor":15,"key":"SMITH"}],"circlet_count":0,"master_deck":["Moonworks:Strike","Moonworks:Strike","Moonworks:Strike","Moonworks:Defend","Moonworks:Defend","Moonworks:Defend","Moonworks:Defend","Moonworks:Ambush+1","Moonworks:LongDistanceShot","Moonworks:ForcedRevival","Moonworks:FullSpeedAlicianrone","Moonworks:BackdoorTrade+1","Moonworks:WindyEnchantment","Moonworks:ForcedRevival","Moonworks:BeyondHell","Moonworks:JonathanRush","Moonworks:JonathanRush","Moonworks:JonathanRush","Moonworks:RagingMadness","Moonworks:SinkOrSwim","Moonworks:SealedMemories+1"],"relics":["Moonworks:BrokenBomb","Moonworks:Homemark","EVO:Axolotl","DaveBox","aspiration:Nostalgia","SpiresAndSneckos:StoneHearth","DiscerningMonocle","SynthV:TestCard","Nunchaku","Dota2Spire:MantaStyle","Sling","halation:Komachan","Replay:Baseball","hubris:BundleOfHerbs","Replay:Mystery Machine","halation:PinkSoulGem","Incense Burner","Dota2Spire:RefresherOrb"],"acts_visited":["Exordium","TheCity"],"potions_floor_usage":[6,6,6,19],"damage_taken":[{"damage":1,"enemies":"Cultist","floor":1,"turns":3},{"damage":8,"enemies":"Jaw Worm","floor":2,"turns":3},{"damage":3,"enemies":"conspire:RoseBush","floor":4,"turns":3},{"damage":8,"enemies":"Looter","floor":5,"turns":3},{"damage":0,"enemies":"Gremlin Nob","floor":6,"turns":2},{"damage":8,"enemies":"Red Slaver","floor":10,"turns":3},{"damage":5,"enemies":"3 Louse","floor":12,"turns":3},{"damage":24,"enemies":"Lagavulin","floor":13,"turns":7},{"damage":13,"enemies":"conspire:2 RoseBushes","floor":14,"turns":4},{"damage":6,"enemies":"Hexaghost","floor":16,"turns":6},{"damage":29,"enemies":"2 Thieves","floor":18,"turns":4},{"damage":54,"enemies":"Spheric Guardian","floor":19,"turns":3}],"seed_played":"-5201556768234782195","potions_obtained":[{"floor":1,"key":"Dota2Spire:HealingSalve"},{"floor":2,"key":"blueLaboratory:AbyssPotion"},{"floor":5,"key":"SCP261:SweetSwarmPotion"},{"floor":10,"key":"SCP261:DewritoBlazePotion"},{"floor":18,"key":"jedi:wingpotion"}],"is_trial":false,"path_per_floor":["M","M","$","M","M","E","R","T","T","M","?","M","E","M","R","B",null,"M","M"],"character_chosen":"THE_STARBREAKER","items_purchased":["Nunchaku","Dota2Spire:MantaStyle","Sling","halation:Komachan","Replay:Baseball","Fire Potion","Moonworks:BackdoorTrade"],"campfire_rested":0,"item_purchase_floors":[3,3,3,3,3,3,3],"current_hp_per_floor":[59,56,56,57,54,60,60,60,60,60,60,60,46,43,43,47,60,36,0,0],"gold":439,"neow_bonus":"NOSTALGIA","is_daily":false,"chose_seed":false,"campfire_upgraded":2,"win_rate":0.0,"timestamp":1610120551,"path_taken":["M","?","$","?","M","E","R","?","T","M","?","M","E","M","R","BOSS","M","M"],"items_purchased_type":["Relic","Relic","Relic","Relic","Relic","Potion","Card"],"build_version":"2020-12-22","purchased_purges":1,"victory":false,"max_hp_per_floor":[60,60,60,60,60,60,60,60,60,60,60,60,60,60,60,60,60,60,60,60],"card_choices":[{"not_picked":["Moonworks:IntelligenceOfficer","Moonworks:ScrambledEve"],"picked":"Moonworks:ForcedRevival","floor":1},{"not_picked":["Moonworks:LulusLuckyEgg","Moonworks:DeployBits","Moonworks:WindyEnchantment","Moonworks:CloudOfSeagulls"],"picked":"Moonworks:FullSpeedAlicianrone","floor":2},{"not_picked":["Moonworks:Assault","Moonworks:Heat300Percent","Moonworks:SelfDestruct","Moonworks:LulusLuckyEgg"],"picked":"Moonworks:WindyEnchantment","floor":4},{"not_picked":["Moonworks:AngelHand","Moonworks:DeployBits","Moonworks:BigMagnum","Moonworks:MixPhenomenon"],"picked":"Moonworks:ForcedRevival","floor":5},{"not_picked":["Moonworks:StarBlastingFuse","Moonworks:Assault","Moonworks:BigBangBell","Moonworks:Poppoformation"],"picked":"Moonworks:BeyondHell","floor":6},{"not_picked":["Moonworks:SelfDestruct","Moonworks:Bloodlust","Moonworks:DevilHand","Moonworks:ImOnFire"],"picked":"Moonworks:JonathanRush","floor":10},{"not_picked":["Moonworks:AwakeningOfTalent","Moonworks:ImOnFire","Moonworks:CloudOfSeagulls","Moonworks:MiracleRedBeanIceCream"],"picked":"Moonworks:JonathanRush","floor":12},{"not_picked":["Moonworks:BigMagnum","Moonworks:CastOff","Moonworks:WindyEnchantment","Moonworks:StarBlastingFuse"],"picked":"Moonworks:JonathanRush","floor":13},{"not_picked":["Moonworks:EvilSpyWorkPreparation","Moonworks:NicePresent","Moonworks:IndiscriminateFireSupport","Moonworks:ImOnFire"],"picked":"Moonworks:RagingMadness","floor":14},{"not_picked":["Moonworks:AnotherUltimateWeapon","Moonworks:FinalBattle","Moonworks:GoAway","Moonworks:LeapThroughSpace"],"picked":"Moonworks:SinkOrSwim","floor":16},{"not_picked":["Moonworks:LulusLuckyEgg","Moonworks:DevilHand","Moonworks:IndiscriminateFireSupport","Moonworks:RagingMadness"],"picked":"Moonworks:SealedMemories+1","floor":18}],"player_experience":680589,"relics_obtained":[{"floor":1,"key":"SynthV:TestCard"},{"floor":6,"key":"hubris:BundleOfHerbs"},{"floor":8,"key":"Replay:Mystery Machine"},{"floor":13,"key":"Incense Burner"}],"event_choices":[],"is_beta":false,"boss_relics":[{"not_picked":["relicPack:StarArrow","halation:ForbiddenBikini"],"picked":"Dota2Spire:RefresherOrb"}],"items_purged_floors":[3],"is_endless":false,"potions_floor_spawned":[1,2,5,10,18],"killed_by":"Spheric Guardian","ascension_level":0}}