{"host":"bxn2em57qlx5u4i0","time":1610068988,"event":{"mods":["BaseMod","Colored Map","Colored Powertips","Highlight Path","Minty Spire (QoL Compilation)","Random Character Button","Relic Sorter","Relic Stats","StSLib","SuperFastMode"],"gold_per_floor":[113,188,201,201,212,247,247,257,257,290,309,309,309,229,229,305,305,319,319,319,122,122,122,148,148,148,175,193,206,206,216,216,293,293,304,304,29,44,44,44,59,85,110,137,137,37,0,33,33,33,33,33],"floor_reached":51,"playtime":2421,"items_purged":["Writhe","Pain","Strike_G"],"score":1558,"play_id":"a5515044-0e48-410f-adf8-f4e5cc33ceca","local_time":"20210107202308","is_ascension_mode":true,"campfire_choices":[{"data":"Neutralize","floor":7.0,"key":"SMITH"},{"floor":12.0,"key":"REST"},{"data":"Envenom","floor":15.0,"key":"SMITH"},{"data":"Calculated Gamble","floor":23.0,"key":"SMITH"},{"data":"Concentrate","floor":25.0,"key":"SMITH"},{"data":"Prepared","floor":30.0,"key":"SMITH"},{"floor":32.0,"key":"REST"},{"floor":40.0,"key":"RECALL"},{"data":"Well Laid Plans","floor":49.0,"key":"SMITH"}],"circlet_count":0,"master_deck":["AscendersBane","Strike_G","Strike_G","Strike_G","Defend_G","Defend_G","Defend_G","Defend_G","Defend_G","Survivor","Neutralize+1","Dagger Throw+1","PiercingWail","Backstab","Dagger Throw","Dodge and Roll","Envenom+1","Corpse Explosion","Prepared+1","Calculated Gamble+1","Finesse","Concentrate+1","Acrobatics+1","Tools of the Trade","Terror+1","Well Laid Plans+1","Blur+1","Deflect+1","Blade Dance+1","Flash of Steel"],"relics":["Ring of the Snake","NeowsBlessing","Oddly Smooth Stone","Darkstone Periapt","The Courier","HornCleat","MealTicket","Busted Crown","Tough Bandages","WarpedTongs","Nunchaku","Toxic Egg 2","Thread and Needle","Sozu","OrangePellets","Meat on the Bone","Orichalcum","Kunai","Red Mask","Mummified Hand"],"acts_visited":["Exordium","TheCity","TheBeyond"],"potions_floor_usage":[],"damage_taken":[{"damage":0.0,"enemies":"2 Louse","floor":1.0,"turns":1.0},{"damage":0.0,"enemies":"Small Slimes","floor":3.0,"turns":1.0},{"damage":0.0,"enemies":"Cultist","floor":5.0,"turns":1.0},{"damage":11.0,"enemies":"Lagavulin","floor":6.0,"turns":5.0},{"damage":7.0,"enemies":"Exordium Wildlife","floor":8.0,"turns":3.0},{"damage":24.0,"enemies":"3 Sentries","floor":10.0,"turns":11.0},{"damage":0.0,"enemies":"Looter","floor":11.0,"turns":2.0},{"damage":17.0,"enemies":"The Guardian","floor":16.0,"turns":18.0},{"damage":16.0,"enemies":"2 Thieves","floor":18.0,"turns":3.0},{"damage":20.0,"enemies":"Slavers","floor":24.0,"turns":4.0},{"damage":8.0,"enemies":"Book of Stabbing","floor":27.0,"turns":8.0},{"damage":3.0,"enemies":"Shell Parasite","floor":28.0,"turns":7.0},{"damage":0.0,"enemies":"Centurion and Healer","floor":29.0,"turns":5.0},{"damage":1.0,"enemies":"Snake Plant","floor":31.0,"turns":6.0},{"damage":43.0,"enemies":"Collector","floor":33.0,"turns":13.0},{"damage":0.0,"enemies":"Orb Walker","floor":35.0,"turns":4.0},{"damage":0.0,"enemies":"3 Shapes","floor":38.0,"turns":8.0},{"damage":1.0,"enemies":"Writhing Mass","floor":41.0,"turns":8.0},{"damage":13.0,"enemies":"Reptomancer","floor":42.0,"turns":9.0},{"damage":0.0,"enemies":"Nemesis","floor":44.0,"turns":9.0},{"damage":56.0,"enemies":"Reptomancer","floor":48.0,"turns":10.0},{"damage":20.0,"enemies":"Donu and Deca","floor":50.0,"turns":10.0},{"damage":17,"enemies":"Time Eater","floor":51,"turns":9}],"seed_played":"-1307447370362550809","potions_obtained":[{"floor":1.0,"key":"CunningPotion"},{"floor":3.0,"key":"SteroidPotion"},{"floor":8.0,"key":"EssenceOfSteel"},{"floor":24.0,"key":"PowerPotion"},{"floor":29.0,"key":"GamblersBrew"}],"is_trial":false,"path_per_floor":["M","?","M","?","M","E","R","M","T","E","M","R","T","?","R","B",null,"M","?","?","$","?","R","E","R","T","E","M","M","R","M","R","B",null,"M","?","$","M","T","R","M","E","T","E","?","$","?","E","R","B","B"],"character_chosen":"THE_SILENT","items_purchased":["Calculated Gamble","Finesse","Terror+1","OrangePellets"],"campfire_rested":2,"item_purchase_floors":[21,21,37,37],"current_hp_per_floor":[59,48,48,48,48,37,37,30,30,6,6,25,25,25,25,8,52,36,42,42,57,63,63,43,43,43,35,32,32,32,31,54,11,61,61,61,76,76,76,76,75,62,62,62,52,67,67,23,23,15,0,0],"gold":33,"neow_bonus":"THREE_ENEMY_KILL","is_daily":false,"chose_seed":false,"campfire_upgraded":6,"win_rate":0.0,"timestamp":1610068988,"path_taken":["M","?","M","?","?","E","R","M","T","E","M","R","?","?","R","BOSS","M","?","?","$","?","R","E","R","T","E","M","M","R","?","R","BOSS","M","?","$","M","?","R","M","E","T","E","?","$","?","E","R","BOSS","BOSS"],"items_purchased_type":["Card","Card","Card","Relic"],"build_version":"2020-12-22","purchased_purges":3,"victory":false,"max_hp_per_floor":[66,66,66,66,66,66,66,66,66,66,66,66,66,66,66,66,66,66,72,72,72,78,78,78,78,78,78,78,78,78,78,78,78,78,78,78,78,78,78,78,78,78,78,78,78,78,78,78,78,78,78,78],"relic_stats":{"Darkstone Periapt":12,"counters":[23,155],"Orichalcum":[0],"WarpedTongs":[106],"Sozu":2,"OrangePellets":[1],"Tough Bandages":[1074],"Nunchaku":[22],"Busted Crown":32,"Mummified Hand":[4],"MealTicket":45,"Kunai":[15],"obtain_stats":[{"Darkstone Periapt":9,"NeowsBlessing":0,"Oddly Smooth Stone":6,"Thread and Needle":27,"The Courier":10,"Orichalcum":43,"WarpedTongs":22,"Sozu":34,"OrangePellets":37,"Tough Bandages":19,"Nunchaku":24,"HornCleat":13,"Busted Crown":17,"Mummified Hand":48,"MealTicket":14,"Red Mask":47,"Kunai":44,"Toxic Egg 2":26,"Ring of the Snake":0,"Meat on the Bone":42},{"Darkstone Periapt":5,"NeowsBlessing":0,"Oddly Smooth Stone":4,"Thread and Needle":11,"The Courier":6,"Orichalcum":19,"WarpedTongs":9,"Sozu":15,"OrangePellets":16,"Tough Bandages":9,"Nunchaku":10,"HornCleat":7,"Busted Crown":8,"Mummified Hand":21,"MealTicket":7,"Red Mask":20,"Kunai":20,"Toxic Egg 2":10,"Ring of the Snake":0,"Meat on the Bone":19},{"Darkstone Periapt":11,"NeowsBlessing":0,"Oddly Smooth Stone":8,"Thread and Needle":57,"The Courier":22,"Orichalcum":117,"WarpedTongs":45,"Sozu":88,"OrangePellets":92,"Tough Bandages":45,"Nunchaku":49,"HornCleat":24,"Busted Crown":42,"Mummified Hand":136,"MealTicket":24,"Red Mask":126,"Kunai":126,"Toxic Egg 2":49,"Ring of the Snake":0,"Meat on the Bone":117}],"Ring of the Snake":[46],"Meat on the Bone":24},"card_choices":[{"not_picked":["Finisher","All Out Attack"],"picked":"Dagger Throw","floor":1.0},{"not_picked":["Caltrops","Quick Slash"],"picked":"PiercingWail","floor":3.0},{"not_picked":["Dodge and Roll","Accuracy","Underhanded Strike"],"picked":"SKIP","floor":5.0},{"not_picked":["Burst","Finisher"],"picked":"Backstab","floor":6.0},{"not_picked":["Infinite Blades","Blade Dance"],"picked":"Dagger Throw","floor":8.0},{"not_picked":["Acrobatics","Distraction"],"picked":"Dodge and Roll","floor":10.0},{"not_picked":["Endless Agony","Blade Dance"],"picked":"Envenom","floor":11.0},{"not_picked":["Unload","Tools of the Trade"],"picked":"Corpse Explosion","floor":16.0},{"not_picked":["Dagger Spray"],"picked":"SKIP","floor":18.0},{"not_picked":[],"picked":"Concentrate","floor":24.0},{"not_picked":["Deadly Poison+1"],"picked":"SKIP","floor":27.0},{"not_picked":[],"picked":"Acrobatics+1","floor":28.0},{"not_picked":["Underhanded Strike"],"picked":"SKIP","floor":29.0},{"not_picked":["Outmaneuver+1"],"picked":"SKIP","floor":31.0},{"not_picked":[],"picked":"Tools of the Trade","floor":33.0},{"not_picked":["Dagger Throw"],"picked":"SKIP","floor":35.0},{"not_picked":[],"picked":"Well Laid Plans","floor":38.0},{"not_picked":[],"picked":"Blur+1","floor":41.0},{"not_picked":[],"picked":"Deflect+1","floor":42.0},{"not_picked":[],"picked":"Blade Dance+1","floor":44.0},{"not_picked":[],"picked":"Flash of Steel","floor":45.0},{"not_picked":["Dagger Throw"],"picked":"SKIP","floor":48.0}],"player_experience":2865647,"relics_obtained":[{"floor":6.0,"key":"Oddly Smooth Stone"},{"floor":9.0,"key":"Darkstone Periapt"},{"floor":10.0,"key":"The Courier"},{"floor":13.0,"key":"HornCleat"},{"floor":24.0,"key":"Nunchaku"},{"floor":26.0,"key":"Toxic Egg 2"},{"floor":27.0,"key":"Thread and Needle"},{"floor":42.0,"key":"Meat on the Bone"},{"floor":43.0,"key":"Orichalcum"},{"floor":44.0,"key":"Kunai"},{"floor":48.0,"key":"Mummified Hand"}],"event_choices":[{"damage_healed":0.0,"max_hp_gain":0.0,"max_hp_loss":0.0,"gold_gain":75.0,"event_name":"World of Goop","player_choice":"Gather Gold","floor":2.0,"gold_loss":0.0,"damage_taken":11.0},{"damage_healed":0.0,"max_hp_gain":0.0,"max_hp_loss":0.0,"gold_gain":0.0,"event_name":"Upgrade Shrine","player_choice":"Upgraded","floor":4.0,"gold_loss":0.0,"damage_taken":0.0,"cards_upgraded":["Dagger Throw"]},{"damage_healed":0.0,"max_hp_gain":0.0,"max_hp_loss":0.0,"gold_gain":0.0,"event_name":"WeMeetAgain","player_choice":"Paid Gold","floor":14.0,"gold_loss":80.0,"damage_taken":0.0,"relics_obtained":["MealTicket"]},{"damage_healed":0.0,"max_hp_gain":0.0,"max_hp_loss":0.0,"gold_gain":0.0,"event_name":"The Mausoleum","player_choice":"Opened","floor":19.0,"gold_loss":0.0,"damage_taken":0.0,"relics_obtained":["Tough Bandages"],"cards_obtained":["Writhe"]},{"damage_healed":0.0,"max_hp_gain":0.0,"max_hp_loss":0.0,"gold_gain":0.0,"event_name":"The Library","player_choice":"Read","floor":20.0,"gold_loss":0.0,"damage_taken":0.0,"cards_obtained":["Prepared"]},{"damage_healed":0.0,"max_hp_gain":0.0,"max_hp_loss":0.0,"gold_gain":0.0,"event_name":"Accursed Blacksmith","player_choice":"Rummage","floor":22.0,"gold_loss":0.0,"damage_taken":0.0,"relics_obtained":["WarpedTongs"],"cards_obtained":["Pain"]},{"cards_removed":["Strike_G"],"damage_healed":0.0,"max_hp_gain":0.0,"max_hp_loss":0.0,"gold_gain":0.0,"event_name":"Falling","player_choice":"Removed Attack","floor":36.0,"gold_loss":0.0,"damage_taken":0.0},{"damage_healed":0.0,"max_hp_gain":0.0,"max_hp_loss":0.0,"gold_gain":0.0,"event_name":"SensoryStone","player_choice":"Memory 3","floor":45.0,"gold_loss":0.0,"damage_taken":10.0},{"damage_healed":0.0,"max_hp_gain":0.0,"max_hp_loss":0.0,"gold_gain":0.0,"event_name":"Tomb of Lord Red Mask","player_choice":"Paid","floor":47.0,"gold_loss":37.0,"damage_taken":0.0,"relics_obtained":["Red Mask"]}],"is_beta":false,"boss_relics":[{"not_picked":["Pandora\u0027s Box","Tiny House"],"picked":"Busted Crown"},{"not_picked":["Snecko Eye","WristBlade"],"picked":"Sozu"}],"items_purged_floors":[21,37,46],"is_endless":false,"potions_floor_spawned":[1,3,8,24,29,35,42],"killed_by":"Time Eater","ascension_level":20}}