{"host":"w11d5xug8ost5klq","time":1610070260,"event":{"mods":["100% Spire Juice","2.2 Compatiblity","BaseMod","Better Third Choice","Emptier Cage","Evolution","Highlight Path","Minty Spire (QoL Compilation)","Quick Restart","Spicy Shops","StSLib"],"gold_per_floor":[112,124,124,16,16,45,45,25,25,25,25,25,50,69,69,165,45,63,63,83,83,83],"floor_reached":21,"playtime":959,"items_purged":[],"score":187,"play_id":"ef475292-8073-4b57-8542-8de6b15976c6","local_time":"20210107194420","is_ascension_mode":false,"campfire_choices":[{"data":"Moonworks:CloudOfSeagulls","floor":7,"key":"SMITH"},{"floor":10,"key":"REST"},{"data":"Moonworks:NicePresent","floor":12,"key":"SMITH"},{"data":"Moonworks:SinkOrSwim","floor":15,"key":"SMITH"}],"circlet_count":0,"master_deck":["Moonworks:Strike","Moonworks:Strike","Moonworks:Strike","Moonworks:Strike","Moonworks:Defend","Moonworks:Defend","Moonworks:Defend","Moonworks:Defend","Moonworks:Ambush","Moonworks:LongDistanceShot","Moonworks:CloudOfSeagulls+1","Moonworks:RedAndBlue","Moonworks:CloudOfSeagulls+1","Moonworks:NicePresent+1","Moonworks:SinkOrSwim+1","Moonworks:OutOfAmmo","Moonworks:WindyEnchantment","Moonworks:NicePresent"],"relics":["Moonworks:BrokenBomb","Moonworks:Homemark","EVO:Axolotl","NeowsBlessing","Nunchaku","Pantograph","InkBottle","SlaversCollar","Shuriken"],"acts_visited":["Exordium","TheCity"],"potions_floor_usage":[16],"damage_taken":[{"damage":0,"enemies":"Cultist","floor":1,"turns":1},{"damage":0,"enemies":"Small Slimes","floor":2,"turns":1},{"damage":0,"enemies":"2 Louse","floor":4,"turns":1},{"damage":32,"enemies":"Lagavulin","floor":6,"turns":6},{"damage":5,"enemies":"3 Sentries","floor":13,"turns":6},{"damage":0,"enemies":"Exordium Thugs","floor":14,"turns":4},{"damage":32,"enemies":"Slime Boss","floor":16,"turns":7},{"damage":9,"enemies":"Shell Parasite","floor":18,"turns":4},{"damage":32,"enemies":"3 Byrds","floor":20,"turns":3},{"damage":22,"enemies":"Snecko","floor":21,"turns":3}],"seed_played":"87324302731410098","potions_obtained":[{"floor":2,"key":"Weak Potion"},{"floor":14,"key":"LiquidMemories"},{"floor":16,"key":"Ancient Potion"}],"is_trial":false,"path_per_floor":["M","M","?","M","$","E","R","?","T","R","$","R","E","M","R","B",null,"M","?","M","M"],"character_chosen":"THE_STARBREAKER","items_purchased":[],"campfire_rested":1,"item_purchase_floors":[],"current_hp_per_floor":[60,60,60,60,60,28,28,28,28,46,46,46,41,41,41,28,60,51,51,19,0,0],"gold":83,"neow_bonus":"THREE_ENEMY_KILL","is_daily":false,"chose_seed":false,"campfire_upgraded":3,"win_rate":0.0,"timestamp":1610070260,"path_taken":["M","?","?","?","$","E","R","?","T","R","?","R","E","M","R","BOSS","M","?","M","M"],"items_purchased_type":[],"build_version":"2020-12-22","purchased_purges":0,"victory":false,"max_hp_per_floor":[60,60,60,60,60,60,60,60,60,60,60,60,60,60,60,60,60,60,60,60,60,60],"card_choices":[{"not_picked":["Moonworks:BackdoorTrade","Moonworks:IndiscriminateFireSupport"],"picked":"Moonworks:CloudOfSeagulls","floor":1},{"not_picked":["Moonworks:DevilHand","Moonworks:BigBangBell"],"picked":"Moonworks:RedAndBlue","floor":2},{"not_picked":["Moonworks:BigBangBell","Moonworks:ImOnFire"],"picked":"Moonworks:CloudOfSeagulls","floor":4},{"not_picked":["Moonworks:ImOnFire","Moonworks:BigMagnum"],"picked":"Moonworks:NicePresent","floor":6},{"not_picked":["Moonworks:MixPhenomenon","Moonworks:NicePresent"],"picked":"Moonworks:SinkOrSwim","floor":13},{"not_picked":["Moonworks:BigMagnum","Moonworks:JonathanRush","Moonworks:NicePresent"],"picked":"SKIP","floor":14},{"not_picked":["Moonworks:Blazing","Moonworks:EvilMastermind"],"picked":"Moonworks:OutOfAmmo","floor":16},{"not_picked":["Moonworks:ImOnFire+1","Moonworks:DeployBits+1"],"picked":"Moonworks:WindyEnchantment","floor":18},{"not_picked":["Moonworks:TacticalRetreat","Moonworks:Assault"],"picked":"Moonworks:NicePresent","floor":20}],"player_experience":89109,"relics_obtained":[{"floor":6,"key":"Nunchaku"},{"floor":9,"key":"Pantograph"},{"floor":13,"key":"InkBottle"}],"event_choices":[{"damage_healed":0,"gold_gain":0,"player_choice":"Upgraded","damage_taken":0,"max_hp_gain":0,"max_hp_loss":0,"event_name":"Upgrade Shrine","floor":3,"gold_loss":0,"cards_upgraded":["Moonworks:CloudOfSeagulls"]},{"damage_healed":0,"gold_gain":100,"player_choice":"Pray","damage_taken":0,"max_hp_gain":0,"max_hp_loss":0,"event_name":"Golden Shrine","floor":8,"gold_loss":0},{"damage_healed":0,"gold_gain":0,"player_choice":"Opened","damage_taken":0,"relics_obtained":["Shuriken"],"max_hp_gain":0,"max_hp_loss":0,"event_name":"The Mausoleum","floor":19,"gold_loss":0}],"is_beta":false,"boss_relics":[{"not_picked":["Tiny House","Runic Pyramid"],"picked":"SlaversCollar"}],"items_purged_floors":[],"is_endless":false,"potions_floor_spawned":[2,14,16],"killed_by":"Snecko","ascension_level":0}}