{"host":"7po9pgh86bqe2blc","time":1610120872,"event":{"mods":["BaseMod","ChefMod","Colored Map","Colored Powertips","Hermit","Minty Spire (QoL Compilation)","StSLib","The Cursed","The Disciple","The Hierophant","The Runesmith"],"gold_per_floor":[110,35,35,52,2,2,17,28,28,28,41,60,60,78,78,175,175,190,190,206,216,229,229,249,283,283,293,43,43,61,61,61,164,164,174,174,526,204,204,204,204,221,248,25,43,93,123,142,142,142],"floor_reached":51,"playtime":6075,"items_purged":["TheCursedMod:Strike_TheCursed","TheCursedMod:Strike_TheCursed","TheCursedMod:Strike_TheCursed","TheCursedMod:AshesToAshes"],"score":641,"play_id":"cebe7201-0e29-4ac4-a3c3-8ebf2c4875d9","local_time":"20210108164752","is_ascension_mode":false,"campfire_choices":[{"data":"TheCursedMod:CursedWand","floor":6,"key":"SMITH"},{"data":"TheCursedMod:SpitefulPlan","floor":13,"key":"SMITH"},{"data":"TheCursedMod:CircleOfCorruption","floor":15,"key":"SMITH"},{"data":"TheCursedMod:DemonSword","floor":23,"key":"SMITH"},{"data":"TheCursedMod:WearCloak","floor":29,"key":"SMITH"},{"data":"TheCursedMod:Neurasthenia","floor":32,"key":"SMITH"},{"data":"TheCursedMod:CursedAmulet","floor":40,"key":"SMITH"},{"floor":49,"key":"REST"}],"circlet_count":0,"master_deck":["TheCursedMod:Defend_TheCursed","TheCursedMod:Defend_TheCursed+1","TheCursedMod:CursedWand+1","TheCursedMod:CleanUpWorkshop+1","TheCursedMod:Dregs","TheCursedMod:DemonSword+1","TheCursedMod:CircleOfCorruption+1","TheCursedMod:SpitefulPlan+1","TheCursedMod:WearCloak+1","TheCursedMod:SurpriseAttack+1","TheCursedMod:CursedWand+1","TheCursedMod:HellfireBreathing+1","TheCursedMod:Neurasthenia+1","TheCursedMod:DemonSword","TheCursedMod:CursedAmulet+1","TheCursedMod:SurpriseAttack","Writhe","TheCursedMod:SurpriseAttack+1"],"relics":["TheCursedMod:BlackMagicAdvanced","NeowsBlessing","HornCleat","Bottled Lightning","TheCursedMod:BloodyHarpoon","Lee\u0027s Waffle","TheCursedMod:FourLeafCloverCharm","Old Coin","Bronze Scales","TheCursedMod:Tack","Torii","TheCursedMod:SoulVessel"],"acts_visited":["Exordium","TheCity","TheBeyond"],"potions_floor_usage":[16,27,33,33,33,45,50,50,50],"damage_taken":[{"damage":0,"enemies":"Small Slimes","floor":1,"turns":1},{"damage":0,"enemies":"2 Louse","floor":4,"turns":1},{"damage":0,"enemies":"Jaw Worm","floor":7,"turns":1},{"damage":9,"enemies":"2 Fungi Beasts","floor":8,"turns":3},{"damage":10,"enemies":"Gremlin Gang","floor":11,"turns":4},{"damage":0,"enemies":"3 Louse","floor":12,"turns":3},{"damage":0,"enemies":"Exordium Wildlife","floor":14,"turns":4},{"damage":17,"enemies":"Hexaghost","floor":16,"turns":11},{"damage":14,"enemies":"Spheric Guardian","floor":18,"turns":5},{"damage":0,"enemies":"Shell Parasite","floor":20,"turns":5},{"damage":0,"enemies":"Cultist and Chosen","floor":21,"turns":6},{"damage":0,"enemies":"Snake Plant","floor":22,"turns":4},{"damage":6,"enemies":"Centurion and Healer","floor":24,"turns":6},{"damage":35,"enemies":"Slavers","floor":25,"turns":6},{"damage":0,"enemies":"Snecko","floor":27,"turns":4},{"damage":0,"enemies":"Shelled Parasite and Fungi","floor":30,"turns":5},{"damage":53,"enemies":"Champ","floor":33,"turns":11},{"damage":4,"enemies":"3 Shapes","floor":35,"turns":5},{"damage":68,"enemies":"2 Orb Walkers","floor":37,"turns":7},{"damage":0,"enemies":"Orb Walker","floor":42,"turns":3},{"damage":8,"enemies":"4 Shapes","floor":45,"turns":4},{"damage":0,"enemies":"Mind Bloom Boss Battle","floor":46,"turns":6},{"damage":11,"enemies":"Giant Head","floor":47,"turns":9},{"damage":0,"enemies":"Jaw Worm Horde","floor":48,"turns":3},{"damage":3,"enemies":"Donu and Deca","floor":50,"turns":11}],"seed_played":"5674903885150324787","potions_obtained":[{"floor":8,"key":"Energy Potion"},{"floor":11,"key":"Explosive Potion"},{"floor":12,"key":"SpeedPotion"},{"floor":14,"key":"SneckoOil"},{"floor":16,"key":"LiquidBronze"},{"floor":21,"key":"Strength Potion"},{"floor":27,"key":"FearPotion"},{"floor":37,"key":"Weak Potion"},{"floor":42,"key":"GamblersBrew"},{"floor":47,"key":"Dexterity Potion"}],"is_trial":false,"path_per_floor":["M","$","?","M","?","R","M","M","T","$","M","M","R","M","R","B",null,"M","?","M","M","M","R","M","E","T","M","$","R","M","?","R","B",null,"M","?","?","$","?","R","?","M","T","$","M","?","E","M","R","B",null],"character_chosen":"THE_CURSED","items_purchased":["Lee\u0027s Waffle","Bronze Scales","TheCursedMod:SurpriseAttack","Regen Potion"],"campfire_rested":1,"item_purchase_floors":[28,38,38,44],"current_hp_per_floor":[75,75,60,60,60,60,60,51,51,51,41,41,41,41,41,24,75,61,61,61,61,61,61,55,20,20,20,82,82,82,82,82,29,82,78,78,10,10,31,31,31,31,31,31,35,35,24,29,53,72],"gold":142,"neow_bonus":"THREE_ENEMY_KILL","is_daily":false,"chose_seed":false,"campfire_upgraded":7,"win_rate":0.0,"timestamp":1610120872,"path_taken":["M","$","?","M","?","R","M","M","T","$","M","M","R","?","R","BOSS","M","?","M","M","M","R","?","E","T","M","$","R","M","?","R","BOSS","M","?","?","$","?","R","?","M","T","$","M","?","E","M","R","BOSS"],"items_purchased_type":["Relic","Relic","Card","Potion"],"build_version":"2020-12-13","purchased_purges":4,"victory":true,"max_hp_per_floor":[75,75,75,75,75,75,75,75,75,75,75,75,75,75,75,75,75,75,75,75,75,75,75,75,75,75,75,82,82,82,82,82,82,82,82,82,82,82,82,82,82,82,82,82,82,82,82,82,82,82],"card_choices":[{"not_picked":["TheCursedMod:CursedAmulet","TheCursedMod:FuryStrike","TheCursedMod:CursedBlade"],"picked":"SKIP","floor":1},{"not_picked":["TheCursedMod:FleshFromBone","TheCursedMod:Wield"],"picked":"TheCursedMod:DemonSword","floor":4},{"not_picked":["TheCursedMod:TacticalStrike","TheCursedMod:FuryStrike"],"picked":"TheCursedMod:CircleOfCorruption","floor":7},{"not_picked":["TheCursedMod:FuryStrike","TheCursedMod:CursedBlade"],"picked":"TheCursedMod:SpitefulPlan","floor":8},{"not_picked":["TheCursedMod:Grudge","TheCursedMod:Stigma","TheCursedMod:Wield"],"picked":"SKIP","floor":11},{"not_picked":["TheCursedMod:SpitefulStrike","TheCursedMod:CursedStaff"],"picked":"TheCursedMod:WearCloak","floor":12},{"not_picked":["TheCursedMod:Stigma","TheCursedMod:CursedMace","TheCursedMod:SpitefulStrike"],"picked":"SKIP","floor":14},{"not_picked":["TheCursedMod:ReleasedStrength","TheCursedMod:BloodBarrier+1"],"picked":"TheCursedMod:SurpriseAttack+1","floor":18},{"not_picked":["TheCursedMod:CursedBoomerang","TheCursedMod:DoubleShield","TheCursedMod:FleshFromBone+1"],"picked":"SKIP","floor":20},{"not_picked":["TheCursedMod:Torture","TheCursedMod:TacticalStrike","TheCursedMod:CircleOfWindfury"],"picked":"SKIP","floor":21},{"not_picked":["TheCursedMod:BloodBarrier+1","TheCursedMod:RavingStaff","TheCursedMod:ShockAndAwe"],"picked":"SKIP","floor":22},{"not_picked":["TheCursedMod:Wield","TheCursedMod:CursedAmulet","TheCursedMod:CircleOfCorruption+1"],"picked":"SKIP","floor":24},{"not_picked":["TheCursedMod:Torture","TheCursedMod:Mangle"],"picked":"TheCursedMod:HellfireBreathing+1","floor":25},{"not_picked":["TheCursedMod:AshesToAshes","TheCursedMod:SaltUponWound","TheCursedMod:RapidMovement"],"picked":"SKIP","floor":27},{"not_picked":["TheCursedMod:Stigma","TheCursedMod:SmokeScreen+1","TheCursedMod:CircleOfCorruption"],"picked":"SKIP","floor":30},{"not_picked":["TheCursedMod:ShockAndAwe","TheCursedMod:DarkBarrier"],"picked":"TheCursedMod:DemonSword","floor":33},{"not_picked":["TheCursedMod:CircleOfFocus+1","TheCursedMod:Torture"],"picked":"TheCursedMod:CursedAmulet","floor":35},{"not_picked":["TheCursedMod:DoubleShield","TheCursedMod:Mangle+1"],"picked":"TheCursedMod:SurpriseAttack+1","floor":42},{"not_picked":["TheCursedMod:Stigma","TheCursedMod:Torture+1","TheCursedMod:CircleOfWindfury"],"picked":"SKIP","floor":45},{"not_picked":["TheCursedMod:FleshFromBone","TheCursedMod:CursedBoomerang","TheCursedMod:Wield+1"],"picked":"SKIP","floor":47},{"not_picked":["TheCursedMod:CircleOfFlame","TheCursedMod:Mangle+1","TheCursedMod:TroublousMinions+1"],"picked":"SKIP","floor":48}],"player_experience":303084,"relics_obtained":[{"floor":9,"key":"HornCleat"},{"floor":25,"key":"Bottled Lightning"},{"floor":26,"key":"TheCursedMod:BloodyHarpoon"},{"floor":37,"key":"Old Coin"},{"floor":43,"key":"TheCursedMod:Tack"},{"floor":46,"key":"Torii"},{"floor":47,"key":"TheCursedMod:SoulVessel"}],"event_choices":[{"damage_healed":0,"gold_gain":0,"player_choice":"Entered Light","damage_taken":15,"max_hp_gain":0,"max_hp_loss":0,"event_name":"Shining Light","floor":3,"gold_loss":0,"cards_upgraded":["TheCursedMod:Defend_TheCursed","TheCursedMod:CleanUpWorkshop"]},{"cards_removed":["TheCursedMod:Defend_TheCursed"],"damage_healed":0,"gold_gain":0,"player_choice":"Card Removal","damage_taken":0,"max_hp_gain":0,"max_hp_loss":0,"event_name":"The Cleric","floor":5,"gold_loss":50},{"damage_healed":0,"gold_gain":0,"player_choice":"Copied","damage_taken":0,"max_hp_gain":0,"max_hp_loss":0,"event_name":"Duplicator","floor":19,"gold_loss":0,"cards_obtained":["TheCursedMod:CursedWand"]},{"damage_healed":0,"gold_gain":0,"cards_transformed":["TheCursedMod:Strike_TheCursed","TheCursedMod:Defend_TheCursed"],"player_choice":"Became Test Subject","damage_taken":0,"max_hp_gain":0,"max_hp_loss":0,"event_name":"Drug Dealer","floor":31,"gold_loss":0,"cards_obtained":["TheCursedMod:AshesToAshes","TheCursedMod:Neurasthenia"]},{"damage_healed":0,"gold_gain":0,"player_choice":"Ignored","damage_taken":0,"max_hp_gain":0,"max_hp_loss":0,"event_name":"Tomb of Lord Red Mask","floor":36,"gold_loss":0},{"damage_healed":0,"gold_gain":0,"player_choice":"Fight","damage_taken":0,"max_hp_gain":0,"max_hp_loss":0,"event_name":"Mysterious Sphere","floor":37,"gold_loss":0},{"damage_healed":21,"gold_gain":0,"player_choice":"Writhe","damage_taken":0,"max_hp_gain":0,"max_hp_loss":0,"event_name":"Winding Halls","floor":39,"gold_loss":0,"cards_obtained":["Writhe"]},{"damage_healed":0,"gold_gain":0,"player_choice":"Ignored","damage_taken":0,"max_hp_gain":0,"max_hp_loss":0,"event_name":"The Moai Head","floor":41,"gold_loss":0},{"damage_healed":0,"gold_gain":0,"player_choice":"Fight","damage_taken":0,"max_hp_gain":0,"max_hp_loss":0,"event_name":"MindBloom","floor":46,"gold_loss":0}],"is_beta":false,"boss_relics":[{"not_picked":["SlaversCollar","Astrolabe"],"picked":"TheCursedMod:BlackMagicAdvanced"},{"not_picked":["Sozu","Cursed Key"],"picked":"TheCursedMod:FourLeafCloverCharm"}],"items_purged_floors":[2,28,38,44],"is_endless":false,"potions_floor_spawned":[8,11,12,14,16,21,22,24,27,30,37,42,45,47],"ascension_level":0}}