{"host":"ds1yr10zonoc6w4a","time":1610091735,"event":{"mods":["BaseMod","Better Match","Better Third Choice","BetterRewards","Minty Spire (QoL Compilation)","StSLib","The Animator"],"gold_per_floor":[128,139,64,64,92,92,171,190,190,201,221,43,43,43],"floor_reached":13,"playtime":1332,"items_purged":["animator:Strike","animator:Strike"],"score":142,"play_id":"9932cf62-b8c7-4e84-bb26-ee5db8440149","local_time":"20210108004215","is_ascension_mode":true,"campfire_choices":[{"data":"animator:Kuroyukihime","floor":6,"key":"SMITH"}],"circlet_count":0,"master_deck":["AscendersBane","animator:Strike_AccelWorld","animator:Defend_AccelWorld","animator:Strike","animator:Defend","animator:Defend","animator:Kuroyukihime+1","animator:LimeBell","animator:Ain","animator:DolaRiku","animator:YuiTsuruno","animator:DolaCouronne","animator:Spearman","animator:Spearman","animator:WinryRockbell"],"relics":["animator:LivingPicture","animator:TheMissingPiece","animator:PurgingStone","Singing Bowl","FaceOfCleric","White Beast Statue","Gremlin Horn","Shuriken","Darkstone Periapt","Chemical X"],"acts_visited":["Exordium"],"potions_floor_usage":[8,8,13],"damage_taken":[{"damage":4,"enemies":"Small Slimes","floor":1,"turns":4},{"damage":5,"enemies":"Cultist","floor":2,"turns":4},{"damage":1,"enemies":"Jaw Worm","floor":5,"turns":4},{"damage":0,"enemies":"Gremlin Gang","floor":8,"turns":5},{"damage":0,"enemies":"3 Louse","floor":10,"turns":2},{"damage":0,"enemies":"2 Fungi Beasts","floor":11,"turns":4},{"damage":55,"enemies":"Gremlin Nob","floor":13,"turns":5}],"seed_played":"-3314316869515384837","potions_obtained":[{"floor":1,"key":"BlessingOfTheForge"},{"floor":5,"key":"Weak Potion"},{"floor":8,"key":"Ancient Potion"},{"floor":10,"key":"DistilledChaos"}],"is_trial":false,"path_per_floor":["M","M","?","?","M","R","T","M","T","M","M","$","E"],"character_chosen":"THE_ANIMATOR","items_purchased":["Singing Bowl","animator:Ain","animator:DolaRiku","Shuriken","Darkstone Periapt","Chemical X","animator:WinryRockbell"],"campfire_rested":0,"item_purchase_floors":[0,0,0,12,12,12,12],"current_hp_per_floor":[50,45,45,45,45,45,45,46,46,49,52,52,0,0],"gold":43,"neow_bonus":"","is_daily":false,"chose_seed":false,"campfire_upgraded":1,"win_rate":0.0,"timestamp":1610091735,"path_taken":["M","M","?","?","?","R","?","M","T","M","?","$","E"],"items_purchased_type":["Relic","Card","Card","Relic","Relic","Relic","Card"],"build_version":"2020-12-22","purchased_purges":2,"victory":false,"max_hp_per_floor":[60,60,60,60,61,61,61,62,62,65,68,68,68,68],"card_choices":[{"not_picked":["animator:Azekura","animator:ShinjiMatou"],"picked":"animator:YuiTsuruno","floor":1},{"not_picked":["animator:Pride","animator:Shuna"],"picked":"animator:DolaCouronne","floor":2},{"not_picked":["animator:Mitsuba","animator:Bozes"],"picked":"animator:Spearman","floor":5},{"not_picked":["animator:HighElfArcher","animator:DwarfShaman"],"picked":"animator:Spearman","floor":8},{"not_picked":["animator:Mitsuba","animator:Rider","animator:Lu"],"picked":"Singing Bowl","floor":10},{"not_picked":["animator:Melzalgald","animator:SayakaMiki","animator:SuzuneAmano"],"picked":"Singing Bowl","floor":11}],"player_experience":692354,"relics_obtained":[{"floor":7,"key":"White Beast Statue"},{"floor":9,"key":"Gremlin Horn"}],"event_choices":[{"cards_removed":["animator:Defend"],"damage_healed":0,"gold_gain":0,"player_choice":"Card Removal","damage_taken":0,"max_hp_gain":0,"max_hp_loss":0,"event_name":"The Cleric","floor":3,"gold_loss":75},{"damage_healed":0,"gold_gain":0,"player_choice":"Trade","damage_taken":0,"relics_obtained":["FaceOfCleric"],"max_hp_gain":0,"max_hp_loss":0,"event_name":"FaceTrader","floor":4,"gold_loss":0}],"is_beta":false,"boss_relics":[],"items_purged_floors":[0,12],"is_endless":false,"potions_floor_spawned":[1,5,8,10,11],"killed_by":"Gremlin Nob","ascension_level":17}}