{"host":"dnd25fcf5l5puhl9","time":1610150125,"event":{"mods":["AchievementEnabler","Act Like it!","BaseMod","BetterRewards","Colored Map","Colored Powertips","Downfall","Gensokyo","Hermit","Hubris","Infinite Spire","Lobotomy","Minty Spire (QoL Compilation)","Replay The Spire","Shop Mod","StSLib","SuperFastMode","The Cursed","The Disciple","The Jungle"],"gold_per_floor":[119,41,41,60,74,74,74],"floor_reached":6,"playtime":286,"items_purged":["sneckomod:Bewildered"],"score":56,"play_id":"90c2082d-98dd-495b-a053-f3e38deb79f7","local_time":"20210108215525","is_ascension_mode":true,"campfire_choices":[],"circlet_count":0,"master_deck":["AscendersBane","Strike_R","Strike_R","Strike_R","Strike_R","Strike_R","Defend_R","Defend_R","Defend_R","Defend_R","Bash","Battle Trance","infinitespire:DeathsTouch","Shrug It Off","Armaments"],"relics":["Burning Blood","Turnip","hubris:BundleOfHerbs","TheAbacus","ReplayTheSpireMod:CursedCoin","Anchor"],"acts_visited":["Gensokyo:Gensokyo"],"potions_floor_usage":[],"damage_taken":[{"damage":7.0,"enemies":"Gensokyo:2_Kodama","floor":1.0,"turns":4.0},{"damage":7.0,"enemies":"Gensokyo:Python","floor":4.0,"turns":3.0},{"damage":0,"enemies":"Gensokyo:Gryphon","floor":5,"turns":4},{"damage":29,"enemies":"Gensokyo:Cirno","floor":6,"turns":4}],"seed_played":"7579115037218234332","potions_obtained":[{"floor":4,"key":"Swift Potion"},{"floor":5,"key":"Toxic Potion"}],"is_trial":false,"path_per_floor":["M","$","?","M","M","E"],"character_chosen":"IRONCLAD","items_purchased":["hubris:BundleOfHerbs","TheAbacus","ReplayTheSpireMod:CursedCoin","Anchor"],"campfire_rested":0,"item_purchase_floors":[0,0,2,2],"current_hp_per_floor":[39,39,20,19,28,0,0],"gold":74,"neow_bonus":"","is_daily":false,"chose_seed":false,"campfire_upgraded":0,"win_rate":0.0,"timestamp":1610150125,"path_taken":["M","$","?","M","M","E"],"items_purchased_type":["Relic","Relic","Relic","Relic"],"build_version":"2020-12-22","purchased_purges":1,"victory":false,"max_hp_per_floor":[80,80,80,80,80,80,80],"card_choices":[{"not_picked":["Rage","Cleave"],"picked":"Battle Trance","floor":1.0},{"not_picked":["ReplayTheSpireMod:Echoes of Time","infinitespire:FutureSight"],"picked":"infinitespire:DeathsTouch","floor":3.0},{"not_picked":["Sword Boomerang","Perfected Strike"],"picked":"Shrug It Off","floor":4},{"not_picked":["Flex","Entrench"],"picked":"Armaments","floor":5}],"player_experience":558787,"relics_obtained":[],"event_choices":[],"is_beta":false,"boss_relics":[],"items_purged_floors":[2],"is_endless":false,"potions_floor_spawned":[4,5],"killed_by":"Gensokyo:Cirno","ascension_level":11}}