{"host":"f1yp41yk4w46r4xn","time":1610136379,"event":{"mods":["AchievementEnabler","Act Like it!","BaseMod","BetterRewards","Block Reminder","Conspire","Downfall","GifTheSpireLib","Highlight Path","Hubris","Infinite Spire","Jedi Mod","Minty Spire (QoL Compilation)","Pale of the Ancients","Replay The Spire","StSLib","Stuff the Spire"],"gold_per_floor":[116,134,146,158,53,83,83,94,147,167,179,179,197,207,207,302,302,313,333,343,353,353,380,380,380,380],"floor_reached":25,"playtime":1275,"items_purged":[],"score":281,"play_id":"4fa5288c-84db-4295-bae4-06514bd19240","local_time":"20210108180619","is_ascension_mode":false,"campfire_choices":[{"data":"Omniscience","floor":7,"key":"SMITH"},{"data":"Omniscience","floor":12,"key":"SMITH"},{"data":"FollowUp","floor":15,"key":"SMITH"},{"floor":24,"key":"REST"}],"circlet_count":0,"master_deck":["Strike_P","Strike_P","Strike_P","Strike_P","Defend_P","Defend_P","Defend_P","Defend_P","Eruption","Vigilance","FollowUp+1","Crescendo","CutThroughFate","JustLucky","Omniscience+1","Omniscience+1","Replay:Cycle","Replay:BluntJabs","Prostrate","Judgement","WreathOfFlame+1"],"relics":["PureWater","Ring of Chaos","Replay:Kaleidoscope","Replay:Rubber Ducky","hubris:TerracottaHorce","StuffTheSpire:Gunfinga"],"acts_visited":["Exordium","TheCity"],"potions_floor_usage":[20],"damage_taken":[{"damage":0,"enemies":"2 Louse","floor":1,"turns":1},{"damage":3,"enemies":"Small Slimes","floor":2,"turns":3},{"damage":0,"enemies":"Cultist","floor":3,"turns":2},{"damage":5,"enemies":"Looter","floor":4,"turns":3},{"damage":10,"enemies":"Gremlin Nob","floor":6,"turns":3},{"damage":13,"enemies":"Exordium Wildlife","floor":8,"turns":2},{"damage":0,"enemies":"Large Slime","floor":10,"turns":2},{"damage":0,"enemies":"3 Louse","floor":11,"turns":2},{"damage":0,"enemies":"2 Fungi Beasts","floor":13,"turns":2},{"damage":0,"enemies":"Large Slime","floor":14,"turns":3},{"damage":0,"enemies":"Slime Boss","floor":16,"turns":3},{"damage":0,"enemies":"Chosen","floor":18,"turns":1},{"damage":0,"enemies":"3 Byrds","floor":19,"turns":1},{"damage":7,"enemies":"Cultist and Chosen","floor":20,"turns":3},{"damage":2,"enemies":"3 Cultists","floor":21,"turns":3},{"damage":24,"enemies":"Slavers","floor":23,"turns":3},{"damage":60,"enemies":"Nightmare","floor":25,"turns":3}],"seed_played":"-7213675724722698819","potions_obtained":[{"floor":1,"key":"SkillPotion"},{"floor":2,"key":"champ:CounterPotion"},{"floor":10,"key":"Flashbang"},{"floor":13,"key":"jedi:wingpotion"},{"floor":18,"key":"AttackPotion"},{"floor":21,"key":"Fire Potion"},{"floor":23,"key":"DuplicationPotion"}],"is_trial":true,"path_per_floor":["M","M","M","M","$","E","R","M","T","M","M","R","M","M","R","B",null,"M","M","M","M","AVR","E","R","NM"],"character_chosen":"WATCHER","items_purchased":["Omniscience"],"campfire_rested":1,"item_purchase_floors":[5],"current_hp_per_floor":[72,69,69,64,64,54,54,41,41,41,41,41,41,41,41,41,64,64,64,57,55,55,31,52,0,0],"gold":380,"neow_bonus":"","is_daily":false,"chose_seed":false,"campfire_upgraded":3,"win_rate":0.0,"timestamp":1610136379,"path_taken":["M","M","M","M","$","E","R","M","T","M","M","R","M","M","R","BOSS","M","M","M","M","AVR","E","R","NM"],"items_purchased_type":["Card"],"build_version":"2020-12-22","purchased_purges":0,"victory":false,"max_hp_per_floor":[72,72,72,72,72,72,72,72,72,72,72,72,72,72,72,72,72,72,72,72,72,72,72,72,72,72],"card_choices":[{"not_picked":["EmptyFist","Halt"],"picked":"FollowUp","floor":1},{"not_picked":["Evaluate","Halt"],"picked":"Crescendo","floor":2},{"not_picked":["Fasting2","Evaluate"],"picked":"CutThroughFate","floor":3},{"not_picked":["Evaluate","Replay:AtTheReady"],"picked":"JustLucky","floor":4},{"not_picked":["Judgement","Replay:Vibes"],"picked":"Replay:Cycle","floor":6},{"not_picked":["FollowUp","Fasting2"],"picked":"Replay:BluntJabs","floor":8},{"not_picked":["Crescendo","DeceiveReality"],"picked":"Prostrate","floor":10},{"not_picked":["Evaluate","JustLucky","Worship"],"picked":"SKIP","floor":11},{"not_picked":["EmptyFist","JustLucky","Protect"],"picked":"SKIP","floor":13},{"not_picked":["JustLucky","Replay:AllIn","Indignation"],"picked":"SKIP","floor":14},{"not_picked":["Ragnarok","Scrawl"],"picked":"Judgement","floor":16},{"not_picked":["EmptyBody","CrushJoints","Fasting2"],"picked":"SKIP","floor":18},{"not_picked":["Replay:Battleflow","FlyingSleeves+1","CrushJoints"],"picked":"SKIP","floor":19},{"not_picked":["Replay:Hum","FlurryOfBlows","Meditate"],"picked":"SKIP","floor":20},{"not_picked":["EmptyMind+1","DeusExMachina","Evaluate+1"],"picked":"SKIP","floor":21},{"not_picked":["Crescendo","SashWhip+1"],"picked":"WreathOfFlame+1","floor":23}],"player_experience":204139,"relics_obtained":[{"floor":6,"key":"Replay:Kaleidoscope"},{"floor":9,"key":"Replay:Rubber Ducky"},{"floor":23,"key":"StuffTheSpire:Gunfinga"}],"event_choices":[],"is_beta":false,"boss_relics":[{"not_picked":["Ectoplasm","StuffTheSpire:Kangaroo"],"picked":"hubris:TerracottaHorce"}],"items_purged_floors":[],"is_endless":false,"potions_floor_spawned":[1,2,10,13,16,18,21,23],"killed_by":"Nightmare","ascension_level":0}}