{"host":"873t0y8ybyo38pfq","time":1610101625,"event":{"mods":["BaseMod","Bestiary","Colored Map","Colored Powertips","Highlight Path","Minty Spire (QoL Compilation)","Quick Restart","RNG Fix","Rare Cards Sparkle","Relic Stats","StSLib"],"gold_per_floor":[115,127,139,159,172,172,172,172],"floor_reached":7,"playtime":210,"items_purged":[],"score":90,"play_id":"67143cc5-3d7c-42f0-bdeb-b7fb8820f665","local_time":"20210108052705","is_ascension_mode":true,"campfire_choices":[{"floor":6,"key":"REST"}],"circlet_count":0,"master_deck":["AscendersBane","Strike_B","Strike_B","Strike_B","Strike_B","Defend_B","Defend_B","Defend_B","Defend_B","Zap","Dualcast","Rainbow","Redo","Capacitor","Cold Snap","Go for the Eyes","Doom and Gloom"],"relics":["Cracked Core"],"acts_visited":["Exordium"],"potions_floor_usage":[5,7],"damage_taken":[{"damage":5,"enemies":"Jaw Worm","floor":1,"turns":5},{"damage":16,"enemies":"Small Slimes","floor":2,"turns":4},{"damage":3,"enemies":"2 Louse","floor":3,"turns":3},{"damage":8,"enemies":"Looter","floor":4,"turns":3},{"damage":19,"enemies":"Exordium Thugs","floor":5,"turns":3},{"damage":54,"enemies":"Gremlin Nob","floor":7,"turns":4}],"seed_played":"9121081388413285833","potions_obtained":[{"floor":2,"key":"FearPotion"},{"floor":3,"key":"PotionOfCapacity"}],"is_trial":false,"path_per_floor":["M","M","M","M","M","R","E"],"character_chosen":"DEFECT","items_purchased":[],"campfire_rested":1,"item_purchase_floors":[],"current_hp_per_floor":[59,43,40,32,13,32,0,0],"gold":172,"neow_bonus":"THREE_RARE_CARDS","is_daily":false,"chose_seed":false,"campfire_upgraded":0,"win_rate":0.0,"timestamp":1610101625,"path_taken":["M","M","M","M","M","R","E"],"items_purchased_type":[],"build_version":"2020-12-22","purchased_purges":0,"victory":false,"max_hp_per_floor":[64,64,64,64,64,64,64,64],"relic_stats":{"counters":[6,22],"obtain_stats":[{"Cracked Core":0},{"Cracked Core":0},{"Cracked Core":0}]},"card_choices":[{"not_picked":["Echo Form","Creative AI"],"picked":"Rainbow","floor":0},{"not_picked":["Hologram","Tempest"],"picked":"Redo","floor":1},{"not_picked":["Hologram","Stack"],"picked":"Capacitor","floor":2},{"not_picked":["Rebound","Melter"],"picked":"Cold Snap","floor":3},{"not_picked":["White Noise","Tempest"],"picked":"Go for the Eyes","floor":4},{"not_picked":["Go for the Eyes","Redo"],"picked":"Doom and Gloom","floor":5}],"player_experience":1544881,"relics_obtained":[],"event_choices":[],"is_beta":false,"boss_relics":[],"items_purged_floors":[],"is_endless":false,"potions_floor_spawned":[2,3],"killed_by":"Gremlin Nob","ascension_level":20}}