{"host":"2e3z4r48quhw80cc","time":1610143271,"event":{"mods":["BaseMod","Minty Spire (QoL Compilation)","Quick Restart","StSLib","SuperFastMode"],"gold_per_floor":[115,115,131,231,85,111,122,22,74,89,120,132,169,193,205,318,330,362,386,398,410,433,445,490,502,502],"floor_reached":25,"playtime":754,"items_purged":["Pain","Strike_G"],"score":335,"play_id":"488aad12-b29b-4047-b437-040394d37d84","local_time":"20210109070111","is_ascension_mode":true,"campfire_choices":[{"data":"Footwork","floor":12.0,"key":"SMITH"},{"data":"Crippling Poison","floor":15.0,"key":"SMITH"},{"data":"Corpse Explosion","floor":23.0,"key":"SMITH"}],"circlet_count":0,"master_deck":["Strike_G","Strike_G","Strike_G","Defend_G","Defend_G","Defend_G","Defend_G","Survivor","Neutralize","Dagger Spray","Corpse Explosion+1","Crippling Poison+1","Blur","Footwork+1","Blade Dance","Phantasmal Killer","Bane","Escape Plan","Adrenaline"],"relics":["Ring of the Snake","NeowsBlessing","WarpedTongs","Orichalcum","Potion Belt","MawBank","The Courier","Empty Cage","Omamori","Singing Bowl"],"acts_visited":["Exordium","TheCity"],"potions_floor_usage":[24],"damage_taken":[{"damage":0.0,"enemies":"Jaw Worm","floor":1.0,"turns":1.0},{"damage":0.0,"enemies":"Cultist","floor":3.0,"turns":1.0},{"damage":0.0,"enemies":"3 Sentries","floor":6.0,"turns":1.0},{"damage":0.0,"enemies":"2 Louse","floor":7.0,"turns":2.0},{"damage":8.0,"enemies":"Exordium Thugs","floor":10.0,"turns":4.0},{"damage":2.0,"enemies":"Lagavulin","floor":11.0,"turns":6.0},{"damage":16.0,"enemies":"Gremlin Nob","floor":13.0,"turns":4.0},{"damage":4.0,"enemies":"Gremlin Gang","floor":14.0,"turns":2.0},{"damage":22.0,"enemies":"Hexaghost","floor":16.0,"turns":12.0},{"damage":15.0,"enemies":"Spheric Guardian","floor":18.0,"turns":5.0},{"damage":2.0,"enemies":"Chosen","floor":19.0,"turns":5.0},{"damage":13.0,"enemies":"Sentry and Sphere","floor":22.0,"turns":5.0},{"damage":33,"enemies":"Gremlin Leader","floor":24,"turns":6},{"damage":8,"enemies":"Snecko","floor":25,"turns":3}],"seed_played":"8334286044993051125","potions_obtained":[{"floor":3.0,"key":"CunningPotion"},{"floor":6.0,"key":"CunningPotion"},{"floor":11.0,"key":"GamblersBrew"},{"floor":13.0,"key":"Ancient Potion"},{"floor":24,"key":"Weak Potion"}],"is_trial":false,"path_per_floor":["M","?","M","?","$","E","M","$","T","M","E","R","E","M","R","B",null,"M","M","?","?","M","R","E","M"],"character_chosen":"THE_SILENT","items_purchased":["Corpse Explosion"],"campfire_rested":0,"item_purchase_floors":[5],"current_hp_per_floor":[70,70,70,70,70,70,70,70,70,62,60,60,44,40,40,18,70,55,53,53,53,40,40,7,0,0],"gold":502,"neow_bonus":"THREE_ENEMY_KILL","is_daily":false,"chose_seed":false,"campfire_upgraded":3,"win_rate":0.0,"timestamp":1610143271,"path_taken":["M","?","?","?","$","E","M","?","T","M","E","R","E","M","R","BOSS","M","?","?","?","M","R","E","?"],"items_purchased_type":["Card"],"build_version":"2020-12-22","purchased_purges":2,"victory":false,"max_hp_per_floor":[70,70,70,70,70,70,70,70,70,70,70,70,70,70,70,70,70,70,70,70,70,70,70,70,70,70],"card_choices":[{"not_picked":["Dagger Spray","Acrobatics"],"picked":"Flying Knee","floor":1.0},{"not_picked":["Sucker Punch","Underhanded Strike"],"picked":"Dagger Spray","floor":3.0},{"not_picked":["Burst","Skewer"],"picked":"Crippling Poison","floor":6.0},{"not_picked":["Infinite Blades","Skewer"],"picked":"Blur","floor":7.0},{"not_picked":["Poisoned Stab","Sucker Punch","Deadly Poison"],"picked":"SKIP","floor":10.0},{"not_picked":["Terror","Deadly Poison"],"picked":"Footwork","floor":11.0},{"not_picked":["Flying Knee","Reflex","Expertise"],"picked":"SKIP","floor":13.0},{"not_picked":["Poisoned Stab","All Out Attack"],"picked":"Blade Dance","floor":14.0},{"not_picked":["Unload","A Thousand Cuts"],"picked":"Phantasmal Killer","floor":16.0},{"not_picked":["Prepared+1","Calculated Gamble"],"picked":"Bane","floor":18.0},{"not_picked":["Backstab","Cloak And Dagger","PiercingWail"],"picked":"SKIP","floor":19.0},{"not_picked":["Flying Knee","Bane","Underhanded Strike"],"picked":"SKIP","floor":22.0},{"not_picked":["Caltrops","Bane+1"],"picked":"Adrenaline","floor":24}],"player_experience":52154,"relics_obtained":[{"floor":6.0,"key":"Orichalcum"},{"floor":9.0,"key":"Potion Belt"},{"floor":11.0,"key":"MawBank"},{"floor":13.0,"key":"The Courier"},{"floor":24,"key":"Singing Bowl"}],"event_choices":[{"damage_healed":0.0,"max_hp_gain":0.0,"max_hp_loss":0.0,"gold_gain":0.0,"event_name":"Accursed Blacksmith","player_choice":"Rummage","floor":2.0,"gold_loss":0.0,"damage_taken":0.0,"relics_obtained":["WarpedTongs"],"cards_obtained":["Pain"]},{"damage_healed":0.0,"max_hp_gain":0.0,"max_hp_loss":0.0,"gold_gain":100.0,"event_name":"Golden Shrine","player_choice":"Pray","floor":4.0,"gold_loss":0.0,"damage_taken":0.0},{"damage_healed":0.0,"max_hp_gain":0.0,"max_hp_loss":0.0,"gold_gain":0.0,"event_name":"The Library","player_choice":"Read","floor":20.0,"gold_loss":0.0,"damage_taken":0.0,"cards_obtained":["Escape Plan"]},{"cards_removed":["Flying Knee"],"damage_healed":0.0,"max_hp_gain":0.0,"max_hp_loss":0.0,"gold_gain":0.0,"event_name":"WeMeetAgain","player_choice":"Gave Card","floor":21.0,"gold_loss":0.0,"damage_taken":0.0,"relics_obtained":["Omamori"]}],"is_beta":false,"boss_relics":[{"not_picked":["Ectoplasm","Coffee Dripper"],"picked":"Empty Cage"}],"items_purged_floors":[5,8],"is_endless":false,"potions_floor_spawned":[3,6,11,13,24],"killed_by":"Snecko","ascension_level":3}}