{"host":"oqhjdqr9xcmboomw","time":1610142878,"event":{"mods":["2.2 Compatiblity","AchievementEnabler","Act Like it!","Aspiration","BaseMod","Beaked The Cultist","Better Third Choice","Conjunction","Conspire","Disable Question Mark Monsters","Downfall","Elementarium","Energized Spire","GifTheSpireLib","Halation","Hallownest","Hermit","Hubris","Infinite Spire","Jorbs\u0027s Wanderer Trilogy","Mimic Mod","Minty Spire (QoL Compilation)","Random Character Button","Rare Cards Sparkle","Replay The Spire","Spicy Shops","Spikes Relics","StSLib","Stuff the Spire","The Blackbeard","The Blue Laboratory","The Cursed","The Disciple","The Gatherer","The Hierophant","The Judge","The Mystic","The Saiyan","The Wild Card","Unceasing Turn Reminder","Wandering Minibosses","vexMod"],"gold_per_floor":[17,17,28,28,28,28,0,0,32,52,81,93,93,113,113,187,187,197,197,84,101,120,120,151,151,151,151,167,183,183,183,183,183,183],"floor_reached":33,"playtime":1430,"items_purged":["Decay","Defend_R"],"score":537,"play_id":"cba91b28-5558-431c-8034-84d3149156b3","local_time":"20210108165438","is_ascension_mode":true,"campfire_choices":[{"data":"Replay:Dark Deal","floor":6,"key":"SMITH"},{"data":"Body Slam","floor":8,"key":"SMITH"},{"data":"Flame Barrier","floor":15,"key":"SMITH"},{"data":"Bludgeon","floor":23,"key":"SMITH"},{"floor":25,"key":"REST"}],"circlet_count":0,"master_deck":["AscendersBane","Strike_R+1","Strike_R+1","Strike_R+1","Strike_R+1","Strike_R+1","Defend_R","Defend_R+1","Defend_R","Bash","Replay:Dark Deal+1","Heavy Blade","Body Slam+1","Enlightenment","Armaments+1","Clothesline","Flame Barrier+1","Bludgeon+1","Limit Break","Intolerance","stsjorbsmod:PollutedStrike","ReplayTheSpireMod:Doomed","Battle Trance","Flame Barrier","ReplayTheSpireMod:Stacked+1","Metallicize+1"],"relics":["Burning Blood","halation:EternalFortune","Ring of Panic","Smiling Mask","halation:Toothbrush","Replay:Ancient Bell","halation:LettersToHer","infinitespire:ShieldingShard","conspire:GiftBox","vexMod:TimeEaterHat","Golden Egg","Replay:Bottled Eggs","halation:Prosthetics","CaptainsWheel","betterThird:NestCultRelic"],"acts_visited":["Exordium","TheCity"],"potions_floor_usage":[16,16,18],"damage_taken":[{"damage":2,"enemies":"Small Slimes","floor":1,"turns":3},{"damage":0,"enemies":"conspire:RoseBush","floor":3,"turns":2},{"damage":8,"enemies":"2 Louse","floor":9,"turns":5},{"damage":0,"enemies":"2 Louse","floor":10,"turns":3},{"damage":0,"enemies":"3 Sentries","floor":11,"turns":2},{"damage":14,"enemies":"Gremlin Gang","floor":12,"turns":7},{"damage":1,"enemies":"2 Fungi Beasts","floor":14,"turns":3},{"damage":90,"enemies":"Slime Boss","floor":16,"turns":13},{"damage":8,"enemies":"Chosen","floor":18,"turns":4},{"damage":10,"enemies":"conspire:FuzzyDice","floor":21,"turns":5},{"damage":4,"enemies":"3 Cultists","floor":22,"turns":5},{"damage":39,"enemies":"Slavers","floor":24,"turns":4},{"damage":0,"enemies":"Snake Plant","floor":28,"turns":2},{"damage":0,"enemies":"Chosen and Byrds","floor":29,"turns":6},{"damage":60,"enemies":"conspire:MysteriousRune","floor":33,"turns":7}],"seed_played":"8557444532081004653","potions_obtained":[{"floor":1,"key":"blueLaboratory:FruitPreserves"},{"floor":14,"key":"Fire Potion"},{"floor":16,"key":"champ:CounterPotion"},{"floor":28,"key":"Reflective Coating"}],"is_trial":false,"path_per_floor":["M","?","M","?","?","R","?","R","MIM","M","E","M","?","M","R","B",null,"M","?","$","M","M","R","E","R","T","AVR","M","M","?","?","R","B"],"character_chosen":"IRONCLAD","items_purchased":["vexMod:TimeEaterHat"],"campfire_rested":1,"item_purchase_floors":[20],"current_hp_per_floor":[72,75,78,78,78,78,84,84,82,84,84,76,80,84,84,26,70,68,63,66,62,64,64,31,57,57,55,55,55,55,58,58,0,0],"gold":183,"neow_bonus":"RANDOM_COLORLESS_2","is_daily":false,"chose_seed":false,"campfire_upgraded":4,"win_rate":0.0,"timestamp":1610142878,"path_taken":["M","?","M","?","?","R","?","R","MIM","?","E","M","?","M","R","BOSS","M","?","$","M","M","R","E","R","T","AVR","M","M","?","?","R","BOSS"],"items_purchased_type":["Relic"],"build_version":"2020-12-22","purchased_purges":2,"victory":false,"max_hp_per_floor":[75,78,78,78,78,78,84,84,84,84,84,84,84,84,84,84,84,84,84,87,87,87,87,87,87,87,55,55,55,55,58,58,58,58],"card_choices":[{"not_picked":["Secret Weapon","vexMod:StairwayStrike"],"picked":"Replay:Dark Deal","floor":0},{"not_picked":["Clash","Flex"],"picked":"Heavy Blade","floor":1},{"not_picked":["Defy Death","StuffTheSpire:Incineration"],"picked":"Body Slam","floor":3},{"not_picked":["Power Through","Anger"],"picked":"Armaments","floor":9},{"not_picked":["Entrench","Thunderclap"],"picked":"Clothesline","floor":10},{"not_picked":["Thunderclap","Warcry","Bloodletting"],"picked":"SKIP","floor":11},{"not_picked":["Sword Boomerang","Demonic Infusion"],"picked":"Pummel","floor":12},{"not_picked":["Shrug It Off","StuffTheSpire:Resist"],"picked":"Flame Barrier","floor":14},{"not_picked":["StuffTheSpire:TitanForm","hubris:StunningStrike"],"picked":"Bludgeon","floor":16},{"not_picked":["Reaper","conspire:Purge"],"picked":"Limit Break","floor":17},{"not_picked":["conspire:Blindness","hubris:Compulsion"],"picked":"Intolerance","floor":17},{"not_picked":["sneckomod:Bewildered","WordoMod:Petrified"],"picked":"stsjorbsmod:PollutedStrike","floor":17},{"not_picked":["StuffTheSpire:GnomedCurse","Regret"],"picked":"ReplayTheSpireMod:Doomed","floor":17},{"not_picked":["StuffTheSpire:Resist","Heavy Blade","Reckless Charge"],"picked":"SKIP","floor":18},{"not_picked":["True Grit","StuffTheSpire:RockThrow"],"picked":"Battle Trance","floor":21},{"not_picked":["Second Wind","Clothesline"],"picked":"Flame Barrier","floor":22},{"not_picked":["Reckless Charge","Clash"],"picked":"ReplayTheSpireMod:Stacked+1","floor":24},{"not_picked":["Entrench","conspire:Charge+1","Body Slam"],"picked":"SKIP","floor":28},{"not_picked":["True Grit","StuffTheSpire:Pyroclast"],"picked":"Metallicize+1","floor":29}],"player_experience":1081735,"relics_obtained":[{"floor":5,"key":"Ring of Panic"},{"floor":9,"key":"Smiling Mask"},{"floor":11,"key":"halation:Toothbrush"},{"floor":24,"key":"Golden Egg"},{"floor":26,"key":"halation:LettersToHer"},{"floor":26,"key":"Replay:Bottled Eggs"}],"event_choices":[{"damage_healed":0,"gold_gain":0,"player_choice":"RENOUNCE","damage_taken":28,"max_hp_gain":0,"max_hp_loss":0,"event_name":"betterThird:BetterSerpent","floor":7,"gold_loss":28,"cards_obtained":["Enlightenment"]},{"damage_healed":0,"gold_gain":0,"player_choice":"Leave","damage_taken":0,"max_hp_gain":0,"max_hp_loss":0,"event_name":"conspire:Investor","floor":19,"gold_loss":0},{"damage_healed":0,"gold_gain":0,"player_choice":"Madness","damage_taken":0,"relics_obtained":["betterThird:NestCultRelic"],"max_hp_gain":0,"max_hp_loss":0,"event_name":"betterThird:BetterNest","floor":30,"gold_loss":0},{"cards_removed":["Pummel"],"damage_healed":0,"gold_gain":0,"player_choice":"Offered Uncommon","damage_taken":0,"max_hp_gain":0,"max_hp_loss":0,"event_name":"Bonfire Elementals","floor":31,"gold_loss":0}],"is_beta":false,"boss_relics":[{"not_picked":["energizedSpire:SpiderWeb","vexMod:BigBerry"],"picked":"Replay:Ancient Bell"},{"not_picked":["Guardian:PocketSentry","vexMod:BarristanHead"],"picked":"halation:LettersToHer"},{"not_picked":["ReplayTheSpireMod:Shallot","infinitespire:Broken Mirror"],"picked":"infinitespire:ShieldingShard"},{"not_picked":["StuffTheSpire:DarkSteelAnvil","Pocketwatch"],"picked":"conspire:GiftBox"}],"items_purged_floors":[20,27],"is_endless":false,"potions_floor_spawned":[1,14,16,28],"killed_by":"conspire:MysteriousRune","ascension_level":17}}