{"host":"zdhcon9z6t4xbcdl","time":1610132206,"event":{"mods":["BaseMod","Minty Spire (QoL Compilation)"],"gold_per_floor":[119,119,119,119,137,137,169,187,187,64,64,76,76,110,110,209,209,225,240,140,156,31,31,47,47,74,100,25,38,55,55,55],"floor_reached":31,"playtime":2670,"items_purged":["Strike_B","Strike_B","Strike_B"],"score":265,"play_id":"468ed2e4-ad81-44ff-9a40-9cda8ca06c0b","local_time":"20210108185646","is_ascension_mode":false,"campfire_choices":[{"data":"Chill","floor":6,"key":"SMITH"},{"data":"Dualcast","floor":15,"key":"SMITH"},{"data":"Static Discharge","floor":23,"key":"SMITH"},{"data":"Static Discharge","floor":25,"key":"SMITH"}],"circlet_count":0,"master_deck":["Strike_B+1","Defend_B","Defend_B","Defend_B","Zap","Dualcast+1","Creative AI+1","Skim","Chill+1","Genetic Algorithm","Static Discharge","Gash","Doom and Gloom","Fusion","Static Discharge+1","Seek","Coolheaded+1","Static Discharge+1","Rebound+1","Tempest+1","Barrage","Conserve Battery","Barrage"],"relics":["Cracked Core","Lizard Tail","Du-Vu Doll","Gambling Chip","Mercury Hourglass","Philosopher\u0027s Stone","Happy Flower","Oddly Smooth Stone"],"acts_visited":["Exordium","TheCity"],"potions_floor_usage":[16,16,16,27,27],"damage_taken":[{"damage":4,"enemies":"Small Slimes","floor":1,"turns":3},{"damage":8,"enemies":"Jaw Worm","floor":5,"turns":3},{"damage":12,"enemies":"3 Sentries","floor":7,"turns":11},{"damage":0,"enemies":"2 Louse","floor":8,"turns":3},{"damage":0,"enemies":"2 Fungi Beasts","floor":12,"turns":2},{"damage":24,"enemies":"Lagavulin","floor":14,"turns":5},{"damage":21,"enemies":"The Guardian","floor":16,"turns":8},{"damage":21,"enemies":"Shell Parasite","floor":18,"turns":5},{"damage":12,"enemies":"Chosen","floor":19,"turns":4},{"damage":14,"enemies":"3 Cultists","floor":21,"turns":3},{"damage":14,"enemies":"Snake Plant","floor":24,"turns":2},{"damage":21,"enemies":"Gremlin Leader","floor":27,"turns":6},{"damage":11,"enemies":"Shelled Parasite and Fungi","floor":29,"turns":2},{"damage":0,"enemies":"3 Cultists","floor":30,"turns":4},{"damage":1,"enemies":"Centurion and Healer","floor":31,"turns":1}],"seed_played":"2362847944383912960","potions_obtained":[{"floor":7,"key":"Ancient Potion"},{"floor":8,"key":"SpeedPotion"},{"floor":12,"key":"FocusPotion"},{"floor":16,"key":"SmokeBomb"},{"floor":19,"key":"Regen Potion"},{"floor":24,"key":"Block Potion"},{"floor":30,"key":"SteroidPotion"}],"is_trial":false,"path_per_floor":["M","?","?","?","M","R","E","M","T","$","?","M","$","E","R","B",null,"M","M","$","M","$","R","M","R","T","E","?","M","M","M"],"character_chosen":"DEFECT","items_purchased":["Gash"],"campfire_rested":0,"item_purchase_floors":[10],"current_hp_per_floor":[71,76,60,48,40,40,28,28,28,28,28,28,28,4,4,27,80,59,47,47,33,33,33,19,19,19,12,12,1,1,0,0],"gold":55,"neow_bonus":"ONE_RANDOM_RARE_CARD","is_daily":false,"chose_seed":false,"campfire_upgraded":4,"win_rate":0.0,"timestamp":1610132206,"path_taken":["M","?","?","?","M","R","E","M","T","$","?","M","$","E","R","BOSS","M","?","$","M","$","R","M","R","T","E","?","M","M","M"],"items_purchased_type":["Card"],"build_version":"2020-12-22","purchased_purges":3,"victory":false,"max_hp_per_floor":[75,80,80,80,80,80,80,80,80,80,80,80,80,80,80,80,80,80,80,80,80,80,80,80,80,80,80,80,80,80,80,80],"card_choices":[{"not_picked":["Redo","Hologram"],"picked":"Skim","floor":1},{"not_picked":["Reinforced Body","Gash"],"picked":"Chill","floor":5},{"not_picked":["Undo","Leap"],"picked":"Genetic Algorithm","floor":7},{"not_picked":["Redo","Lockon"],"picked":"Static Discharge","floor":8},{"not_picked":["Go for the Eyes","Streamline"],"picked":"Fusion","floor":12},{"not_picked":["Storm","Streamline"],"picked":"Static Discharge","floor":14},{"not_picked":["Rainbow","Echo Form"],"picked":"Seek","floor":16},{"not_picked":["Static Discharge","Conserve Battery"],"picked":"Coolheaded+1","floor":18},{"not_picked":["Conserve Battery+1","Sweeping Beam"],"picked":"Static Discharge","floor":19},{"not_picked":["Beam Cell","Undo"],"picked":"Rebound+1","floor":21},{"not_picked":["Double Energy","Blizzard"],"picked":"Tempest+1","floor":24},{"not_picked":["BootSequence+1","Stack"],"picked":"Barrage","floor":27},{"not_picked":["Hologram+1","Steam"],"picked":"Conserve Battery","floor":29},{"not_picked":["Compile Driver","Skim"],"picked":"Barrage","floor":30}],"player_experience":27789,"relics_obtained":[{"floor":7,"key":"Du-Vu Doll"},{"floor":9,"key":"Gambling Chip"},{"floor":14,"key":"Mercury Hourglass"},{"floor":26,"key":"Happy Flower"},{"floor":27,"key":"Oddly Smooth Stone"}],"event_choices":[{"damage_healed":0,"gold_gain":0,"player_choice":"Donut","damage_taken":0,"max_hp_gain":5,"max_hp_loss":0,"event_name":"Big Fish","floor":2,"gold_loss":0},{"damage_healed":0,"gold_gain":0,"player_choice":"Entered Light","damage_taken":16,"max_hp_gain":0,"max_hp_loss":0,"event_name":"Shining Light","floor":3,"gold_loss":0,"cards_upgraded":["Creative AI","Strike_B"]},{"damage_healed":0,"gold_gain":0,"player_choice":"Success","damage_taken":12,"relics_obtained":["Lizard Tail"],"max_hp_gain":0,"max_hp_loss":0,"event_name":"Scrap Ooze","floor":4,"gold_loss":0},{"damage_healed":0,"gold_gain":0,"player_choice":"1 cards matched","damage_taken":0,"max_hp_gain":0,"max_hp_loss":0,"event_name":"Match and Keep!","floor":11,"gold_loss":0,"cards_obtained":["Doom and Gloom"]},{"cards_removed":["Defend_B"],"damage_healed":0,"gold_gain":0,"player_choice":"Gave Gold","damage_taken":0,"max_hp_gain":0,"max_hp_loss":0,"event_name":"Beggar","floor":28,"gold_loss":75}],"is_beta":false,"boss_relics":[{"not_picked":["Astrolabe","Runic Pyramid"],"picked":"Philosopher\u0027s Stone"}],"items_purged_floors":[10,20,22],"is_endless":false,"potions_floor_spawned":[7,8,12,16,19,24,30],"killed_by":"Centurion and Healer","ascension_level":0}}