{"host":"5fasz840ryq7obdf","time":1610132152,"event":{"mods":["2.2 Compatiblity","AchievementEnabler","BaseMod","Bestiary","Better Altar","Better Skull","Better Third Choice","BetterRewards","Block Reminder","Colored Powertips","Curses Come First","Downfall","Minty Spire (QoL Compilation)","Quick Restart","Relic Sorter","Relic Stats","Shop Mod","Spicy Shops","StSLib","SuperFastMode","ojb\u0027s Better Paths Mod","ojb\u0027s Info Mod"],"gold_per_floor":[109,128,128,139,156,190,130,130,130,130,130],"floor_reached":10,"playtime":461,"items_purged":[],"score":136,"play_id":"33bd2a5c-332d-473a-8419-4d72fd3366fa","local_time":"20210108185552","is_ascension_mode":true,"campfire_choices":[{"floor":8,"key":"REST"}],"circlet_count":0,"master_deck":["AscendersBane","Strike_P","Strike_P","Strike_P","Defend_P","Defend_P","Defend_P","Eruption","Vigilance","SashWhip","BattleHymn","Burn+1","EmptyBody","Protect","EmptyBody","FlurryOfBlows"],"relics":["Empty Cage","WingedGreaves","Mummified Hand"],"acts_visited":["Exordium"],"potions_floor_usage":[6,6],"damage_taken":[{"damage":10.0,"enemies":"Small Slimes","floor":1.0,"turns":5.0},{"damage":7.0,"enemies":"2 Louse","floor":2.0,"turns":3.0},{"damage":8.0,"enemies":"Jaw Worm","floor":4.0,"turns":5.0},{"damage":26,"enemies":"2 Fungi Beasts","floor":5,"turns":5},{"damage":4,"enemies":"Gremlin Nob","floor":6,"turns":3},{"damage":5,"enemies":"Looter","floor":7,"turns":5},{"damage":23,"enemies":"3 Sentries","floor":10,"turns":4}],"seed_played":"-4033690622158343946","potions_obtained":[{"floor":1.0,"key":"PowerPotion"},{"floor":4.0,"key":"StancePotion"}],"is_trial":false,"path_per_floor":["M","M","?","M","M","E","M","R","T","E"],"character_chosen":"WATCHER","items_purchased":[],"campfire_rested":1,"item_purchase_floors":[],"current_hp_per_floor":[51,44,44,36,10,6,1,21,21,0,0],"gold":130,"neow_bonus":"BOSS_RELIC","is_daily":false,"chose_seed":false,"campfire_upgraded":0,"win_rate":0.0,"timestamp":1610132152,"path_taken":["M","M","?","M","M","E","M","R","T","E"],"items_purchased_type":[],"build_version":"2020-12-22","purchased_purges":0,"victory":false,"max_hp_per_floor":[68,68,68,68,68,68,68,68,68,68,68],"relic_stats":{"counters":[7,30],"Mummified Hand":[1],"obtain_stats":[{"Mummified Hand":9,"WingedGreaves":6,"PureWater":0,"Empty Cage":0},{"Mummified Hand":6,"WingedGreaves":5,"PureWater":0,"Empty Cage":0},{"Mummified Hand":26,"WingedGreaves":21,"PureWater":0,"Empty Cage":0}]},"card_choices":[{"not_picked":["EmptyMind","Conclude"],"picked":"SashWhip","floor":1.0},{"not_picked":["WheelKick","Halt"],"picked":"BattleHymn","floor":2.0},{"not_picked":["Evaluate","Perseverance"],"picked":"EmptyBody","floor":4.0},{"not_picked":["CrushJoints","ClearTheMind"],"picked":"Protect","floor":5},{"not_picked":["Indignation","Study"],"picked":"EmptyBody","floor":6},{"not_picked":["Evaluate","ClearTheMind"],"picked":"FlurryOfBlows","floor":7}],"player_experience":1628065,"relics_obtained":[{"floor":6,"key":"WingedGreaves"},{"floor":9,"key":"Mummified Hand"}],"event_choices":[{"damage_healed":44.0,"max_hp_gain":0.0,"max_hp_loss":68.0,"gold_gain":0.0,"event_name":"betterThird:BetterShining","player_choice":"Embrace Burn","floor":3.0,"gold_loss":0.0,"damage_taken":0.0}],"is_beta":false,"boss_relics":[],"items_purged_floors":[],"is_endless":false,"potions_floor_spawned":[1,4,5],"killed_by":"3 Sentries","ascension_level":20}}