{"host":"vrsxkkch9ccrec7k","time":1610139676,"event":{"mods":["Act Like it!","BaseMod","Bestiary","Better Third Choice","Better Vampires","Minty Spire (QoL Compilation)","Permanent Neow","Relic Stats","Spicy Shops","StSLib","The Death Knight"],"gold_per_floor":[111,111,111,129,5,30,43,60,142,162,187,187,222,239,239,239,239],"floor_reached":16,"playtime":1283,"items_purged":["Pain"],"score":122,"play_id":"62a9f546-815a-4ae9-81e9-580ae4dfe454","local_time":"20210108160116","is_ascension_mode":false,"campfire_choices":[{"data":"DeathKnight:BludPresence","floor":12,"key":"SMITH"},{"floor":15,"key":"REST"}],"circlet_count":0,"master_deck":["DeathKnight:Strike_DeathKnight","DeathKnight:Strike_DeathKnight+1","DeathKnight:Strike_DeathKnight+1","DeathKnight:Strike_DeathKnight","DeathKnight:Strike_DeathKnight","DeathKnight:Defend_DeathKnight","DeathKnight:Defend_DeathKnight","DeathKnight:Defend_DeathKnight","DeathKnight:Defend_DeathKnight","DeathKnight:Defend_DeathKnight","DeathKnight:RuneTap","DeathKnight:RuneStrike+1","DeathKnight:BladedArmor","DeathKnight:UnholyAssault","DeathKnight:Lichborne","DeathKnight:HowlingBlast","DeathKnight:BludPresence+1","DeathKnight:Hysteria","DeathKnight:DeathRune"],"relics":["DeathKnight:BrokenRuneblade","Whetstone","WarpedTongs","WingedGreaves","Mercury Hourglass","Vajra","Bag of Marbles"],"acts_visited":["Exordium"],"potions_floor_usage":[11,11,16],"damage_taken":[{"damage":5,"enemies":"2 Louse","floor":1,"turns":2},{"damage":4,"enemies":"Cultist","floor":4,"turns":3},{"damage":13,"enemies":"Lagavulin","floor":6,"turns":7},{"damage":0,"enemies":"Small Slimes","floor":7,"turns":3},{"damage":3,"enemies":"Red Slaver","floor":8,"turns":3},{"damage":2,"enemies":"Looter","floor":10,"turns":4},{"damage":6,"enemies":"3 Sentries","floor":11,"turns":4},{"damage":20,"enemies":"Gremlin Nob","floor":13,"turns":4},{"damage":0,"enemies":"2 Fungi Beasts","floor":14,"turns":2},{"damage":44,"enemies":"Slime Boss","floor":16,"turns":5}],"seed_played":"-441612650525053853","potions_obtained":[{"floor":1,"key":"Energy Potion"},{"floor":6,"key":"Swift Potion"},{"floor":11,"key":"BlessingOfTheForge"}],"is_trial":false,"path_per_floor":["M","?","?","M","$","E","M","M","T","M","E","R","E","M","R","B"],"character_chosen":"DEATH_KNIGHT","items_purchased":["Dexterity Potion"],"campfire_rested":1,"item_purchase_floors":[5],"current_hp_per_floor":[70,70,70,66,66,53,53,50,50,48,42,42,22,22,44,0,0],"gold":239,"neow_bonus":"RANDOM_COMMON_RELIC","is_daily":false,"chose_seed":false,"campfire_upgraded":1,"win_rate":0.0,"timestamp":1610139676,"path_taken":["M","?","?","?","$","E","?","M","T","M","E","R","E","M","R","BOSS"],"items_purchased_type":["Potion"],"build_version":"2020-12-22","purchased_purges":1,"victory":false,"max_hp_per_floor":[75,75,75,75,75,75,75,75,75,75,75,75,75,75,75,75,75],"relic_stats":{"counters":[10,37],"Whetstone":["DeathKnight:Strike_DeathKnight","DeathKnight:Strike_DeathKnight"],"obtain_stats":[{"Vajra":11,"WingedGreaves":6,"Bag of Marbles":13,"Whetstone":0,"DeathKnight:BrokenRuneblade":0,"WarpedTongs":3,"Mercury Hourglass":9},{"Vajra":7,"WingedGreaves":3,"Bag of Marbles":8,"Whetstone":0,"DeathKnight:BrokenRuneblade":0,"WarpedTongs":1,"Mercury Hourglass":5},{"Vajra":26,"WingedGreaves":12,"Bag of Marbles":30,"Whetstone":0,"DeathKnight:BrokenRuneblade":0,"WarpedTongs":2,"Mercury Hourglass":18}],"WarpedTongs":[35],"Mercury Hourglass":[78]},"card_choices":[{"not_picked":["DeathKnight:PathOfFrost","DeathKnight:Culling"],"picked":"DeathKnight:BladedArmor","floor":1},{"not_picked":["DeathKnight:BloodEchoes","DeathKnight:BloodBoil"],"picked":"DeathKnight:UnholyAssault","floor":4},{"not_picked":["DeathKnight:Culling","DeathKnight:DeathRune"],"picked":"DeathKnight:Lichborne","floor":6},{"not_picked":["DeathKnight:Pestilence","DeathKnight:DeathStrike"],"picked":"DeathKnight:HowlingBlast","floor":7},{"not_picked":["DeathKnight:IcyTouch","DeathKnight:PillarOfFrost","DeathKnight:HornOfWinter"],"picked":"SKIP","floor":8},{"not_picked":["DeathKnight:HornOfWinter","DeathKnight:BladedArmor"],"picked":"DeathKnight:BludPresence","floor":10},{"not_picked":["DeathKnight:BoneStorm","DeathKnight:RuneShock"],"picked":"DeathKnight:Hysteria","floor":11},{"not_picked":["DeathKnight:Pestilence","DeathKnight:Marrowrend"],"picked":"DeathKnight:DeathRune","floor":13},{"not_picked":["DeathKnight:Ossuary","DeathKnight:UnholyPresence","DeathKnight:HornOfWinter"],"picked":"SKIP","floor":14}],"player_experience":1339732,"relics_obtained":[{"floor":6,"key":"WingedGreaves"},{"floor":9,"key":"Mercury Hourglass"},{"floor":11,"key":"Vajra"},{"floor":13,"key":"Bag of Marbles"}],"event_choices":[{"damage_healed":0,"gold_gain":0,"player_choice":"Grow","damage_taken":0,"max_hp_gain":0,"max_hp_loss":0,"event_name":"Living Wall","floor":2,"gold_loss":0,"cards_upgraded":["DeathKnight:RuneStrike"]},{"damage_healed":0,"gold_gain":0,"player_choice":"Rummage","damage_taken":0,"relics_obtained":["WarpedTongs"],"max_hp_gain":0,"max_hp_loss":0,"event_name":"Accursed Blacksmith","floor":3,"gold_loss":0,"cards_obtained":["Pain"]}],"is_beta":false,"boss_relics":[],"items_purged_floors":[5],"is_endless":false,"potions_floor_spawned":[1,6,11],"killed_by":"Slime Boss","ascension_level":0}}