{"host":"yfdtuf6ojcxn06xg","time":1610075284,"event":{"mods":["2.2 Compatiblity","AchievementEnabler","BaseMod","Colored Map","Colored Powertips","Downfall","Hermit","JesterMod","Jorbs\u0027s Wanderer Trilogy","Minty Spire (QoL Compilation)","Quick Restart","Rare Cards Sparkle","Relic Stats","Replay The Spire","StSLib","The Cursed","The Disciple","The Hierophant","The Jungle","The Necromancer","The Servant 0.9.4"],"gold_per_floor":[113,129,129,149,149,181,181,199,199,69,69,80,90,165,165,266,266,286,286,341,359,377,377,396,396,396,408,425,425,438,56,56,153,203,220,95,115,131,131,131,131],"floor_reached":40,"playtime":3361,"items_purged":["Strike_W","stsjorbsmod:Procrastination","Blood_Magic"],"score":467,"play_id":"358e3892-b912-40b2-82a4-a0d549a347f4","local_time":"20210107220804","is_ascension_mode":false,"campfire_choices":[{"data":"Bone_Armory","floor":7.0,"key":"SMITH"},{"data":"Summon_Undead","floor":15.0,"key":"SMITH"},{"data":"Shade_Step","floor":23,"key":"SMITH"},{"data":"Bones_to_Steel","floor":25,"key":"SMITH"},{"data":"Detonate_Bones","floor":29,"key":"SMITH"},{"data":"Detonate_Bones","floor":32,"key":"SMITH"}],"circlet_count":0,"master_deck":["Negative_Energy_Arrows","Bone_Wall+1","Bones_to_Steel+1","Consume_Illness","Bone_Armor","Bone_Armory+1","Blood_Curse","Corrupt+1","Negative_Energy_Arrows","Bone_Shift","Summon_Undead+1","Detonate_Bones+1","Scare","Negative_Energy_Shield","Corrupt","Detonate_Bones+1","Bone_Shift","Strike_from_Beyond","Shade_Step+1","Bone_Armor","Bone_Shift+1","Negative_Energy_Javelin+1","Bones_to_Steel","Summon_Undead_Army+1","Finger_Of_Death+1","Bones_to_Steel+1","Pot Of Greed","Pot Of Greed+1","Pot Of Greed","Bone_Spikes","Skeleton_Dragon","Bone_Armor+1","Bone_Spikes+1","Summon_Undead+1","Consume_Illness+1","ReplayTheSpireMod:Brewmster"],"relics":["Vampire_Amulet","NeowsBlessing","Orichalcum","Happy Flower","Pandora\u0027s Box","MutagenicStrength","Replay:Ringing Soul","Replay:Accelerometer","Grinning Jar","Tiny House"],"acts_visited":["Exordium","TheCity","TheBeyond"],"potions_floor_usage":[21,27,30,33,33],"damage_taken":[{"damage":0.0,"enemies":"Jaw Worm","floor":1.0,"turns":1.0},{"damage":0.0,"enemies":"Small Slimes","floor":2.0,"turns":1.0},{"damage":0.0,"enemies":"2 Louse","floor":4.0,"turns":2.0},{"damage":16.0,"enemies":"Gremlin Nob","floor":6.0,"turns":4.0},{"damage":12.0,"enemies":"Lots of Slimes","floor":8.0,"turns":9.0},{"damage":8.0,"enemies":"Large Slime","floor":12.0,"turns":10.0},{"damage":2.0,"enemies":"3 Louse","floor":13.0,"turns":6.0},{"damage":21.0,"enemies":"Slime Boss","floor":16.0,"turns":20.0},{"damage":4,"enemies":"3 Byrds","floor":18,"turns":5},{"damage":13,"enemies":"2 Thieves","floor":21,"turns":3},{"damage":0,"enemies":"Snecko","floor":22,"turns":7},{"damage":10,"enemies":"Cultist and Chosen","floor":24,"turns":10},{"damage":16,"enemies":"Snake Plant","floor":27,"turns":3},{"damage":12,"enemies":"Shelled Parasite and Fungi","floor":28,"turns":9},{"damage":19,"enemies":"Sentry and Sphere","floor":30,"turns":4},{"damage":17,"enemies":"Collector","floor":33,"turns":15},{"damage":49,"enemies":"3 Shapes","floor":35,"turns":6},{"damage":47,"enemies":"3 Darklings","floor":37,"turns":8},{"damage":54,"enemies":"4 Shapes","floor":38,"turns":6},{"damage":92,"enemies":"Giant Head","floor":40,"turns":8}],"seed_played":"-819180192623498355","potions_obtained":[{"floor":1.0,"key":"AttackPotion"},{"floor":6.0,"key":"Swift Potion"},{"floor":8.0,"key":"DistilledChaos"},{"floor":20,"key":"Slimebound:ThreeZeroPotion"},{"floor":22,"key":"Strength Potion"},{"floor":30,"key":"LifebloodPotion"},{"floor":34,"key":"FairyPotion"},{"floor":38,"key":"Venom Potion"}],"is_trial":false,"path_per_floor":["M","M","?","M","?","E","R","M","T","$","?","M","M","?","R","B",null,"M","?","?","M","M","R","M","R","T","M","M","R","M","$","R","B",null,"M","$","M","M","?","E"],"character_chosen":"NECROMANCER","items_purchased":["Corrupt+1","Grinning Jar","Regen Potion","Bone_Spikes"],"campfire_rested":0,"item_purchase_floors":[10,31,31,31],"current_hp_per_floor":[75,75,75,75,60,46,46,44,44,44,44,43,47,36,36,74,75,75,75,78,72,77,77,77,77,77,75,70,70,67,70,70,102,110,70,70,52,9,12,0,0],"gold":131,"neow_bonus":"THREE_ENEMY_KILL","is_daily":false,"chose_seed":false,"campfire_upgraded":6,"win_rate":0.0,"timestamp":1610075284,"path_taken":["M","M","?","M","?","E","R","M","T","?","?","M","?","?","R","BOSS","M","?","?","M","M","R","M","R","T","M","M","R","M","$","R","BOSS","M","?","M","M","?","E"],"items_purchased_type":["Card","Relic","Potion","Card"],"build_version":"2020-12-22","purchased_purges":3,"victory":false,"max_hp_per_floor":[75,75,75,75,75,75,75,75,75,75,75,75,75,75,75,75,75,75,75,78,81,84,84,87,87,87,90,93,93,96,99,99,102,110,113,113,116,119,122,122,122],"relic_stats":{"Happy Flower":[40],"counters":[20,137],"Pandora\u0027s Box":["Scare","Negative_Energy_Shield","Corrupt","Detonate_Bones","Bone_Shift","Strike_from_Beyond"],"Orichalcum":[264],"obtain_stats":[{"Replay:Ringing Soul":20,"Replay:Accelerometer":26,"Tiny House":34,"NeowsBlessing":0,"Happy Flower":9,"MutagenicStrength":19,"Pandora\u0027s Box":17,"Vampire_Amulet":0,"Orichalcum":6,"Grinning Jar":31},{"Replay:Ringing Soul":9,"Replay:Accelerometer":12,"Tiny House":16,"NeowsBlessing":0,"Happy Flower":5,"MutagenicStrength":9,"Pandora\u0027s Box":8,"Vampire_Amulet":0,"Orichalcum":4,"Grinning Jar":15},{"Replay:Ringing Soul":58,"Replay:Accelerometer":78,"Tiny House":109,"NeowsBlessing":0,"Happy Flower":17,"MutagenicStrength":58,"Pandora\u0027s Box":53,"Vampire_Amulet":0,"Orichalcum":8,"Grinning Jar":94}]},"card_choices":[{"not_picked":["Slay_Living","Negative_Energy_Javelin"],"picked":"Bones_to_Steel","floor":1.0},{"not_picked":["Death_Knell","Bones_to_Steel"],"picked":"Consume_Illness","floor":2.0},{"not_picked":["Blood_Whip","Bone_Bullets"],"picked":"Bone_Armor","floor":4.0},{"not_picked":["Bones_to_Steel","Bone_Bullets"],"picked":"Bone_Armory","floor":6.0},{"not_picked":["Vampiric_Strike","Death_March_Dance"],"picked":"Blood_Curse","floor":8.0},{"not_picked":["Blood_Whip","Flesh_Made_Foul"],"picked":"Bone_Shift","floor":12.0},{"not_picked":["Necromantic_Selection","Toxic_Smoke_Screen"],"picked":"Summon_Undead","floor":13.0},{"not_picked":["Blood_Wake","Grasp_Heart"],"picked":"Detonate_Bones","floor":16.0},{"not_picked":["Death_Knell","Negative_Energy_Shield+1"],"picked":"Shade_Step","floor":18},{"not_picked":["Strike_from_Beyond","Necrotic_Claws"],"picked":"Bone_Armor","floor":20},{"not_picked":["Acid_Javelin","Corrupt"],"picked":"Bone_Shift+1","floor":21},{"not_picked":["Slay_Living","Scare"],"picked":"Negative_Energy_Javelin+1","floor":22},{"not_picked":["Scare","Death_March_Dance"],"picked":"Bones_to_Steel","floor":24},{"not_picked":["Toxic_Smoke_Screen+1","Negative_Energy_Javelin"],"picked":"Summon_Undead_Army+1","floor":27},{"not_picked":["Shackles_Of_Pain","Cloudkill"],"picked":"Finger_Of_Death+1","floor":28},{"not_picked":["Violent_Necrosis","Death_Coil"],"picked":"Bones_to_Steel+1","floor":30},{"not_picked":["Cloudkill","Blood_Magic"],"picked":"Skeleton_Dragon","floor":33},{"not_picked":["Blood_Curse","Death_March_Dance+1"],"picked":"Bone_Armor+1","floor":34},{"not_picked":["Slay_Living","Plague_Bolt"],"picked":"Bone_Spikes+1","floor":35},{"not_picked":["Whirlwind_of_Bones+1","Slay_Living"],"picked":"Summon_Undead+1","floor":37},{"not_picked":["Acid_Javelin+1","Flesh_Made_Foul"],"picked":"Consume_Illness+1","floor":38},{"not_picked":["expansioncontent:Hexaburn","HandOfGreed"],"picked":"ReplayTheSpireMod:Brewmster","floor":39}],"player_experience":193380,"relics_obtained":[{"floor":6.0,"key":"Orichalcum"},{"floor":9.0,"key":"Happy Flower"},{"floor":20,"key":"Replay:Ringing Soul"},{"floor":26,"key":"Replay:Accelerometer"}],"event_choices":[{"cards_removed":["Strike_W"],"damage_healed":0.0,"max_hp_gain":0.0,"max_hp_loss":0.0,"gold_gain":0.0,"event_name":"Living Wall","player_choice":"Forget","floor":3.0,"gold_loss":0.0,"damage_taken":0.0},{"damage_healed":0.0,"max_hp_gain":0.0,"max_hp_loss":0.0,"gold_gain":0.0,"event_name":"Shining Light","player_choice":"Entered Light","floor":5.0,"gold_loss":0.0,"damage_taken":15.0,"cards_upgraded":["Defend_W","Bone_Wall"]},{"damage_healed":0.0,"max_hp_gain":0.0,"max_hp_loss":0.0,"gold_gain":0.0,"event_name":"Match and Keep!","player_choice":"3 cards matched","floor":11.0,"gold_loss":0.0,"damage_taken":0.0,"cards_obtained":["stsjorbsmod:Procrastination","Negative_Energy_Arrows","Blood_Magic"]},{"damage_healed":0.0,"max_hp_gain":0.0,"max_hp_loss":0.0,"gold_gain":75.0,"event_name":"World of Goop","player_choice":"Gather Gold","floor":14.0,"gold_loss":0.0,"damage_taken":11.0},{"damage_healed":0,"gold_gain":0,"player_choice":"Inject Mutagens","damage_taken":0,"relics_obtained":["MutagenicStrength"],"max_hp_gain":0,"max_hp_loss":0,"event_name":"Drug Dealer","floor":19,"gold_loss":0},{"damage_healed":0,"gold_gain":0,"player_choice":"Memory 1","damage_taken":0,"max_hp_gain":0,"max_hp_loss":0,"event_name":"SensoryStone","floor":39,"gold_loss":0}],"is_beta":false,"boss_relics":[{"not_picked":["Abe\u0027s Treasure","Fusion Hammer"],"picked":"Pandora\u0027s Box"},{"not_picked":["Replay:Bronze Core","Replay:Grab Bag"],"picked":"Tiny House"}],"items_purged_floors":[10,31,36],"is_endless":false,"potions_floor_spawned":[1,6,8,22,30,38],"killed_by":"Giant Head","ascension_level":0}}