{"host":"19r1ww88x2tc73i0","time":1610138210,"event":{"mods":["BaseMod","BetterRewards","Colored Map","Minty Spire (QoL Compilation)","Relic Stats","StSLib","SuperFastMode","slay the spire mod where everything is the same but ironclad has a cowboy hat"],"gold_per_floor":[119,269,12,22,35,35,67,67,67,5,65,45,45,62,62,139,139,158,168,178,115,115,165,197,214,214,214,214,233,51,84,84,84,84],"floor_reached":33,"playtime":1463,"items_purged":["Strike_B","Doubt","Zap"],"score":726,"play_id":"8d451b39-3157-47c4-b328-e34950d158cf","local_time":"25640109033650","is_ascension_mode":true,"campfire_choices":[{"data":"Genetic Algorithm","floor":6.0,"key":"SMITH"},{"data":"Sunder","floor":8.0,"key":"SMITH"},{"data":"Reprogram","floor":15.0,"key":"SMITH"},{"floor":27.0,"key":"REST"},{"data":"Hologram","floor":32.0,"key":"SMITH"}],"circlet_count":0,"master_deck":["AscendersBane","Strike_B","Strike_B","Strike_B","Defend_B","Defend_B","Defend_B","Defend_B","Dualcast","Sunder+1","Genetic Algorithm+1","Leap","Hologram+1","Finesse","Go for the Eyes","Melter","Reprogram+1","Hyperbeam","Beam Cell+1","Conserve Battery","Self Repair+1"],"relics":["Cracked Core","Incense Burner","HornCleat","Membership Card","Akabeko","Ornamental Fan","Omamori","Busted Crown","Darkstone Periapt","Frozen Egg 2","Shuriken","Red Mask"],"acts_visited":["Exordium","TheCity"],"potions_floor_usage":[],"damage_taken":[{"damage":0.0,"enemies":"Cultist","floor":1.0,"turns":3.0},{"damage":2.0,"enemies":"Jaw Worm","floor":4.0,"turns":4.0},{"damage":0.0,"enemies":"Small Slimes","floor":5.0,"turns":3.0},{"damage":45.0,"enemies":"Gremlin Nob","floor":7.0,"turns":5.0},{"damage":1.0,"enemies":"Gremlin Nob","floor":11.0,"turns":4.0},{"damage":0.0,"enemies":"Blue Slaver","floor":14.0,"turns":4.0},{"damage":1.0,"enemies":"The Guardian","floor":16.0,"turns":15.0},{"damage":16.0,"enemies":"Shell Parasite","floor":18.0,"turns":2.0},{"damage":11.0,"enemies":"3 Byrds","floor":19.0,"turns":5.0},{"damage":6.0,"enemies":"Centurion and Healer","floor":20.0,"turns":6.0},{"damage":19.0,"enemies":"Book of Stabbing","floor":24.0,"turns":6.0},{"damage":0.0,"enemies":"Snake Plant","floor":25.0,"turns":4.0},{"damage":0.0,"enemies":"Snecko","floor":29.0,"turns":4.0},{"damage":0.0,"enemies":"Masked Bandits","floor":31.0,"turns":2.0},{"damage":15,"enemies":"Collector","floor":33,"turns":7}],"seed_played":"7379685511024746900","potions_obtained":[{"floor":1.0,"key":"Explosive Potion"},{"floor":11.0,"key":"SkillPotion"},{"floor":16.0,"key":"EntropicBrew"},{"floor":18.0,"key":"DistilledChaos"},{"floor":19.0,"key":"Block Potion"},{"floor":25.0,"key":"Weak Potion"},{"floor":31.0,"key":"Explosive Potion"}],"is_trial":false,"path_per_floor":["M","?","$","M","M","R","E","R","T","$","?","$","?","M","R","B",null,"M","M","M","$","?","?","E","M","T","R","?","M","$","?","R","B"],"character_chosen":"DEFECT","items_purchased":["Incense Burner","HornCleat","Membership Card","Sunder","Hologram","Finesse","Melter","Self Repair+1","Shuriken"],"campfire_rested":1,"item_purchase_floors":[0,0,3,3,10,10,12,30,30],"current_hp_per_floor":[64,64,64,62,62,62,17,17,17,17,16,16,16,16,16,15,57,41,30,24,24,24,24,5,5,5,26,26,26,26,26,26,11,11],"gold":84,"neow_bonus":"","is_daily":false,"chose_seed":false,"campfire_upgraded":4,"win_rate":0.0,"timestamp":1610138210,"path_taken":["M","?","$","M","M","R","E","R","T","$","?","$","?","M","R","BOSS","M","M","M","$","?","?","E","M","T","R","?","?","$","?","R","BOSS"],"items_purchased_type":["Relic","Relic","Relic","Card","Card","Card","Card","Card","Relic"],"build_version":"2020-12-22","purchased_purges":3,"victory":false,"max_hp_per_floor":[71,71,71,71,71,71,71,71,71,71,71,71,71,71,71,71,71,71,71,71,71,71,71,71,71,71,71,71,71,71,71,71,71,71],"relic_stats":{"Darkstone Periapt":0,"Busted Crown":14,"counters":[130,583],"Ornamental Fan":[36],"Shuriken":[2],"obtain_stats":[{"Ice Cream":0,"Calipers":25,"Gremlin Horn":48,"CeramicFish":0,"Vajra":46,"Runic Capacitor":0,"Ginger":0,"Boot":9,"FrozenCore":34,"Blood Vial":12,"HornCleat":11,"Strawberry":8,"Prayer Wheel":45,"Fusion Hammer":17,"HandDrill":0,"Toxic Egg 2":0,"Runic Cube":17,"Happy Flower":28,"Dead Branch":0,"Blue Candle":9,"Pen Nib":9,"War Paint":9,"Akabeko":0,"OrangePellets":0,"Shuriken":8,"Bronze Scales":43,"Bird Faced Urn":0,"Molten Egg 2":45,"Black Star":17,"Symbiotic Virus":6,"Meat on the Bone":12,"Darkstone Periapt":26,"Lantern":13,"Torii":0,"StoneCalendar":47,"Mango":0,"Juzu Bracelet":0,"Incense Burner":0,"Bag of Preparation":31,"Cursed Key":17,"Smiling Mask":24,"Ancient Tea Set":28,"Empty Cage":17,"Burning Blood":0,"ClockworkSouvenir":45,"Dream Catcher":26,"Matryoshka":0,"Shovel":10,"Mummified Hand":0,"Pantograph":9,"Tiny Chest":0,"WingedGreaves":0,"Red Mask":21,"Chemical X":0,"Cracked Core":0,"Paper Frog":4,"Runic Pyramid":34,"Potion Belt":13,"Self Forming Clay":3,"Golden Idol":3,"PreservedInsect":0,"The Courier":10,"Omamori":26,"Odd Mushroom":10,"Frozen Egg 2":20,"MawBank":23,"Peace Pipe":14,"DataDisk":26,"Busted Crown":17,"Ornamental Fan":6,"Turnip":0,"Bag of Marbles":0,"Art of War":0,"Membership Card":0,"TungstenRod":0,"Toy Ornithopter":9,"FossilizedHelix":0},{"Ice Cream":63,"Calipers":25,"Gremlin Horn":35,"CeramicFish":0,"Vajra":34,"Runic Capacitor":45,"Ginger":11,"Boot":100,"FrozenCore":112,"Blood Vial":4,"HornCleat":18,"Strawberry":3,"Prayer Wheel":33,"Fusion Hammer":104,"HandDrill":49,"Toxic Egg 2":78,"Runic Cube":7,"Happy Flower":26,"Dead Branch":56,"Blue Candle":83,"Pen Nib":62,"War Paint":16,"Akabeko":0,"OrangePellets":0,"Shuriken":16,"Bronze Scales":33,"Bird Faced Urn":56,"Molten Egg 2":33,"Black Star":95,"Symbiotic Virus":61,"Meat on the Bone":101,"Darkstone Periapt":10,"Lantern":43,"Torii":11,"StoneCalendar":35,"Mango":37,"Juzu Bracelet":0,"Incense Burner":0,"Bag of Preparation":28,"Cursed Key":20,"Smiling Mask":25,"Ancient Tea Set":26,"Empty Cage":73,"Burning Blood":0,"ClockworkSouvenir":33,"Dream Catcher":77,"Matryoshka":45,"Shovel":92,"Mummified Hand":86,"Pantograph":3,"Tiny Chest":11,"WingedGreaves":63,"Red Mask":24,"Chemical X":56,"Cracked Core":0,"Paper Frog":1,"Runic Pyramid":29,"Potion Belt":71,"Self Forming Clay":1,"Golden Idol":38,"PreservedInsect":0,"The Courier":84,"Omamori":25,"Odd Mushroom":17,"Frozen Egg 2":74,"MawBank":10,"Peace Pipe":6,"DataDisk":107,"Busted Crown":122,"Ornamental Fan":2,"Turnip":78,"Bag of Marbles":0,"Art of War":0,"Membership Card":11,"TungstenRod":11,"Toy Ornithopter":67,"FossilizedHelix":86},{"Ice Cream":271,"Calipers":112,"Gremlin Horn":146,"CeramicFish":0,"Vajra":143,"Runic Capacitor":202,"Ginger":62,"Boot":423,"FrozenCore":492,"Blood Vial":15,"HornCleat":87,"Strawberry":12,"Prayer Wheel":140,"Fusion Hammer":444,"HandDrill":216,"Toxic Egg 2":328,"Runic Cube":36,"Happy Flower":116,"Dead Branch":248,"Blue Candle":350,"Pen Nib":268,"War Paint":79,"Akabeko":0,"OrangePellets":0,"Shuriken":79,"Bronze Scales":140,"Bird Faced Urn":248,"Molten Egg 2":140,"Black Star":396,"Symbiotic Virus":265,"Meat on the Bone":427,"Darkstone Periapt":57,"Lantern":194,"Torii":62,"StoneCalendar":146,"Mango":159,"Juzu Bracelet":0,"Incense Burner":0,"Bag of Preparation":124,"Cursed Key":96,"Smiling Mask":112,"Ancient Tea Set":116,"Empty Cage":309,"Burning Blood":0,"ClockworkSouvenir":140,"Dream Catcher":326,"Matryoshka":202,"Shovel":381,"Mummified Hand":360,"Pantograph":12,"Tiny Chest":62,"WingedGreaves":271,"Red Mask":109,"Chemical X":248,"Cracked Core":0,"Paper Frog":2,"Runic Pyramid":129,"Potion Belt":298,"Self Forming Clay":2,"Golden Idol":164,"PreservedInsect":0,"The Courier":354,"Omamori":112,"Odd Mushroom":83,"Frozen Egg 2":312,"MawBank":57,"Peace Pipe":23,"DataDisk":460,"Busted Crown":547,"Ornamental Fan":7,"Turnip":328,"Bag of Marbles":0,"Art of War":0,"Membership Card":62,"TungstenRod":62,"Toy Ornithopter":283,"FossilizedHelix":360}]},"card_choices":[{"not_picked":["Blizzard","Stack","FTL"],"picked":"SKIP","floor":1.0},{"not_picked":["Go for the Eyes","Aggregate"],"picked":"Genetic Algorithm","floor":4.0},{"not_picked":["Undo","Cold Snap"],"picked":"Leap","floor":5.0},{"not_picked":["Ball Lightning","Sunder","Coolheaded"],"picked":"SKIP","floor":7.0},{"not_picked":["Double Energy","Redo"],"picked":"Go for the Eyes","floor":11.0},{"not_picked":["Redo","Streamline"],"picked":"Reprogram","floor":14.0},{"not_picked":["Thunder Strike","Multi-Cast"],"picked":"Hyperbeam","floor":16.0},{"not_picked":["Leap"],"picked":"SKIP","floor":18.0},{"not_picked":[],"picked":"Beam Cell","floor":19.0},{"not_picked":[],"picked":"Conserve Battery","floor":20.0},{"not_picked":["Scrape"],"picked":"SKIP","floor":24.0},{"not_picked":["Coolheaded+1"],"picked":"SKIP","floor":25.0},{"not_picked":["Compile Driver"],"picked":"SKIP","floor":29.0}],"player_experience":880963,"relics_obtained":[{"floor":7.0,"key":"Akabeko"},{"floor":9.0,"key":"Ornamental Fan"},{"floor":11.0,"key":"Omamori"},{"floor":24.0,"key":"Darkstone Periapt"},{"floor":26.0,"key":"Frozen Egg 2"},{"floor":31.0,"key":"Red Mask"}],"event_choices":[{"damage_healed":0.0,"max_hp_gain":0.0,"max_hp_loss":0.0,"gold_gain":150.0,"event_name":"Liars Game","player_choice":"AGREE","floor":2.0,"gold_loss":0.0,"damage_taken":0.0,"cards_obtained":["Doubt"]},{"damage_healed":0.0,"max_hp_gain":0.0,"max_hp_loss":0.0,"gold_gain":0.0,"event_name":"Dead Adventurer","player_choice":"Searched \u00271\u0027 times","floor":11.0,"gold_loss":0.0,"damage_taken":0.0},{"damage_healed":0.0,"max_hp_gain":0.0,"max_hp_loss":0.0,"gold_gain":0.0,"event_name":"Scrap Ooze","player_choice":"Fled","floor":13.0,"gold_loss":0.0,"damage_taken":0.0},{"damage_healed":0.0,"max_hp_gain":0.0,"max_hp_loss":0.0,"gold_gain":0.0,"event_name":"Cursed Tome","player_choice":"Ignored","floor":22.0,"gold_loss":0.0,"damage_taken":0.0},{"damage_healed":0.0,"max_hp_gain":0.0,"max_hp_loss":0.0,"gold_gain":50.0,"event_name":"Nest","player_choice":"Stole From Cult","floor":23.0,"gold_loss":0.0,"damage_taken":0.0},{"damage_healed":0.0,"max_hp_gain":0.0,"max_hp_loss":0.0,"gold_gain":0.0,"event_name":"Accursed Blacksmith","player_choice":"Forge","floor":28.0,"gold_loss":0.0,"damage_taken":0.0,"cards_upgraded":["Beam Cell"]},{"damage_healed":0.0,"max_hp_gain":0.0,"max_hp_loss":0.0,"gold_gain":0.0,"event_name":"Masked Bandits","player_choice":"Fought Bandits","floor":31.0,"gold_loss":0.0,"damage_taken":0.0}],"is_beta":false,"boss_relics":[{"not_picked":["FrozenCore","Fusion Hammer"],"picked":"Busted Crown"}],"items_purged_floors":[0,3,21],"is_endless":false,"potions_floor_spawned":[1,11,16,18,19,25,31],"killed_by":"Collector","ascension_level":20}}