{"host":"hg77cm6lvslg446i","time":1610133791,"event":{"mods":["BaseMod","BetterRewards","Minty Spire (QoL Compilation)","Say the Spire","StSLib"],"gold_per_floor":[144,189,234,137,312,312,357,402,427,586,631,631,721,766,766,1066,1066,1120,1174,1228,1228,1282,1282,1282],"floor_reached":23,"playtime":1190,"items_purged":[],"score":222,"play_id":"644ed74a-906e-4b4b-996c-1617b223de06","local_time":"20210108202311","daily_mods":["Draft","Uncertain Future","Midas"],"is_ascension_mode":false,"campfire_choices":[{"floor":12,"key":"REST"},{"floor":15,"key":"REST"}],"circlet_count":0,"master_deck":["Metallicize","Rampage","Wild Strike","Clash","Pommel Strike","Flex","Armaments","Rupture","Sever Soul","Wild Strike","Metallicize","Entrench","True Grit","Clash","Flex","Perfected Strike","Flame Barrier","Dramatic Entrance","Doubt","True Grit","Combust","Perfected Strike","Infernal Blade","Metallicize","Whirlwind","Perfected Strike","Demon Form","CurseOfTheBell","Inflame+1","Twin Strike+1","Ghostly Armor","Twin Strike+1"],"relics":["Burning Blood","Boot","Meat on the Bone","Gremlin Horn","Calling Bell","CeramicFish","Molten Egg 2","Torii"],"acts_visited":["Exordium","TheCity"],"potions_floor_usage":[13,16,20,23],"damage_taken":[{"damage":0,"enemies":"2 Louse","floor":1,"turns":2},{"damage":10,"enemies":"Small Slimes","floor":2,"turns":3},{"damage":5,"enemies":"Jaw Worm","floor":3,"turns":2},{"damage":3,"enemies":"Gremlin Gang","floor":7,"turns":4},{"damage":0,"enemies":"2 Fungi Beasts","floor":8,"turns":2},{"damage":33,"enemies":"Lagavulin Event","floor":10,"turns":7},{"damage":0,"enemies":"3 Louse","floor":11,"turns":4},{"damage":11,"enemies":"Gremlin Nob","floor":13,"turns":4},{"damage":2,"enemies":"Blue Slaver","floor":14,"turns":2},{"damage":45,"enemies":"Hexaghost","floor":16,"turns":10},{"damage":30,"enemies":"Chosen","floor":18,"turns":7},{"damage":18,"enemies":"Shell Parasite","floor":19,"turns":6},{"damage":35,"enemies":"Sentry and Sphere","floor":20,"turns":6},{"damage":16,"enemies":"Shelled Parasite and Fungi","floor":22,"turns":6},{"damage":43,"enemies":"Book of Stabbing","floor":23,"turns":6}],"seed_played":"-6062085814737979882","potions_obtained":[{"floor":1,"key":"Weak Potion"},{"floor":8,"key":"GamblersBrew"},{"floor":10,"key":"SteroidPotion"},{"floor":13,"key":"ColorlessPotion"},{"floor":16,"key":"AttackPotion"},{"floor":22,"key":"SmokeBomb"}],"is_trial":false,"path_per_floor":["M","M","M","$","?","?","M","M","T","?","M","R","E","M","R","B",null,"M","M","M","?","M","E"],"character_chosen":"IRONCLAD","items_purchased":["Dramatic Entrance"],"campfire_rested":2,"item_purchase_floors":[4],"current_hp_per_floor":[80,76,77,77,77,77,80,80,80,53,59,80,75,79,80,53,80,56,56,39,31,33,0,0],"gold":1282,"neow_bonus":"","is_daily":true,"chose_seed":false,"campfire_upgraded":0,"win_rate":0.0,"timestamp":1610133791,"path_taken":["M","M","M","$","?","?","M","M","T","?","M","R","E","M","R","BOSS","M","M","M","?","M","E"],"items_purchased_type":["Card"],"build_version":"2020-12-22","purchased_purges":0,"victory":false,"max_hp_per_floor":[80,80,80,80,80,80,80,80,80,80,80,80,80,80,80,80,80,80,80,80,80,80,80,80],"card_choices":[{"not_picked":["Intimidate","Iron Wave"],"picked":"Metallicize","floor":0},{"not_picked":["Sword Boomerang","Anger"],"picked":"Rampage","floor":0},{"not_picked":["Havoc","Clothesline"],"picked":"Wild Strike","floor":0},{"not_picked":["Twin Strike","Anger"],"picked":"Clash","floor":0},{"not_picked":["Flame Barrier","Warcry"],"picked":"Pommel Strike","floor":0},{"not_picked":["Warcry","Disarm"],"picked":"Flex","floor":0},{"not_picked":["Fire Breathing","Cleave"],"picked":"Armaments","floor":0},{"not_picked":["Cleave","Battle Trance"],"picked":"Rupture","floor":0},{"not_picked":["Sword Boomerang","Dual Wield"],"picked":"Sever Soul","floor":0},{"not_picked":["Whirlwind","Combust"],"picked":"Wild Strike","floor":0},{"not_picked":["Flex","Reckless Charge"],"picked":"Metallicize","floor":0},{"not_picked":["Shrug It Off","Battle Trance"],"picked":"Entrench","floor":0},{"not_picked":["Reckless Charge","Seeing Red"],"picked":"True Grit","floor":0},{"not_picked":["Warcry","Cleave"],"picked":"Clash","floor":0},{"not_picked":["Thunderclap","Disarm"],"picked":"Flex","floor":0},{"not_picked":["Armaments","True Grit"],"picked":"Perfected Strike","floor":1},{"not_picked":["Flex","Ghostly Armor"],"picked":"Hemokinesis","floor":2},{"not_picked":["Clothesline","Rupture"],"picked":"Flame Barrier","floor":3},{"not_picked":["Body Slam","Flex"],"picked":"Combust","floor":7},{"not_picked":["Shrug It Off","Fire Breathing"],"picked":"Perfected Strike","floor":8},{"not_picked":["Sentinel","Metallicize"],"picked":"Infernal Blade","floor":10},{"not_picked":["Armaments","Clothesline"],"picked":"Metallicize","floor":11},{"not_picked":["Reckless Charge","Clothesline"],"picked":"Whirlwind","floor":13},{"not_picked":["Sword Boomerang","Havoc"],"picked":"Perfected Strike","floor":14},{"not_picked":["Exhume","Reaper"],"picked":"Demon Form","floor":16},{"not_picked":["Thunderclap+1","Warcry"],"picked":"Inflame+1","floor":18},{"not_picked":["Armaments","Clothesline+1"],"picked":"Twin Strike+1","floor":19},{"not_picked":["Shrug It Off","Rampage+1"],"picked":"Ghostly Armor","floor":20},{"not_picked":["Dual Wield","Body Slam+1"],"picked":"Twin Strike+1","floor":22}],"player_experience":118916,"relics_obtained":[{"floor":9,"key":"Boot"},{"floor":13,"key":"Gremlin Horn"},{"floor":17,"key":"CeramicFish"},{"floor":17,"key":"Molten Egg 2"},{"floor":17,"key":"Torii"}],"event_choices":[{"damage_healed":0,"gold_gain":175,"player_choice":"AGREE","damage_taken":0,"max_hp_gain":0,"max_hp_loss":0,"event_name":"Liars Game","floor":5,"gold_loss":0,"cards_obtained":["Doubt"]},{"damage_healed":0,"gold_gain":0,"cards_transformed":["Hemokinesis"],"player_choice":"Change","damage_taken":0,"max_hp_gain":0,"max_hp_loss":0,"event_name":"Living Wall","floor":6,"gold_loss":0,"cards_obtained":["True Grit"]},{"damage_healed":0,"gold_gain":0,"player_choice":"Searched \u00272\u0027 times","damage_taken":0,"relics_obtained":["Meat on the Bone"],"max_hp_gain":0,"max_hp_loss":0,"event_name":"Dead Adventurer","floor":10,"gold_loss":0},{"damage_healed":0,"gold_gain":0,"player_choice":"Damaged","damage_taken":8,"max_hp_gain":0,"max_hp_loss":0,"event_name":"Wheel of Change","floor":21,"gold_loss":0}],"is_beta":false,"boss_relics":[{"not_picked":["Runic Cube","Runic Pyramid"],"picked":"Calling Bell"}],"items_purged_floors":[],"is_endless":false,"potions_floor_spawned":[1,8,10,13,16,18,22],"killed_by":"Book of Stabbing","ascension_level":0}}