{"host":"n3pcl7mteoua0i12","time":1610076763,"event":{"mods":["BaseMod","Bestiary","Curses Come First","Googly Eyes","Minty Spire (QoL Compilation)","Relic Stats","StSLib"],"gold_per_floor":[119,130,141,168,180,197,223,233,233,253,253,267,267,294,294,399,399,417,428,246,0,0,31,31,50,50,84,84,100,115,142,142,245,245,261,286,302,318,332,362,374,402,402,153,167,167,217,231,231,231,231,231,7,33,33],"floor_reached":56,"playtime":4231,"items_purged":["Strike_B","Strike_B","Strike_B"],"score":1588,"play_id":"b233419c-f0b2-4d2e-a149-6f080560b9ba","local_time":"20210107193243","is_ascension_mode":true,"campfire_choices":[{"floor":11,"key":"REST"},{"data":"Defragment","floor":13,"key":"SMITH"},{"floor":15,"key":"REST"},{"data":"Defragment","floor":24,"key":"SMITH"},{"data":"Capacitor","floor":32,"key":"SMITH"},{"data":"Capacitor","floor":46,"key":"SMITH"},{"floor":49,"key":"RECALL"},{"data":"Loop","floor":52,"key":"SMITH"}],"circlet_count":0,"master_deck":["Strike_B","Defend_B","Defend_B","Defend_B","Defend_B+1","Zap","Dualcast","Compile Driver","Reinforced Body","Lockon","Beam Cell","Defragment+1","Leap","Defragment+1","Cold Snap","Coolheaded+1","Sweeping Beam","Electrodynamics","Steam","Hologram","Chill","Loop+1","Capacitor+1","Self Repair","Chill","Go for the Eyes","Glacier","Ball Lightning+1","Cold Snap","Cold Snap+1","Biased Cognition","Go for the Eyes+1","Recycle","Barrage+1","Glacier+1","Capacitor+1","Loop+1"],"relics":["Black Star","Pen Nib","Incense Burner","Centennial Puzzle","Meat on the Bone","War Paint","Tiny Chest","Runic Pyramid","Orichalcum","Omamori","Anchor","Prayer Wheel","DataDisk","Blue Candle","PreservedInsect","Philosopher\u0027s Stone","Dream Catcher","Bag of Marbles","Letter Opener","Oddly Smooth Stone","Nunchaku","ClockworkSouvenir","Bird Faced Urn","Blood Vial","Bottled Lightning"],"acts_visited":["Exordium","TheCity","TheBeyond","TheEnding"],"potions_floor_usage":[7,14,23,27,27,31,55,55,55],"damage_taken":[{"damage":1,"enemies":"Cultist","floor":1,"turns":4},{"damage":6,"enemies":"2 Louse","floor":2,"turns":4},{"damage":0,"enemies":"Small Slimes","floor":3,"turns":3},{"damage":17,"enemies":"Exordium Wildlife","floor":5,"turns":4},{"damage":29,"enemies":"Exordium Thugs","floor":6,"turns":5},{"damage":8,"enemies":"Lagavulin","floor":7,"turns":7},{"damage":27,"enemies":"Large Slime","floor":8,"turns":8},{"damage":3,"enemies":"Looter","floor":10,"turns":3},{"damage":3,"enemies":"Lots of Slimes","floor":12,"turns":6},{"damage":26,"enemies":"Gremlin Nob","floor":14,"turns":5},{"damage":7,"enemies":"The Guardian","floor":16,"turns":14},{"damage":13,"enemies":"3 Byrds","floor":18,"turns":3},{"damage":0,"enemies":"Spheric Guardian","floor":19,"turns":6},{"damage":19,"enemies":"Slavers","floor":23,"turns":5},{"damage":19,"enemies":"Snake Plant","floor":25,"turns":7},{"damage":4,"enemies":"Gremlin Leader","floor":27,"turns":7},{"damage":0,"enemies":"Centurion and Healer","floor":29,"turns":7},{"damage":2,"enemies":"Cultist and Chosen","floor":30,"turns":6},{"damage":1,"enemies":"Slavers","floor":31,"turns":9},{"damage":12,"enemies":"Champ","floor":33,"turns":21},{"damage":0,"enemies":"Orb Walker","floor":35,"turns":5},{"damage":0,"enemies":"3 Darklings","floor":37,"turns":5},{"damage":8,"enemies":"Maw","floor":38,"turns":7},{"damage":0,"enemies":"Sphere and 2 Shapes","floor":39,"turns":8},{"damage":0,"enemies":"Giant Head","floor":40,"turns":9},{"damage":0,"enemies":"4 Shapes","floor":41,"turns":5},{"damage":0,"enemies":"Reptomancer","floor":42,"turns":6},{"damage":1,"enemies":"3 Darklings","floor":45,"turns":7},{"damage":11,"enemies":"Mind Bloom Boss Battle","floor":47,"turns":7},{"damage":0,"enemies":"Writhing Mass","floor":48,"turns":7},{"damage":13,"enemies":"Time Eater","floor":50,"turns":36},{"damage":37,"enemies":"Shield and Spear","floor":54,"turns":8},{"damage":11,"enemies":"The Heart","floor":55,"turns":10}],"seed_played":"6902705568599227331","potions_obtained":[{"floor":5,"key":"SkillPotion"},{"floor":6,"key":"FearPotion"},{"floor":7,"key":"FairyPotion"},{"floor":10,"key":"SpeedPotion"},{"floor":12,"key":"Explosive Potion"},{"floor":16,"key":"Energy Potion"},{"floor":25,"key":"DistilledChaos"},{"floor":30,"key":"DuplicationPotion"},{"floor":39,"key":"Fire Potion"},{"floor":40,"key":"SteroidPotion"},{"floor":45,"key":"DistilledChaos"}],"is_trial":false,"path_per_floor":["M","M","M","T","M","M","E","M","T","M","R","M","R","E","R","B",null,"M","M","$","?","?","E","R","M","T","E","?","M","M","E","R","B",null,"M","T","M","M","M","E","M","E","T","$","M","R","?","M","R","B",null,"R","$","E","B",null],"character_chosen":"DEFECT","items_purchased":["Chill","Loop","ClockworkSouvenir","FocusPotion","FocusPotion"],"campfire_rested":2,"item_purchase_floors":[20,20,44,53,53],"current_hp_per_floor":[74,68,68,68,51,22,14,12,12,21,43,40,40,26,48,41,67,54,54,54,54,54,47,47,47,47,50,50,57,62,68,68,63,72,75,75,75,74,75,75,75,75,75,75,75,75,71,75,75,75,75,75,75,59,73],"gold":33,"neow_bonus":"BOSS_RELIC","is_daily":false,"chose_seed":false,"campfire_upgraded":5,"win_rate":0.0,"timestamp":1610076763,"path_taken":["M","M","M","?","M","M","E","?","T","M","R","?","R","E","R","BOSS","M","M","$","?","?","E","R","M","T","E","?","M","M","E","R","BOSS","M","?","M","M","?","E","M","E","T","$","M","R","?","M","R","BOSS","R","$","E","BOSS"],"items_purchased_type":["Card","Card","Relic","Potion","Potion"],"build_version":"2020-12-22","purchased_purges":3,"victory":true,"max_hp_per_floor":[75,75,75,75,75,75,75,75,75,75,75,75,75,75,75,75,75,75,75,75,75,75,75,75,75,75,75,75,75,75,75,75,75,75,75,75,75,75,75,75,75,75,75,75,75,75,75,75,75,75,75,75,75,75,75],"relic_stats":{"counters":[33,253],"Blue Candle":[0],"Pen Nib":[33],"PreservedInsect":254,"Letter Opener":[62],"War Paint":["Coolheaded","Defend_B"],"Orichalcum":[108],"Blood Vial":2,"Centennial Puzzle":[52],"Dream Catcher":0,"Nunchaku":[7],"Bird Faced Urn":[43],"Tiny Chest":1,"Prayer Wheel":9,"Black Star":8,"obtain_stats":[{"Incense Burner":7,"ClockworkSouvenir":44,"Blood Vial":54,"Centennial Puzzle":7,"Dream Catcher":36,"Nunchaku":42,"Tiny Chest":14,"Prayer Wheel":27,"Philosopher\u0027s Stone":34,"Cracked Core":0,"Runic Pyramid":17,"Blue Candle":31,"Oddly Smooth Stone":42,"Pen Nib":4,"PreservedInsect":31,"Omamori":23,"Letter Opener":40,"War Paint":14,"Orichalcum":23,"Anchor":26,"DataDisk":27,"Bird Faced Urn":47,"Black Star":0,"Bag of Marbles":40,"Bottled Lightning":54,"Meat on the Bone":9},{"Incense Burner":6,"ClockworkSouvenir":27,"Blood Vial":32,"Centennial Puzzle":6,"Dream Catcher":21,"Nunchaku":27,"Tiny Chest":10,"Prayer Wheel":16,"Philosopher\u0027s Stone":20,"Cracked Core":0,"Runic Pyramid":11,"Blue Candle":19,"Oddly Smooth Stone":27,"Pen Nib":3,"PreservedInsect":19,"Omamori":14,"Letter Opener":25,"War Paint":10,"Orichalcum":14,"Anchor":15,"DataDisk":16,"Bird Faced Urn":29,"Black Star":0,"Bag of Marbles":25,"Bottled Lightning":32,"Meat on the Bone":7},{"Incense Burner":27,"ClockworkSouvenir":178,"Blood Vial":243,"Centennial Puzzle":27,"Dream Catcher":139,"Nunchaku":178,"Tiny Chest":49,"Prayer Wheel":91,"Philosopher\u0027s Stone":134,"Cracked Core":0,"Runic Pyramid":63,"Blue Candle":113,"Oddly Smooth Stone":178,"Pen Nib":11,"PreservedInsect":113,"Omamori":77,"Letter Opener":168,"War Paint":49,"Orichalcum":77,"Anchor":84,"DataDisk":91,"Bird Faced Urn":192,"Black Star":0,"Bag of Marbles":168,"Bottled Lightning":243,"Meat on the Bone":35}],"Meat on the Bone":48},"card_choices":[{"not_picked":["Stack","Fusion"],"picked":"Compile Driver","floor":1},{"not_picked":["Redo","Leap"],"picked":"Reinforced Body","floor":2},{"not_picked":["Barrage","Leap"],"picked":"Lockon","floor":3},{"not_picked":["Blizzard","Leap"],"picked":"Beam Cell","floor":5},{"not_picked":["Conserve Battery","Coolheaded"],"picked":"Defragment","floor":6},{"not_picked":["Turbo","Gash"],"picked":"Leap","floor":7},{"not_picked":["Ball Lightning","Doom and Gloom"],"picked":"Defragment","floor":8},{"not_picked":["Streamline","Rip and Tear"],"picked":"Cold Snap","floor":10},{"not_picked":["Ball Lightning","Creative AI"],"picked":"Coolheaded","floor":12},{"not_picked":["Rip and Tear","Loop"],"picked":"Sweeping Beam","floor":14},{"not_picked":["Multi-Cast","All For One"],"picked":"Electrodynamics","floor":16},{"not_picked":["Heatsinks","Turbo"],"picked":"Steam","floor":18},{"not_picked":["Double Energy","Reprogram"],"picked":"Hologram","floor":19},{"not_picked":["Compile Driver","Leap+1"],"picked":"Self Repair","floor":23},{"not_picked":["Rebound+1","Blizzard+1"],"picked":"Chill","floor":25},{"not_picked":["Blizzard+1","Gash"],"picked":"Go for the Eyes","floor":27},{"not_picked":["Streamline","Beam Cell"],"picked":"Glacier","floor":29},{"not_picked":["Thunder Strike","Turbo","Chaos"],"picked":"SKIP","floor":29},{"not_picked":["Melter","Cold Snap"],"picked":"Ball Lightning+1","floor":30},{"not_picked":["Melter","Rebound"],"picked":"Cold Snap","floor":30},{"not_picked":["Hologram","Beam Cell"],"picked":"Cold Snap+1","floor":31},{"not_picked":["Multi-Cast","Electrodynamics"],"picked":"Biased Cognition","floor":33},{"not_picked":["Stack+1","Leap","Hello World"],"picked":"SKIP","floor":35},{"not_picked":["Fusion+1","Turbo+1","Chill"],"picked":"SKIP","floor":35},{"not_picked":["Rebound+1","Stack+1"],"picked":"Go for the Eyes+1","floor":37},{"not_picked":["Compile Driver+1","Ball Lightning","Auto Shields"],"picked":"SKIP","floor":37},{"not_picked":["Beam Cell","Lockon+1"],"picked":"Recycle","floor":38},{"not_picked":["Hologram","Turbo"],"picked":"Barrage+1","floor":38},{"not_picked":["Compile Driver+1","Biased Cognition"],"picked":"Glacier+1","floor":39},{"not_picked":["Beam Cell+1","Compile Driver","BootSequence+1"],"picked":"SKIP","floor":39},{"not_picked":["Beam Cell+1","Compile Driver","BootSequence+1"],"picked":"SKIP","floor":39},{"not_picked":["Hello World","Tempest","Thunder Strike"],"picked":"SKIP","floor":40},{"not_picked":["Barrage","Compile Driver+1"],"picked":"Capacitor","floor":41},{"not_picked":["Reinforced Body","Rebound","Stack+1"],"picked":"SKIP","floor":41},{"not_picked":["Doom and Gloom","Hologram","Steam"],"picked":"SKIP","floor":42},{"not_picked":["Turbo","Rebound","Go for the Eyes+1"],"picked":"SKIP","floor":45},{"not_picked":["Streamline","Cold Snap","Hologram+1"],"picked":"SKIP","floor":45},{"not_picked":["Turbo+1","Creative AI"],"picked":"Loop+1","floor":48},{"not_picked":["Recycle","Storm+1","Streamline"],"picked":"SKIP","floor":48},{"not_picked":["Steam Power+1","FTL+1","Scrape+1"],"picked":"SKIP","floor":54}],"player_experience":422660,"relics_obtained":[{"floor":4,"key":"Pen Nib"},{"floor":7,"key":"Incense Burner"},{"floor":7,"key":"Centennial Puzzle"},{"floor":9,"key":"Meat on the Bone"},{"floor":14,"key":"War Paint"},{"floor":14,"key":"Tiny Chest"},{"floor":23,"key":"Orichalcum"},{"floor":23,"key":"Omamori"},{"floor":26,"key":"Anchor"},{"floor":27,"key":"Prayer Wheel"},{"floor":27,"key":"DataDisk"},{"floor":31,"key":"Blue Candle"},{"floor":31,"key":"PreservedInsect"},{"floor":36,"key":"Dream Catcher"},{"floor":40,"key":"Bag of Marbles"},{"floor":40,"key":"Letter Opener"},{"floor":42,"key":"Oddly Smooth Stone"},{"floor":42,"key":"Nunchaku"},{"floor":47,"key":"Bird Faced Urn"},{"floor":54,"key":"Blood Vial"},{"floor":54,"key":"Bottled Lightning"}],"event_choices":[{"damage_healed":0,"gold_gain":0,"player_choice":"Paid Fearfully","damage_taken":0,"max_hp_gain":0,"max_hp_loss":0,"event_name":"Masked Bandits","floor":21,"gold_loss":246},{"damage_healed":0,"gold_gain":0,"player_choice":"Read","damage_taken":0,"max_hp_gain":0,"max_hp_loss":0,"event_name":"The Library","floor":22,"gold_loss":0,"cards_obtained":["Capacitor"]},{"damage_healed":0,"gold_gain":0,"player_choice":"Ignored","damage_taken":0,"max_hp_gain":0,"max_hp_loss":0,"event_name":"Ghosts","floor":28,"gold_loss":0},{"damage_healed":0,"gold_gain":0,"player_choice":"Fight","damage_taken":0,"max_hp_gain":0,"max_hp_loss":0,"event_name":"MindBloom","floor":47,"gold_loss":0}],"is_beta":false,"boss_relics":[{"not_picked":["SlaversCollar","Fusion Hammer"],"picked":"Runic Pyramid"},{"not_picked":["Nuclear Battery","Sozu"],"picked":"Philosopher\u0027s Stone"}],"items_purged_floors":[20,44,53],"is_endless":false,"potions_floor_spawned":[5,6,7,10,12,16,18,25,30,39,40,45,48],"ascension_level":5}}