{"host":"Connor","time":1610120040,"event":{"mods":["Aspiration","BaseMod","Downfall","Hubris","Marisa????????","Minty Spire (QoL Compilation)","Replay The Spire","StSLib","The Animator","The Cursed","The Jungle","The Servant 0.9.4"],"gold_per_floor":[114,114,14,33,53,69,69,97,97,97,108,138,20,46,46,123,123,133,133,148,158,175,175,175],"floor_reached":23,"playtime":1254,"items_purged":[],"score":393,"play_id":"2ae6e79a-99df-4ee6-93af-a39401563d67","local_time":"20210108073400","is_ascension_mode":true,"campfire_choices":[{"floor":7,"key":"RECALL"},{"floor":15,"key":"REST"}],"circlet_count":0,"master_deck":["AscendersBane","Strike_R","Strike_R","Strike_R","Strike_R","Defend_R","Defend_R+1","Defend_R","Defend_R","Bash","Barricade","Armaments","Iron Wave","Pommel Strike","Sentinel","Demon Form","Armaments","Iron Wave","hubris:DuctTapeCard","hubris:DuctTapeCard","Feel No Pain","Berserk","ReplayTheSpireMod:Strike From Hell","Shrug It Off"],"relics":["Burning Blood","The Courier","hubris:DuctTape","DollysMirror","Mummified Hand","hubris:GrandSneckoEye"],"acts_visited":["Exordium","TheCity"],"potions_floor_usage":[6,11,14,22,23],"damage_taken":[{"damage":10,"enemies":"Cultist","floor":1,"turns":4},{"damage":0,"enemies":"Jaw Worm","floor":4,"turns":7},{"damage":4,"enemies":"2 Louse","floor":5,"turns":4},{"damage":30,"enemies":"Gremlin Gang","floor":6,"turns":6},{"damage":39,"enemies":"Gremlin Nob","floor":8,"turns":6},{"damage":16,"enemies":"Lots of Slimes","floor":11,"turns":8},{"damage":0,"enemies":"Lagavulin","floor":12,"turns":10},{"damage":3,"enemies":"3 Sentries","floor":14,"turns":14},{"damage":7,"enemies":"Hexaghost","floor":16,"turns":11},{"damage":19,"enemies":"Shell Parasite","floor":18,"turns":6},{"damage":6,"enemies":"3 Byrds","floor":20,"turns":8},{"damage":35,"enemies":"Snake Plant","floor":21,"turns":6},{"damage":0,"enemies":"Cultist and Chosen","floor":22,"turns":6},{"damage":35,"enemies":"Slavers","floor":23,"turns":6}],"seed_played":"7662852731680324910","potions_obtained":[{"floor":4,"key":"champ:CounterPotion"},{"floor":8,"key":"champ:CounterPotion"},{"floor":10,"key":"hexamod:EctoCoolerPotion"},{"floor":10,"key":"ColorlessPotion"},{"floor":14,"key":"Dexterity Potion"},{"floor":16,"key":"SneckoOil"},{"floor":21,"key":"LiquidMemories"}],"is_trial":false,"path_per_floor":["M","?","$","M","M","M","R","E","T","?","M","E","$","E","R","B",null,"M","?","M","M","M","E"],"character_chosen":"IRONCLAD","items_purchased":["Metallicize","Iron Wave","DollysMirror"],"campfire_rested":1,"item_purchase_floors":[3,3,13],"current_hp_per_floor":[68,68,68,74,76,52,52,19,19,19,9,15,15,18,42,41,70,57,57,57,28,34,0,0],"gold":175,"neow_bonus":"ONE_RANDOM_RARE_CARD","is_daily":false,"chose_seed":false,"campfire_upgraded":0,"win_rate":0.0,"timestamp":1610120040,"path_taken":["M","?","$","M","M","M","R","E","T","?","?","E","$","E","R","BOSS","M","?","?","M","?","E"],"items_purchased_type":["Card","Card","Relic"],"build_version":"2020-12-18","purchased_purges":0,"victory":false,"max_hp_per_floor":[80,80,80,80,80,80,80,80,80,80,80,80,80,80,80,80,80,80,80,80,80,80,80,80],"card_choices":[{"not_picked":["True Grit","Clothesline"],"picked":"Armaments","floor":1},{"not_picked":["hubris:ReadiedAction","Replay:Undeath\u0027s Touch"],"picked":"Pommel Strike","floor":4},{"not_picked":["ReplayTheSpireMod:Corrosion Curse","Replay:Undeath\u0027s Touch"],"picked":"Sentinel","floor":5},{"not_picked":["hubris:SharpeningStone","Dropkick"],"picked":"Demon Form","floor":6},{"not_picked":["Evolve","Fire Breathing"],"picked":"Armaments","floor":8},{"not_picked":["Anger","Perfected Strike"],"picked":"Iron Wave","floor":11},{"not_picked":["Fire Breathing","hubris:ReadiedAction","Thunderclap"],"picked":"SKIP","floor":12},{"not_picked":["Warcry","Perfected Strike"],"picked":"Feel No Pain","floor":14},{"not_picked":["Immolate","Exhume"],"picked":"Berserk","floor":16},{"not_picked":["Whirlwind","Second Wind"],"picked":"ReplayTheSpireMod:Strike From Hell","floor":18},{"not_picked":["Second Wind","ReplayTheSpireMod:Corrosion Curse+1","ReplayTheSpireMod:Limb From Limb"],"picked":"SKIP","floor":20},{"not_picked":["Rampage","Iron Wave"],"picked":"Shrug It Off","floor":21},{"not_picked":["Replay:Undeath\u0027s Touch","Anger","Sword Boomerang"],"picked":"SKIP","floor":22}],"player_experience":568104,"relics_obtained":[{"floor":8,"key":"The Courier"},{"floor":12,"key":"hubris:DuctTape"},{"floor":14,"key":"Mummified Hand"}],"event_choices":[{"damage_healed":0,"gold_gain":0,"player_choice":"Got Potions","damage_taken":0,"max_hp_gain":0,"max_hp_loss":0,"event_name":"Lab","floor":10,"gold_loss":0},{"cards_removed":["Strike_R"],"damage_healed":0,"gold_gain":0,"player_choice":"Purged","damage_taken":0,"max_hp_gain":0,"max_hp_loss":0,"event_name":"Purifier","floor":19,"gold_loss":0}],"is_beta":true,"boss_relics":[{"not_picked":["hubris:ScarierMask","Busted Crown"],"picked":"hubris:GrandSneckoEye"}],"items_purged_floors":[],"is_endless":false,"potions_floor_spawned":[4,8,14,16,18,21],"killed_by":"Slavers","ascension_level":13}}