{"host":"7po9pgh86bqe2blc","time":1610114759,"event":{"mods":["BaseMod","ChefMod","Colored Map","Colored Powertips","Hermit","Minty Spire (QoL Compilation)","StSLib","The Cursed","The Disciple","The Hierophant","The Runesmith"],"gold_per_floor":[110,122,122,88,103,119,119,134,134,134,162,177,252,96,96,193,193,213,213,224,75,94,94,94,108,133,133,133],"floor_reached":27,"playtime":3269,"items_purged":["chefmod:Strike"],"score":215,"play_id":"cc5414ab-1ffd-4654-a04f-4120c0eb652d","local_time":"20210108150559","is_ascension_mode":false,"campfire_choices":[{"data":"chefmod:CuttingBoard","floor":7,"key":"SMITH"},{"data":"chefmod:DimSum","floor":10,"key":"SMITH"},{"floor":15,"key":"REST"},{"data":"chefmod:DimSum","floor":23,"key":"SMITH"}],"circlet_count":0,"master_deck":["chefmod:Strike","chefmod:Strike","chefmod:Strike","chefmod:Defend","chefmod:Defend","chefmod:Defend","chefmod:QuickThaw","chefmod:TodaysSpecial","chefmod:Flambe","chefmod:CuttingBoard+1","chefmod:DimSum+1","chefmod:CandyBowl+1","chefmod:Bruschetta","chefmod:Canape","chefmod:DimSum+1"],"relics":["chefmod:TrustyPot","NeowsBlessing","Matryoshka","Boot","Philosopher\u0027s Stone","Bag of Preparation","Oddly Smooth Stone","Strawberry"],"acts_visited":["Exordium","TheCity"],"potions_floor_usage":[11,16,20,22,25,27,27],"damage_taken":[{"damage":0,"enemies":"Cultist","floor":1,"turns":1},{"damage":0,"enemies":"Jaw Worm","floor":2,"turns":1},{"damage":0,"enemies":"Small Slimes","floor":5,"turns":1},{"damage":11,"enemies":"3 Louse","floor":6,"turns":4},{"damage":12,"enemies":"Blue Slaver","floor":8,"turns":3},{"damage":18,"enemies":"Gremlin Nob","floor":11,"turns":4},{"damage":17,"enemies":"Gremlin Gang","floor":12,"turns":6},{"damage":33,"enemies":"Slime Boss","floor":16,"turns":12},{"damage":5,"enemies":"Chosen","floor":18,"turns":4},{"damage":30,"enemies":"3 Byrds","floor":20,"turns":4},{"damage":15,"enemies":"Cultist and Chosen","floor":22,"turns":5},{"damage":8,"enemies":"Snecko","floor":25,"turns":3},{"damage":34,"enemies":"Slavers","floor":27,"turns":3}],"seed_played":"-3302115217637419670","potions_obtained":[{"floor":2,"key":"SneckoOil"},{"floor":5,"key":"chefmod:PotionOfPlenty"},{"floor":8,"key":"DistilledChaos"},{"floor":12,"key":"Regen Potion"},{"floor":16,"key":"LiquidMemories"},{"floor":20,"key":"SneckoOil"},{"floor":25,"key":"Weak Potion"}],"is_trial":false,"path_per_floor":["M","M","?","$","M","M","R","M","T","R","E","M","?","$","R","B",null,"M","?","M","$","M","R","$","M","T","E"],"character_chosen":"THE_CHEF","items_purchased":["chefmod:CuttingBoard","chefmod:Bruschetta","Bag of Preparation"],"campfire_rested":1,"item_purchase_floors":[4,14,21],"current_hp_per_floor":[76,76,76,76,76,65,65,53,53,53,35,18,7,7,29,11,76,71,71,41,41,26,26,26,18,25,0,0],"gold":133,"neow_bonus":"THREE_ENEMY_KILL","is_daily":false,"chose_seed":false,"campfire_upgraded":3,"win_rate":0.0,"timestamp":1610114759,"path_taken":["M","M","?","$","M","M","R","?","T","R","E","M","?","$","R","BOSS","M","?","M","$","M","R","$","M","T","E"],"items_purchased_type":["Card","Card","Relic"],"build_version":"2020-12-13","purchased_purges":1,"victory":false,"max_hp_per_floor":[76,76,76,76,76,76,76,76,76,76,76,76,76,76,76,76,76,76,76,76,76,76,76,76,76,83,83,83],"card_choices":[{"not_picked":["chefmod:Granita","chefmod:FireUp","chefmod:FreezeSolid"],"picked":"SKIP","floor":1},{"not_picked":["chefmod:VegetableTart","chefmod:LocoMoco"],"picked":"chefmod:Flambe","floor":2},{"not_picked":["chefmod:Gelato","chefmod:ColdSteel"],"picked":"chefmod:DimSum","floor":5},{"not_picked":["chefmod:FrozenTuna","chefmod:Gelato","chefmod:FryPan"],"picked":"SKIP","floor":6},{"not_picked":["chefmod:IcePick","chefmod:Gelato","chefmod:DoubleChop"],"picked":"SKIP","floor":8},{"not_picked":["chefmod:DinoKale","chefmod:Gelato"],"picked":"chefmod:CandyBowl","floor":11},{"not_picked":["chefmod:SliceAndDice","chefmod:Flambe","chefmod:Fillet"],"picked":"SKIP","floor":12},{"not_picked":["chefmod:Tenderizer","chefmod:TwoForOne"],"picked":"chefmod:Canape","floor":16},{"not_picked":["chefmod:FryPan","chefmod:FiveAlarmChili","chefmod:ZaruSoba+1"],"picked":"SKIP","floor":18},{"not_picked":["chefmod:ColdSteel","chefmod:ZaruSoba"],"picked":"chefmod:DimSum","floor":20},{"not_picked":["chefmod:TonkotsuRamen+1","chefmod:Bruschetta","chefmod:Defrost"],"picked":"SKIP","floor":22},{"not_picked":["chefmod:ZaruSoba","chefmod:DinoKale","chefmod:Fillet"],"picked":"SKIP","floor":25}],"player_experience":299815,"relics_obtained":[{"floor":9,"key":"Matryoshka"},{"floor":11,"key":"Boot"},{"floor":26,"key":"Oddly Smooth Stone"},{"floor":26,"key":"Strawberry"}],"event_choices":[{"cards_removed":["chefmod:Strike"],"damage_healed":0,"gold_gain":0,"player_choice":"Purged","damage_taken":0,"max_hp_gain":0,"max_hp_loss":0,"event_name":"Purifier","floor":3,"gold_loss":0},{"damage_healed":0,"gold_gain":75,"player_choice":"Gather Gold","damage_taken":11,"max_hp_gain":0,"max_hp_loss":0,"event_name":"World of Goop","floor":13,"gold_loss":0},{"damage_healed":0,"gold_gain":0,"player_choice":"Upgraded","damage_taken":0,"max_hp_gain":0,"max_hp_loss":0,"event_name":"Upgrade Shrine","floor":19,"gold_loss":0,"cards_upgraded":["chefmod:CandyBowl"]}],"is_beta":false,"boss_relics":[{"not_picked":["Cursed Key","chefmod:PepperMill"],"picked":"Philosopher\u0027s Stone"}],"items_purged_floors":[14],"is_endless":false,"potions_floor_spawned":[2,5,8,12,16,20,25],"killed_by":"Slavers","ascension_level":0}}