{"host":"tjq6rykv202u6iqx","time":1610124107,"event":{"mods":["AchievementEnabler","BaseMod","Minty Spire (QoL Compilation)","Rare Cards Sparkle","Relic Stats"],"gold_per_floor":[117,197,14,28,39,39,71,71,71,101,118,143,68,68,68,143,143,157,167,56,66,76,102,102,102,102,134,151,151,184,184,184,256,256,269,280,291,114,114,114,142,155,229,229,229,257,274,274,274,274,274,274,28,60,60],"floor_reached":56,"playtime":4413,"items_purged":["Strike_B","Writhe","Decay"],"score":2083,"play_id":"f0f185a4-ab45-4eb6-a26f-f41daaa234c1","local_time":"20210108104147","is_ascension_mode":true,"campfire_choices":[{"data":"Defragment","floor":6.0,"key":"SMITH"},{"data":"Ball Lightning","floor":8.0,"key":"SMITH"},{"floor":15.0,"key":"REST"},{"data":"Coolheaded","floor":29.0,"key":"SMITH"},{"floor":32.0,"key":"REST"},{"data":"Seek","floor":40.0,"key":"SMITH"},{"floor":44.0,"key":"RECALL"},{"data":"Ghostly","floor":49,"key":"SMITH"},{"data":"Ghostly","floor":52,"key":"SMITH"}],"circlet_count":0,"master_deck":["AscendersBane","Strike_B+1","Strike_B","Defend_B","Defend_B","Defend_B+1","Defend_B","Zap","Dualcast","Cold Snap","Defragment+1","Compile Driver","Reboot","Chill","Defragment+1","Electrodynamics+1","Coolheaded+1","Static Discharge+1","Doom and Gloom+1","White Noise+1","Skim","Ghostly+1","Ghostly+1","Ghostly+1","Storm+1","Seek+1","Rainbow","Turbo+1","Conserve Battery+1","Self Repair+1","Heatsinks+1","Capacitor+1","Static Discharge+1","Darkness+1","Loop+1","Amplify"],"relics":["Cracked Core","NeowsBlessing","InkBottle","Happy Flower","Question Card","Frozen Egg 2","Lizard Tail","Matryoshka","Cursed Key","Potion Belt","Strawberry","DataDisk","Bag of Marbles","Runic Pyramid","Juzu Bracelet","Art of War","Meat on the Bone","Mercury Hourglass","Gambling Chip"],"acts_visited":["Exordium","TheCity","TheBeyond","TheEnding"],"potions_floor_usage":[50,54,55,55],"damage_taken":[{"damage":0.0,"enemies":"Cultist","floor":1.0,"turns":1.0},{"damage":0.0,"enemies":"Small Slimes","floor":4.0,"turns":1.0},{"damage":0.0,"enemies":"2 Louse","floor":5.0,"turns":1.0},{"damage":15.0,"enemies":"3 Sentries","floor":7.0,"turns":6.0},{"damage":10.0,"enemies":"Lagavulin","floor":10.0,"turns":6.0},{"damage":0.0,"enemies":"Large Slime","floor":11.0,"turns":3.0},{"damage":4.0,"enemies":"Gremlin Nob","floor":12.0,"turns":3.0},{"damage":1.0,"enemies":"Slime Boss","floor":16.0,"turns":6.0},{"damage":7.0,"enemies":"3 Byrds","floor":18.0,"turns":3.0},{"damage":3.0,"enemies":"Shell Parasite","floor":19.0,"turns":4.0},{"damage":0.0,"enemies":"3 Cultists","floor":21.0,"turns":3.0},{"damage":0.0,"enemies":"Sentry and Sphere","floor":22.0,"turns":3.0},{"damage":0.0,"enemies":"Gremlin Leader","floor":23.0,"turns":4.0},{"damage":17.0,"enemies":"Book of Stabbing","floor":27.0,"turns":6.0},{"damage":0.0,"enemies":"Centurion and Healer","floor":28.0,"turns":3.0},{"damage":0.0,"enemies":"Gremlin Leader","floor":30.0,"turns":4.0},{"damage":11.0,"enemies":"Collector","floor":33.0,"turns":7.0},{"damage":7.0,"enemies":"Orb Walker","floor":35.0,"turns":3.0},{"damage":1.0,"enemies":"3 Shapes","floor":36.0,"turns":5.0},{"damage":6.0,"enemies":"Spire Growth","floor":37.0,"turns":5.0},{"damage":0.0,"enemies":"Nemesis","floor":41.0,"turns":9.0},{"damage":4.0,"enemies":"Writhing Mass","floor":42.0,"turns":4.0},{"damage":7.0,"enemies":"Giant Head","floor":46.0,"turns":9.0},{"damage":0.0,"enemies":"4 Shapes","floor":47.0,"turns":3.0},{"damage":31,"enemies":"Donu and Deca","floor":50,"turns":5},{"damage":15,"enemies":"Shield and Spear","floor":54,"turns":4},{"damage":25,"enemies":"The Heart","floor":55,"turns":6}],"seed_played":"2021345135812911702","potions_obtained":[{"floor":1.0,"key":"EssenceOfDarkness"},{"floor":4.0,"key":"Block Potion"},{"floor":16.0,"key":"DistilledChaos"},{"floor":27.0,"key":"ColorlessPotion"},{"floor":28.0,"key":"GamblersBrew"},{"floor":33.0,"key":"LiquidMemories"},{"floor":35.0,"key":"BlessingOfTheForge"},{"floor":41.0,"key":"Block Potion"},{"floor":42.0,"key":"SkillPotion"},{"floor":54,"key":"ColorlessPotion"}],"is_trial":false,"path_per_floor":["M","T","$","M","M","R","E","R","T","E","M","E","?","?","R","B",null,"M","M","$","M","M","E","?","?","T","E","M","R","E","?","R","B",null,"M","M","M","$","?","R","E","M","T","R","?","E","M","?","R","B",null,"R","$","E","B",null],"character_chosen":"DEFECT","items_purchased":["Happy Flower","Defragment","Static Discharge+1","Heatsinks+1","Loop+1","PowerPotion"],"campfire_rested":2,"item_purchase_floors":[3,3,20,38,53,53],"current_hp_per_floor":[64,64,64,64,64,64,49,49,49,39,39,35,35,14,35,34,62,55,52,52,52,52,52,35,35,42,25,25,25,25,15,29,18,40,33,32,26,26,19,19,29,35,35,35,35,38,38,38,38,29,43,43,43,38,25],"gold":60,"neow_bonus":"THREE_ENEMY_KILL","is_daily":false,"chose_seed":false,"campfire_upgraded":6,"win_rate":0.0,"timestamp":1610124107,"path_taken":["M","?","?","M","?","R","E","R","T","E","M","E","?","?","R","BOSS","M","M","$","M","M","E","?","?","T","E","M","R","E","?","R","BOSS","M","M","M","$","?","R","E","M","T","R","?","E","M","?","R","BOSS","R","$","E","BOSS"],"items_purchased_type":["Relic","Card","Card","Card","Card","Potion"],"build_version":"2020-12-22","purchased_purges":3,"victory":true,"max_hp_per_floor":[71,71,71,71,71,71,71,71,71,71,71,71,71,71,71,71,71,71,71,71,71,71,71,35,35,42,42,42,42,42,47,47,47,47,47,47,47,47,47,47,47,47,47,47,47,47,47,47,47,47,47,47,47,47,47],"relic_stats":{"Lizard Tail":0,"Happy Flower":[38],"counters":[27,116],"Gambling Chip":[1],"Juzu Bracelet":1,"Art of War":[14],"Question Card":22,"Cursed Key":2,"obtain_stats":[{"Potion Belt":23,"NeowsBlessing":0,"Happy Flower":3,"Juzu Bracelet":41,"Frozen Egg 2":9,"Question Card":7,"Cursed Key":17,"Mercury Hourglass":46,"Lizard Tail":10,"DataDisk":27,"Matryoshka":12,"Strawberry":26,"Gambling Chip":54,"Bag of Marbles":30,"Art of War":43,"Cracked Core":0,"InkBottle":2,"Runic Pyramid":34,"Meat on the Bone":43},{"Potion Belt":13,"NeowsBlessing":0,"Happy Flower":1,"Juzu Bracelet":21,"Frozen Egg 2":4,"Question Card":4,"Cursed Key":8,"Mercury Hourglass":23,"Lizard Tail":5,"DataDisk":14,"Matryoshka":7,"Strawberry":13,"Gambling Chip":26,"Bag of Marbles":16,"Art of War":22,"Cracked Core":0,"InkBottle":1,"Runic Pyramid":17,"Meat on the Bone":22},{"Potion Belt":44,"NeowsBlessing":0,"Happy Flower":1,"Juzu Bracelet":86,"Frozen Egg 2":9,"Question Card":9,"Cursed Key":27,"Mercury Hourglass":99,"Lizard Tail":15,"DataDisk":50,"Matryoshka":21,"Strawberry":44,"Gambling Chip":110,"Bag of Marbles":57,"Art of War":90,"Cracked Core":0,"InkBottle":1,"Runic Pyramid":64,"Meat on the Bone":90}],"InkBottle":[49],"Meat on the Bone":24,"Mercury Hourglass":[93]},"card_choices":[{"not_picked":["Streamline","Blizzard"],"picked":"Cold Snap","floor":1.0},{"not_picked":["Double Energy","Turbo"],"picked":"Compile Driver","floor":4.0},{"not_picked":["Auto Shields","Loop"],"picked":"Ball Lightning","floor":5.0},{"not_picked":["Beam Cell","Stack"],"picked":"Reboot","floor":7.0},{"not_picked":["Ball Lightning","Sweeping Beam","Beam Cell"],"picked":"Chill","floor":10.0},{"not_picked":["Force Field","Conserve Battery","Redo","Double Energy"],"picked":"SKIP","floor":11.0},{"not_picked":["Compile Driver","Beam Cell","Go for the Eyes"],"picked":"Defragment+1","floor":12.0},{"not_picked":["Biased Cognition+1","Hyperbeam","Amplify"],"picked":"Electrodynamics+1","floor":16.0},{"not_picked":["Melter","Hello World+1","Fusion","Reprogram"],"picked":"SKIP","floor":18.0},{"not_picked":["Steam Power","Chaos","Gash"],"picked":"Coolheaded","floor":19.0},{"not_picked":["Chill+1","Sweeping Beam","Streamline"],"picked":"Doom and Gloom+1","floor":21.0},{"not_picked":["Sweeping Beam","Gash","Doom and Gloom"],"picked":"White Noise+1","floor":22.0},{"not_picked":["Beam Cell","Sweeping Beam","White Noise"],"picked":"Skim","floor":23.0},{"not_picked":["Hyperbeam","Conserve Battery","Leap","Stack"],"picked":"SKIP","floor":27.0},{"not_picked":["Turbo","Compile Driver","Chaos"],"picked":"Storm+1","floor":28.0},{"not_picked":["Redo","Coolheaded","BootSequence"],"picked":"Seek","floor":30.0},{"not_picked":["Meteor Strike","Multi-Cast","Electrodynamics+1"],"picked":"Rainbow","floor":33.0},{"not_picked":["Cold Snap","Melter","Reinforced Body"],"picked":"Turbo+1","floor":35.0},{"not_picked":["Rip and Tear","Gash","Force Field+1"],"picked":"Conserve Battery+1","floor":36.0},{"not_picked":["Darkness+1","Barrage","Conserve Battery"],"picked":"Self Repair+1","floor":37.0},{"not_picked":["Leap+1","Reprogram","Self Repair+1"],"picked":"Capacitor+1","floor":41.0},{"not_picked":["Meteor Strike","Melter","Compile Driver+1","Steam"],"picked":"SKIP","floor":42.0},{"not_picked":["Steam","Gash","Rebound"],"picked":"Static Discharge+1","floor":46.0},{"not_picked":["Sweeping Beam","Genetic Algorithm+1","Leap+1"],"picked":"Darkness+1","floor":47},{"not_picked":["Heatsinks+1","White Noise","Tempest"],"picked":"Amplify","floor":54}],"player_experience":802736,"relics_obtained":[{"floor":2.0,"key":"InkBottle"},{"floor":7.0,"key":"Question Card"},{"floor":9.0,"key":"Frozen Egg 2"},{"floor":10.0,"key":"Lizard Tail"},{"floor":12.0,"key":"Matryoshka"},{"floor":23.0,"key":"Potion Belt"},{"floor":26.0,"key":"Strawberry"},{"floor":27.0,"key":"DataDisk"},{"floor":30.0,"key":"Bag of Marbles"},{"floor":41.0,"key":"Juzu Bracelet"},{"floor":43.0,"key":"Art of War"},{"floor":43.0,"key":"Meat on the Bone"},{"floor":46.0,"key":"Mercury Hourglass"},{"floor":54,"key":"Gambling Chip"}],"event_choices":[{"cards_removed":["Strike_B"],"damage_healed":0.0,"max_hp_gain":0.0,"max_hp_loss":0.0,"gold_gain":0.0,"event_name":"The Cleric","player_choice":"Card Removal","floor":13.0,"gold_loss":75.0,"damage_taken":0.0},{"damage_healed":0.0,"max_hp_gain":0.0,"max_hp_loss":0.0,"gold_gain":0.0,"event_name":"Shining Light","player_choice":"Entered Light","floor":14.0,"gold_loss":0.0,"damage_taken":21.0,"cards_upgraded":["Defend_B","Strike_B"]},{"damage_healed":0.0,"max_hp_gain":0.0,"max_hp_loss":36.0,"gold_gain":0.0,"event_name":"Ghosts","player_choice":"Became a Ghost","floor":24.0,"gold_loss":0.0,"damage_taken":0.0,"cards_obtained":["Ghostly","Ghostly","Ghostly"]},{"damage_healed":0.0,"max_hp_gain":0.0,"max_hp_loss":0.0,"gold_gain":0.0,"event_name":"Cursed Tome","player_choice":"Ignored","floor":25.0,"gold_loss":0.0,"damage_taken":0.0},{"damage_healed":0.0,"max_hp_gain":5.0,"max_hp_loss":0.0,"gold_gain":0.0,"event_name":"Forgotten Altar","player_choice":"Shed Blood","floor":31.0,"gold_loss":0.0,"damage_taken":15.0},{"damage_healed":0.0,"max_hp_gain":0.0,"max_hp_loss":0.0,"gold_gain":0.0,"event_name":"Wheel of Change","player_choice":"Damaged","floor":39.0,"gold_loss":0.0,"damage_taken":7.0},{"cards_removed":["Ball Lightning"],"damage_healed":0.0,"max_hp_gain":0.0,"max_hp_loss":0.0,"gold_gain":0.0,"event_name":"Falling","player_choice":"Removed Attack","floor":45.0,"gold_loss":0.0,"damage_taken":0.0},{"damage_healed":0,"gold_gain":0,"player_choice":"Upgraded","damage_taken":0,"max_hp_gain":0,"max_hp_loss":0,"event_name":"Upgrade Shrine","floor":48,"gold_loss":0,"cards_upgraded":["Ghostly"]}],"is_beta":false,"boss_relics":[{"not_picked":["Ectoplasm","Snecko Eye"],"picked":"Cursed Key"},{"not_picked":["Philosopher\u0027s Stone","Nuclear Battery"],"picked":"Runic Pyramid"}],"items_purged_floors":[20,38,53],"is_endless":false,"potions_floor_spawned":[1,4,5,16,18,27,28,33,35,41,42,54],"ascension_level":15}}