{"host":"2lwi2ixq0ydygjd0","time":1610070355,"event":{"mods":["BaseMod","Colored Powertips","Downfall","Friendly Minions","Minty Spire (QoL Compilation)","StSLib"],"gold_per_floor":[99,99,99,99,99,24,24,9,9,109,128,145,200,200,218,323,323,448,459,476,487,67,67,67,67,67,67,67],"floor_reached":26,"playtime":1491,"items_purged":[],"score":217,"play_id":"43e7d481-dbe1-48cb-95de-e025752dcd8c","local_time":"20210107204555","is_ascension_mode":false,"campfire_choices":[{"floor":1,"key":"RECALL"},{"data":"Guardian:PrismaticBeam","floor":6,"key":"SMITH"},{"data":"Guardian:CurlUp","floor":9,"key":"SMITH"},{"data":"Guardian:BaubleBeam","floor":18,"key":"SMITH"}],"circlet_count":0,"master_deck":["Guardian:Strike_Guardian","Guardian:Strike_Guardian","Guardian:Strike_Guardian","Guardian:Strike_Guardian","Guardian:Defend_Guardian","Guardian:Defend_Guardian","Guardian:Defend_Guardian","Guardian:Defend_Guardian","Guardian:CurlUp+1","Guardian:TwinSlam","Guardian:BronzeOrb","Guardian:PrismaticBeam+1","Guardian:WalkerClaw","Guardian:Recover","Guardian:Reroute","Guardian:PiercingHide","Guardian:TemporalStrike","Guardian:BaubleBeam+1","Guardian:Gem_Blue","Guardian:Gem_Lightblue","Guardian:Gem_Lightblue","Guardian:EvasiveProtocol","Guardian:Gem_Crimson","Guardian:Repulse","Enlightenment"],"relics":["Guardian:ModeShifter","downfall:HeartsMalice","downfall:HeartBlessingRed","Ice Cream","downfall:GremlinWheel","Toy Ornithopter","downfall:HeartBlessingBlue","downfall:RedIOU","Sundial","Nloth\u0027s Gift"],"acts_visited":["Exordium","TheCity"],"potions_floor_usage":[16,16,16],"damage_taken":[{"damage":0,"enemies":"2 Louse","floor":2,"turns":1},{"damage":0,"enemies":"Cultist","floor":4,"turns":1},{"damage":0,"enemies":"Jaw Worm","floor":5,"turns":1},{"damage":0,"enemies":"downfall:FleeingMerchant","floor":8,"turns":4},{"damage":7,"enemies":"downfall:FleeingMerchant","floor":10,"turns":3},{"damage":2,"enemies":"Blue Slaver","floor":11,"turns":2},{"damage":8,"enemies":"2 Fungi Beasts","floor":12,"turns":3},{"damage":4,"enemies":"Lots of Slimes","floor":15,"turns":3},{"damage":39,"enemies":"downfall:Defect","floor":16,"turns":8},{"damage":0,"enemies":"Shell Parasite","floor":19,"turns":3},{"damage":13,"enemies":"3 Byrds","floor":20,"turns":3},{"damage":13,"enemies":"Centurion and Healer","floor":21,"turns":5},{"damage":4,"enemies":"downfall:FleeingMerchant","floor":22,"turns":4},{"damage":45,"enemies":"Cultist and Chosen","floor":26,"turns":9}],"seed_played":"-521187281449857835","potions_obtained":[{"floor":10,"key":"EssenceOfSteel"},{"floor":11,"key":"Fruit Juice"},{"floor":12,"key":"Regen Potion"},{"floor":21,"key":"ColorlessPotion"}],"is_trial":false,"path_per_floor":["R","M","?","M","M","R","T","$","R","?","M","M","T","?","M","B",null,"R","M","M","M","$","?","T","?","M"],"character_chosen":"GUARDIAN","items_purchased":["Bronze Scales","Guardian:Gem_Crimson","Guardian:Repulse","Enlightenment","Weak Potion"],"campfire_rested":0,"item_purchase_floors":[22,22,22,22,22],"current_hp_per_floor":[80,80,80,80,80,80,80,80,80,73,71,63,63,45,41,31,85,95,95,82,69,65,65,65,65,20,20,20],"gold":67,"neow_bonus":"THREE_ENEMY_KILL","is_daily":false,"chose_seed":false,"campfire_upgraded":3,"win_rate":0.0,"timestamp":1610070355,"path_taken":["R","M","?","M","M","R","T","?","R","?","?","M","?","?","M","BOSS","R","M","M","M","$","?","T","?","?"],"items_purchased_type":["Relic","Card","Card","Card","Potion"],"build_version":"2020-12-22","purchased_purges":0,"victory":false,"max_hp_per_floor":[80,80,80,80,80,80,80,80,80,80,80,80,80,80,80,85,85,95,95,95,95,95,95,95,95,95,95,95],"card_choices":[{"not_picked":["Guardian:Recover","Guardian:Planning"],"picked":"Guardian:BronzeOrb","floor":2},{"not_picked":["Guardian:TemporalShield","Guardian:PolyBeam"],"picked":"Guardian:PrismaticBeam","floor":4},{"not_picked":["Guardian:Planning","Guardian:Clone"],"picked":"Guardian:WalkerClaw","floor":5},{"not_picked":["Guardian:ShieldCharger","Guardian:WalkerClaw"],"picked":"Guardian:Recover","floor":8},{"not_picked":["Guardian:RollAttack","Guardian:ChargeCore"],"picked":"Guardian:Reroute","floor":11},{"not_picked":["Guardian:BaubleBeam","Guardian:PrimingBeam"],"picked":"Guardian:PiercingHide","floor":12},{"not_picked":["Guardian:PolyBeam","Guardian:Incinerate"],"picked":"Guardian:TemporalStrike","floor":15},{"not_picked":["Guardian:StasisField","Guardian:ExploitGems"],"picked":"Guardian:BaubleBeam","floor":16},{"not_picked":["Guardian:WalkerClaw","Guardian:VentSteam+1"],"picked":"Guardian:Gem_Blue","floor":19},{"not_picked":["Guardian:Recover+1","Guardian:Gem_White"],"picked":"Guardian:Gem_Lightblue","floor":20},{"not_picked":["Guardian:ArmoredProtocol","Guardian:ChargeUp"],"picked":"Guardian:Gem_Lightblue","floor":21},{"not_picked":["Guardian:Suspension","Guardian:Planning"],"picked":"Guardian:EvasiveProtocol","floor":22}],"player_experience":17987,"relics_obtained":[{"floor":7,"key":"Ice Cream"},{"floor":10,"key":"downfall:GremlinWheel"},{"floor":24,"key":"Sundial"}],"event_choices":[{"damage_healed":0,"gold_gain":0,"player_choice":"Success","damage_taken":18,"relics_obtained":["Toy Ornithopter"],"max_hp_gain":0,"max_hp_loss":0,"event_name":"Scrap Ooze","floor":14,"gold_loss":0},{"damage_healed":0,"gold_gain":200,"player_choice":"Gold","damage_taken":0,"max_hp_gain":0,"max_hp_loss":0,"event_name":"Wheel of Change","floor":18,"gold_loss":0}],"is_beta":false,"boss_relics":[{"not_picked":["Velvet Choker","Empty Cage"],"picked":"SacredBark"}],"items_purged_floors":[],"is_endless":false,"potions_floor_spawned":[10,11,12,15,21],"killed_by":"Cultist and Chosen","ascension_level":0}}