{"host":"dowi7cgbhepuzvpj","time":1610072430,"event":{"mods":["AchievementEnabler","BaseMod","Colored Map","Highlight Path","Keyboard Shortcuts","Minty Spire (QoL Compilation)","Permanent Neow","Quick Restart","StSLib","SuperFastMode"],"gold_per_floor":[118,118,130,144,158,158,83,94,119,135,135,135,60,94,94,172,172,186,186,9,24,44,44,44,44,68,88,103,103,103,27,27,27,27],"floor_reached":33,"playtime":774,"items_purged":["Strike_B","Strike_B"],"score":482,"play_id":"5647f42e-04c8-4520-b332-1d6647f81488","local_time":"20210108112030","is_ascension_mode":true,"campfire_choices":[{"data":"Chill","floor":6,"key":"SMITH"},{"data":"Ball Lightning","floor":11,"key":"SMITH"},{"data":"Glacier","floor":15,"key":"SMITH"},{"data":"Self Repair","floor":23,"key":"SMITH"},{"data":"Capacitor","floor":25,"key":"SMITH"},{"data":"Stack","floor":29,"key":"SMITH"},{"data":"Storm","floor":32,"key":"SMITH"}],"circlet_count":0,"master_deck":["AscendersBane","Defend_B+1","Defend_B+1","Defend_B+1","Zap+1","Dualcast","Chill+1","Ball Lightning","White Noise","Ball Lightning+1","Compile Driver","Glacier+1","Biased Cognition","Capacitor+1","Self Repair+1","Rebound","Storm+1","Cold Snap","Stack+1","Ball Lightning","Storm+1"],"relics":["Cracked Core","Vajra","MealTicket","Omamori","Calling Bell","Oddly Smooth Stone","Mummified Hand","Emotion Chip","War Paint","Smiling Mask"],"acts_visited":["Exordium","TheCity"],"potions_floor_usage":[27,28],"damage_taken":[{"damage":7,"enemies":"Small Slimes","floor":1,"turns":3},{"damage":0,"enemies":"Cultist","floor":3,"turns":3},{"damage":6,"enemies":"2 Louse","floor":4,"turns":2},{"damage":0,"enemies":"2 Fungi Beasts","floor":5,"turns":3},{"damage":0,"enemies":"3 Louse","floor":8,"turns":3},{"damage":2,"enemies":"Blue Slaver","floor":10,"turns":3},{"damage":10,"enemies":"3 Sentries","floor":14,"turns":5},{"damage":4,"enemies":"Slime Boss","floor":16,"turns":7},{"damage":7,"enemies":"Spheric Guardian","floor":18,"turns":3},{"damage":2,"enemies":"2 Thieves","floor":21,"turns":4},{"damage":19,"enemies":"Snake Plant","floor":22,"turns":3},{"damage":9,"enemies":"Snecko","floor":27,"turns":4},{"damage":0,"enemies":"Centurion and Healer","floor":28,"turns":4},{"damage":77,"enemies":"Automaton","floor":33,"turns":8}],"seed_played":"-5860885321661162858","potions_obtained":[{"floor":1,"key":"PotionOfCapacity"},{"floor":8,"key":"EssenceOfSteel"},{"floor":14,"key":"FearPotion"},{"floor":27,"key":"SteroidPotion"},{"floor":28,"key":"Weak Potion"}],"is_trial":false,"path_per_floor":["M","?","M","M","M","R","?","M","T","M","R","?","$","E","R","B",null,"M","?","$","M","M","R","?","R","T","M","M","R","?","$","R","B"],"character_chosen":"DEFECT","items_purchased":["Self Repair","Storm"],"campfire_rested":0,"item_purchase_floors":[20,31],"current_hp_per_floor":[57,57,57,51,51,51,51,51,51,49,49,28,43,33,33,29,61,54,54,69,71,59,59,59,59,59,50,60,60,60,71,71,0,0],"gold":27,"neow_bonus":"RANDOM_COMMON_RELIC","is_daily":false,"chose_seed":false,"campfire_upgraded":7,"win_rate":0.0,"timestamp":1610072430,"path_taken":["M","?","M","?","M","R","?","M","T","M","R","?","$","E","R","BOSS","M","?","$","M","M","R","?","R","T","M","M","R","?","?","R","BOSS"],"items_purchased_type":["Card","Card"],"build_version":"2020-12-22","purchased_purges":2,"victory":false,"max_hp_per_floor":[71,71,71,71,71,71,71,71,71,71,71,71,71,71,71,71,71,71,71,71,71,71,71,71,71,71,71,71,71,71,71,71,71,71],"card_choices":[{"not_picked":["Coolheaded","Hologram"],"picked":"Chill","floor":1},{"not_picked":["Turbo","Chaos"],"picked":"Ball Lightning","floor":3},{"not_picked":["Darkness","Gash"],"picked":"White Noise","floor":4},{"not_picked":["Steam","Doom and Gloom"],"picked":"Ball Lightning","floor":5},{"not_picked":["Stack","Barrage","Hello World"],"picked":"SKIP","floor":8},{"not_picked":["Stack","Reprogram"],"picked":"Compile Driver","floor":10},{"not_picked":["Coolheaded","Reinforced Body"],"picked":"Glacier","floor":14},{"not_picked":["Core Surge","Machine Learning"],"picked":"Biased Cognition","floor":16},{"not_picked":["Go for the Eyes+1","Fusion"],"picked":"Capacitor","floor":18},{"not_picked":["Sweeping Beam","Stack"],"picked":"Rebound","floor":21},{"not_picked":["Gash","White Noise"],"picked":"Storm+1","floor":22},{"not_picked":["Streamline","Coolheaded+1"],"picked":"Ball Lightning","floor":27},{"not_picked":["Reprogram+1","Meteor Strike","Leap"],"picked":"SKIP","floor":28}],"player_experience":772439,"relics_obtained":[{"floor":9,"key":"MealTicket"},{"floor":14,"key":"Omamori"},{"floor":17,"key":"Oddly Smooth Stone"},{"floor":17,"key":"Mummified Hand"},{"floor":17,"key":"Emotion Chip"},{"floor":26,"key":"Smiling Mask"}],"event_choices":[{"damage_healed":0,"gold_gain":0,"player_choice":"Forge","damage_taken":0,"max_hp_gain":0,"max_hp_loss":0,"event_name":"Accursed Blacksmith","floor":2,"gold_loss":0,"cards_upgraded":["Zap"]},{"cards_removed":["Strike_B"],"damage_healed":0,"gold_gain":0,"player_choice":"Card Removal","damage_taken":0,"max_hp_gain":0,"max_hp_loss":0,"event_name":"The Cleric","floor":7,"gold_loss":75},{"damage_healed":0,"gold_gain":0,"player_choice":"Entered Light","damage_taken":21,"max_hp_gain":0,"max_hp_loss":0,"event_name":"Shining Light","floor":12,"gold_loss":0,"cards_upgraded":["Strike_B","Defend_B"]},{"damage_healed":0,"gold_gain":0,"player_choice":"Opened","damage_taken":0,"relics_obtained":["War Paint"],"max_hp_gain":0,"max_hp_loss":0,"event_name":"The Mausoleum","floor":19,"gold_loss":0,"cards_obtained":["Writhe"]},{"damage_healed":0,"gold_gain":0,"cards_transformed":["Defend_B","Strike_B"],"player_choice":"Became Test Subject","damage_taken":0,"max_hp_gain":0,"max_hp_loss":0,"event_name":"Drug Dealer","floor":24,"gold_loss":0,"cards_obtained":["Cold Snap","Stack"]},{"damage_healed":0,"gold_gain":0,"player_choice":"Ignored","damage_taken":0,"max_hp_gain":0,"max_hp_loss":0,"event_name":"Ghosts","floor":30,"gold_loss":0}],"is_beta":false,"boss_relics":[{"not_picked":["Snecko Eye","Empty Cage"],"picked":"Calling Bell"}],"items_purged_floors":[13,20],"is_endless":false,"potions_floor_spawned":[1,8,10,14,27,28],"killed_by":"Automaton","ascension_level":19}}