{"host":"a1u4jo6xlg3w0wsm","time":1610100521,"event":{"mods":["BaseMod","Better Third Choice","DeckTracker","Downfall","Hermit","Hubris","Minty Spire (QoL Compilation)","Replay The Spire","StSLib"],"gold_per_floor":[109,384,400,414,7,35,35,60,87,87,105,47,80,80,80,80,80],"floor_reached":16,"playtime":625,"items_purged":["hermit:Defend_Hermit"],"score":142,"play_id":"57231b50-5aa7-44a7-a057-9a380d50df92","local_time":"20210108230841","is_ascension_mode":true,"campfire_choices":[{"data":"hermit:Snapshot","floor":10,"key":"SMITH"},{"data":"hermit:Gestalt","floor":15,"key":"SMITH"}],"circlet_count":0,"master_deck":["hermit:Strike_Hermit","hermit:Strike_Hermit","hermit:Strike_Hermit","hermit:Strike_Hermit","hermit:Defend_Hermit","hermit:Defend_Hermit","hermit:Defend_Hermit","hermit:Snapshot+1","hermit:Covet","Regret","hermit:Misfire","hermit:Gestalt+1","hermit:Glare","hermit:Spite+1","hermit:FinalCanter+1"],"relics":["hermit:Momento","NeowsBlessing","Mercury Hourglass","Garlic","Potion Belt","Akabeko","Lantern"],"acts_visited":["Exordium"],"potions_floor_usage":[6,6,8],"damage_taken":[{"damage":0,"enemies":"Jaw Worm","floor":1,"turns":1},{"damage":0,"enemies":"Cultist","floor":3,"turns":1},{"damage":0,"enemies":"2 Louse","floor":4,"turns":1},{"damage":2,"enemies":"Gremlin Nob","floor":6,"turns":4},{"damage":16,"enemies":"3 Sentries","floor":8,"turns":6},{"damage":3,"enemies":"Large Slime","floor":11,"turns":4},{"damage":2,"enemies":"Gremlin Nob","floor":13,"turns":4},{"damage":48,"enemies":"The Guardian","floor":16,"turns":7}],"seed_played":"8518136229036638946","potions_obtained":[{"floor":1,"key":"Swift Potion"},{"floor":4,"key":"ColorlessPotion"}],"is_trial":false,"path_per_floor":["M","?","M","M","$","E","$","E","T","R","M","$","E","?","R","B"],"character_chosen":"HERMIT","items_purchased":["hermit:Gestalt","Mercury Hourglass","hermit:Tonic","hermit:Spite+1"],"campfire_rested":0,"item_purchase_floors":[5,5,5,12],"current_hp_per_floor":[75,75,75,75,75,73,73,57,57,57,54,54,52,52,52,4,4],"gold":80,"neow_bonus":"THREE_ENEMY_KILL","is_daily":false,"chose_seed":false,"campfire_upgraded":2,"win_rate":0.0,"timestamp":1610100521,"path_taken":["M","?","?","?","$","E","$","E","T","R","M","?","E","?","R","BOSS"],"items_purchased_type":["Card","Relic","Potion","Card"],"build_version":"2020-12-13","purchased_purges":1,"victory":false,"max_hp_per_floor":[75,75,75,75,75,75,75,75,75,75,75,75,75,75,75,75,75],"card_choices":[{"not_picked":["hermit:Enervate","hermit:HoleUp","hermit:PistolWhip"],"picked":"SKIP","floor":1},{"not_picked":["hermit:HoleUp","hermit:Brawl","hermit:Dive"],"picked":"SKIP","floor":3},{"not_picked":["hermit:Desperado","hermit:Coalescence"],"picked":"hermit:Misfire","floor":4},{"not_picked":["hermit:TrackingShot","hermit:TakeAim","hermit:Ricochet"],"picked":"SKIP","floor":6},{"not_picked":["hermit:Misfire","hermit:Roulette"],"picked":"hermit:Glare","floor":8},{"not_picked":["hermit:Brawl","hermit:SprayPray","hermit:GhostlyPresence"],"picked":"SKIP","floor":11},{"not_picked":["hermit:Vantage","hermit:WideOpen"],"picked":"hermit:FinalCanter","floor":13}],"player_experience":315609,"relics_obtained":[{"floor":6,"key":"Garlic"},{"floor":8,"key":"Potion Belt"},{"floor":9,"key":"Akabeko"},{"floor":13,"key":"Lantern"}],"event_choices":[{"damage_healed":0,"gold_gain":275,"player_choice":"Desecrate","damage_taken":0,"max_hp_gain":0,"max_hp_loss":0,"event_name":"Golden Shrine","floor":2,"gold_loss":0,"cards_obtained":["Regret"]},{"damage_healed":0,"gold_gain":0,"player_choice":"Grow","damage_taken":0,"max_hp_gain":0,"max_hp_loss":0,"event_name":"Living Wall","floor":14,"gold_loss":0,"cards_upgraded":["hermit:FinalCanter"]}],"is_beta":false,"boss_relics":[],"items_purged_floors":[5],"is_endless":false,"potions_floor_spawned":[1,4],"killed_by":"The Guardian","ascension_level":4}}