{"host":"8fnghcq8tvbg6z9e","time":1610114027,"event":{"mods":["BaseMod","Downfall","Minty Spire (QoL Compilation)","Quick Restart","Replay The Spire","StSLib"],"gold_per_floor":[99,99,99,99,161,161,187,37,37,37,49,67,78,110,123,225,225,150,163,3,21,33,33,33,50,50,50,50],"floor_reached":26,"playtime":1190,"items_purged":[],"score":231,"play_id":"db809e23-75e4-4d73-a968-22c2791841a0","local_time":"20210108215347","is_ascension_mode":false,"campfire_choices":[{"floor":1.0,"key":"DIG"},{"floor":6.0,"key":"RECALL"},{"data":"Slimebound:CorrosiveSpit","floor":10.0,"key":"SMITH"},{"data":"Delirium","floor":18.0,"key":"PURGE"},{"data":"Slimebound:OozeBath","floor":23.0,"key":"SMITH"}],"circlet_count":0,"master_deck":["Slimebound:Strike_Slimebound","Slimebound:Strike_Slimebound","Slimebound:Strike_Slimebound","Slimebound:Tackle","Slimebound:Defend_Slimebound","Slimebound:Defend_Slimebound","Slimebound:Split+1","Slimebound:CorrosiveSpit+1","Slimebound:SplitBruiser","Slimebound:SplitLeeching","Slimebound:Gluttony","Slimebound:MegaLick","Slimebound:Teamwork","Slimebound:OozeBath","Slimebound:SplitAcid+1","Slimebound:AcidTongue+1","Slimebound:AcidTongue+1","Slimebound:SplitBruiser+1","Slimebound:OozeBath+1","Slimebound:SplitMire+1"],"relics":["Slimebound:AbsorbEndCombat","downfall:HeartsMalice","Happy Flower","MealTicket","Strawberry","CaptainsWheel","Astrolabe","downfall:HeartBlessingRed","Bottled Lightning"],"acts_visited":["Exordium","TheCity"],"potions_floor_usage":[25],"damage_taken":[{"damage":0.0,"enemies":"2 Louse","floor":2.0,"turns":1.0},{"damage":0.0,"enemies":"Gremlin Nob","floor":5.0,"turns":1.0},{"damage":0.0,"enemies":"Small Slimes","floor":9.0,"turns":1.0},{"damage":16.0,"enemies":"Cultist","floor":11.0,"turns":3.0},{"damage":19.0,"enemies":"2 Fungi Beasts","floor":12.0,"turns":4.0},{"damage":10.0,"enemies":"Blue Slaver","floor":13.0,"turns":3.0},{"damage":23.0,"enemies":"Gremlin Nob","floor":14.0,"turns":3.0},{"damage":12.0,"enemies":"Red Slaver","floor":15.0,"turns":3.0},{"damage":65.0,"enemies":"downfall:Watcher","floor":16.0,"turns":9.0},{"damage":27.0,"enemies":"Chosen","floor":19.0,"turns":5.0},{"damage":21.0,"enemies":"downfall:FleeingMerchant","floor":20.0,"turns":4.0},{"damage":25.0,"enemies":"Spheric Guardian","floor":21.0,"turns":4.0},{"damage":36.0,"enemies":"Snecko","floor":22.0,"turns":5.0},{"damage":65,"enemies":"Cultist and Chosen","floor":25,"turns":6},{"damage":21,"enemies":"Snake Plant","floor":26,"turns":2}],"seed_played":"-8045062869935173373","potions_obtained":[{"floor":5.0,"key":"Fire Potion"},{"floor":11.0,"key":"Adrenaline Potion"},{"floor":13.0,"key":"Guardian:BlockOnCardUsePotion"},{"floor":15.0,"key":"SteroidPotion"},{"floor":22.0,"key":"Milkshake"}],"is_trial":false,"path_per_floor":["R","M","?","?","?","R","T","?","M","R","M","M","M","E","M","B",null,"R","M","$","M","M","R","T","M","M"],"character_chosen":"SLIMEBOUND","items_purchased":["Slimebound:OozeBath"],"campfire_rested":0,"item_purchase_floors":[20],"current_hp_per_floor":[60,60,60,60,67,67,67,77,77,77,77,71,77,77,77,56,77,77,63,73,72,64,64,64,31,10,10,10],"gold":50,"neow_bonus":"THREE_ENEMY_KILL","is_daily":false,"chose_seed":false,"campfire_upgraded":2,"win_rate":0.0,"timestamp":1610114027,"path_taken":["R","M","?","?","?","R","T","?","M","R","M","M","M","E","M","BOSS","R","M","?","M","M","R","T","M","M"],"items_purchased_type":["Card"],"build_version":"2020-12-22","purchased_purges":0,"victory":false,"max_hp_per_floor":[60,60,60,60,67,67,67,77,77,77,77,77,77,77,77,77,77,77,77,77,77,77,77,77,77,77,77,77],"card_choices":[{"not_picked":["Slimebound:SlimeSpikes","Slimebound:SamplingLick"],"picked":"Slimebound:SplitBruiser","floor":2.0},{"not_picked":["Slimebound:FinishingTackle","Slimebound:RollThrough"],"picked":"Slimebound:SplitLeeching","floor":9.0},{"not_picked":["Slimebound:LeechingTouch","Slimebound:ProtectTheBoss"],"picked":"Slimebound:Gluttony","floor":11.0},{"not_picked":["Slimebound:ViciousTackle","Slimebound:DisruptingSlam"],"picked":"Slimebound:MegaLick","floor":12.0},{"not_picked":["Slimebound:Schlurp","Slimebound:FinishingTackle","Slimebound:ViciousTackle"],"picked":"SKIP","floor":13.0},{"not_picked":["Slimebound:GrowthPunch","Slimebound:ViciousTackle"],"picked":"Slimebound:Teamwork","floor":14.0},{"not_picked":["Slimebound:FinishingTackle","Slimebound:SplitLeeching","Slimebound:LeechEnergy"],"picked":"SKIP","floor":15.0},{"not_picked":["Slimebound:PrepareCrush","Slimebound:DuplicatedForm"],"picked":"Slimebound:OozeBath","floor":16.0},{"not_picked":["Slimebound:ProtectTheBoss","Slimebound:SplitAcid"],"picked":"Slimebound:AcidTongue+1","floor":19.0},{"not_picked":["Slimebound:ComboTackle","Slimebound:PressTheAttack+1"],"picked":"Slimebound:SplitBruiser+1","floor":20.0},{"not_picked":["Slimebound:Nibble","Slimebound:LeechEnergy","Slimebound:Chomp+1"],"picked":"SKIP","floor":21.0},{"not_picked":["Slimebound:RollThrough","Slimebound:SlimeBarrage","Slimebound:FinishingTackle"],"picked":"SKIP","floor":22.0},{"not_picked":["Slimebound:SlimeSpikes","Slimebound:GoopSpray"],"picked":"Slimebound:SplitMire+1","floor":25}],"player_experience":123291,"relics_obtained":[{"floor":1.0,"key":"Happy Flower"},{"floor":5.0,"key":"Strawberry"},{"floor":14.0,"key":"CaptainsWheel"},{"floor":24.0,"key":"Bottled Lightning"}],"event_choices":[{"damage_healed":0.0,"max_hp_gain":0.0,"max_hp_loss":0.0,"gold_gain":0.0,"event_name":"Big Fish","player_choice":"Box","floor":4.0,"gold_loss":0.0,"damage_taken":0.0,"relics_obtained":["MealTicket"],"cards_obtained":["Regret"]}],"is_beta":false,"boss_relics":[{"not_picked":["Empty Cage","SlaversCollar"],"picked":"Astrolabe"}],"items_purged_floors":[],"is_endless":false,"potions_floor_spawned":[5,11,13,15,22],"killed_by":"Snake Plant","ascension_level":0}}