{"host":"ip2nojeflv39cgzz","time":1610072943,"event":{"mods":["BaseMod","Colored Powertips","Downfall","Hermit","Infinite Spire","Minty Spire (QoL Compilation)","StSLib","The Jungle"],"gold_per_floor":[114,114,132,132,150,150,181,195,222,241,241,5,5,24,24,124,174,193,193,268,268,268,302,302,86,163,180,180,194,206,225,225,225,225],"floor_reached":33,"playtime":2127,"items_purged":["hermit:ItchyTrigger"],"score":267,"play_id":"92bf7bdd-06a8-4ca4-9824-ba3f18df87b4","local_time":"20210108032903","is_ascension_mode":false,"campfire_choices":[{"data":"hermit:Snapshot","floor":6,"key":"SMITH"},{"floor":11,"key":"REST"},{"floor":15,"key":"REST"},{"data":"hermit:FlashPowder","floor":24,"key":"SMITH"},{"floor":28,"key":"REST"},{"floor":32,"key":"REST"}],"circlet_count":0,"master_deck":["hermit:Strike_Hermit","hermit:Strike_Hermit","hermit:Strike_Hermit","hermit:Strike_Hermit","hermit:Defend_Hermit","hermit:Defend_Hermit","hermit:Defend_Hermit+1","hermit:Defend_Hermit","hermit:Snapshot+1","hermit:Covet","hermit:SprayPray","hermit:ShadowCloak","hermit:Quickdraw","hermit:HighNoon","hermit:EyeOfTheStorm","hermit:FullyLoaded","hermit:Ricochet","hermit:Magnum","hermit:SprayPray","hermit:Desperado+1","infinitespire:Collect","hermit:FlashPowder+1","hermit:Deadeye","hermit:Determination","hermit:Determination","hermit:NoHoldsBarred+1","hermit:Dive+1","hermit:Dive"],"relics":["hermit:Momento","NeowsBlessing","Tiny Chest","Regal Pillow","Smiling Mask","Lantern","Happy Flower","Tiny House","OrangePellets","infinitespire:Bottled Soul","CaptainsWheel","Shuriken"],"acts_visited":["Exordium","TheCity"],"potions_floor_usage":[16,16,23,23,23,27,30,33],"damage_taken":[{"damage":0,"enemies":"Cultist","floor":1,"turns":1},{"damage":0,"enemies":"Small Slimes","floor":3,"turns":1},{"damage":0,"enemies":"Jaw Worm","floor":5,"turns":1},{"damage":25,"enemies":"Gremlin Nob","floor":7,"turns":5},{"damage":5,"enemies":"2 Fungi Beasts","floor":8,"turns":3},{"damage":13,"enemies":"Lots of Slimes","floor":10,"turns":4},{"damage":22,"enemies":"Exordium Thugs","floor":14,"turns":4},{"damage":36,"enemies":"Hexaghost","floor":16,"turns":9},{"damage":33,"enemies":"2 Thieves","floor":18,"turns":5},{"damage":42,"enemies":"Nightmare","floor":23,"turns":9},{"damage":3,"enemies":"Spheric Guardian","floor":27,"turns":3},{"damage":28,"enemies":"Snake Plant","floor":29,"turns":4},{"damage":28,"enemies":"Shelled Parasite and Fungi","floor":30,"turns":6},{"damage":0,"enemies":"Snecko","floor":31,"turns":4},{"damage":49,"enemies":"Automaton","floor":33,"turns":8}],"seed_played":"-3586109301564789687","potions_obtained":[{"floor":1,"key":"Ancient Potion"},{"floor":5,"key":"Dexterity Potion"},{"floor":10,"key":"AttackPotion"},{"floor":16,"key":"Ancient Potion"},{"floor":17,"key":"EssenceOfSteel"},{"floor":18,"key":"hermit:Tonic"},{"floor":27,"key":"GamblersBrew"},{"floor":31,"key":"Ancient Potion"}],"is_trial":false,"path_per_floor":["M","$","M","?","M","R","E","M","T","M","R","$","?","M","R","B",null,"M","AVR","?","T","?","NM","R","$","T","M","R","M","M","M","R","B"],"character_chosen":"HERMIT","items_purchased":["hermit:FullyLoaded","Lantern","hermit:ItchyTrigger","hermit:Deadeye","hermit:Determination","Energy Potion"],"campfire_rested":4,"item_purchase_floors":[12,12,12,25,25,25],"current_hp_per_floor":[75,75,75,75,75,75,50,45,45,32,69,69,57,35,72,36,80,47,47,39,39,65,23,23,23,23,20,59,31,3,3,42,0,0],"gold":225,"neow_bonus":"THREE_ENEMY_KILL","is_daily":false,"chose_seed":false,"campfire_upgraded":2,"win_rate":0.0,"timestamp":1610072943,"path_taken":["M","?","M","?","M","R","E","M","T","?","R","$","?","M","R","BOSS","M","AVR","?","?","?","NM","R","$","T","M","R","M","M","M","R","BOSS"],"items_purchased_type":["Card","Relic","Card","Card","Card","Potion"],"build_version":"2020-12-22","purchased_purges":1,"victory":false,"max_hp_per_floor":[75,75,75,75,75,75,75,75,75,75,75,75,75,75,75,75,80,80,80,80,80,80,80,80,80,80,80,80,80,80,80,80,80,80],"card_choices":[{"not_picked":["hermit:Manifest","hermit:Vantage"],"picked":"hermit:SprayPray","floor":1},{"not_picked":["hermit:ItchyTrigger","hermit:Snipe"],"picked":"hermit:ShadowCloak","floor":3},{"not_picked":["hermit:Manifest","hermit:CalledShot"],"picked":"hermit:Quickdraw","floor":5},{"not_picked":["hermit:Ricochet","hermit:Roulette"],"picked":"hermit:HighNoon","floor":7},{"not_picked":["hermit:Manifest","hermit:Malice"],"picked":"hermit:EyeOfTheStorm","floor":8},{"not_picked":["hermit:CalledShot","hermit:Feint","hermit:TrackingShot"],"picked":"SKIP","floor":10},{"not_picked":["hermit:Quickdraw","hermit:Roulette"],"picked":"hermit:Ricochet","floor":14},{"not_picked":["hermit:Purgatory","hermit:BlackWind"],"picked":"hermit:Magnum","floor":16},{"not_picked":["hermit:Brawl","hermit:HighCaliber"],"picked":"hermit:SprayPray","floor":17},{"not_picked":["hermit:ItchyTrigger","hermit:Shortfuse"],"picked":"hermit:Desperado+1","floor":18},{"not_picked":["hermit:Maintenance","hermit:EternalForm"],"picked":"hermit:FlashPowder","floor":23},{"not_picked":["hermit:ItchyTrigger","hermit:Misfire"],"picked":"hermit:Determination","floor":27},{"not_picked":["hermit:Snipe","hermit:Cheat+1"],"picked":"hermit:NoHoldsBarred+1","floor":29},{"not_picked":["hermit:Grudge+1","hermit:LowProfile"],"picked":"hermit:Dive+1","floor":30},{"not_picked":["hermit:LowProfile","hermit:ItchyTrigger"],"picked":"hermit:Dive","floor":31}],"player_experience":155494,"relics_obtained":[{"floor":7,"key":"Regal Pillow"},{"floor":9,"key":"Smiling Mask"},{"floor":21,"key":"infinitespire:Bottled Soul"},{"floor":23,"key":"CaptainsWheel"},{"floor":26,"key":"Shuriken"}],"event_choices":[{"damage_healed":0,"gold_gain":0,"player_choice":"Gave Potion","damage_taken":0,"relics_obtained":["Tiny Chest"],"max_hp_gain":0,"max_hp_loss":0,"event_name":"WeMeetAgain","floor":4,"gold_loss":0},{"damage_healed":0,"gold_gain":0,"player_choice":"Success","damage_taken":12,"relics_obtained":["Happy Flower"],"max_hp_gain":0,"max_hp_loss":0,"event_name":"Scrap Ooze","floor":13,"gold_loss":0},{"damage_healed":0,"gold_gain":75,"player_choice":"Touch","damage_taken":8,"max_hp_gain":0,"max_hp_loss":0,"event_name":"FaceTrader","floor":20,"gold_loss":0},{"damage_healed":26,"gold_gain":0,"player_choice":"Heal","damage_taken":0,"max_hp_gain":0,"max_hp_loss":0,"event_name":"The Library","floor":22,"gold_loss":0}],"is_beta":false,"boss_relics":[{"not_picked":["Astrolabe","Velvet Choker"],"picked":"Tiny House"}],"items_purged_floors":[25],"is_endless":true,"potions_floor_spawned":[1,5,10,16,18,27,31],"killed_by":"Automaton","ascension_level":0}}