{"host":"uy3vg6glkp8m6iit","time":1610091766,"event":{"mods":["AchievementEnabler","BaseMod","Colored Map","DeckTracker","Highlight Path","Keyboard Shortcuts","Minty Spire (QoL Compilation)","Quick Restart","Random Character Button","Rare Cards Sparkle","Relic Stats","StSLib","everything is the same but u backflip on backflip"],"gold_per_floor":[210,220,220,320,334,334,15,28,28,63,63,82,82,98,98,196,196,214,189,189,189,207,207,220,236,236,236,50,80,91,108,108,108,108],"floor_reached":33,"playtime":1208,"items_purged":["Strike_G","Strike_G"],"score":417,"play_id":"ac8c639e-8111-4d69-aeaa-d71b1a8dd0da","local_time":"20210108164246","is_ascension_mode":true,"campfire_choices":[{"data":"All Out Attack","floor":6.0,"key":"SMITH"},{"floor":11.0,"key":"REST"},{"data":"Tactician","floor":15.0,"key":"SMITH"},{"floor":23.0,"key":"REST"},{"floor":27.0,"key":"REST"},{"floor":32,"key":"REST"}],"circlet_count":0,"master_deck":["AscendersBane","Strike_G","Strike_G","Strike_G","Defend_G","Defend_G","Defend_G","Defend_G","Defend_G","Survivor","Neutralize+1","All Out Attack+1","Tactician+1","Predator","Chrysalis","Adrenaline+1","Concentrate+1","Deadly Poison+1","Burst+1","PiercingWail+1","Acrobatics+1","Panacea+1","Deflect+1"],"relics":["Ring of the Snake","Regal Pillow","Toxic Egg 2","Vajra","Philosopher\u0027s Stone","Paper Crane","Darkstone Periapt"],"acts_visited":["Exordium","TheCity"],"potions_floor_usage":[29,33],"damage_taken":[{"damage":0.0,"enemies":"2 Louse","floor":1.0,"turns":4.0},{"damage":2.0,"enemies":"Jaw Worm","floor":2.0,"turns":5.0},{"damage":0.0,"enemies":"Cultist","floor":5.0,"turns":3.0},{"damage":24.0,"enemies":"Exordium Thugs","floor":8.0,"turns":6.0},{"damage":27.0,"enemies":"Lagavulin","floor":10.0,"turns":10.0},{"damage":1.0,"enemies":"Large Slime","floor":12.0,"turns":7.0},{"damage":5.0,"enemies":"2 Fungi Beasts","floor":14.0,"turns":3.0},{"damage":8.0,"enemies":"The Guardian","floor":16.0,"turns":13.0},{"damage":24.0,"enemies":"Chosen","floor":18.0,"turns":5.0},{"damage":19.0,"enemies":"3 Byrds","floor":22.0,"turns":4.0},{"damage":23.0,"enemies":"3 Cultists","floor":24.0,"turns":6.0},{"damage":21.0,"enemies":"Snecko","floor":25.0,"turns":6.0},{"damage":9,"enemies":"Book of Stabbing","floor":29,"turns":7},{"damage":13,"enemies":"Centurion and Healer","floor":30,"turns":8},{"damage":7,"enemies":"Cultist and Chosen","floor":31,"turns":7},{"damage":77,"enemies":"Champ","floor":33,"turns":13}],"seed_played":"-5013121498599282317","potions_obtained":[{"floor":2.0,"key":"Block Potion"},{"floor":5.0,"key":"LiquidBronze"},{"floor":16.0,"key":"GhostInAJar"},{"floor":25.0,"key":"Dexterity Potion"},{"floor":29,"key":"BlessingOfTheForge"}],"is_trial":false,"path_per_floor":["M","M","?","?","M","R","$","M","T","E","R","M","T","M","R","B",null,"M","$","?","?","M","R","M","M","T","R","$","E","M","M","R","B"],"character_chosen":"THE_SILENT","items_purchased":["Predator","Chrysalis","PiercingWail+1","Panacea+1"],"campfire_rested":4,"item_purchase_floors":[7,7,19,28],"current_hp_per_floor":[63,61,61,61,61,61,61,37,37,10,46,45,45,40,40,32,61,37,37,37,37,18,54,31,10,10,46,46,37,24,17,53,0,0],"gold":108,"neow_bonus":"HUNDRED_GOLD","is_daily":false,"chose_seed":false,"campfire_upgraded":2,"win_rate":0.0,"timestamp":1610091766,"path_taken":["M","M","?","?","?","R","$","M","T","E","R","M","?","M","R","BOSS","M","$","?","?","M","R","?","M","T","R","$","E","M","M","R","BOSS"],"items_purchased_type":["Card","Card","Card","Card"],"build_version":"2020-12-22","purchased_purges":2,"victory":false,"max_hp_per_floor":[70,70,70,70,70,70,70,70,70,70,70,70,70,70,70,70,70,70,70,70,70,70,70,70,70,70,70,70,70,70,70,70,70,70],"relic_stats":{"Darkstone Periapt":0,"Regal Pillow":60,"counters":[16,107],"obtain_stats":[{"Darkstone Periapt":29,"Regal Pillow":9,"Vajra":13,"Philosopher\u0027s Stone":17,"Toxic Egg 2":10,"Paper Crane":26,"Ring of the Snake":0},{"Darkstone Periapt":13,"Regal Pillow":4,"Vajra":6,"Philosopher\u0027s Stone":8,"Toxic Egg 2":5,"Paper Crane":12,"Ring of the Snake":0},{"Darkstone Periapt":79,"Regal Pillow":18,"Vajra":35,"Philosopher\u0027s Stone":51,"Toxic Egg 2":28,"Paper Crane":72,"Ring of the Snake":0}],"Ring of the Snake":[32]},"card_choices":[{"not_picked":["Flying Knee","Quick Slash"],"picked":"All Out Attack","floor":1.0},{"not_picked":["Deflect","Bane","Flying Knee"],"picked":"SKIP","floor":2.0},{"not_picked":["Deflect","PiercingWail"],"picked":"Tactician","floor":5.0},{"not_picked":["Bane","Finisher","Dash"],"picked":"SKIP","floor":8.0},{"not_picked":["Deflect+1","Dagger Spray"],"picked":"Adrenaline+1","floor":10.0},{"not_picked":["PiercingWail+1","Expertise+1"],"picked":"Concentrate+1","floor":12.0},{"not_picked":["Distraction+1","Expertise+1"],"picked":"Deadly Poison+1","floor":14.0},{"not_picked":["Bullet Time+1","Phantasmal Killer+1"],"picked":"Burst+1","floor":16.0},{"not_picked":["Blade Dance+1","Choke","Cloak And Dagger+1"],"picked":"SKIP","floor":18.0},{"not_picked":["Infinite Blades+1","Dagger Throw","Caltrops"],"picked":"SKIP","floor":22.0},{"not_picked":["Blade Dance+1","Dodge and Roll+1"],"picked":"Acrobatics+1","floor":24.0},{"not_picked":["Finisher","Blade Dance+1","PiercingWail+1"],"picked":"SKIP","floor":25.0},{"not_picked":["Cloak And Dagger+1","Backstab"],"picked":"Deflect+1","floor":29},{"not_picked":["Glass Knife","Tactician+1","Underhanded Strike"],"picked":"SKIP","floor":30},{"not_picked":["Prepared+1","Sucker Punch","Dagger Spray"],"picked":"SKIP","floor":31}],"player_experience":1463561,"relics_obtained":[{"floor":9.0,"key":"Regal Pillow"},{"floor":10.0,"key":"Toxic Egg 2"},{"floor":13.0,"key":"Vajra"},{"floor":26.0,"key":"Paper Crane"},{"floor":29,"key":"Darkstone Periapt"}],"event_choices":[{"damage_healed":0.0,"max_hp_gain":0.0,"max_hp_loss":0.0,"gold_gain":0.0,"event_name":"Shining Light","player_choice":"Ignored","floor":3.0,"gold_loss":0.0,"damage_taken":0.0},{"damage_healed":0.0,"max_hp_gain":0.0,"max_hp_loss":0.0,"gold_gain":100.0,"event_name":"Golden Shrine","player_choice":"Pray","floor":4.0,"gold_loss":0.0,"damage_taken":0.0},{"damage_healed":0.0,"max_hp_gain":0.0,"max_hp_loss":0.0,"gold_gain":0.0,"event_name":"Cursed Tome","player_choice":"Ignored","floor":20.0,"gold_loss":0.0,"damage_taken":0.0},{"damage_healed":0.0,"max_hp_gain":0.0,"max_hp_loss":0.0,"gold_gain":0.0,"event_name":"Upgrade Shrine","player_choice":"Upgraded","floor":21.0,"gold_loss":0.0,"damage_taken":0.0,"cards_upgraded":["Neutralize"]}],"is_beta":false,"boss_relics":[{"not_picked":["SacredBark","Runic Dome"],"picked":"Philosopher\u0027s Stone"}],"items_purged_floors":[7,28],"is_endless":false,"potions_floor_spawned":[2,5,16,18,25,29,31],"killed_by":"Champ","ascension_level":11}}