{"host":"tnsigirk6wurdark","time":1610077936,"event":{"mods":["BaseMod","Colored Map","Colored Powertips","DeckTracker","Highlight Path","Minty Spire (QoL Compilation)","Quick Restart","Relic Sorter","StSLib","SuperFastMode","Synergy Search"],"gold_per_floor":[117,131,146,146,146,146,179,202,202,237,237,35,74,74,74,195,195,219,219,263,263,248,248,288,309,380,380,62,100,100,100,100,228,228,242,266,285,507,507,507,538,538,619,633,384,409,9,53,53,53,53,53,53,94,94],"floor_reached":56,"playtime":4100,"items_purged":["Strike_G","Strike_G+1"],"score":1661,"play_id":"2e138cfb-15f8-45de-9a61-89667c4cff0c","local_time":"20210108035216","is_ascension_mode":true,"campfire_choices":[{"data":"Bouncing Flask","floor":6,"key":"SMITH"},{"data":"Leg Sweep","floor":11,"key":"SMITH"},{"data":"Catalyst","floor":15,"key":"SMITH"},{"floor":23,"key":"REST"},{"floor":30,"key":"REST"},{"data":"Footwork","floor":32,"key":"SMITH"},{"data":"Adrenaline","floor":40,"key":"SMITH"},{"data":"Adrenaline","floor":42,"key":"SMITH"},{"floor":49,"key":"RECALL"},{"data":"Acrobatics","floor":52,"key":"SMITH"}],"circlet_count":0,"master_deck":["Strike_G+1","Strike_G+1","Defend_G","Defend_G+1","Defend_G","Defend_G","Survivor","Neutralize+1","Deflect","Dodge and Roll","Bouncing Flask+1","Deadly Poison","Deadly Poison","Leg Sweep+1","Footwork+1","Catalyst+1","Adrenaline+1","Deadly Poison","Bouncing Flask+1","Deflect+1","Footwork+1","Crippling Poison","Bullet Time","Adrenaline+1","Noxious Fumes+1","Catalyst+1","Backflip+1","Noxious Fumes+1","Dash+1","Acrobatics+1","PiercingWail+1"],"relics":["Ring of the Snake","PreservedInsect","Golden Idol","Nilry\u0027s Codex","SlaversCollar","Whetstone","Eternal Feather","Girya","Red Mask","Question Card","White Beast Statue","Oddly Smooth Stone","Paper Crane","Bird Faced Urn","Coffee Dripper","Snake Skull","TwistedFunnel","InkBottle","Toolbox","FossilizedHelix","War Paint"],"acts_visited":["Exordium","TheCity","TheBeyond","TheEnding"],"potions_floor_usage":[7,8,13,18,29,33,35,36,37,41,54,55,55,55],"damage_taken":[{"damage":1,"enemies":"Small Slimes","floor":1,"turns":5},{"damage":0,"enemies":"2 Louse","floor":2,"turns":3},{"damage":2,"enemies":"Cultist","floor":3,"turns":5},{"damage":10,"enemies":"Lagavulin","floor":7,"turns":5},{"damage":11,"enemies":"3 Louse","floor":8,"turns":4},{"damage":21,"enemies":"3 Sentries","floor":10,"turns":8},{"damage":0,"enemies":"Lagavulin","floor":13,"turns":5},{"damage":4,"enemies":"Slime Boss","floor":16,"turns":14},{"damage":1,"enemies":"3 Byrds","floor":18,"turns":7},{"damage":42,"enemies":"Masked Bandits","floor":20,"turns":4},{"damage":9,"enemies":"2 Thieves","floor":22,"turns":4},{"damage":13,"enemies":"Gremlin Leader","floor":24,"turns":5},{"damage":0,"enemies":"Chosen and Byrds","floor":25,"turns":5},{"damage":0,"enemies":"Book of Stabbing","floor":29,"turns":3},{"damage":24,"enemies":"Collector","floor":33,"turns":4},{"damage":2,"enemies":"3 Darklings","floor":35,"turns":7},{"damage":0,"enemies":"3 Shapes","floor":36,"turns":4},{"damage":6,"enemies":"Spire Growth","floor":37,"turns":4},{"damage":0,"enemies":"Giant Head","floor":41,"turns":4},{"damage":7,"enemies":"Jaw Worm Horde","floor":44,"turns":4},{"damage":7,"enemies":"4 Shapes","floor":46,"turns":3},{"damage":0,"enemies":"Nemesis","floor":48,"turns":5},{"damage":0,"enemies":"Donu and Deca","floor":50,"turns":5},{"damage":6,"enemies":"Shield and Spear","floor":54,"turns":3},{"damage":80,"enemies":"The Heart","floor":55,"turns":7}],"seed_played":"3731050512842609781","potions_obtained":[{"floor":1,"key":"Energy Potion"},{"floor":7,"key":"Regen Potion"},{"floor":16,"key":"PowerPotion"},{"floor":25,"key":"GamblersBrew"},{"floor":29,"key":"ColorlessPotion"},{"floor":33,"key":"GamblersBrew"},{"floor":35,"key":"Explosive Potion"},{"floor":36,"key":"Dexterity Potion"},{"floor":37,"key":"BlessingOfTheForge"},{"floor":41,"key":"Block Potion"},{"floor":44,"key":"DuplicationPotion"},{"floor":54,"key":"Regen Potion"}],"is_trial":false,"path_per_floor":["M","M","M","?","?","R","E","M","T","E","R","$","E","?","R","B",null,"M","?","?","?","M","R","E","M","T","?","$","E","R","T","R","B",null,"M","M","M","?","?","R","E","R","T","M","$","M","$","E","R","B",null,"R","$","E","B",null],"character_chosen":"THE_SILENT","items_purchased":["Footwork","PowerPotion","Footwork","Oddly Smooth Stone","Crippling Poison","Dexterity Potion","TwistedFunnel","InkBottle","Toolbox"],"campfire_rested":2,"item_purchase_floors":[12,12,28,28,28,28,45,47,47],"current_hp_per_floor":[76,76,74,59,59,59,49,52,52,31,40,40,40,40,49,45,65,64,48,6,29,20,53,40,40,40,40,40,40,71,71,71,51,66,70,71,67,67,67,71,71,71,71,66,66,65,65,71,71,71,71,71,71,65,6],"gold":94,"neow_bonus":"TEN_PERCENT_HP_BONUS","is_daily":false,"chose_seed":false,"campfire_upgraded":7,"win_rate":0.0,"timestamp":1610077936,"path_taken":["M","M","M","?","?","R","E","M","T","E","R","$","E","?","R","BOSS","M","?","?","?","M","R","E","M","T","?","$","E","R","?","R","BOSS","M","M","M","?","?","R","E","R","T","M","$","?","$","E","R","BOSS","R","$","E","BOSS"],"items_purchased_type":["Card","Potion","Card","Relic","Card","Potion","Relic","Relic","Relic"],"build_version":"2020-12-22","purchased_purges":2,"victory":true,"max_hp_per_floor":[77,77,77,77,71,71,71,71,71,71,71,71,71,71,71,71,71,71,71,71,71,71,71,71,71,71,71,71,71,71,71,71,71,71,71,71,71,71,71,71,71,71,71,71,71,71,71,71,71,71,71,71,71,71,71],"card_choices":[{"not_picked":["Well Laid Plans","Outmaneuver"],"picked":"Deflect","floor":1},{"not_picked":["Quick Slash","Poisoned Stab"],"picked":"Dodge and Roll","floor":2},{"not_picked":["Flying Knee","Masterful Stab"],"picked":"Bouncing Flask","floor":3},{"not_picked":["Outmaneuver","Riddle With Holes"],"picked":"Deadly Poison","floor":7},{"not_picked":["Dagger Throw","Acrobatics"],"picked":"Deadly Poison","floor":8},{"not_picked":["Choke","Endless Agony"],"picked":"Leg Sweep","floor":10},{"not_picked":["Flechettes","Expertise"],"picked":"Catalyst","floor":13},{"not_picked":["Glass Knife","Venomology"],"picked":"Adrenaline","floor":16},{"not_picked":["Blade Dance","Dagger Throw+1","Skewer"],"picked":"SKIP","floor":18},{"not_picked":["Dagger Throw","Acrobatics"],"picked":"Deadly Poison","floor":20},{"not_picked":["Choke","Poisoned Stab"],"picked":"Bouncing Flask+1","floor":22},{"not_picked":["Accuracy+1","Dagger Throw+1"],"picked":"Deflect","floor":24},{"not_picked":["Endless Agony","Dagger Throw","Flechettes","Poisoned Stab+1"],"picked":"SKIP","floor":25},{"not_picked":["Heel Hook","Flying Knee","Dodge and Roll"],"picked":"Bullet Time","floor":29},{"not_picked":["Envenom","Malaise","Wraith Form v2"],"picked":"Adrenaline","floor":33},{"not_picked":["PiercingWail","Blur+1","Slice+1"],"picked":"Noxious Fumes+1","floor":35},{"not_picked":["Flechettes+1","Dagger Spray","Bane","Setup"],"picked":"SKIP","floor":36},{"not_picked":["Bouncing Flask","Cloak And Dagger","Reflex+1"],"picked":"Catalyst+1","floor":37},{"not_picked":["Slice+1","Bane+1","Underhanded Strike+1"],"picked":"Backflip+1","floor":41},{"not_picked":["Deflect+1","Outmaneuver","Venomology"],"picked":"Noxious Fumes+1","floor":44},{"not_picked":["Calculated Gamble","Underhanded Strike+1","Flying Knee+1"],"picked":"Dash+1","floor":46},{"not_picked":["Dagger Throw","Outmaneuver+1","Underhanded Strike"],"picked":"Acrobatics","floor":48},{"not_picked":["Slice+1","Eviscerate","Dodge and Roll"],"picked":"PiercingWail+1","floor":54}],"player_experience":648805,"relics_obtained":[{"floor":7,"key":"Whetstone"},{"floor":9,"key":"PreservedInsect"},{"floor":10,"key":"Eternal Feather"},{"floor":13,"key":"Girya"},{"floor":19,"key":"Nilry\u0027s Codex"},{"floor":20,"key":"Red Mask"},{"floor":24,"key":"Question Card"},{"floor":26,"key":"White Beast Statue"},{"floor":29,"key":"Paper Crane"},{"floor":31,"key":"Bird Faced Urn"},{"floor":41,"key":"Snake Skull"},{"floor":48,"key":"FossilizedHelix"},{"floor":54,"key":"War Paint"}],"event_choices":[{"damage_healed":0,"gold_gain":0,"player_choice":"Entered Light","damage_taken":15,"max_hp_gain":0,"max_hp_loss":0,"event_name":"Shining Light","floor":4,"gold_loss":0,"cards_upgraded":["Neutralize","Strike_G"]},{"damage_healed":0,"gold_gain":0,"player_choice":"Lose Max HP","damage_taken":0,"relics_obtained":["Golden Idol"],"max_hp_gain":0,"max_hp_loss":6,"event_name":"Golden Idol","floor":5,"gold_loss":0},{"damage_healed":0,"gold_gain":0,"player_choice":"Upgraded","damage_taken":0,"max_hp_gain":0,"max_hp_loss":0,"event_name":"Upgrade Shrine","floor":14,"gold_loss":0,"cards_upgraded":["Footwork"]},{"damage_healed":0,"gold_gain":0,"player_choice":"Obtained Book","damage_taken":16,"max_hp_gain":0,"max_hp_loss":0,"event_name":"Cursed Tome","floor":19,"gold_loss":0},{"damage_healed":0,"gold_gain":0,"player_choice":"Fought Bandits","damage_taken":0,"max_hp_gain":0,"max_hp_loss":0,"event_name":"Masked Bandits","floor":20,"gold_loss":0},{"damage_healed":23,"gold_gain":0,"player_choice":"Heal","damage_taken":0,"max_hp_gain":0,"max_hp_loss":0,"event_name":"The Library","floor":21,"gold_loss":0},{"cards_removed":["Strike_G"],"damage_healed":0,"gold_gain":0,"player_choice":"Elegance","damage_taken":0,"max_hp_gain":0,"max_hp_loss":0,"event_name":"Back to Basics","floor":27,"gold_loss":0},{"damage_healed":0,"gold_gain":222,"player_choice":"Wore Mask","damage_taken":0,"max_hp_gain":0,"max_hp_loss":0,"event_name":"Tomb of Lord Red Mask","floor":38,"gold_loss":0},{"cards_removed":["Defend_G"],"damage_healed":0,"gold_gain":0,"player_choice":"Purged","damage_taken":0,"max_hp_gain":0,"max_hp_loss":0,"event_name":"Purifier","floor":39,"gold_loss":0}],"is_beta":false,"boss_relics":[{"not_picked":["WristBlade","Cursed Key"],"picked":"SlaversCollar"},{"not_picked":["Runic Dome","Runic Pyramid"],"picked":"Coffee Dripper"}],"items_purged_floors":[12,45],"is_endless":false,"potions_floor_spawned":[1,7,16,25,29,33,35,36,37,41,44,46,48,54],"ascension_level":5}}