{"host":"aj7el8l5kufbk20z","time":1610077836,"event":{"mods":["AchievementEnabler","BaseMod","Colored Map","Colored Powertips","Curses Come First","Highlight Path","Minty Spire (QoL Compilation)","Quick Restart","Rare Cards Sparkle","Relic Stats","StSLib","SuperFastMode"],"gold_per_floor":[117,90,90,11,23,23,50,50,100,114,133,163,163,20,20,120,120,120],"floor_reached":17,"playtime":596,"items_purged":[],"score":267,"play_id":"5d94796a-008f-4a35-8ea1-1c32458d0887","local_time":"20210108115036","is_ascension_mode":true,"campfire_choices":[{"data":"Armaments","floor":6,"key":"SMITH"},{"data":"Juggernaut","floor":8,"key":"SMITH"},{"data":"Rampage","floor":13,"key":"SMITH"},{"data":"True Grit","floor":15,"key":"SMITH"}],"circlet_count":0,"master_deck":["AscendersBane","Strike_R","Strike_R","Strike_R","Strike_R","Strike_R","Defend_R","Defend_R","Defend_R","Defend_R","Bash","Headbutt","Armaments+1","Rampage+1","Iron Wave","Juggernaut+1","Shockwave","True Grit+1","Impervious"],"relics":["Burning Blood","NeowsBlessing","Boot","Darkstone Periapt","Dream Catcher","Toy Ornithopter","Toolbox","Mark of Pain"],"acts_visited":["Exordium","TheCity"],"potions_floor_usage":[16,16],"damage_taken":[{"damage":0,"enemies":"Cultist","floor":1,"turns":1},{"damage":0,"enemies":"Jaw Worm","floor":5,"turns":1},{"damage":0,"enemies":"Lagavulin","floor":7,"turns":1},{"damage":10,"enemies":"Small Slimes","floor":10,"turns":5},{"damage":7,"enemies":"3 Louse","floor":11,"turns":3},{"damage":63,"enemies":"Slime Boss","floor":16,"turns":15}],"seed_played":"1318624136419197422","potions_obtained":[{"floor":1,"key":"Dexterity Potion"},{"floor":10,"key":"Explosive Potion"}],"is_trial":false,"path_per_floor":["M","$","?","$","M","R","E","R","T","M","M","?","R","$","R","B",null],"character_chosen":"IRONCLAD","items_purchased":["Armaments","Rampage","Toolbox"],"campfire_rested":0,"item_purchase_floors":[2,4,14],"current_hp_per_floor":[78,78,53,53,59,59,65,65,65,61,60,60,60,60,60,13,63,63],"gold":120,"neow_bonus":"THREE_ENEMY_KILL","is_daily":false,"chose_seed":false,"campfire_upgraded":4,"win_rate":0.0,"timestamp":1610077836,"path_taken":["M","?","?","?","M","R","E","R","T","M","M","?","R","$","R","BOSS"],"items_purchased_type":["Card","Card","Relic"],"build_version":"2020-12-22","purchased_purges":0,"victory":false,"max_hp_per_floor":[80,80,80,80,80,80,80,80,80,80,80,80,80,80,80,80,80,80],"relic_stats":{"Darkstone Periapt":0,"Dream Catcher":0,"counters":[6,26],"Boot":[5],"obtain_stats":[{"Darkstone Periapt":7,"Dream Catcher":9,"NeowsBlessing":0,"Toolbox":14,"Mark of Pain":17,"Boot":3,"Burning Blood":0,"Toy Ornithopter":12},{"Darkstone Periapt":3,"Dream Catcher":3,"NeowsBlessing":0,"Toolbox":5,"Mark of Pain":6,"Boot":1,"Burning Blood":0,"Toy Ornithopter":5},{"Darkstone Periapt":3,"Dream Catcher":3,"NeowsBlessing":0,"Toolbox":11,"Mark of Pain":26,"Boot":1,"Burning Blood":0,"Toy Ornithopter":11}],"Burning Blood":36,"Toy Ornithopter":10},"card_choices":[{"not_picked":["Dual Wield","Sentinel"],"picked":"Headbutt","floor":1},{"not_picked":["Havoc","Clothesline"],"picked":"Iron Wave","floor":5},{"not_picked":["Brutality","Combust"],"picked":"Juggernaut","floor":7},{"not_picked":["Cleave","Iron Wave"],"picked":"Shockwave","floor":10},{"not_picked":["Searing Blow","Rage"],"picked":"True Grit","floor":11},{"not_picked":["Berserk","Feed"],"picked":"Impervious","floor":16}],"player_experience":323608,"relics_obtained":[{"floor":7,"key":"Darkstone Periapt"},{"floor":9,"key":"Dream Catcher"}],"event_choices":[{"damage_healed":0,"gold_gain":0,"player_choice":"Success","damage_taken":25,"relics_obtained":["Boot"],"max_hp_gain":0,"max_hp_loss":0,"event_name":"Scrap Ooze","floor":3,"gold_loss":0},{"damage_healed":0,"gold_gain":30,"player_choice":"Searched \u00272\u0027 times","damage_taken":0,"relics_obtained":["Toy Ornithopter"],"max_hp_gain":0,"max_hp_loss":0,"event_name":"Dead Adventurer","floor":12,"gold_loss":0}],"is_beta":false,"boss_relics":[{"not_picked":["Runic Dome","Runic Cube"],"picked":"Mark of Pain"}],"items_purged_floors":[],"is_endless":false,"potions_floor_spawned":[1,10],"ascension_level":10}}