{"host":"zksvs3x2ysy9npnz","time":1610120327,"event":{"mods":["Aspiration","BaseMod","Beaked The Cultist","BetterRewards","Clockwork Mod","Colored Map","Conspire","Downfall","Duelist Mod","Ekko","Halation","Highlight Path","Hubris","Hunter ??","Infinite Spire","Jedi Mod","JesterMod","Minty Spire (QoL Compilation)","Permanent Neow","Quick Restart","Relic Stats","Replay The Spire","Retaliation","Shade Mod","Shop Mod","StSLib"],"gold_per_floor":[139,156,156,175,75,75,0,0,26,26,61,95,95,95],"floor_reached":13,"playtime":432,"items_purged":["theDuelist:Sparks"],"score":150,"play_id":"f2379602-e964-4131-9fdc-513b931aff7e","local_time":"20210108163847","is_ascension_mode":true,"campfire_choices":[{"data":"infinitespire:Oblivion","floor":6,"key":"SMITH"},{"data":"theDuelist:RazorLizard","floor":8,"key":"SMITH"},{"data":"theDuelist:InsectKnight","floor":10,"key":"SMITH"}],"circlet_count":0,"master_deck":["theDuelist:CastleWalls","theDuelist:CastleWalls","theDuelist:CrossSwordBeetle","theDuelist:EmpressMantis","AscendersBane","theDuelist:InsectKnight+1","theDuelist:RazorLizard+1","theDuelist:RazorLizard","theDuelist:Sparks","theDuelist:BugEmergency","theDuelist:WingedKuriboh","infinitespire:Oblivion+1","theDuelist:GroundSpider","conspire:SpireCoStock","conspire:SpireCoStock","theDuelist:Gagagigo"],"relics":["theDuelist:MillenniumPuzzle","theDuelist:CardPoolRelic","theDuelist:CardPoolBasicRelic","theDuelist:BoosterPackPoolRelic","theDuelist:CardPoolAddRelic","theDuelist:CardPoolMinusRelic","theDuelist:CardPoolSaveRelic","theDuelist:CardPoolOptionsRelic"],"acts_visited":["Exordium"],"potions_floor_usage":[13],"damage_taken":[{"damage":0,"enemies":"Jaw Worm","floor":1,"turns":4},{"damage":0,"enemies":"2 Louse","floor":2,"turns":3},{"damage":5,"enemies":"Small Slimes","floor":4,"turns":3},{"damage":0,"enemies":"2 Fungi Beasts","floor":11,"turns":4},{"damage":11,"enemies":"3 Louse","floor":12,"turns":5},{"damage":30,"enemies":"3 Sentries","floor":13,"turns":4}],"seed_played":"-4453194754901058857","potions_obtained":[{"floor":11,"key":"theDuelist:TokenPotion"}],"is_trial":false,"path_per_floor":["M","M","?","M","?","R","$","R","T","R","M","M","E"],"character_chosen":"THE_DUELIST","items_purchased":[],"campfire_rested":0,"item_purchase_floors":[],"current_hp_per_floor":[63,63,46,41,41,41,41,41,41,41,41,30,0,0],"gold":95,"neow_bonus":"REMOVE_CARD","is_daily":false,"chose_seed":false,"campfire_upgraded":3,"win_rate":0.0,"timestamp":1610120327,"path_taken":["M","M","?","M","?","R","$","R","T","R","?","M","E"],"items_purchased_type":[],"build_version":"2020-12-22","purchased_purges":1,"victory":false,"max_hp_per_floor":[70,70,70,70,70,70,70,70,70,70,70,70,70,70],"relic_stats":{"counters":[6,23],"obtain_stats":[{"theDuelist:BoosterPackPoolRelic":0,"theDuelist:CardPoolMinusRelic":0,"theDuelist:CardPoolBasicRelic":0,"theDuelist:CardPoolAddRelic":0,"theDuelist:CardPoolOptionsRelic":0,"theDuelist:MillenniumPuzzle":0,"theDuelist:CardPoolSaveRelic":0,"theDuelist:CardPoolRelic":0},{"theDuelist:BoosterPackPoolRelic":0,"theDuelist:CardPoolMinusRelic":0,"theDuelist:CardPoolBasicRelic":0,"theDuelist:CardPoolAddRelic":0,"theDuelist:CardPoolOptionsRelic":0,"theDuelist:MillenniumPuzzle":0,"theDuelist:CardPoolSaveRelic":0,"theDuelist:CardPoolRelic":0},{"theDuelist:BoosterPackPoolRelic":0,"theDuelist:CardPoolMinusRelic":0,"theDuelist:CardPoolBasicRelic":0,"theDuelist:CardPoolAddRelic":0,"theDuelist:CardPoolOptionsRelic":0,"theDuelist:MillenniumPuzzle":0,"theDuelist:CardPoolSaveRelic":0,"theDuelist:CardPoolRelic":0}]},"card_choices":[{"not_picked":[],"picked":"theDuelist:BugEmergency","floor":1},{"not_picked":[],"picked":"theDuelist:WingedKuriboh","floor":2},{"not_picked":["infinitespire:Fortify","ReplayTheSpireMod:Echoes of Time"],"picked":"infinitespire:Oblivion","floor":3},{"not_picked":[],"picked":"theDuelist:GroundSpider","floor":4},{"not_picked":["theDuelist:BugEmergency"],"picked":"SKIP","floor":11},{"not_picked":[],"picked":"theDuelist:Gagagigo","floor":12}],"player_experience":1861005,"relics_obtained":[],"event_choices":[{"damage_healed":0,"gold_gain":0,"player_choice":"Invest 2","damage_taken":0,"max_hp_gain":0,"max_hp_loss":0,"event_name":"conspire:Investor","floor":5,"gold_loss":0}],"is_beta":false,"boss_relics":[],"items_purged_floors":[7],"is_endless":false,"potions_floor_spawned":[11],"killed_by":"3 Sentries","ascension_level":20}}