{"host":"2i0myh7fqij2ti1z","time":1610113472,"event":{"mods":["Aspiration","BaseMod","Better Third Choice","Colored Powertips","FoggyMod","GifTheSpireLib","Highlight Path","Minty Spire (QoL Compilation)","Permanent Neow","Quick Restart","Random Character Button","Random Character Mod","Relic Sorter","Replay The Spire","Shop Mod","Spicy Shops","StSLib","Stuff the Spire","Transform Curses","Wandering Minibosses","vexMod"],"gold_per_floor":[115,8797,7444,5931,3888,3888,3921,3921,3945,3945,3976,4004,4032,4066,4066,4168,4168,4179,2632,2632,1519,1519,1544,1573,742,811,109,138,9601,9125,9157,9157,9260,9260,9271,8341,8396,7640,7640,7665,6562,6612,6638,6638,6672,6240,6265,6295,6295,6295],"floor_reached":51,"playtime":3261,"items_purged":["Riddle With Holes","StuffTheSpire:Shiver","Well Laid Plans","Fluid Movement","Fluid Movement","Footwork","Dagger Spray","Dodge and Roll","Dagger Spray","Parasite","Tactician","Tactician","ReplayTheSpireMod:Uncanny Aura","Terror","Footwork+1"],"score":1629,"play_id":"0e3b09ca-2dcd-4756-aa2e-9abbc79da5bf","local_time":"20210108214432","daily_mods":["SealedDeck","Flight","Lethality"],"is_ascension_mode":true,"campfire_choices":[{"data":"Panacea","floor":6,"key":"SMITH"},{"data":"Fluid Movement","floor":8,"key":"SMITH"},{"data":"Madness","floor":10,"key":"SMITH"},{"data":"Well Laid Plans","floor":15,"key":"SMITH"},{"data":"StuffTheSpire:ReptileScales","floor":32,"key":"SMITH"},{"data":"StuffTheSpire:Incantation","floor":49,"key":"SMITH"}],"circlet_count":0,"master_deck":["Dagger Spray+1","StuffTheSpire:ReptileScales+1","Madness+1","Fluid Movement+1","Secret Weapon","Panacea+1","Well Laid Plans+1","Replay:Bag of Tricks+1","Burst+1","ReplayUltimateDefense+1","Phantasmal Killer+1","Wraith Form v2+1","Dodge and Roll","Riddle With Holes+1","StuffTheSpire:Incantation+1","Night Terror","ReplayUltimateDefense+1"],"relics":["Ring of the Snake","Ring of Chaos","Akabeko","TwistedFunnel","vexMod:InvisibilityCloak","Bag of Preparation","Lee\u0027s Waffle","aspiration:SeaSaltIceCream","wanderingMiniBosses:Inkheart","vexMod:Cooldron","aspiration:Nostalgia","Sizzling Blood","Basket Of Snakes","StuffTheSpire:Barrel","Lizard Tail","StuffTheSpire:Wildfire","Onion Ring","OrangePellets","vexMod:RetaliationKit","vexMod:Spyglass","StuffTheSpire:Expresso","vexMod:CardConverter","StoneCalendar","Replay:Bottled Snecko","Vajra","StuffTheSpire:Gunfinga","Shovel","aspiration:FrozenJewel","Replay:WaspNest","StuffTheSpire:Kangaroo","Dream Catcher","vexMod:PlasmaPancake","InkBottle","TheAbacus","vexMod:PaidLearning","Mummified Hand","BargainBundle","StuffTheSpire:Nightcore","Pet Ghost","Meat on the Bone","vexMod:MemoryStick","Frozen Egg 2","vexMod:BarristanHead","StuffTheSpire:DarkSteelAnvil","Membership Card","Durian","Toolbox","Bronze Scales","StuffTheSpire:Rhapsscallions","Letter Opener","Calipers","Happy Flower","Pen Nib","Orrery","Guide Book","Turnip","Darkstone Periapt","ReplayTheSpireMod:Ninjato","Boot","Replay:Baseball","Medical Kit","StuffTheSpire:RubySignet","Bag of Marbles","Regal Pillow","ReplayFunnel","ReplayTheSpireMod:TigerMarble","Busted Crown","Sling","StuffTheSpire:Saxophone","CaptainsWheel","Mercury Hourglass","Ancient Tea Set","Bottled Flame","Vampiric Spirits","Potion Belt","StuffTheSpire:Tea","HandDrill","vexMod:FocusSash","Whetstone","Centennial Puzzle","Pantograph","vexMod:Dragonfruit","Ginger","White Beast Statue","Frozen Eye","DollysMirror","Incense Burner","aspiration:VileToxins","ReplayTheSpireMod:Lightbulb","Chemical X","Replay:Accelerometer","Oddly Smooth Stone","Toy Ornithopter","MerchantsRug","ReplayTheSpireMod:ShopPack","CeramicFish","MealTicket"],"acts_visited":["Exordium","TheCity","TheBeyond"],"potions_floor_usage":[11,11,11,11,11,11,16,16,16,16,16,16,42,42],"damage_taken":[{"damage":0,"enemies":"Small Slimes","floor":1,"turns":1},{"damage":0,"enemies":"3 Sentries","floor":7,"turns":2},{"damage":0,"enemies":"Lagavulin","floor":11,"turns":4},{"damage":0,"enemies":"Gremlin Nob","floor":12,"turns":2},{"damage":0,"enemies":"3 Sentries","floor":13,"turns":1},{"damage":0,"enemies":"Lagavulin","floor":14,"turns":2},{"damage":0,"enemies":"Hexaghost","floor":16,"turns":2},{"damage":7,"enemies":"Chosen","floor":18,"turns":2},{"damage":0,"enemies":"Book of Stabbing","floor":23,"turns":1},{"damage":0,"enemies":"Slavers","floor":24,"turns":1},{"damage":0,"enemies":"Book of Stabbing","floor":28,"turns":2},{"damage":0,"enemies":"Replay:Snechameleon","floor":31,"turns":1},{"damage":0,"enemies":"Champ","floor":33,"turns":2},{"damage":0,"enemies":"Orb Walker","floor":35,"turns":1},{"damage":0,"enemies":"2 Orb Walkers","floor":37,"turns":1},{"damage":0,"enemies":"R_Hoarder","floor":40,"turns":1},{"damage":0,"enemies":"Mind Bloom Boss Battle","floor":42,"turns":4},{"damage":0,"enemies":"Reptomancer","floor":45,"turns":1},{"damage":0,"enemies":"R_Hoarder","floor":47,"turns":3},{"damage":0,"enemies":"Nemesis","floor":48,"turns":3},{"damage":0,"enemies":"Donu and Deca","floor":50,"turns":3}],"seed_played":"4804139612479525320","potions_obtained":[{"floor":7,"key":"EntropicBrew"},{"floor":11,"key":"EntropicBrew"},{"floor":16,"key":"EntropicBrew"}],"is_trial":true,"path_per_floor":["M","$","$","$","$","R","E","R","T","R","E","E","E","E","R","B",null,"M","$","T","$","T","E","E","$","T","$","E","$","$","E","R","B",null,"M","$","?","$","?","E","$","?","T","?","E","$","E","E","R","B",null],"character_chosen":"THE_SILENT","items_purchased":["Akabeko","TwistedFunnel","vexMod:InvisibilityCloak","Bag of Preparation","Lee\u0027s Waffle","Madness","aspiration:SeaSaltIceCream","Footwork","vexMod:Cooldron","Fluid Movement","aspiration:Nostalgia","Basket Of Snakes","StuffTheSpire:Barrel","vexMod:BerryBomb","Lizard Tail","ReplayTheSpireMod:Uncanny Aura","StuffTheSpire:Wildfire","Onion Ring","OrangePellets","vexMod:RetaliationKit","Secret Weapon","vexMod:Spyglass","StuffTheSpire:Expresso","vexMod:CardConverter","Panacea","Well Laid Plans","StoneCalendar","Replay:Bottled Snecko","EntropicBrew","ReplayUltimateDefense","Dream Catcher","vexMod:PlasmaPancake","InkBottle","TheAbacus","EntropicBrew","vexMod:PaidLearning","BargainBundle","StuffTheSpire:Nightcore","Pet Ghost","Meat on the Bone","vexMod:MemoryStick","Membership Card","Durian","Toolbox","Bronze Scales","StuffTheSpire:Rhapsscallions","Tactician","Calipers","Happy Flower","Pen Nib","Orrery","Dodge and Roll","Footwork+1","Guide Book","Darkstone Periapt","ReplayTheSpireMod:Ninjato","Boot","Replay:Baseball","Medical Kit","ReplayTheSpireMod:Uncanny Aura","StuffTheSpire:RubySignet","Bag of Marbles","Regal Pillow","ReplayFunnel","StuffTheSpire:Incantation","Sling","StuffTheSpire:Saxophone","CaptainsWheel","Mercury Hourglass","Ancient Tea Set","Bottled Flame","Potion Belt","StuffTheSpire:Tea","HandDrill","vexMod:FocusSash","Whetstone","Pantograph","vexMod:Dragonfruit","Ginger","White Beast Statue","Frozen Eye","DollysMirror","Chemical X","Replay:Accelerometer","Oddly Smooth Stone","Toy Ornithopter","MerchantsRug","ReplayTheSpireMod:ShopPack"],"campfire_rested":0,"item_purchase_floors":[2,2,2,2,2,2,2,2,3,3,3,3,3,3,3,3,4,4,4,4,4,5,5,5,5,5,5,5,5,19,19,19,19,19,19,19,21,21,21,21,21,25,25,25,25,25,25,27,27,27,27,27,27,27,29,29,29,29,30,30,30,30,30,30,30,36,36,36,36,36,36,38,38,38,38,38,41,41,41,41,41,41,46,46,46,46,46,46],"current_hp_per_floor":[70,77,87,87,91,91,91,91,91,91,91,91,93,93,93,95,95,92,100,100,100,100,105,105,115,115,123,125,125,129,129,129,131,131,131,128,128,128,128,128,135,135,135,115,135,135,135,135,135,135],"gold":6295,"neow_bonus":"","is_daily":false,"chose_seed":false,"campfire_upgraded":6,"win_rate":0.0,"timestamp":1610113472,"path_taken":["M","?","$","$","$","R","E","R","T","R","E","E","E","E","R","BOSS","M","$","?","?","?","E","E","?","T","$","E","$","?","E","R","BOSS","M","$","?","$","?","E","$","?","T","?","E","?","E","E","R","BOSS"],"items_purchased_type":["Relic","Relic","Relic","Relic","Relic","Card","Relic","Card","Relic","Card","Relic","Relic","Relic","Relic","Relic","Card","Relic","Relic","Relic","Relic","Card","Relic","Relic","Relic","Card","Card","Relic","Relic","Potion","Card","Relic","Relic","Relic","Relic","Potion","Relic","Relic","Relic","Relic","Relic","Relic","Relic","Relic","Relic","Relic","Relic","Card","Relic","Relic","Relic","Relic","Card","Card","Relic","Relic","Relic","Relic","Relic","Relic","Card","Relic","Relic","Relic","Relic","Card","Relic","Relic","Relic","Relic","Relic","Relic","Relic","Relic","Relic","Relic","Relic","Relic","Relic","Relic","Relic","Relic","Relic","Relic","Relic","Relic","Relic","Relic","Relic"],"build_version":"2020-12-22","purchased_purges":15,"victory":true,"max_hp_per_floor":[70,77,87,87,91,91,91,91,91,91,91,91,93,93,93,95,95,95,103,103,103,103,105,105,115,115,123,125,125,129,129,129,131,131,131,128,128,128,128,128,135,135,135,135,135,135,135,135,135,135],"card_choices":[{"not_picked":["Endless Agony","Accuracy","Bane"],"picked":"SKIP","floor":1},{"not_picked":["StuffTheSpire:Injection","Blade Dance","Riddle With Holes"],"picked":"SKIP","floor":7},{"not_picked":["Deadly Poison","ReplayTheSpireMod:Speed Training","StuffTheSpire:Python"],"picked":"SKIP","floor":11},{"not_picked":["Slice","StuffTheSpire:BrimstoneBlast","Outmaneuver"],"picked":"SKIP","floor":12},{"not_picked":["Sucker Punch","Poisoned Stab"],"picked":"Replay:Bag of Tricks","floor":13},{"not_picked":["StuffTheSpire:ReptileScales","ReplayTheSpireMod:Exploit Weakness","Cloak And Dagger"],"picked":"SKIP","floor":14},{"not_picked":["Poison Darts","ReplayTheSpireMod:Necrosis"],"picked":"Burst","floor":16},{"not_picked":["StuffTheSpire:Fury","StuffTheSpire:Python","Poisoned Stab+1"],"picked":"SKIP","floor":18},{"not_picked":["Infinite Blades+1","Poisoned Stab"],"picked":"Tactician","floor":23},{"not_picked":["All Out Attack","Setup","Terror"],"picked":"SKIP","floor":24},{"not_picked":["Hidden Blade","Underhanded Strike+1"],"picked":"Phantasmal Killer","floor":27},{"not_picked":["Slice","Reflex+1"],"picked":"Wraith Form v2+1","floor":27},{"not_picked":["Deflect","Sucker Punch"],"picked":"Riddle With Holes+1","floor":28},{"not_picked":["StuffTheSpire:Repulse","ReplayTheSpireMod:Exploit Weakness","Eviscerate+1"],"picked":"SKIP","floor":31},{"not_picked":["Grand Finale","Glass Knife"],"picked":"Night Terror","floor":33},{"not_picked":["Dagger Throw"],"picked":"SKIP","floor":35},{"not_picked":["Blade Dance+1"],"picked":"SKIP","floor":40},{"not_picked":["Caltrops+1"],"picked":"SKIP","floor":45},{"not_picked":["StuffTheSpire:Shiver+1"],"picked":"SKIP","floor":47},{"not_picked":["Finisher+1"],"picked":"SKIP","floor":48}],"player_experience":209593,"relics_obtained":[{"floor":7,"key":"Vajra"},{"floor":9,"key":"StuffTheSpire:Gunfinga"},{"floor":11,"key":"Shovel"},{"floor":12,"key":"Ninja Scroll"},{"floor":13,"key":"aspiration:FrozenJewel"},{"floor":14,"key":"Replay:WaspNest"},{"floor":20,"key":"Mummified Hand"},{"floor":22,"key":"Frozen Egg 2"},{"floor":23,"key":"vexMod:BarristanHead"},{"floor":24,"key":"StuffTheSpire:DarkSteelAnvil"},{"floor":26,"key":"Letter Opener"},{"floor":28,"key":"Turnip"},{"floor":31,"key":"ReplayTheSpireMod:TigerMarble"},{"floor":37,"key":"Vampiric Spirits"},{"floor":40,"key":"Centennial Puzzle"},{"floor":42,"key":"Incense Burner"},{"floor":43,"key":"aspiration:VileToxins"},{"floor":45,"key":"ReplayTheSpireMod:Lightbulb"},{"floor":47,"key":"CeramicFish"},{"floor":48,"key":"MealTicket"}],"event_choices":[{"damage_healed":0,"gold_gain":0,"player_choice":"Fight","damage_taken":0,"max_hp_gain":0,"max_hp_loss":0,"event_name":"Mysterious Sphere","floor":37,"gold_loss":0},{"cards_removed":["ReplayTheSpireMod:Uncanny Aura"],"damage_healed":0,"gold_gain":0,"player_choice":"Purged","damage_taken":0,"max_hp_gain":0,"max_hp_loss":0,"event_name":"Purifier","floor":39,"gold_loss":0},{"damage_healed":0,"gold_gain":0,"player_choice":"Fight","damage_taken":0,"max_hp_gain":0,"max_hp_loss":0,"event_name":"MindBloom","floor":42,"gold_loss":0}],"is_beta":false,"boss_relics":[{"not_picked":["Ectoplasm","SlaversCollar"],"picked":"StuffTheSpire:Kangaroo"},{"not_picked":["StuffTheSpire:ModemDavis","Painkiller Herb"],"picked":"Busted Crown"}],"items_purged_floors":[2,4,5,19,21,25,25,27,29,36,36,38,38,41,41],"is_endless":false,"potions_floor_spawned":[7,11,16,23,24,28,37,42,45,47,48],"ascension_level":1}}