{"host":"ymmeoa1x24ihslbm","time":1610109691,"event":{"mods":["AchievementEnabler","BaseMod","Colored Map","Colored Powertips","Defuse TimeMaze Blight","Highlight Path","Minty Spire (QoL Compilation)","Permanent Neow","Quick Restart","StSLib","Unceasing Turn Reminder"],"gold_per_floor":[117,127,202,220,233,233,233,64,89,89,109,123,140,152,152,255,255,273,289,300,319,319,319,337,337,361,436,766,766,777,787,787,787,787],"floor_reached":33,"playtime":1310,"items_purged":[],"score":331,"play_id":"2a2e6f5e-0443-44c8-8f55-2d05c3d97caf","local_time":"20210108134131","is_ascension_mode":true,"campfire_choices":[{"data":"Eruption","floor":6.0,"key":"SMITH"},{"data":"Dramatic Entrance","floor":10.0,"key":"SMITH"},{"data":"CrushJoints","floor":15.0,"key":"SMITH"},{"data":"Evaluate","floor":23,"key":"SMITH"},{"data":"Vigilance","floor":25,"key":"SMITH"},{"data":"Wireheading","floor":29,"key":"SMITH"},{"data":"EmptyFist","floor":32,"key":"SMITH"}],"circlet_count":0,"master_deck":["Strike_P","Strike_P","Strike_P","Strike_P","Defend_P","Defend_P","Defend_P+1","Defend_P+1","Eruption+1","Vigilance+1","Dramatic Entrance+1","Wireheading+1","EmptyFist+1","FlyingSleeves","CrushJoints+1","Brilliance","FollowUp","FlurryOfBlows","Evaluate+1","Indignation+1","Weave","Evaluate+1"],"relics":["PureWater","War Paint","Sling","Ancient Tea Set","VioletLotus","Toy Ornithopter","Old Coin"],"acts_visited":["Exordium","TheCity"],"potions_floor_usage":[20,24,28,28,30,31],"damage_taken":[{"damage":2.0,"enemies":"Cultist","floor":1.0,"turns":3.0},{"damage":0.0,"enemies":"2 Louse","floor":2.0,"turns":2.0},{"damage":0.0,"enemies":"Small Slimes","floor":4.0,"turns":2.0},{"damage":0.0,"enemies":"Blue Slaver","floor":5.0,"turns":5.0},{"damage":0.0,"enemies":"Lots of Slimes","floor":11.0,"turns":1.0},{"damage":0.0,"enemies":"3 Louse","floor":12.0,"turns":1.0},{"damage":0.0,"enemies":"Large Slime","floor":13.0,"turns":4.0},{"damage":0.0,"enemies":"Gremlin Gang","floor":14.0,"turns":1.0},{"damage":28.0,"enemies":"The Guardian","floor":16.0,"turns":13.0},{"damage":0.0,"enemies":"Spheric Guardian","floor":18.0,"turns":1.0},{"damage":4.0,"enemies":"Chosen","floor":19.0,"turns":4.0},{"damage":0,"enemies":"Snecko","floor":20,"turns":2},{"damage":4,"enemies":"3 Cultists","floor":21,"turns":3},{"damage":4,"enemies":"Chosen and Byrds","floor":24,"turns":3},{"damage":16,"enemies":"Book of Stabbing","floor":28,"turns":4},{"damage":18,"enemies":"Centurion and Healer","floor":30,"turns":3},{"damage":11,"enemies":"Snake Plant","floor":31,"turns":3},{"damage":45,"enemies":"Automaton","floor":33,"turns":6}],"seed_played":"5066701927589956502","potions_obtained":[{"floor":2.0,"key":"Swift Potion"},{"floor":4.0,"key":"LiquidBronze"},{"floor":11.0,"key":"SteroidPotion"},{"floor":13.0,"key":"LiquidMemories"},{"floor":19.0,"key":"FearPotion"},{"floor":20,"key":"GamblersBrew"},{"floor":24,"key":"Regen Potion"},{"floor":30,"key":"PowerPotion"}],"is_trial":false,"path_per_floor":["M","M","?","M","M","R","?","$","T","R","M","M","M","M","R","B",null,"M","M","M","M","?","R","M","R","T","?","E","R","M","M","R","B"],"character_chosen":"WATCHER","items_purchased":["Sling","FlyingSleeves"],"campfire_rested":0,"item_purchase_floors":[8,8],"current_hp_per_floor":[70,70,59,59,59,59,59,59,59,59,59,59,59,59,59,31,62,62,58,58,54,54,54,50,50,50,43,49,49,36,30,30,0,0],"gold":787,"neow_bonus":"RANDOM_COLORLESS","is_daily":false,"chose_seed":false,"campfire_upgraded":7,"win_rate":0.0,"timestamp":1610109691,"path_taken":["M","M","?","M","M","R","?","$","T","R","M","?","M","?","R","BOSS","M","?","M","M","?","R","M","R","T","?","E","R","?","M","R","BOSS"],"items_purchased_type":["Relic","Card"],"build_version":"2020-12-22","purchased_purges":0,"victory":false,"max_hp_per_floor":[72,72,72,72,72,72,72,72,72,72,72,72,72,72,72,72,72,72,72,72,72,72,72,72,72,72,72,72,72,72,72,72,72,72],"card_choices":[{"not_picked":["Finesse","Dark Shackles"],"picked":"Dramatic Entrance","floor":0.0},{"not_picked":["CutThroughFate","Nirvana","Swivel"],"picked":"SKIP","floor":1.0},{"not_picked":["WaveOfTheHand","WindmillStrike"],"picked":"Wireheading","floor":2.0},{"not_picked":["WindmillStrike","BowlingBash"],"picked":"EmptyFist","floor":4.0},{"not_picked":["Adaptation","SashWhip"],"picked":"Omniscience","floor":5.0},{"not_picked":["JustLucky","FlyingSleeves","Halt"],"picked":"SKIP","floor":11.0},{"not_picked":["CarveReality","Pray","Protect"],"picked":"SKIP","floor":12.0},{"not_picked":["EmptyBody","ClearTheMind","CrushJoints"],"picked":"SKIP","floor":13.0},{"not_picked":["SignatureMove","Swivel"],"picked":"CrushJoints","floor":14.0},{"not_picked":["Scrawl","Devotion"],"picked":"Brilliance","floor":16.0},{"not_picked":["Consecrate","CrushJoints"],"picked":"FollowUp","floor":18.0},{"not_picked":["Wallop","SashWhip"],"picked":"FlurryOfBlows","floor":19.0},{"not_picked":["Protect","FlurryOfBlows"],"picked":"Evaluate","floor":20},{"not_picked":["ClearTheMind","PathToVictory"],"picked":"Indignation+1","floor":21},{"not_picked":["PathToVictory","JustLucky","SashWhip"],"picked":"SKIP","floor":24},{"not_picked":["Crescendo","Collect","Fasting2"],"picked":"SKIP","floor":28},{"not_picked":["PathToVictory","Brilliance","WheelKick"],"picked":"SKIP","floor":30},{"not_picked":["FlurryOfBlows","EmptyBody"],"picked":"Evaluate+1","floor":31}],"player_experience":705404,"relics_obtained":[{"floor":9.0,"key":"Ancient Tea Set"},{"floor":26,"key":"Toy Ornithopter"},{"floor":28,"key":"Old Coin"}],"event_choices":[{"damage_healed":0.0,"max_hp_gain":0.0,"max_hp_loss":0.0,"gold_gain":75.0,"event_name":"World of Goop","player_choice":"Gather Gold","floor":3.0,"gold_loss":0.0,"damage_taken":11.0},{"cards_removed":["Omniscience"],"damage_healed":0.0,"max_hp_gain":0.0,"max_hp_loss":0.0,"gold_gain":0.0,"event_name":"WeMeetAgain","player_choice":"Gave Card","floor":7.0,"gold_loss":0.0,"damage_taken":0.0,"relics_obtained":["War Paint"]},{"damage_healed":0,"gold_gain":0,"player_choice":"Read","damage_taken":0,"max_hp_gain":0,"max_hp_loss":0,"event_name":"The Library","floor":22,"gold_loss":0,"cards_obtained":["Weave"]},{"damage_healed":0,"gold_gain":75,"player_choice":"Touch","damage_taken":7,"max_hp_gain":0,"max_hp_loss":0,"event_name":"FaceTrader","floor":27,"gold_loss":0}],"is_beta":false,"boss_relics":[{"not_picked":["SacredBark","HolyWater"],"picked":"VioletLotus"}],"items_purged_floors":[],"is_endless":false,"potions_floor_spawned":[2,4,11,13,14,19,20,24,30],"killed_by":"Automaton","ascension_level":5}}