{"host":"a7dhdzm3fda48fos","time":1610090987,"event":{"mods":["AchievementEnabler","AlwaysNeverKeys","BaseMod","Better Altar","Better Note","Better Sensory Stone","Better Skull","Better Third Choice","BetterRewards","Block Reminder","Colored Map","Displayed Cursed Tome","Gold Saver","Minty Spire (QoL Compilation)","Quick Restart","Relic Filter","Relic Sorter","Relic Stats","Remove Card Discount Mod","Shop Mod","Spicy Shops","StSLib"],"gold_per_floor":[1012,1012,977,977,989,1022,1041,1076,1148,1180,810,822,843,167,167,265,265,281,281,40,60,76,101,16,49,122,122,140,140,153,153,153,258,258,271,271,318,32,32,61,61,90,159,159,14,30,30,54,54,54,54,54,4,38,38],"floor_reached":56,"playtime":3927,"items_purged":[],"score":1741,"play_id":"ad69bae2-6328-42ce-81e3-b264c5d53d10","local_time":"20210108082947","is_ascension_mode":true,"campfire_choices":[{"floor":15.0,"key":"REST"},{"data":"Storm","floor":29.0,"key":"SMITH"},{"floor":32.0,"key":"REST"},{"data":"Echo Form","floor":41.0,"key":"SMITH"},{"data":"Defragment","floor":44.0,"key":"SMITH"},{"data":"Skim","floor":47,"key":"SMITH"},{"data":"Secret Technique","floor":49,"key":"SMITH"},{"data":"Thunder Strike","floor":52,"key":"SMITH"}],"circlet_count":0,"master_deck":["Strike_B","Strike_B","Strike_B","Strike_B","Defend_B","Defend_B","Defend_B","Defend_B+1","Zap","Dualcast","Echo Form+1","Sweeping Beam","Secret Technique+1","Loop","Rebound","Compile Driver","Conserve Battery","Go for the Eyes","Storm+1","Redo+1","Thunder Strike","Beam Cell","Go for the Eyes","Electrodynamics","Self Repair","Conserve Battery","Rebound+1","Thunder Strike+1","Ball Lightning+1","Defragment+1","All For One","Skim+1","Loop","Rebound+1"],"relics":["Cracked Core","Kunai","Shuriken","Nunchaku","InkBottle","StoneCalendar","MerchantsRug","Juzu Bracelet","Bird Faced Urn","Bottled Flame","Eternal Feather","Boot","PreservedInsect","Ice Cream","Odd Mushroom","TheAbacus","Medical Kit","Busted Crown","Pen Nib","Red Mask","MealTicket","Meat on the Bone","Happy Flower","Oddly Smooth Stone","Bronze Scales","SlaversCollar","Thread and Needle","Mummified Hand","Runic Capacitor","Gambling Chip","Turnip","Omamori","Sundial","Membership Card","Anchor","Toy Ornithopter"],"acts_visited":["Exordium","TheCity","TheBeyond","TheEnding"],"potions_floor_usage":[55],"damage_taken":[{"damage":18.0,"enemies":"Small Slimes","floor":1.0,"turns":4.0},{"damage":0.0,"enemies":"2 Louse","floor":5.0,"turns":2.0},{"damage":11.0,"enemies":"Lagavulin","floor":6.0,"turns":6.0},{"damage":9.0,"enemies":"Jaw Worm","floor":7.0,"turns":3.0},{"damage":29.0,"enemies":"Gremlin Nob","floor":8.0,"turns":4.0},{"damage":8.0,"enemies":"Lagavulin","floor":10.0,"turns":7.0},{"damage":15.0,"enemies":"3 Louse","floor":12.0,"turns":3.0},{"damage":15.0,"enemies":"The Mushroom Lair","floor":13.0,"turns":4.0},{"damage":0.0,"enemies":"Slime Boss","floor":16.0,"turns":5.0},{"damage":22.0,"enemies":"2 Thieves","floor":18.0,"turns":4.0},{"damage":13.0,"enemies":"3 Byrds","floor":21.0,"turns":4.0},{"damage":20.0,"enemies":"Snake Plant","floor":22.0,"turns":4.0},{"damage":29.0,"enemies":"Slavers","floor":23.0,"turns":2.0},{"damage":7.0,"enemies":"Masked Bandits","floor":25.0,"turns":3.0},{"damage":17.0,"enemies":"Shelled Parasite and Fungi","floor":28.0,"turns":4.0},{"damage":2.0,"enemies":"Centurion and Healer","floor":30.0,"turns":6.0},{"damage":6.0,"enemies":"Automaton","floor":33.0,"turns":5.0},{"damage":42.0,"enemies":"3 Shapes","floor":35.0,"turns":4.0},{"damage":45.0,"enemies":"2 Orb Walkers","floor":37.0,"turns":5.0},{"damage":0.0,"enemies":"Nemesis","floor":40.0,"turns":3.0},{"damage":0.0,"enemies":"Giant Head","floor":42.0,"turns":4.0},{"damage":3.0,"enemies":"3 Darklings","floor":46.0,"turns":2.0},{"damage":51,"enemies":"Awakened One","floor":50,"turns":7},{"damage":0,"enemies":"Shield and Spear","floor":54,"turns":2},{"damage":82,"enemies":"The Heart","floor":55,"turns":7}],"seed_played":"-6819056440164624644","potions_obtained":[{"floor":1.0,"key":"CultistPotion"},{"floor":5.0,"key":"Fire Potion"},{"floor":6.0,"key":"EssenceOfSteel"},{"floor":8.0,"key":"SmokeBomb"},{"floor":16.0,"key":"DuplicationPotion"},{"floor":21.0,"key":"Energy Potion"},{"floor":30.0,"key":"Energy Potion"},{"floor":42.0,"key":"DistilledChaos"}],"is_trial":false,"path_per_floor":["M","?","?","T","M","E","M","E","T","E","$","M","?","$","R","B",null,"M","?","$","M","M","E","$","?","T","?","M","R","M","?","R","B",null,"M","?","?","$","?","E","R","E","T","R","$","M","R","T","R","B",null,"R","$","E","B",null],"character_chosen":"DEFECT","items_purchased":["Echo Form","MerchantsRug","Nunchaku","InkBottle","Juzu Bracelet","Bird Faced Urn","PreservedInsect","Storm","Ice Cream","Redo","Thunder Strike","War Paint","Matryoshka","TheAbacus","Auto Shields","Medical Kit","Shuriken","Self Repair","Conserve Battery","Mummified Hand","Runic Capacitor","Defragment","Membership Card","Kunai","Loop"],"campfire_rested":2,"item_purchase_floors":[0,0,0,0,0,0,11,11,11,11,11,14,14,14,14,14,20,24,24,38,38,38,45,45,53],"current_hp_per_floor":[57,57,75,75,75,64,55,28,28,26,26,13,2,2,36,42,75,57,57,57,52,40,19,19,25,25,25,37,52,69,20,57,59,75,49,49,22,37,37,43,61,69,69,75,75,75,75,75,75,53,75,75,75,75,20],"gold":38,"neow_bonus":"","is_daily":false,"chose_seed":false,"campfire_upgraded":6,"win_rate":0.0,"timestamp":1610090987,"path_taken":["M","?","?","?","M","E","M","E","T","E","$","M","?","?","R","BOSS","M","?","$","M","M","E","?","?","T","?","M","R","M","?","R","BOSS","M","?","?","$","?","E","R","E","T","R","$","M","R","?","R","BOSS","R","$","E","BOSS"],"items_purchased_type":["Card","Relic","Relic","Relic","Relic","Relic","Relic","Card","Relic","Card","Card","Relic","Relic","Relic","Card","Relic","Relic","Card","Card","Relic","Relic","Card","Relic","Relic","Card"],"build_version":"2020-12-22","purchased_purges":0,"victory":true,"max_hp_per_floor":[75,75,75,75,75,75,75,75,75,75,75,75,75,75,75,75,75,75,75,75,75,75,75,75,75,75,75,75,75,75,75,75,75,75,75,75,75,75,75,75,75,75,75,75,75,75,75,75,75,75,75,75,75,75,75],"relic_stats":{"StoneCalendar":[15],"Juzu Bracelet":2,"Boot":[272],"Nunchaku":[41],"TheAbacus":[24],"Mummified Hand":[295],"Sundial":[0],"Gambling Chip":[26],"MealTicket":15,"Kunai":[50],"InkBottle":[46],"Happy Flower":[13],"counters":[97,398],"Eternal Feather":66,"PreservedInsect":279,"Pen Nib":[12],"Medical Kit":[7],"Busted Crown":30,"Shuriken":[31],"Bird Faced Urn":[259],"Bronze Scales":[394],"Turnip":[2],"obtain_stats":[{"Ice Cream":13,"Gremlin Horn":4,"Vajra":53,"Runic Capacitor":38,"Whetstone":26,"Bottled Tornado":53,"Boot":8,"Sozu":34,"Blood Vial":43,"Centennial Puzzle":9,"DollysMirror":20,"Sundial":43,"Strawberry":44,"Philosopher\u0027s Stone":17,"MealTicket":48,"Kunai":0,"Toxic Egg 2":5,"MerchantsRug":4,"Girya":4,"Pear":9,"Happy Flower":31,"Blue Candle":54,"Oddly Smooth Stone":31,"Eternal Feather":38,"Pen Nib":41,"War Paint":26,"Question Card":39,"Cables":0,"SlaversCollar":34,"Bottled Flame":8,"Shuriken":9,"Bird Faced Urn":36,"Bronze Scales":26,"Nloth\u0027s Gift":27,"Unceasing Top":10,"Meat on the Bone":38,"Pocketwatch":14,"Darkstone Periapt":9,"Lantern":38,"Regal Pillow":9,"GremlinMask":21,"StoneCalendar":6,"Juzu Bracelet":0,"Ancient Tea Set":26,"PrismaticShard":0,"Frozen Eye":4,"Nunchaku":53,"Matryoshka":8,"TheAbacus":14,"Mummified Hand":43,"Pantograph":25,"Gambling Chip":36,"Tiny Chest":20,"WingedGreaves":0,"Red Mask":25,"Cracked Core":0,"InkBottle":54,"Lee\u0027s Waffle":10,"Inserter":34,"Golden Idol":13,"Thread and Needle":37,"The Courier":19,"PreservedInsect":11,"Omamori":20,"Odd Mushroom":13,"Medical Kit":0,"White Beast Statue":23,"Peace Pipe":0,"Anchor":14,"Busted Crown":17,"Ornamental Fan":53,"betterThird:SlimedRelic":3,"Orrery":2,"Turnip":42,"Coffee Dripper":17,"Art of War":46,"Membership Card":38,"Bottled Lightning":48,"Toy Ornithopter":6},{"Ice Cream":29,"Gremlin Horn":1,"Vajra":22,"Runic Capacitor":91,"Whetstone":46,"Bottled Tornado":22,"Boot":53,"Sozu":61,"Blood Vial":66,"Centennial Puzzle":3,"DollysMirror":57,"Sundial":93,"Strawberry":18,"Philosopher\u0027s Stone":42,"MealTicket":69,"Kunai":24,"Toxic Egg 2":36,"MerchantsRug":1,"Girya":73,"Pear":3,"Happy Flower":88,"Blue Candle":71,"Oddly Smooth Stone":88,"Eternal Feather":17,"Pen Nib":18,"War Paint":10,"Question Card":17,"Cables":49,"SlaversCollar":89,"Bottled Flame":77,"Shuriken":39,"Bird Faced Urn":16,"Bronze Scales":59,"Nloth\u0027s Gift":46,"Unceasing Top":4,"Meat on the Bone":17,"Pocketwatch":29,"Darkstone Periapt":27,"Lantern":17,"Regal Pillow":53,"GremlinMask":57,"StoneCalendar":75,"Juzu Bracelet":72,"Ancient Tea Set":10,"PrismaticShard":49,"Frozen Eye":1,"Nunchaku":22,"Matryoshka":3,"TheAbacus":80,"Mummified Hand":18,"Pantograph":10,"Gambling Chip":63,"Tiny Chest":7,"WingedGreaves":24,"Red Mask":86,"Cracked Core":0,"InkBottle":23,"Lee\u0027s Waffle":27,"Inserter":14,"Golden Idol":54,"Thread and Needle":91,"The Courier":7,"PreservedInsect":78,"Omamori":57,"Odd Mushroom":80,"Medical Kit":34,"White Beast Statue":9,"Peace Pipe":72,"Anchor":55,"Busted Crown":30,"Ornamental Fan":22,"betterThird:SlimedRelic":25,"Orrery":25,"Turnip":93,"Coffee Dripper":6,"Art of War":68,"Membership Card":17,"Bottled Lightning":21,"Toy Ornithopter":3},{"Ice Cream":111,"Gremlin Horn":2,"Vajra":90,"Runic Capacitor":373,"Whetstone":181,"Bottled Tornado":90,"Boot":208,"Sozu":244,"Blood Vial":263,"Centennial Puzzle":10,"DollysMirror":228,"Sundial":380,"Strawberry":71,"Philosopher\u0027s Stone":166,"MealTicket":275,"Kunai":96,"Toxic Egg 2":139,"MerchantsRug":2,"Girya":300,"Pear":10,"Happy Flower":359,"Blue Candle":288,"Oddly Smooth Stone":359,"Eternal Feather":66,"Pen Nib":71,"War Paint":46,"Question Card":66,"Cables":190,"SlaversCollar":364,"Bottled Flame":315,"Shuriken":151,"Bird Faced Urn":63,"Bronze Scales":235,"Nloth\u0027s Gift":181,"Unceasing Top":15,"Meat on the Bone":66,"Pocketwatch":111,"Darkstone Periapt":104,"Lantern":66,"Regal Pillow":208,"GremlinMask":228,"StoneCalendar":308,"Juzu Bracelet":296,"Ancient Tea Set":46,"PrismaticShard":190,"Frozen Eye":2,"Nunchaku":90,"Matryoshka":10,"TheAbacus":328,"Mummified Hand":71,"Pantograph":46,"Gambling Chip":251,"Tiny Chest":31,"WingedGreaves":96,"Red Mask":350,"Cracked Core":0,"InkBottle":91,"Lee\u0027s Waffle":104,"Inserter":58,"Golden Idol":211,"Thread and Needle":373,"The Courier":31,"PreservedInsect":321,"Omamori":228,"Odd Mushroom":328,"Medical Kit":132,"White Beast Statue":41,"Peace Pipe":296,"Anchor":215,"Busted Crown":117,"Ornamental Fan":90,"betterThird:SlimedRelic":99,"Orrery":99,"Turnip":380,"Coffee Dripper":25,"Art of War":269,"Membership Card":66,"Bottled Lightning":86,"Toy Ornithopter":10}],"Toy Ornithopter":0,"Meat on the Bone":60},"card_choices":[{"not_picked":["Turbo","Scrape"],"picked":"Sweeping Beam","floor":1.0},{"not_picked":["Mind Blast","Enlightenment"],"picked":"Secret Technique","floor":2.0},{"not_picked":["Cold Snap","Rebound"],"picked":"Loop","floor":5.0},{"not_picked":["Consume","Turbo"],"picked":"Rebound","floor":6.0},{"not_picked":["Conserve Battery","Lockon"],"picked":"Compile Driver","floor":7.0},{"not_picked":["Gash","Go for the Eyes"],"picked":"Conserve Battery","floor":8.0},{"not_picked":["Barrage","Fusion"],"picked":"Go for the Eyes","floor":10.0},{"not_picked":["Turbo","Recycle"],"picked":"Beam Cell","floor":12.0},{"not_picked":["Turbo","Darkness"],"picked":"Go for the Eyes","floor":13.0},{"not_picked":["Reboot","Seek"],"picked":"Electrodynamics","floor":16.0},{"not_picked":["Hologram"],"picked":"SKIP","floor":18.0},{"not_picked":[],"picked":"Hologram+1","floor":21.0},{"not_picked":["Recycle"],"picked":"SKIP","floor":22.0},{"not_picked":["Cold Snap+1"],"picked":"SKIP","floor":23.0},{"not_picked":[],"picked":"Rebound+1","floor":25.0},{"not_picked":["Blizzard"],"picked":"SKIP","floor":28.0},{"not_picked":["Coolheaded+1"],"picked":"SKIP","floor":30.0},{"not_picked":[],"picked":"Thunder Strike","floor":33.0},{"not_picked":["Barrage"],"picked":"SKIP","floor":35.0},{"not_picked":[],"picked":"Ball Lightning+1","floor":37.0},{"not_picked":["Steam Power+1"],"picked":"SKIP","floor":40.0},{"not_picked":[],"picked":"All For One","floor":42.0},{"not_picked":[],"picked":"Skim","floor":46},{"not_picked":[],"picked":"Rebound+1","floor":54}],"player_experience":95578,"relics_obtained":[{"floor":4.0,"key":"Girya"},{"floor":6.0,"key":"StoneCalendar"},{"floor":8.0,"key":"Bottled Flame"},{"floor":9.0,"key":"Eternal Feather"},{"floor":10.0,"key":"Boot"},{"floor":13.0,"key":"Odd Mushroom"},{"floor":23.0,"key":"Pen Nib"},{"floor":25.0,"key":"Red Mask"},{"floor":26.0,"key":"MealTicket"},{"floor":26.0,"key":"Meat on the Bone"},{"floor":37.0,"key":"Thread and Needle"},{"floor":40.0,"key":"Gambling Chip"},{"floor":42.0,"key":"Turnip"},{"floor":43.0,"key":"Omamori"},{"floor":43.0,"key":"Sundial"},{"floor":48,"key":"Anchor"},{"floor":54,"key":"Toy Ornithopter"}],"event_choices":[{"damage_healed":0.0,"max_hp_gain":0.0,"max_hp_loss":0.0,"gold_gain":1.0,"event_name":"betterStone:BetterStone","player_choice":"1","floor":2.0,"gold_loss":0.0,"damage_taken":0.0},{"damage_healed":18.0,"max_hp_gain":0.0,"max_hp_loss":0.0,"gold_gain":0.0,"event_name":"The Cleric","player_choice":"Healed","floor":3.0,"gold_loss":35.0,"damage_taken":0.0},{"damage_healed":0.0,"max_hp_gain":0.0,"max_hp_loss":0.0,"gold_gain":0.0,"event_name":"Mushrooms","player_choice":"Fought Mushrooms","floor":13.0,"gold_loss":0.0,"damage_taken":0.0},{"cards_removed":["Auto Shields"],"damage_healed":0.0,"max_hp_gain":0.0,"max_hp_loss":0.0,"gold_gain":0.0,"event_name":"Purifier","player_choice":"Purged","floor":19.0,"gold_loss":0.0,"damage_taken":0.0},{"damage_healed":0.0,"max_hp_gain":0.0,"max_hp_loss":0.0,"gold_gain":0.0,"event_name":"Masked Bandits","player_choice":"Fought Bandits","floor":25.0,"gold_loss":0.0,"damage_taken":0.0},{"damage_healed":0.0,"max_hp_gain":0.0,"max_hp_loss":0.0,"gold_gain":0.0,"event_name":"Beggar","player_choice":"Ignored","floor":27.0,"gold_loss":0.0,"damage_taken":0.0},{"damage_healed":0.0,"max_hp_gain":0.0,"max_hp_loss":0.0,"gold_gain":0.0,"event_name":"betterSkull:BetterSkull","player_choice":"RE RE RE ","floor":31.0,"gold_loss":0.0,"damage_taken":55.0,"cards_upgraded":[],"relics_obtained":["Happy Flower","Oddly Smooth Stone","Bronze Scales"]},{"cards_removed":["Hologram"],"damage_healed":0.0,"max_hp_gain":0.0,"max_hp_loss":0.0,"gold_gain":0.0,"event_name":"Falling","player_choice":"Removed Skill","floor":36.0,"gold_loss":0.0,"damage_taken":0.0},{"damage_healed":0.0,"max_hp_gain":0.0,"max_hp_loss":0.0,"gold_gain":0.0,"event_name":"Mysterious Sphere","player_choice":"Fight","floor":37.0,"gold_loss":0.0,"damage_taken":0.0},{"damage_healed":0.0,"max_hp_gain":0.0,"max_hp_loss":0.0,"gold_gain":0.0,"event_name":"The Moai Head","player_choice":"Ignored","floor":39.0,"gold_loss":0.0,"damage_taken":0.0}],"is_beta":false,"boss_relics":[{"not_picked":["SacredBark","Astrolabe"],"picked":"Busted Crown"},{"not_picked":["Black Star","Velvet Choker"],"picked":"SlaversCollar"}],"items_purged_floors":[],"is_endless":false,"potions_floor_spawned":[1,5,6,8,16,21,23,30,33,35,42,46],"ascension_level":2}}