{"host":"zdcz0a6aak4rnx0s","time":1610072047,"event":{"mods":["AchievementEnabler","BaseMod","Colored Map","Colored Powertips","Minty Spire (QoL Compilation)","StSLib"],"gold_per_floor":[111,165,176,194,212,212,212,239,239,252,252,202,9,9,9,105,105,117,117,217,227,242,242,253,253,253,273,273,228,0,0,0,0,0],"floor_reached":33,"playtime":1403,"items_purged":["Strike_B"],"score":282,"play_id":"9584d111-d44a-45b0-a44e-010badf28b18","local_time":"20210107201407","is_ascension_mode":true,"campfire_choices":[{"data":"Defragment","floor":6.0,"key":"SMITH"},{"data":"Genetic Algorithm","floor":11,"key":"SMITH"},{"data":"Tempest","floor":15,"key":"SMITH"},{"floor":23,"key":"REST"},{"floor":25,"key":"REST"},{"floor":28,"key":"REST"},{"data":"Barrage","floor":32,"key":"SMITH"}],"circlet_count":0,"master_deck":["Strike_B+1","Strike_B+1","Defend_B+1","Defend_B","Defend_B+1","Defend_B","Zap","Dualcast+1","Capacitor","Barrage+1","Genetic Algorithm+1","Defragment+1","Coolheaded","Storm","Tempest+1","Parasite","Thunder Strike","Redo","Ball Lightning","Leap"],"relics":["Cracked Core","Whetstone","War Paint","Nunchaku","Cables","Sozu","HornCleat"],"acts_visited":["Exordium","TheCity"],"potions_floor_usage":[8,8,21],"damage_taken":[{"damage":0.0,"enemies":"Cultist","floor":1.0,"turns":3.0},{"damage":2.0,"enemies":"Jaw Worm","floor":3.0,"turns":2.0},{"damage":0.0,"enemies":"Small Slimes","floor":4.0,"turns":2.0},{"damage":17.0,"enemies":"3 Louse","floor":5.0,"turns":3.0},{"damage":16,"enemies":"Gremlin Nob","floor":8,"turns":3},{"damage":0,"enemies":"Exordium Wildlife","floor":10,"turns":3},{"damage":23,"enemies":"Hexaghost","floor":16,"turns":8},{"damage":1,"enemies":"Spheric Guardian","floor":18,"turns":4},{"damage":10,"enemies":"2 Thieves","floor":21,"turns":3},{"damage":38,"enemies":"Cultist and Chosen","floor":22,"turns":5},{"damage":27,"enemies":"Centurion and Healer","floor":24,"turns":6},{"damage":13,"enemies":"Chosen and Byrds","floor":27,"turns":4},{"damage":59,"enemies":"Automaton","floor":33,"turns":6}],"seed_played":"-8444660077497133594","potions_obtained":[{"floor":4.0,"key":"Strength Potion"},{"floor":5.0,"key":"AttackPotion"},{"floor":16,"key":"Fire Potion"}],"is_trial":false,"path_per_floor":["M","T","M","M","M","R","T","E","T","M","R","?","$","?","R","B",null,"M","?","?","M","M","R","M","R","T","M","R","$","?","$","R","B"],"character_chosen":"DEFECT","items_purchased":["Storm","Tempest","Leap"],"campfire_rested":3,"item_purchase_floors":[13,13,29],"current_hp_per_floor":[75,75,73,73,56,56,56,40,40,40,40,40,40,58,58,35,75,74,74,74,64,26,48,21,43,43,30,52,52,52,52,52,0,0],"gold":0,"neow_bonus":"UPGRADE_CARD","is_daily":false,"chose_seed":false,"campfire_upgraded":4,"win_rate":0.0,"timestamp":1610072047,"path_taken":["M","?","M","M","M","R","?","E","T","M","R","?","$","?","R","BOSS","M","?","?","M","?","R","M","R","T","M","R","$","?","?","R","BOSS"],"items_purchased_type":["Card","Card","Card"],"build_version":"2020-12-22","purchased_purges":1,"victory":false,"max_hp_per_floor":[75,75,75,75,75,75,75,75,75,75,75,75,75,75,75,75,75,75,75,75,75,75,75,75,75,75,75,75,75,75,75,75,75,75],"card_choices":[{"not_picked":["Leap","Redo"],"picked":"Capacitor","floor":1.0},{"not_picked":["BootSequence","Gash"],"picked":"Barrage","floor":3.0},{"not_picked":["Steam","Rebound"],"picked":"Genetic Algorithm","floor":4.0},{"not_picked":["Redo","Rebound"],"picked":"Defragment","floor":5.0},{"not_picked":["Steam Power","Steam"],"picked":"Coolheaded","floor":8},{"not_picked":["Sunder","Stack","Heatsinks"],"picked":"SKIP","floor":10},{"not_picked":["Reboot","Fission"],"picked":"Thunder Strike","floor":16},{"not_picked":["Leap","Steam"],"picked":"Redo","floor":18},{"not_picked":["Rip and Tear","Streamline","Barrage"],"picked":"SKIP","floor":21},{"not_picked":["Stack","Go for the Eyes","Gash"],"picked":"SKIP","floor":22},{"not_picked":["Steam","Beam Cell","FTL"],"picked":"SKIP","floor":24},{"not_picked":["Aggregate","Scrape"],"picked":"Ball Lightning","floor":27}],"player_experience":1004679,"relics_obtained":[{"floor":2.0,"key":"Whetstone"},{"floor":7.0,"key":"War Paint"},{"floor":8,"key":"Nunchaku"},{"floor":9,"key":"Cables"},{"floor":26,"key":"HornCleat"}],"event_choices":[{"cards_removed":["Strike_B"],"damage_healed":0,"gold_gain":0,"player_choice":"Card Removal","damage_taken":0,"max_hp_gain":0,"max_hp_loss":0,"event_name":"The Cleric","floor":12,"gold_loss":50},{"damage_healed":18,"gold_gain":0,"player_choice":"Healed and dodged fight","damage_taken":0,"max_hp_gain":0,"max_hp_loss":0,"event_name":"Mushrooms","floor":14,"gold_loss":0,"cards_obtained":["Parasite"]},{"damage_healed":0,"gold_gain":0,"player_choice":"Ignored","damage_taken":0,"max_hp_gain":0,"max_hp_loss":0,"event_name":"Vampires","floor":19,"gold_loss":0},{"damage_healed":0,"gold_gain":100,"player_choice":"Pray","damage_taken":0,"max_hp_gain":0,"max_hp_loss":0,"event_name":"Golden Shrine","floor":20,"gold_loss":0},{"damage_healed":0,"gold_gain":0,"player_choice":"Paid Fearfully","damage_taken":0,"max_hp_gain":0,"max_hp_loss":0,"event_name":"Masked Bandits","floor":30,"gold_loss":228}],"is_beta":false,"boss_relics":[{"not_picked":["Runic Pyramid","Inserter"],"picked":"Sozu"}],"items_purged_floors":[13],"is_endless":false,"potions_floor_spawned":[4,5,16,18,24,27],"killed_by":"Automaton","ascension_level":3}}