{"host":"d9m9v0h6vo0edadb","time":1610117617,"event":{"mods":["BaseMod","Hermit","Keyboard Shortcuts","Minty Spire (QoL Compilation)","StSLib","SuperFastMode","The Cursed"],"gold_per_floor":[116,136,149,166,166,166,193,208,208,208,234,248,248,260,260,260,260],"floor_reached":16,"playtime":167,"items_purged":[],"score":228,"play_id":"819f242a-1872-469a-89ee-a261bbe4d986","local_time":"20210108235337","is_ascension_mode":true,"campfire_choices":[{"floor":6.0,"key":"REST"},{"data":"Darkness","floor":10,"key":"SMITH"},{"data":"Go for the Eyes","floor":15,"key":"SMITH"}],"circlet_count":0,"master_deck":["AscendersBane","Strike_B","Strike_B","Strike_B","Strike_B","Defend_B+1","Defend_B","Defend_B","Defend_B","Zap","Dualcast+1","Darkness+1","Go for the Eyes+1","Cold Snap+1","Undo","Tempest","Compile Driver"],"relics":["Cracked Core","Boot","Centennial Puzzle","Dream Catcher"],"acts_visited":["Exordium"],"potions_floor_usage":[7,11,16],"damage_taken":[{"damage":2.0,"enemies":"Jaw Worm","floor":1.0,"turns":3.0},{"damage":2.0,"enemies":"2 Louse","floor":2.0,"turns":3.0},{"damage":4.0,"enemies":"Small Slimes","floor":3.0,"turns":3.0},{"damage":14.0,"enemies":"2 Fungi Beasts","floor":4.0,"turns":3.0},{"damage":28,"enemies":"Gremlin Nob","floor":7,"turns":4},{"damage":2,"enemies":"Red Slaver","floor":8,"turns":5},{"damage":8,"enemies":"Lagavulin","floor":11,"turns":6},{"damage":3,"enemies":"Looter","floor":12,"turns":2},{"damage":6,"enemies":"Exordium Thugs","floor":14,"turns":3},{"damage":31,"enemies":"Slime Boss","floor":16,"turns":3}],"seed_played":"4031257578288592631","potions_obtained":[{"floor":2.0,"key":"SneckoOil"},{"floor":3.0,"key":"AttackPotion"},{"floor":7,"key":"ColorlessPotion"},{"floor":14,"key":"Regen Potion"}],"is_trial":false,"path_per_floor":["M","M","M","M","?","R","E","M","T","R","E","M","?","M","R","B"],"character_chosen":"DEFECT","items_purchased":[],"campfire_rested":1,"item_purchase_floors":[],"current_hp_per_floor":[62,60,56,42,21,42,14,12,12,12,4,1,24,18,18,0,0],"gold":260,"neow_bonus":"UPGRADE_CARD","is_daily":false,"chose_seed":false,"campfire_upgraded":2,"win_rate":0.0,"timestamp":1610117617,"path_taken":["M","M","M","M","?","R","E","M","T","R","E","M","?","M","R","BOSS"],"items_purchased_type":[],"build_version":"2020-12-22","purchased_purges":0,"victory":false,"max_hp_per_floor":[71,71,71,71,71,71,71,71,71,71,71,71,71,71,71,71,71],"card_choices":[{"not_picked":["Turbo","Go for the Eyes"],"picked":"Darkness","floor":1.0},{"not_picked":["Streamline","Beam Cell"],"picked":"Go for the Eyes","floor":2.0},{"not_picked":["Coolheaded","Turbo"],"picked":"Cold Snap","floor":3.0},{"not_picked":["Barrage","Streamline","Leap"],"picked":"SKIP","floor":4.0},{"not_picked":["Reinforced Body","Recycle"],"picked":"Undo","floor":7},{"not_picked":["Sweeping Beam","Leap","Go for the Eyes"],"picked":"SKIP","floor":8},{"not_picked":["Redo","Creative AI"],"picked":"Tempest","floor":11},{"not_picked":["Hologram","Force Field","Streamline"],"picked":"SKIP","floor":12},{"not_picked":["Beam Cell","Rebound"],"picked":"Compile Driver","floor":14}],"player_experience":956534,"relics_obtained":[{"floor":7,"key":"Boot"},{"floor":9,"key":"Centennial Puzzle"},{"floor":11,"key":"Dream Catcher"}],"event_choices":[{"damage_healed":0.0,"max_hp_gain":0.0,"max_hp_loss":0.0,"gold_gain":0.0,"event_name":"Shining Light","player_choice":"Entered Light","floor":5.0,"gold_loss":0.0,"damage_taken":21.0,"cards_upgraded":["Cold Snap","Defend_B"]},{"damage_healed":23,"gold_gain":0,"player_choice":"Banana","damage_taken":0,"max_hp_gain":0,"max_hp_loss":0,"event_name":"Big Fish","floor":13,"gold_loss":0}],"is_beta":false,"boss_relics":[],"items_purged_floors":[],"is_endless":false,"potions_floor_spawned":[2,3,7,14],"killed_by":"Slime Boss","ascension_level":20}}