{"host":"Crutt","time":1610072706,"event":{"mods":["2.2 Compatiblity","Aspiration","BaseMod","Downfall","Googly Eyes","Hermit","Jorbs\u0027s Wanderer Trilogy","Minty Spire (QoL Compilation)","Optimize The Spire","Potionbrewer","Spicy Shops","StSLib","The Construct","The Cursed","The Disciple","The Showman","The Witch"],"gold_per_floor":[99,99,99,160,260,260,260,260,287,298,309,209,243,263,282,282,282,282],"floor_reached":16,"playtime":875,"items_purged":[],"score":200,"play_id":"14069501-d435-4f49-a48a-0521632a4624","local_time":"20210107202506","is_ascension_mode":true,"campfire_choices":[{"data":"Slimebound:Split","floor":1.0,"key":"SMITH"},{"data":"Slimebound:SlimeBarrage","floor":6.0,"key":"SMITH"},{"floor":8.0,"key":"RECALL"},{"data":"Slimebound:RallyTheTroops","floor":12.0,"key":"SMITH"}],"circlet_count":0,"master_deck":["AscendersBane","Slimebound:Strike_Slimebound","Slimebound:Strike_Slimebound","Slimebound:Strike_Slimebound","Slimebound:Tackle","Slimebound:Defend_Slimebound","Slimebound:Defend_Slimebound+1","Slimebound:Defend_Slimebound+1","Slimebound:Defend_Slimebound","Slimebound:Split+1","Slimebound:CorrosiveSpit","Slimebound:SlimeBarrage+1","Slimebound:SlimeSpikes","Slimebound:RallyTheTroops+1","Slimebound:RollThrough","Slimebound:Schlurp","Slimebound:RejuvenatingLick","Slimebound:FinishingTackle","Slimebound:ProtectTheBoss"],"relics":["Slimebound:AbsorbEndCombat","downfall:HeartsMalice","aspiration:StickyExplosives_weak","Calipers","Pantograph","downfall:HeartBlessingRed","War Paint"],"acts_visited":["Exordium"],"potions_floor_usage":[14,15,16],"damage_taken":[{"damage":0.0,"enemies":"Small Slimes","floor":2.0,"turns":1.0},{"damage":0.0,"enemies":"Gremlin Nob","floor":4.0,"turns":1.0},{"damage":0.0,"enemies":"Gremlin Nob","floor":9.0,"turns":1.0},{"damage":2.0,"enemies":"2 Louse","floor":10.0,"turns":3.0},{"damage":6.0,"enemies":"Jaw Worm","floor":11.0,"turns":2.0},{"damage":16.0,"enemies":"3 Sentries","floor":13.0,"turns":5.0},{"damage":12,"enemies":"Large Slime","floor":14,"turns":3},{"damage":12,"enemies":"Exordium Thugs","floor":15,"turns":4},{"damage":90,"enemies":"ArchetypeAct1Statuses","floor":16,"turns":13}],"seed_played":"-3420091713820763598","potions_obtained":[{"floor":9.0,"key":"Slimebound:SpawnSlimePotion"},{"floor":10.0,"key":"Strength Potion"},{"floor":11.0,"key":"hexamod:SoulburnPotion"},{"floor":14,"key":"potionbrewer:StunPotion"}],"is_trial":false,"path_per_floor":["R","M","?","?","?","R","T","R","E","M","M","R","E","M","M","B"],"character_chosen":"SLIMEBOUND","items_purchased":[],"campfire_rested":0,"item_purchase_floors":[],"current_hp_per_floor":[59,59,64,64,64,64,64,64,64,63,57,57,42,35,25,0,0,0],"gold":282,"neow_bonus":"THREE_ENEMY_KILL","is_daily":false,"chose_seed":false,"campfire_upgraded":3,"win_rate":0.0,"timestamp":1610072706,"path_taken":["R","M","?","?","?","R","T","R","E","M","M","R","E","?","M","BOSS"],"items_purchased_type":[],"build_version":"2020-12-18","purchased_purges":0,"victory":false,"max_hp_per_floor":[65,65,70,70,70,70,70,70,70,70,70,70,70,70,70,70,70,70],"card_choices":[{"not_picked":["Slimebound:LeechEnergy","Slimebound:HungryTackle"],"picked":"Slimebound:SlimeBarrage","floor":2.0},{"not_picked":["Slimebound:SamplingLick","Slimebound:GrowthPunch"],"picked":"Slimebound:SlimeSpikes","floor":4.0},{"not_picked":["Slimebound:ProtectTheBoss","Slimebound:GoopSpray"],"picked":"Slimebound:RallyTheTroops","floor":9.0},{"not_picked":["Slimebound:ItLooksTasty","Slimebound:TongueLash"],"picked":"Slimebound:RollThrough","floor":10.0},{"not_picked":["Slimebound:FinishingTackle","Slimebound:Equalize"],"picked":"Slimebound:Schlurp","floor":11.0},{"not_picked":["Slimebound:GrowthPunch","Slimebound:Grow"],"picked":"Slimebound:RejuvenatingLick","floor":13.0},{"not_picked":["Slimebound:LeechEnergy","Slimebound:GoopSpray"],"picked":"Slimebound:FinishingTackle","floor":14},{"not_picked":["Slimebound:SplitAcid","Slimebound:SplitMire"],"picked":"Slimebound:ProtectTheBoss","floor":15}],"player_experience":3638045,"relics_obtained":[{"floor":7.0,"key":"Calipers"},{"floor":9.0,"key":"Pantograph"},{"floor":13.0,"key":"War Paint"}],"event_choices":[{"damage_healed":0.0,"max_hp_gain":5.0,"max_hp_loss":0.0,"gold_gain":0.0,"event_name":"Big Fish","player_choice":"Donut","floor":3.0,"gold_loss":0.0,"damage_taken":0.0}],"is_beta":true,"boss_relics":[],"items_purged_floors":[],"is_endless":false,"potions_floor_spawned":[9,10,11,14],"killed_by":"ArchetypeAct1Statuses","ascension_level":10}}