{"host":"h4lp0eeso8a0ssq0","time":1610098986,"event":{"mods":["2.2 Compatiblity","AchievementEnabler","BaseMod","CapriCore","Colored Map","Minty Spire (QoL Compilation)","StSLib","SuperFastMode"],"gold_per_floor":[110,122,12,12,12,46,61,61,61,78,94,169,169,196,196,294,294,305,320,320,335,235,262,262,287,287,306,306,326,342,20,20,121,121,140,160,41,57,57,89,89,10,10,10,26,60,73,0,0,0,0,0,0,29,29],"floor_reached":56,"playtime":2147,"items_purged":["Strike_G","Skewer"],"score":1485,"play_id":"0d9f8fda-54fc-4c96-8516-860fb537c8df","local_time":"20210108184306","is_ascension_mode":true,"campfire_choices":[{"data":"Dash","floor":8.0,"key":"SMITH"},{"data":"Backflip","floor":13.0,"key":"SMITH"},{"data":"Adrenaline","floor":15.0,"key":"SMITH"},{"data":"Wraith Form v2","floor":24.0,"key":"SMITH"},{"floor":28.0,"key":"REST"},{"data":"Bullet Time","floor":32.0,"key":"SMITH"},{"data":"Caltrops","floor":41,"key":"SMITH"},{"data":"Night Terror","floor":44,"key":"SMITH"},{"floor":49,"key":"RECALL"},{"data":"Crippling Poison","floor":52,"key":"SMITH"}],"circlet_count":0,"master_deck":["Survivor","Neutralize","Masterful Stab","Backflip+1","Noxious Fumes","Acrobatics","Dash+1","Bouncing Flask","Poisoned Stab","Adrenaline+1","Wraith Form v2+1","Caltrops","Noxious Fumes","Choke","Noxious Fumes","Bullet Time+1","Reflex","Eviscerate","After Image","Catalyst+1","Well Laid Plans+1","Crippling Poison+1","Night Terror+1","Backflip+1","Catalyst+1","Caltrops+1"],"relics":["Ring of the Snake","NeowsBlessing","Kunai","Pantograph","Bird Faced Urn","Pandora\u0027s Box","Boot","The Courier","Orichalcum","Anchor","Singing Bowl","Busted Crown","DollysMirror","Dream Catcher","Strawberry","Red Mask","Centennial Puzzle"],"acts_visited":["Exordium","TheCity","TheBeyond","TheEnding"],"potions_floor_usage":[38,42,55],"damage_taken":[{"damage":0.0,"enemies":"2 Louse","floor":1.0,"turns":1.0},{"damage":0.0,"enemies":"Small Slimes","floor":2.0,"turns":1.0},{"damage":0.0,"enemies":"Gremlin Nob","floor":6.0,"turns":1.0},{"damage":0.0,"enemies":"Jaw Worm","floor":7.0,"turns":4.0},{"damage":13.0,"enemies":"Exordium Thugs","floor":10.0,"turns":6.0},{"damage":6.0,"enemies":"2 Fungi Beasts","floor":11.0,"turns":3.0},{"damage":10.0,"enemies":"3 Sentries","floor":14.0,"turns":7.0},{"damage":2.0,"enemies":"Slime Boss","floor":16.0,"turns":11.0},{"damage":0.0,"enemies":"Shell Parasite","floor":18.0,"turns":3.0},{"damage":0.0,"enemies":"3 Byrds","floor":19.0,"turns":3.0},{"damage":0.0,"enemies":"Sentry and Sphere","floor":21.0,"turns":5.0},{"damage":21.0,"enemies":"Slavers","floor":23.0,"turns":5.0},{"damage":50.0,"enemies":"Gremlin Leader","floor":25.0,"turns":5.0},{"damage":1.0,"enemies":"Snake Plant","floor":27.0,"turns":3.0},{"damage":0.0,"enemies":"Centurion and Healer","floor":29.0,"turns":4.0},{"damage":16.0,"enemies":"3 Cultists","floor":30.0,"turns":6.0},{"damage":25.0,"enemies":"Collector","floor":33.0,"turns":6.0},{"damage":0.0,"enemies":"3 Shapes","floor":35.0,"turns":3.0},{"damage":0,"enemies":"3 Darklings","floor":36,"turns":3},{"damage":24,"enemies":"Writhing Mass","floor":38,"turns":3},{"damage":0,"enemies":"Reptomancer","floor":40,"turns":4},{"damage":5,"enemies":"4 Shapes","floor":45,"turns":6},{"damage":0,"enemies":"Giant Head","floor":46,"turns":6},{"damage":0,"enemies":"Transient","floor":47,"turns":4},{"damage":20,"enemies":"Time Eater","floor":50,"turns":4},{"damage":31,"enemies":"Shield and Spear","floor":54,"turns":5},{"damage":19,"enemies":"The Heart","floor":55,"turns":6}],"seed_played":"-5179444480469677667","potions_obtained":[{"floor":6.0,"key":"Energy Potion"},{"floor":10.0,"key":"Swift Potion"},{"floor":14.0,"key":"SteroidPotion"},{"floor":23.0,"key":"ColorlessPotion"},{"floor":25.0,"key":"DistilledChaos"},{"floor":33.0,"key":"Weak Potion"},{"floor":38,"key":"EssenceOfSteel"},{"floor":40,"key":"Weak Potion"},{"floor":47,"key":"Ancient Potion"}],"is_trial":false,"path_per_floor":["M","M","$","?","?","E","M","R","T","M","M","?","R","E","R","B",null,"M","M","?","M","$","E","R","E","T","M","R","M","M","$","R","B",null,"M","M","$","M","?","E","R","$","T","R","M","E","M","?","R","B",null,"R","$","E","B",null],"character_chosen":"THE_SILENT","items_purchased":["Noxious Fumes","Anchor","Singing Bowl","DollysMirror","Fruit Juice"],"campfire_rested":1,"item_purchase_floors":[3,31,31,37,42],"current_hp_per_floor":[70,70,70,75,75,75,75,75,75,62,56,45,45,35,35,60,75,75,75,75,75,75,58,58,18,18,27,49,57,51,51,51,54,75,75,77,77,57,53,67,67,72,72,72,87,101,103,103,103,84,103,103,103,80,90],"gold":29,"neow_bonus":"THREE_ENEMY_KILL","is_daily":false,"chose_seed":false,"campfire_upgraded":8,"win_rate":0.0,"timestamp":1610098986,"path_taken":["M","M","$","?","?","E","M","R","T","M","M","?","R","E","R","BOSS","M","M","?","M","$","E","R","E","T","M","R","M","M","?","R","BOSS","M","M","$","M","?","E","R","$","T","R","M","E","M","?","R","BOSS","R","$","E","BOSS"],"items_purchased_type":["Card","Relic","Relic","Relic","Potion"],"build_version":"2020-12-22","purchased_purges":2,"victory":true,"max_hp_per_floor":[70,70,70,75,75,75,75,75,75,75,75,75,75,75,75,75,75,75,75,75,75,75,75,75,75,75,75,75,75,75,75,75,75,75,75,77,77,77,83,85,85,90,90,90,92,101,103,103,103,103,103,103,103,105,105],"card_choices":[{"not_picked":["Cloak And Dagger","Choke"],"picked":"Masterful Stab","floor":1.0},{"not_picked":["Masterful Stab","Quick Slash"],"picked":"Backflip","floor":2.0},{"not_picked":["Infinite Blades","Outmaneuver"],"picked":"Acrobatics","floor":6.0},{"not_picked":["All Out Attack","Bane"],"picked":"Dash","floor":7.0},{"not_picked":["Eviscerate","PiercingWail"],"picked":"Bouncing Flask","floor":10.0},{"not_picked":["Outmaneuver","Sucker Punch"],"picked":"Poisoned Stab","floor":11.0},{"not_picked":["Tools of the Trade","Unload"],"picked":"Adrenaline","floor":14.0},{"not_picked":["Venomology","Bullet Time"],"picked":"Wraith Form v2","floor":16.0},{"not_picked":["Terror","Skewer+1","Outmaneuver"],"picked":"SKIP","floor":18.0},{"not_picked":["Cloak And Dagger","Outmaneuver"],"picked":"Catalyst","floor":19.0},{"not_picked":["Slice","Sucker Punch"],"picked":"Well Laid Plans+1","floor":21.0},{"not_picked":["Envenom","Prepared"],"picked":"Crippling Poison","floor":23.0},{"not_picked":["Cloak And Dagger","Outmaneuver","Choke"],"picked":"SKIP","floor":25.0},{"not_picked":["Caltrops","Choke+1","Backstab"],"picked":"SKIP","floor":27.0},{"not_picked":["Deflect","Blur","Sucker Punch"],"picked":"SKIP","floor":29.0},{"not_picked":["Endless Agony","Underhanded Strike","Bane"],"picked":"SKIP","floor":30.0},{"not_picked":["Burst","Phantasmal Killer"],"picked":"Night Terror","floor":33.0},{"not_picked":[],"picked":"Backflip+1","floor":35.0},{"not_picked":["Setup"],"picked":"Singing Bowl","floor":36},{"not_picked":[],"picked":"Caltrops","floor":38},{"not_picked":["Bandage Up"],"picked":"Singing Bowl","floor":39},{"not_picked":["Violence"],"picked":"Singing Bowl","floor":39},{"not_picked":["Purity"],"picked":"Singing Bowl","floor":39},{"not_picked":["Accuracy"],"picked":"Singing Bowl","floor":40},{"not_picked":["Dagger Throw"],"picked":"Singing Bowl","floor":45},{"not_picked":["Dodge and Roll+1"],"picked":"Singing Bowl","floor":46},{"not_picked":["Deadly Poison"],"picked":"Singing Bowl","floor":47},{"not_picked":["Masterful Stab"],"picked":"Singing Bowl","floor":54}],"player_experience":103300,"relics_obtained":[{"floor":6.0,"key":"Kunai"},{"floor":9.0,"key":"Pantograph"},{"floor":14.0,"key":"Bird Faced Urn"},{"floor":23.0,"key":"Boot"},{"floor":25.0,"key":"The Courier"},{"floor":26.0,"key":"Orichalcum"},{"floor":40,"key":"Dream Catcher"},{"floor":46,"key":"Strawberry"},{"floor":54,"key":"Centennial Puzzle"}],"event_choices":[{"damage_healed":0.0,"max_hp_gain":5.0,"max_hp_loss":0.0,"gold_gain":0.0,"event_name":"Big Fish","player_choice":"Donut","floor":4.0,"gold_loss":0.0,"damage_taken":0.0},{"damage_healed":0.0,"max_hp_gain":0.0,"max_hp_loss":0.0,"gold_gain":0.0,"event_name":"Liars Game","player_choice":"Ignored","floor":5.0,"gold_loss":0.0,"damage_taken":0.0},{"damage_healed":0.0,"max_hp_gain":0.0,"max_hp_loss":0.0,"gold_gain":75.0,"event_name":"World of Goop","player_choice":"Gather Gold","floor":12.0,"gold_loss":0.0,"damage_taken":11.0},{"damage_healed":0.0,"max_hp_gain":0.0,"max_hp_loss":0.0,"gold_gain":0.0,"event_name":"Accursed Blacksmith","player_choice":"Forge","floor":20.0,"gold_loss":0.0,"damage_taken":0.0,"cards_upgraded":["Catalyst"]},{"damage_healed":0,"gold_gain":0,"player_choice":"Memory 3","damage_taken":10,"max_hp_gain":0,"max_hp_loss":0,"event_name":"SensoryStone","floor":39,"gold_loss":0},{"damage_healed":0,"gold_gain":0,"player_choice":"Paid","damage_taken":0,"relics_obtained":["Red Mask"],"max_hp_gain":0,"max_hp_loss":0,"event_name":"Tomb of Lord Red Mask","floor":48,"gold_loss":73}],"is_beta":false,"boss_relics":[{"not_picked":["Coffee Dripper","Empty Cage"],"picked":"Pandora\u0027s Box"},{"not_picked":["Runic Dome","Astrolabe"],"picked":"Busted Crown"}],"items_purged_floors":[3,22],"is_endless":false,"potions_floor_spawned":[6,10,14,23,25,27,30,33,36,38,40,47],"ascension_level":2}}