{"host":"vrsxkkch9ccrec7k","time":1610110001,"event":{"mods":["Act Like it!","BaseMod","Bestiary","Better Third Choice","Better Vampires","Downfall","Minty Spire (QoL Compilation)","Permanent Neow","Relic Stats","Spicy Shops","StSLib"],"gold_per_floor":[0,14,0,13,163,163,188,201,201,201,19,46,46,62,80,178,178,178,196,296,296,313,344,391,14,14,25,41,41,41,41],"floor_reached":29,"playtime":3629,"items_purged":["champ:Strike","Slimebound:Icky","champ:Defend"],"score":253,"play_id":"3d135c02-0cea-4d2c-a519-30d4005f43d2","local_time":"20210108074641","is_ascension_mode":false,"campfire_choices":[{"data":"champ:Execute","floor":1,"key":"SMITH"},{"data":"champ:RageSigil","floor":13,"key":"SMITH"},{"data":"champ:CheapShot","floor":18,"key":"SMITH"},{"floor":26,"key":"REST"}],"circlet_count":0,"master_deck":["champ:Defend","champ:Defend","champ:Defend","champ:Execute+1","champ:Taunt","champ:ShieldSigil","champ:BerserkerStyle","champ:RageSigil+1","champ:PerfectForm","champ:ShieldSigil","champ:Control","champ:GutPunch","champ:ShieldWall","champ:ViciousMockery","champ:HoldFirm","champ:BringItOn","champ:CheapShot+1","champ:TornadoPunch","champ:FocusedBerserking+1","expansioncontent:CaCaw","champ:IgnorePain"],"relics":["champ:ChampionCrownUpgraded","Smiling Mask","champ:BlackKnightHelmet","Shuriken","Ice Cream","Oddly Smooth Stone"],"acts_visited":["Exordium","TheCity"],"potions_floor_usage":[10,10,12,15,16,22,22,23,29,29],"damage_taken":[{"damage":16,"enemies":"Small Slimes","floor":2,"turns":3},{"damage":24,"enemies":"downfall:FleeingMerchant","floor":3,"turns":4},{"damage":22,"enemies":"Jaw Worm","floor":4,"turns":4},{"damage":21,"enemies":"2 Louse","floor":8,"turns":3},{"damage":62,"enemies":"Gremlin Nob","floor":10,"turns":3},{"damage":44,"enemies":"downfall:FleeingMerchant","floor":11,"turns":4},{"damage":63,"enemies":"3 Sentries","floor":12,"turns":9},{"damage":42,"enemies":"Blue Slaver","floor":14,"turns":4},{"damage":0,"enemies":"Lots of Slimes","floor":15,"turns":1},{"damage":55,"enemies":"downfall:Silent","floor":16,"turns":9},{"damage":43,"enemies":"Spheric Guardian","floor":19,"turns":6},{"damage":77,"enemies":"Spheric Guardian","floor":20,"turns":9},{"damage":33,"enemies":"Snake Plant","floor":22,"turns":5},{"damage":70,"enemies":"Book of Stabbing","floor":23,"turns":7},{"damage":43,"enemies":"downfall:FleeingMerchant","floor":25,"turns":5},{"damage":35,"enemies":"Cultist and Chosen","floor":27,"turns":7},{"damage":76,"enemies":"Shelled Parasite and Fungi","floor":28,"turns":11},{"damage":32,"enemies":"Slavers","floor":29,"turns":4}],"seed_played":"-6119369992639982904","potions_obtained":[{"floor":2,"key":"SmokeBomb"},{"floor":4,"key":"BlessingOfTheForge"},{"floor":14,"key":"ColorlessPotion"},{"floor":15,"key":"DistilledChaos"},{"floor":19,"key":"sneckomod:MuddlingPotion"},{"floor":21,"key":"Block Potion"},{"floor":21,"key":"Fire Potion"},{"floor":27,"key":"Guardian:BlockOnCardUsePotion"}],"is_trial":false,"path_per_floor":["R","M","$","M","?","?","T","M","?","E","$","E","R","M","M","B",null,"R","M","?","?","M","E","T","$","R","M","M","E"],"character_chosen":"THE_CHAMP","items_purchased":["champ:ShieldWall","Regen Potion","expansioncontent:CaCaw","champ:IgnorePain","CultistPotion"],"campfire_rested":1,"item_purchase_floors":[11,11,25,25,25],"current_hp_per_floor":[90,90,90,76,76,76,76,63,63,49,49,36,36,23,23,10,90,90,80,60,60,57,35,35,35,62,61,20,0,0,0],"gold":41,"neow_bonus":"TRANSFORM_TWO_CARDS","is_daily":false,"chose_seed":false,"campfire_upgraded":3,"win_rate":0.0,"timestamp":1610110001,"path_taken":["R","M","$","M","?","?","T","M","?","E","?","E","R","M","M","BOSS","R","M","?","?","M","E","T","$","R","M","M","E"],"items_purchased_type":["Card","Potion","Card","Card","Potion"],"build_version":"2020-12-22","purchased_purges":3,"victory":false,"max_hp_per_floor":[90,90,90,90,90,90,90,90,90,90,90,90,90,90,90,90,90,90,90,90,90,90,90,90,90,90,90,90,90,90,90],"relic_stats":{"counters":[18,98],"Shuriken":[0],"Smiling Mask":150,"obtain_stats":[{"Ice Cream":23,"champ:BlackKnightHelmet":20,"downfall:BrokenWingStatue":9,"Shuriken":20,"Oddly Smooth Stone":24,"champ:ChampionCrown":0,"champ:ChampionCrownUpgraded":17,"Smiling Mask":7},{"Ice Cream":14,"champ:BlackKnightHelmet":12,"downfall:BrokenWingStatue":4,"Shuriken":12,"Oddly Smooth Stone":14,"champ:ChampionCrown":0,"champ:ChampionCrownUpgraded":10,"Smiling Mask":3},{"Ice Cream":71,"champ:BlackKnightHelmet":59,"downfall:BrokenWingStatue":14,"Shuriken":59,"Oddly Smooth Stone":71,"champ:ChampionCrown":0,"champ:ChampionCrownUpgraded":44,"Smiling Mask":11}]},"card_choices":[{"not_picked":["champ:AdrenalArmor","champ:EndlessRage"],"picked":"champ:RageSigil","floor":2},{"not_picked":["champ:PerfectedStrike","champ:DeathBlow"],"picked":"champ:PerfectForm","floor":3},{"not_picked":["champ:Circumvent","champ:PreciseThrust"],"picked":"champ:ShieldSigil","floor":4},{"not_picked":["champ:DefensiveShout","champ:BladeFlurry"],"picked":"champ:Control","floor":8},{"not_picked":["champ:DefensiveShout","champ:FlashCut"],"picked":"champ:GutPunch","floor":11},{"not_picked":["champ:TornadoPunch","champ:GladiatorsShout"],"picked":"champ:ViciousMockery","floor":12},{"not_picked":["champ:FlashCut","champ:StanceDance"],"picked":"champ:HoldFirm","floor":14},{"not_picked":["champ:Circumvent","champ:RisingSlash"],"picked":"champ:BringItOn","floor":15},{"not_picked":["champ:HeavySlash","champ:VampiricStrike"],"picked":"champ:CheapShot","floor":16},{"not_picked":["champ:RageSigil","champ:BerserkersShout"],"picked":"champ:TornadoPunch","floor":19},{"not_picked":["champ:FightOn","champ:FlashCut"],"picked":"champ:FocusedBerserking+1","floor":22},{"not_picked":["champ:FlashCut","champ:Balance+1","champ:GladiatorStyle"],"picked":"SKIP","floor":23},{"not_picked":["champ:FanOfKnives","champ:FalseCounter","champ:RapidStrikes"],"picked":"SKIP","floor":25},{"not_picked":["champ:FalseCounter+1","champ:StanceDance","champ:AdrenalArmor"],"picked":"SKIP","floor":27},{"not_picked":["champ:FaceSlap+1","champ:FightOn","champ:EndlessRage"],"picked":"SKIP","floor":28}],"player_experience":1395168,"relics_obtained":[{"floor":7,"key":"Smiling Mask"},{"floor":20,"key":"champ:BlackKnightHelmet"},{"floor":20,"key":"Shuriken"},{"floor":23,"key":"Ice Cream"},{"floor":24,"key":"Oddly Smooth Stone"}],"event_choices":[{"damage_healed":0,"gold_gain":0,"player_choice":"Got Potions","damage_taken":0,"max_hp_gain":0,"max_hp_loss":0,"event_name":"Lab","floor":21,"gold_loss":0}],"is_beta":false,"boss_relics":[{"not_picked":["Astrolabe","Sozu"],"picked":"champ:ChampionCrownUpgraded"}],"items_purged_floors":[11,25,25],"is_endless":false,"potions_floor_spawned":[2,4,14,15,19,27],"killed_by":"Slavers","ascension_level":0}}