{"host":"b7j598ve05halrwk","time":1610078424,"event":{"mods":["2.2 Compatiblity","BaseMod","Block Reminder","DeckTracker","Minty Spire (QoL Compilation)","Relic Stats","Slay the Relics Exporter","StSLib","ojb\u0027s Better Paths Mod","ojb\u0027s Info Mod"],"gold_per_floor":[113,113,138,213,48,92,92,128,180,11,11,46,72,111,111,202,202,227,246,271,271,15,50,50,50],"floor_reached":24,"playtime":1713,"items_purged":["Strike_B"],"score":480,"play_id":"ff0af759-dfda-4ccc-8d96-b7f4bd1994ff","local_time":"20210107230024","is_ascension_mode":true,"campfire_choices":[{"floor":7.0,"key":"REST"},{"floor":11.0,"key":"REST"},{"data":"Sweeping Beam","floor":15,"key":"SMITH"}],"circlet_count":0,"master_deck":["AscendersBane","Strike_B","Defend_B","Defend_B","Defend_B","Defend_B","Zap","Dualcast","Sweeping Beam+1","Hello World","Lockon","Undo","Glacier","Conserve Battery","Rip and Tear","Electrodynamics","Ball Lightning+1","Conserve Battery","Conserve Battery","Double Energy","Defragment","Flash of Steel","Cold Snap"],"relics":["Cracked Core","Bronze Scales","Golden Idol","Anchor","Kunai","Akabeko","Bottled Flame","Ancient Tea Set","PreservedInsect","Black Star","Bag of Marbles","Toy Ornithopter"],"acts_visited":["Exordium","TheCity"],"potions_floor_usage":[16,23],"damage_taken":[{"damage":7.0,"enemies":"Jaw Worm","floor":1.0,"turns":3.0},{"damage":0.0,"enemies":"Cultist","floor":3.0,"turns":3.0},{"damage":35.0,"enemies":"3 Sentries","floor":6.0,"turns":4.0},{"damage":17.0,"enemies":"Lagavulin","floor":8.0,"turns":8.0},{"damage":13.0,"enemies":"3 Sentries","floor":12.0,"turns":7.0},{"damage":40,"enemies":"Gremlin Nob","floor":14,"turns":4},{"damage":11,"enemies":"Hexaghost","floor":16,"turns":9},{"damage":0,"enemies":"3 Byrds","floor":18,"turns":2},{"damage":11,"enemies":"Shell Parasite","floor":19,"turns":5},{"damage":10,"enemies":"Snecko","floor":20,"turns":7},{"damage":17,"enemies":"Book of Stabbing","floor":23,"turns":4},{"damage":12,"enemies":"Cultist and Chosen","floor":24,"turns":4}],"seed_played":"-5404153166596811959","potions_obtained":[{"floor":6.0,"key":"SkillPotion"},{"floor":12.0,"key":"Block Potion"},{"floor":20,"key":"Strength Potion"}],"is_trial":false,"path_per_floor":["M","?","M","?","$","E","R","E","T","$","R","E","T","E","R","B",null,"M","M","M","?","$","E","M"],"character_chosen":"DEFECT","items_purchased":["DistilledChaos","Lockon","FairyPotion","Conserve Battery","Defragment","Flash of Steel"],"campfire_rested":2,"item_purchase_floors":[5,5,10,10,22,22],"current_hp_per_floor":[57,57,57,46,46,11,30,13,13,13,32,19,19,19,19,8,50,50,39,29,29,29,12,0,0],"gold":50,"neow_bonus":"RANDOM_COMMON_RELIC","is_daily":false,"chose_seed":false,"campfire_upgraded":1,"win_rate":0.0,"timestamp":1610078424,"path_taken":["M","?","M","?","$","E","R","E","T","$","R","E","?","E","R","BOSS","M","M","?","?","$","E","M"],"items_purchased_type":["Potion","Card","Potion","Card","Card","Card"],"build_version":"2020-12-22","purchased_purges":1,"victory":false,"max_hp_per_floor":[71,64,64,64,64,64,64,64,64,64,64,64,64,64,64,64,64,64,64,64,64,64,64,64,64],"relic_stats":{"counters":[12,60],"Golden Idol":75,"Bronze Scales":[205],"PreservedInsect":43,"Black Star":1,"Kunai":[7],"obtain_stats":[{"Anchor":6,"Bottled Flame":12,"Golden Idol":2,"Bronze Scales":0,"PreservedInsect":14,"Black Star":17,"Bag of Marbles":23,"Kunai":8,"Cracked Core":0,"Ancient Tea Set":13,"Akabeko":9,"Toy Ornithopter":23},{"Anchor":3,"Bottled Flame":5,"Golden Idol":1,"Bronze Scales":0,"PreservedInsect":6,"Black Star":7,"Bag of Marbles":11,"Kunai":4,"Cracked Core":0,"Ancient Tea Set":5,"Akabeko":4,"Toy Ornithopter":11},{"Anchor":10,"Bottled Flame":25,"Golden Idol":3,"Bronze Scales":0,"PreservedInsect":29,"Black Star":38,"Bag of Marbles":56,"Kunai":18,"Cracked Core":0,"Ancient Tea Set":25,"Akabeko":18,"Toy Ornithopter":56}],"Toy Ornithopter":0},"card_choices":[{"not_picked":["Redo","Beam Cell"],"picked":"Sweeping Beam","floor":1.0},{"not_picked":["Reboot","Steam"],"picked":"Hello World","floor":3.0},{"not_picked":["Coolheaded","Streamline"],"picked":"Undo","floor":6.0},{"not_picked":["Beam Cell","Barrage"],"picked":"Glacier","floor":8.0},{"not_picked":["Gash","Steam","Reboot"],"picked":"SKIP","floor":12.0},{"not_picked":["Streamline","Force Field"],"picked":"Rip and Tear","floor":14},{"not_picked":["All For One","Rainbow"],"picked":"Electrodynamics","floor":16},{"not_picked":["Conserve Battery","Streamline"],"picked":"Ball Lightning+1","floor":18},{"not_picked":["Sweeping Beam","Coolheaded"],"picked":"Conserve Battery","floor":19},{"not_picked":["Thunder Strike","Sweeping Beam","Ball Lightning"],"picked":"SKIP","floor":20},{"not_picked":["Chaos","Gash+1"],"picked":"Cold Snap","floor":23}],"player_experience":861153,"relics_obtained":[{"floor":6.0,"key":"Anchor"},{"floor":8.0,"key":"Kunai"},{"floor":9.0,"key":"Akabeko"},{"floor":12.0,"key":"Bottled Flame"},{"floor":13.0,"key":"Ancient Tea Set"},{"floor":14,"key":"PreservedInsect"},{"floor":23,"key":"Bag of Marbles"},{"floor":23,"key":"Toy Ornithopter"}],"event_choices":[{"damage_healed":0.0,"max_hp_gain":0.0,"max_hp_loss":7.0,"gold_gain":0.0,"event_name":"Golden Idol","player_choice":"Lose Max HP","floor":2.0,"gold_loss":0.0,"damage_taken":0.0,"relics_obtained":["Golden Idol"]},{"damage_healed":0.0,"max_hp_gain":0.0,"max_hp_loss":0.0,"gold_gain":75.0,"event_name":"World of Goop","player_choice":"Gather Gold","floor":4.0,"gold_loss":0.0,"damage_taken":11.0},{"damage_healed":0,"gold_gain":0,"cards_transformed":["Strike_B","Strike_B"],"player_choice":"Became Test Subject","damage_taken":0,"max_hp_gain":0,"max_hp_loss":0,"event_name":"Drug Dealer","floor":21,"gold_loss":0,"cards_obtained":["Conserve Battery","Double Energy"]}],"is_beta":false,"boss_relics":[{"not_picked":["Tiny House","Fusion Hammer"],"picked":"Black Star"}],"items_purged_floors":[22],"is_endless":false,"potions_floor_spawned":[6,12,20],"killed_by":"Cultist and Chosen","ascension_level":20}}