{"host":"s41rn2jhghpwfrvz","time":1610111287,"event":{"mods":["BaseMod","Minty Spire (QoL Compilation)","Quick Restart","Relic Stats","SuperFastMode"],"gold_per_floor":[112,112,112,112,126,156,183,183,183,183,208,226,254,299,311,400,412,441,111,131,157,157,189,189,189,236,255,283,314,229,264,264,343,343,360,376,376,376,394,421,421,455,455,486,498,512,252,277,277,277,277,277,277,1,34,34],"floor_reached":57,"playtime":1885,"items_purged":["Quick Slash+1"],"score":3964,"play_id":"36210105-4001-480a-a068-a018b64c23d9","local_time":"20210108150807","daily_mods":["SealedDeck","Diverse","DeadlyEvents"],"is_ascension_mode":true,"campfire_choices":[{"floor":8,"key":"RECALL"},{"data":"Flex","floor":10,"key":"SMITH"},{"data":"Backflip","floor":15,"key":"SMITH"},{"data":"Collect","floor":24,"key":"SMITH"},{"data":"Blade Dance","floor":32,"key":"SMITH"},{"floor":41,"key":"REST"},{"floor":49,"key":"REST"},{"floor":53,"key":"REST"}],"circlet_count":0,"master_deck":["AscendersBane","Collect+1","Evaluate","Quick Slash+1","Flex+1","Blade Dance+1","Second Wind","Backflip+1","Evolve","Skim","Dark Embrace+1","Venomology"],"relics":["Burning Blood","Ancient Tea Set","WingedGreaves","Ornamental Fan","Pocketwatch","MawBank","PreservedInsect","SacredBark","Membership Card","FossilizedHelix","Akabeko","Blue Candle","Boot","Strawberry","Singing Bowl","Mercury Hourglass","Fusion Hammer","Molten Egg 2","Potion Belt","Bottled Tornado","Ice Cream","Sundial","Nunchaku","Smiling Mask","Bag of Preparation","Letter Opener","InkBottle"],"acts_visited":["Exordium","TheCity","TheBeyond","TheEnding"],"potions_floor_usage":[45,56,56,56,56,56,56,56,56,56],"damage_taken":[{"damage":0,"enemies":"Cultist","floor":1,"turns":3},{"damage":0,"enemies":"2 Louse","floor":5,"turns":2},{"damage":12,"enemies":"Gremlin Nob","floor":6,"turns":3},{"damage":0,"enemies":"3 Sentries","floor":7,"turns":6},{"damage":2,"enemies":"Lagavulin","floor":11,"turns":4},{"damage":1,"enemies":"Small Slimes","floor":12,"turns":3},{"damage":10,"enemies":"3 Sentries","floor":13,"turns":4},{"damage":0,"enemies":"Lagavulin","floor":14,"turns":4},{"damage":24,"enemies":"Slime Boss","floor":16,"turns":7},{"damage":10,"enemies":"3 Byrds","floor":18,"turns":6},{"damage":0,"enemies":"Chosen","floor":20,"turns":2},{"damage":11,"enemies":"Gremlin Leader","floor":23,"turns":4},{"damage":0,"enemies":"Snake Plant","floor":27,"turns":3},{"damage":0,"enemies":"Book of Stabbing","floor":28,"turns":3},{"damage":29,"enemies":"Slavers","floor":29,"turns":4},{"damage":28,"enemies":"Gremlin Leader","floor":31,"turns":2},{"damage":0,"enemies":"Champ","floor":33,"turns":3},{"damage":0,"enemies":"Orb Walker","floor":35,"turns":2},{"damage":0,"enemies":"3 Darklings","floor":36,"turns":2},{"damage":18,"enemies":"Writhing Mass","floor":39,"turns":2},{"damage":0,"enemies":"Reptomancer","floor":40,"turns":2},{"damage":0,"enemies":"Giant Head","floor":42,"turns":2},{"damage":0,"enemies":"Nemesis","floor":44,"turns":3},{"damage":0,"enemies":"Transient","floor":45,"turns":4},{"damage":0,"enemies":"Sphere and 2 Shapes","floor":46,"turns":3},{"damage":0,"enemies":"Giant Head","floor":48,"turns":2},{"damage":12,"enemies":"Donu and Deca","floor":50,"turns":2},{"damage":0,"enemies":"Awakened One","floor":51,"turns":3},{"damage":0,"enemies":"Shield and Spear","floor":55,"turns":1},{"damage":0,"enemies":"The Heart","floor":56,"turns":5}],"seed_played":"8758244117494774678","potions_obtained":[{"floor":5,"key":"Fire Potion"},{"floor":11,"key":"FairyPotion"},{"floor":16,"key":"LiquidMemories"},{"floor":42,"key":"LiquidMemories"},{"floor":44,"key":"Block Potion"},{"floor":46,"key":"HeartOfIron"}],"is_trial":true,"path_per_floor":["M","?","?","?","M","E","E","R","T","R","E","M","E","E","R","B",null,"M","$","M","T","?","E","R","$","T","M","E","E","?","E","R","B",null,"M","M","?","?","M","E","R","E","T","E","M","M","$","E","R","B","B",null,"R","$","E","B",null],"character_chosen":"IRONCLAD","items_purchased":["Membership Card","FossilizedHelix","Sundial","Nunchaku","Bag of Preparation","EntropicBrew","Letter Opener"],"campfire_rested":3,"item_purchase_floors":[19,19,47,47,54,54,54],"current_hp_per_floor":[74,51,44,44,50,44,50,50,50,50,54,59,55,61,61,43,67,63,63,69,69,75,70,70,70,70,75,75,59,59,39,39,47,76,84,90,86,86,76,84,100,102,102,104,106,108,108,110,110,104,110,110,110,110,110,110],"gold":34,"neow_bonus":"","is_daily":false,"chose_seed":false,"campfire_upgraded":4,"win_rate":0.0,"timestamp":1610111287,"path_taken":["M","?","?","?","M","E","E","R","T","R","E","M","E","E","R","BOSS","M","$","?","?","?","E","R","$","T","M","E","?","?","E","R","BOSS","M","M","?","?","?","E","R","E","T","E","M","M","$","E","R","BOSS","BOSS","R","$","E","BOSS"],"items_purchased_type":["Relic","Relic","Relic","Relic","Relic","Potion","Relic"],"build_version":"2020-12-22","purchased_purges":1,"victory":true,"max_hp_per_floor":[75,75,75,75,75,75,75,75,75,75,75,75,75,75,75,75,75,75,75,75,75,75,75,75,75,75,75,75,82,82,84,84,86,86,88,90,96,96,98,100,100,102,102,104,106,108,108,110,110,110,110,110,110,110,110,110],"relic_stats":{"Singing Bowl":28,"counters":[30,96],"Blue Candle":[0],"PreservedInsect":625,"Bag of Preparation":[4],"Letter Opener":[95],"MawBank":72,"Boot":[77],"Smiling Mask":0,"Burning Blood":129,"Mercury Hourglass":[148],"Nunchaku":[14],"Ornamental Fan":[476],"Sundial":[216],"obtain_stats":[{"Ice Cream":44,"Singing Bowl":30,"SacredBark":17,"Bag of Preparation":54,"Bottled Tornado":43,"Ancient Tea Set":4,"Boot":28,"Smiling Mask":48,"Burning Blood":0,"Nunchaku":47,"Sundial":47,"Strawberry":29,"WingedGreaves":6,"Fusion Hammer":34,"InkBottle":55,"Potion Belt":42,"Blue Candle":23,"PreservedInsect":14,"Letter Opener":54,"MawBank":13,"Akabeko":21,"Mercury Hourglass":31,"Ornamental Fan":9,"Molten Egg 2":40,"Membership Card":19,"FossilizedHelix":19,"Pocketwatch":11},{"Ice Cream":23,"Singing Bowl":15,"SacredBark":9,"Bag of Preparation":28,"Bottled Tornado":22,"Ancient Tea Set":1,"Boot":14,"Smiling Mask":26,"Burning Blood":0,"Nunchaku":25,"Sundial":25,"Strawberry":15,"WingedGreaves":3,"Fusion Hammer":17,"InkBottle":29,"Potion Belt":22,"Blue Candle":12,"PreservedInsect":8,"Letter Opener":28,"MawBank":7,"Akabeko":11,"Mercury Hourglass":16,"Ornamental Fan":4,"Molten Egg 2":21,"Membership Card":10,"FossilizedHelix":10,"Pocketwatch":5},{"Ice Cream":76,"Singing Bowl":58,"SacredBark":36,"Bag of Preparation":90,"Bottled Tornado":73,"Ancient Tea Set":3,"Boot":54,"Smiling Mask":85,"Burning Blood":0,"Nunchaku":83,"Sundial":83,"Strawberry":58,"WingedGreaves":8,"Fusion Hammer":63,"InkBottle":91,"Potion Belt":73,"Blue Candle":48,"PreservedInsect":29,"Letter Opener":90,"MawBank":25,"Akabeko":44,"Mercury Hourglass":60,"Ornamental Fan":14,"Molten Egg 2":71,"Membership Card":42,"FossilizedHelix":42,"Pocketwatch":18}],"InkBottle":[1],"Pocketwatch":[25]},"card_choices":[{"not_picked":["Pommel Strike","Uppercut","Crescendo"],"picked":"SKIP","floor":1},{"not_picked":["SignatureMove","Indignation","JustLucky"],"picked":"SKIP","floor":5},{"not_picked":["Flying Knee","Brilliance"],"picked":"Evolve","floor":6},{"not_picked":["Dagger Throw","Streamline","Demon Form"],"picked":"SKIP","floor":7},{"not_picked":["Dagger Throw","Streamline","Demon Form"],"picked":"SKIP","floor":7},{"not_picked":["Anger","CrushJoints","Dodge and Roll"],"picked":"SKIP","floor":11},{"not_picked":["Halt","BowlingBash","Aggregate"],"picked":"SKIP","floor":12},{"not_picked":["Crescendo","Cloak And Dagger","Scrape"],"picked":"SKIP","floor":13},{"not_picked":["Consecrate","Deadly Poison","Burst"],"picked":"SKIP","floor":14},{"not_picked":["Halt","JustLucky","FollowUp"],"picked":"SKIP","floor":18},{"not_picked":["Deadly Poison","Flex","Headbutt+1"],"picked":"SKIP","floor":20},{"not_picked":["Phantasmal Killer","PathToVictory","Auto Shields"],"picked":"SKIP","floor":23},{"not_picked":["Ghostly Armor","PathToVictory","Cloak And Dagger"],"picked":"SKIP","floor":27},{"not_picked":["Fission","Cleave+1"],"picked":"Skim","floor":28},{"not_picked":["Evolve","Prepared"],"picked":"Dark Embrace+1","floor":29},{"not_picked":["Warcry","Shockwave","Uppercut"],"picked":"Singing Bowl","floor":31},{"not_picked":["Bullet Time","Phantasmal Killer","Reboot"],"picked":"Singing Bowl","floor":33},{"not_picked":["ThirdEye","Hello World+1","Genetic Algorithm"],"picked":"Singing Bowl","floor":35},{"not_picked":["Body Slam","Deadly Poison","Pommel Strike"],"picked":"Singing Bowl","floor":36},{"not_picked":["Trip","Deep Breath","Transmutation"],"picked":"Singing Bowl","floor":37},{"not_picked":["Impatience","Blind","Dramatic Entrance"],"picked":"Singing Bowl","floor":37},{"not_picked":["Flash of Steel","Finesse","Panacea"],"picked":"Singing Bowl","floor":37},{"not_picked":["Darkness","Coolheaded","Worship"],"picked":"Singing Bowl","floor":39},{"not_picked":["Turbo","Havoc","Berserk"],"picked":"Singing Bowl","floor":40},{"not_picked":["Rebound+1","Dash+1","Tools of the Trade"],"picked":"Singing Bowl","floor":42},{"not_picked":["Blizzard+1","Battle Trance","PathToVictory"],"picked":"Singing Bowl","floor":44},{"not_picked":["Recycle","Dodge and Roll","Crippling Poison+1"],"picked":"Singing Bowl","floor":45},{"not_picked":["BattleHymn","SignatureMove+1","Flying Knee+1"],"picked":"Singing Bowl","floor":46},{"not_picked":["Pray+1","Anger+1","Vengeance+1"],"picked":"Singing Bowl","floor":48},{"not_picked":["Flying Knee+1","Uppercut+1"],"picked":"Venomology","floor":55}],"player_experience":1675391,"relics_obtained":[{"floor":6,"key":"WingedGreaves"},{"floor":9,"key":"Ornamental Fan"},{"floor":11,"key":"Pocketwatch"},{"floor":13,"key":"MawBank"},{"floor":14,"key":"PreservedInsect"},{"floor":21,"key":"Akabeko"},{"floor":23,"key":"Blue Candle"},{"floor":28,"key":"Boot"},{"floor":29,"key":"Strawberry"},{"floor":31,"key":"Mercury Hourglass"},{"floor":40,"key":"Molten Egg 2"},{"floor":42,"key":"Potion Belt"},{"floor":43,"key":"Bottled Tornado"},{"floor":44,"key":"Ice Cream"},{"floor":48,"key":"Smiling Mask"},{"floor":55,"key":"InkBottle"}],"event_choices":[{"damage_healed":0,"gold_gain":0,"player_choice":"Entered Light","damage_taken":23,"max_hp_gain":0,"max_hp_loss":0,"event_name":"Shining Light","floor":2,"gold_loss":0,"cards_upgraded":["Quick Slash","Quick Slash"]},{"cards_removed":["Capacitor"],"damage_healed":0,"gold_gain":0,"player_choice":"Card Removal","damage_taken":7,"max_hp_gain":0,"max_hp_loss":0,"event_name":"Golden Wing","floor":3,"gold_loss":0},{"cards_removed":["Steam"],"damage_healed":0,"gold_gain":0,"player_choice":"Gave Card","damage_taken":0,"relics_obtained":["Ancient Tea Set"],"max_hp_gain":0,"max_hp_loss":0,"event_name":"WeMeetAgain","floor":4,"gold_loss":0},{"damage_healed":15,"gold_gain":0,"player_choice":"Heal","damage_taken":0,"max_hp_gain":0,"max_hp_loss":0,"event_name":"The Library","floor":22,"gold_loss":0},{"damage_healed":0,"gold_gain":0,"player_choice":"Obtained Relic","damage_taken":0,"relics_obtained":["Singing Bowl"],"max_hp_gain":0,"max_hp_loss":0,"event_name":"Addict","floor":30,"gold_loss":85},{"damage_healed":0,"gold_gain":0,"player_choice":"Memory 3","damage_taken":10,"max_hp_gain":0,"max_hp_loss":0,"event_name":"SensoryStone","floor":37,"gold_loss":0},{"damage_healed":0,"gold_gain":0,"player_choice":"Ignored","damage_taken":0,"max_hp_gain":0,"max_hp_loss":0,"event_name":"Tomb of Lord Red Mask","floor":38,"gold_loss":0}],"is_beta":false,"boss_relics":[{"not_picked":["Empty Cage","Tiny House"],"picked":"SacredBark"},{"not_picked":["Runic Cube","Philosopher\u0027s Stone"],"picked":"Fusion Hammer"}],"items_purged_floors":[47],"is_endless":false,"potions_floor_spawned":[5,11,12,13,16,18,20,28,29,39,42,44,46],"ascension_level":20}}