{"host":"bpkhhmvsfrvlto2l","time":1610076568,"event":{"mods":["2.2 Compatiblity","AchievementEnabler","Act Like it!","AlwaysNeverKeys","Aspiration","BaseMod","Better Silent Start","Challenge The Spire","Colored Map","Colored Powertips","Custom Start","Downfall","Energized Spire","Friendly Minions","GifTheSpireLib","Halation","Hubris","Infinite Spire","Ironclad Rager","Mimic Mod","Minty Spire (QoL Compilation)","Permanent Neow","Quick Restart","Random Character Button","Relic Sorter","Replay The Spire","Spikes Relics","StSLib","Stuff the Spire","Swap Starting Deck Mod","Trackpad"],"gold_per_floor":[117,136,151,169,16,16,47,47,97,97,131,131,131,131,131,235,235,252,252,252,268,116,116,116],"floor_reached":23,"playtime":466,"items_purged":[],"score":246,"play_id":"1c66cc39-ce4c-4a3f-bbf1-3b61b074a258","local_time":"20210107222928","is_ascension_mode":true,"campfire_choices":[{"data":"Zap","floor":6.0,"key":"SMITH"},{"data":"Dualcast","floor":8.0,"key":"SMITH"},{"floor":12.0,"key":"REST"},{"data":"Specialist","floor":15.0,"key":"SMITH"}],"circlet_count":0,"master_deck":["Strike_B","Strike_B","Strike_B","Strike_B","Defend_B","Defend_B","Defend_B","Defend_B","Zap+1","Dualcast+1","Specialist+1"],"relics":["Cracked Core","hubris:Icosahedron","hubris:BallOfYels","Geode","Centennial Puzzle","hubris:TenFootPole","Ring of Chaos","Mirror","TungstenRod","Inserter","trackpad:AdjectivePendant"],"acts_visited":["Exordium","TheCity"],"potions_floor_usage":[21,23,23],"damage_taken":[{"damage":9.0,"enemies":"Jaw Worm","floor":1.0,"turns":3.0},{"damage":0.0,"enemies":"2 Louse","floor":2.0,"turns":1.0},{"damage":5.0,"enemies":"Small Slimes","floor":3.0,"turns":3.0},{"damage":7.0,"enemies":"Looter","floor":4.0,"turns":3.0},{"damage":8.0,"enemies":"Gremlin Nob","floor":7.0,"turns":3.0},{"damage":20.0,"enemies":"3 Sentries","floor":11.0,"turns":5.0},{"damage":23,"enemies":"The Guardian","floor":16,"turns":11},{"damage":2,"enemies":"Chosen","floor":18,"turns":3},{"damage":0,"enemies":"3 Byrds","floor":21,"turns":1},{"damage":50,"enemies":"Gremlin Leader","floor":23,"turns":5}],"seed_played":"-4927554195904867358","potions_obtained":[{"floor":2.0,"key":"LiquidMemories"},{"floor":3.0,"key":"GamblersBrew"},{"floor":11.0,"key":"Death Potion"},{"floor":18,"key":"PowerPotion"},{"floor":21,"key":"Energy Potion"}],"is_trial":false,"path_per_floor":["M","M","M","M","$","R","E","R","T","?","E","R","?","?","R","B",null,"M","?","AVR","M","$","E"],"character_chosen":"DEFECT","items_purchased":["hubris:BallOfYels","trackpad:AdjectivePendant"],"campfire_rested":1,"item_purchase_floors":[5,22],"current_hp_per_floor":[66,66,61,54,54,54,46,46,46,46,26,48,48,48,48,25,63,61,61,61,61,61,11,11],"gold":116,"neow_bonus":"RANDOM_COLORLESS","is_daily":false,"chose_seed":false,"campfire_upgraded":3,"win_rate":0.0,"timestamp":1610076568,"path_taken":["M","M","M","M","$","R","E","R","T","?","E","R","?","?","R","BOSS","M","?","AVR","M","$","E"],"items_purchased_type":["Relic","Relic"],"build_version":"2020-12-22","purchased_purges":0,"victory":false,"max_hp_per_floor":[75,75,75,75,75,75,75,75,75,75,75,75,75,75,75,75,75,75,75,75,75,75,75,75],"card_choices":[{"not_picked":["Replay:SS_hec_4","expansioncontent:ChargeUp"],"picked":"Specialist","floor":0.0},{"not_picked":["Panic Button","Compile Driver","Hologram+1"],"picked":"SKIP","floor":21}],"player_experience":40637,"relics_obtained":[{"floor":7.0,"key":"Geode"},{"floor":9.0,"key":"Centennial Puzzle"},{"floor":11.0,"key":"hubris:TenFootPole"}],"event_choices":[{"damage_healed":0.0,"max_hp_gain":0.0,"max_hp_loss":0.0,"gold_gain":0.0,"event_name":"Golden Wing","player_choice":"Ignored","floor":13.0,"gold_loss":0.0,"damage_taken":0.0},{"damage_healed":0,"gold_gain":0,"player_choice":"Opened","damage_taken":0,"relics_obtained":["Mirror"],"max_hp_gain":0,"max_hp_loss":0,"event_name":"The Mausoleum","floor":19,"gold_loss":0}],"is_beta":false,"boss_relics":[{"not_picked":["aspiration:PoetsPen_weak","halation:Risk"],"picked":"Ring of Chaos"}],"items_purged_floors":[],"is_endless":false,"potions_floor_spawned":[2,3,11,18,21],"killed_by":"Gremlin Leader","ascension_level":5}}