{"host":"r2xhbz7xmd090pnn","time":1610106100,"event":{"mods":["AchievementEnabler","BaseMod","Card Forge","Minty Spire (QoL Compilation)","Replay The Spire","StSLib","SuperFastMode"],"gold_per_floor":[114,176,190,123,136,136,136,161,171,121,144,172,172,172,192,208,208,305,305,321,338,354,210,221,251,286,236,261,273,296,19,37,54,54,156,156,166,16,28,28,28,53,53,79,104,137,137,156,167,182,182,182],"floor_reached":53,"playtime":861,"items_purged":[],"score":1009,"play_id":"b1b149c0-f514-4598-b527-6173595c2aff","local_time":"20210108034140","is_ascension_mode":true,"campfire_choices":[{"floor":14,"key":"REST"},{"data":"Defend_R+5","floor":17,"key":"SMITH"},{"floor":43,"key":"DIG"},{"floor":47,"key":"DIG"},{"data":"Parasite","floor":51,"key":"PURGE"}],"circlet_count":0,"master_deck":["Bash+1","Iron Wave+1","Sword Boomerang+1","Massacre+1","Limit Break+1","Inflame+1","Pommel Strike+1","Dropkick+1","Wild Strike+1","Double Tap+1","Shrug It Off+1","Searing Blow+8","Run Through+1","ReplayTheSpireMod:Muscle Training+1","Thunderclap+1"],"relics":["Burning Blood","Hammer of Thor","Seething Fire","Anvil of the Gods","Simple Rune","Bag of Preparation","Bag of Marbles","Chameleon Ring","Fusion Hammer","Lantern","Replay:Multitool","Red Mask","MawBank","Sling","Ancient Tea Set","SlaversCollar","Membership Card","WarpedTongs","Toxic Egg 2","Strawberry","TungstenRod","Blood Vial","Gremlin Food","ReplayTheSpireMod:Shallot"],"acts_visited":["Exordium","TheCity","TheBeyond"],"potions_floor_usage":[35,35,35,46],"damage_taken":[{"damage":12,"enemies":"Jaw Worm","floor":1,"turns":2},{"damage":6,"enemies":"Cultist","floor":3,"turns":3},{"damage":0,"enemies":"2 Louse","floor":5,"turns":2},{"damage":1,"enemies":"Gremlin Nob","floor":8,"turns":3},{"damage":0,"enemies":"Exordium Wildlife","floor":9,"turns":2},{"damage":29,"enemies":"Lagavulin","floor":12,"turns":4},{"damage":0,"enemies":"Looter","floor":15,"turns":1},{"damage":0,"enemies":"3 Louse","floor":16,"turns":1},{"damage":3,"enemies":"The Guardian","floor":18,"turns":3},{"damage":6,"enemies":"3 Byrds","floor":20,"turns":3},{"damage":0,"enemies":"2 Thieves","floor":21,"turns":1},{"damage":12,"enemies":"Cultist and Chosen","floor":22,"turns":2},{"damage":0,"enemies":"3 Cultists","floor":24,"turns":2},{"damage":22,"enemies":"Book of Stabbing","floor":25,"turns":3},{"damage":0,"enemies":"Masked Bandits","floor":26,"turns":1},{"damage":0,"enemies":"Snake Plant","floor":30,"turns":1},{"damage":4,"enemies":"Chosen and Byrds","floor":32,"turns":3},{"damage":11,"enemies":"Snecko","floor":33,"turns":3},{"damage":1,"enemies":"Collector","floor":35,"turns":2},{"damage":0,"enemies":"3 Darklings","floor":37,"turns":1},{"damage":1,"enemies":"Orb Walker","floor":39,"turns":2},{"damage":7,"enemies":"R_Hoarder","floor":42,"turns":3},{"damage":1,"enemies":"Reptomancer","floor":44,"turns":1},{"damage":0,"enemies":"Nemesis","floor":46,"turns":1},{"damage":0,"enemies":"Spire Growth","floor":48,"turns":1},{"damage":0,"enemies":"Writhing Mass","floor":49,"turns":2},{"damage":0,"enemies":"Jaw Worm Horde","floor":50,"turns":2},{"damage":48,"enemies":"Awakened One","floor":52,"turns":5}],"seed_played":"-6879548365921093843","potions_obtained":[{"floor":2,"key":"Cursed Concoction"},{"floor":2,"key":"Venom Potion"},{"floor":2,"key":"Toxic Potion"},{"floor":37,"key":"LifebloodPotion"},{"floor":44,"key":"DuplicationPotion"},{"floor":46,"key":"Energy Potion"}],"is_trial":false,"path_per_floor":["M","?","M","$","M","PTL","PTL","E","M","?","T","E","T","R","M","M","R","B",null,"M","M","M","$","M","E","?","?","T","R","M","$","M","M","R","B",null,"M","$","M","?","?","E","R","E","T","E","R","M","M","M","R","B",null],"character_chosen":"IRONCLAD","items_purchased":["Limit Break","Lantern","Sling","Ancient Tea Set","Membership Card"],"campfire_rested":1,"item_purchase_floors":[4,23,31,31,38],"current_hp_per_floor":[82,82,82,82,88,88,88,88,88,88,88,65,65,88,88,88,88,88,88,88,88,82,82,88,72,78,78,78,88,88,88,88,83,83,88,88,88,88,88,88,88,87,94,95,95,95,95,95,95,95,92,50],"gold":182,"neow_bonus":"TEN_PERCENT_HP_BONUS","is_daily":false,"chose_seed":false,"campfire_upgraded":1,"win_rate":0.0,"timestamp":1610106100,"path_taken":["M","?","M","$","M","PTL","PTL","E","?","?","T","E","?","R","M","M","R","BOSS","M","M","M","$","M","E","?","?","T","R","?","$","M","M","R","BOSS","M","$","M","?","?","E","R","E","T","E","R","M","?","M","R","BOSS"],"items_purchased_type":["Card","Relic","Relic","Relic","Relic"],"build_version":"2020-12-22","purchased_purges":0,"victory":true,"max_hp_per_floor":[88,88,88,88,88,88,88,88,88,88,88,88,88,88,88,88,88,88,88,88,88,88,88,88,88,88,88,88,88,88,88,88,88,88,88,88,88,88,88,88,88,88,95,95,95,95,95,95,95,95,92,92],"card_choices":[{"not_picked":["ReplayTheSpireMod:Strike From Hell","Abandon"],"picked":"Iron Wave","floor":1},{"not_picked":["Armaments","Twin Strike"],"picked":"Sword Boomerang","floor":2},{"not_picked":["Burning Pact","Run Through"],"picked":"Massacre","floor":3},{"not_picked":["Cleave","Feed"],"picked":"Inflame","floor":5},{"not_picked":["Combust","Life Link"],"picked":"Pommel Strike","floor":8},{"not_picked":["Rampage","Shrug It Off","Armaments"],"picked":"SKIP","floor":9},{"not_picked":["Bloodletting","Shockwave"],"picked":"Carnage","floor":12},{"not_picked":["Shrug It Off","Life Link"],"picked":"Dropkick","floor":15},{"not_picked":["Metallicize","ReplayTheSpireMod:Strike From Hell"],"picked":"Wild Strike","floor":16},{"not_picked":["Corruption","Bludgeon"],"picked":"Double Tap","floor":18},{"not_picked":["ReplayTheSpireMod:Limb From Limb","ReplayTheSpireMod:Corrosion Curse","Twin Strike+1"],"picked":"SKIP","floor":20},{"not_picked":["Sever Soul+1","ReplayTheSpireMod:Strike From Hell","Clash+1"],"picked":"SKIP","floor":21},{"not_picked":["Twin Strike","True Grit"],"picked":"Shrug It Off+1","floor":22},{"not_picked":["Perfected Strike","ReplayTheSpireMod:Limb From Limb"],"picked":"Searing Blow+1","floor":24},{"not_picked":["Iron Wave","ReplayTheSpireMod:Stacked"],"picked":"Run Through","floor":25},{"not_picked":["Feel No Pain","Armaments+1","Headbutt+1"],"picked":"SKIP","floor":30},{"not_picked":["Body Slam+1","ReplayTheSpireMod:Corrosion Curse"],"picked":"ReplayTheSpireMod:Muscle Training+1","floor":32},{"not_picked":["Sever Soul","Flex","Wild Strike"],"picked":"SKIP","floor":33},{"not_picked":["Armaments+1","Body Slam"],"picked":"Thunderclap+1","floor":37},{"not_picked":["Twin Strike","Body Slam","Iron Wave"],"picked":"SKIP","floor":39},{"not_picked":["Thunderclap+1","Cleave+1","Sever Soul"],"picked":"SKIP","floor":42},{"not_picked":["Bludgeon","Feel No Pain","Wild Strike+1"],"picked":"SKIP","floor":44},{"not_picked":["Burning Pact+1","Blood for Blood","Headbutt"],"picked":"SKIP","floor":46},{"not_picked":["Abandon+1","True Grit+1","Twin Strike+1"],"picked":"SKIP","floor":48},{"not_picked":["Run Through+1","True Grit+1","Rampage+1"],"picked":"SKIP","floor":49},{"not_picked":["Blood for Blood+1","Power Through+1","Thunderclap+1"],"picked":"SKIP","floor":50}],"player_experience":3549,"relics_obtained":[{"floor":8,"key":"Simple Rune"},{"floor":11,"key":"Bag of Preparation"},{"floor":12,"key":"Bag of Marbles"},{"floor":13,"key":"Chameleon Ring"},{"floor":25,"key":"Replay:Multitool"},{"floor":26,"key":"Red Mask"},{"floor":28,"key":"MawBank"},{"floor":42,"key":"Toxic Egg 2"},{"floor":43,"key":"Strawberry"},{"floor":44,"key":"TungstenRod"},{"floor":45,"key":"Blood Vial"},{"floor":46,"key":"Gremlin Food"},{"floor":47,"key":"ReplayTheSpireMod:Shallot"}],"event_choices":[{"cards_removed":["Strike_R"],"damage_healed":0,"gold_gain":0,"player_choice":"Card Removal","damage_taken":0,"max_hp_gain":0,"max_hp_loss":0,"event_name":"The Cleric","floor":10,"gold_loss":50},{"damage_healed":0,"gold_gain":0,"player_choice":"Fought Bandits","damage_taken":0,"max_hp_gain":0,"max_hp_loss":0,"event_name":"Masked Bandits","floor":26,"gold_loss":0},{"damage_healed":0,"gold_gain":0,"player_choice":"Bet on Murderer","damage_taken":0,"max_hp_gain":0,"max_hp_loss":0,"event_name":"The Joust","floor":27,"gold_loss":50},{"damage_healed":0,"gold_gain":0,"player_choice":"Rummage","damage_taken":0,"relics_obtained":["WarpedTongs"],"max_hp_gain":0,"max_hp_loss":0,"event_name":"Accursed Blacksmith","floor":41,"gold_loss":0,"cards_obtained":["Pain"]}],"is_beta":false,"boss_relics":[{"not_picked":["Runic Pyramid","Busted Crown"],"picked":"Fusion Hammer"},{"not_picked":["Electric Blood","Replay:Wanted Poster"],"picked":"SlaversCollar"}],"items_purged_floors":[],"is_endless":false,"potions_floor_spawned":[3,12,15,16,20,22,26,30,32,37,44,46],"ascension_level":2}}