{"host":"obbn5gje3893ci3z","time":1610100288,"event":{"mods":["BaseMod","Colored Powertips","Minty Spire (QoL Compilation)","Remilia£®¿Ÿ√◊¿Ú—«£©"],"gold_per_floor":[118,138,138,158,158,193,193,224,224,253,133,133,145,176,176,278,278,297,197,214,214,234,234,259,259,285,332,363,401,428,471,483,598,610,640,662,399,399,249,283,297,297,322,333,158,193,193,243,243,243],"floor_reached":51,"playtime":2334,"items_purged":["Defend_RM","Defend_RM","Strike_RM","Strike_RM","Strike_RM"],"score":1214,"play_id":"69b11bee-e23a-4b7f-a689-f19bcd90a502","local_time":"20210108180448","is_ascension_mode":true,"campfire_choices":[{"data":"CurseOfVladTepes","floor":7.0,"key":"SMITH"},{"data":"BadLadyScramble","floor":12.0,"key":"SMITH"},{"data":"KillingBlow","floor":15.0,"key":"SMITH"},{"data":"QueenOfMidnight","floor":23.0,"key":"SMITH"},{"data":"UltimateOffering","floor":32.0,"key":"SMITH"},{"data":"EquivalentExchange","floor":42.0,"key":"SMITH"},{"data":"Strike_RM","floor":47,"key":"PURGE"},{"data":"RedMoon","floor":49,"key":"PURGE"}],"circlet_count":0,"master_deck":["ScarletShoot","BloodyMagicSquare+1","CurseOfVladTepes+1","BadLadyScramble+1","VampireKiss","KillingBlow+1","QueenOfMidnight+1","ForbiddenFruit+1","VampireKiss+1","BlasphemousPunishment+1","BlasphemousPunishment+1","BlasphemousPunishment+1","UltimateOffering+1","EquivalentExchange+1","BloodyMagicSquare+1"],"relics":["ScarletHat","NeowsBlessing","Anchor","Gambling Chip","ScarletDevilRocket","Bottled Lightning","Ornamental Fan","Lantern","Black Star","Toxic Egg 2","Strawberry","Oddly Smooth Stone","MawBank","Mercury Hourglass","Bag of Marbles","Juzu Bracelet","RedBat","Ancient Tea Set","Regal Pillow","APieceOfRedMist","DollysMirror","Orichalcum","War Paint","Dream Catcher","Peace Pipe","Thread and Needle"],"acts_visited":["Exordium","TheCity","TheBeyond"],"potions_floor_usage":[],"damage_taken":[{"damage":0.0,"enemies":"Jaw Worm","floor":1.0,"turns":1.0},{"damage":0.0,"enemies":"Cultist","floor":2.0,"turns":1.0},{"damage":0.0,"enemies":"Small Slimes","floor":4.0,"turns":1.0},{"damage":21.0,"enemies":"Lagavulin","floor":6.0,"turns":7.0},{"damage":6.0,"enemies":"Gremlin Nob","floor":8.0,"turns":5.0},{"damage":11.0,"enemies":"Lagavulin","floor":10.0,"turns":7.0},{"damage":8.0,"enemies":"Blue Slaver","floor":13.0,"turns":2.0},{"damage":5.0,"enemies":"3 Sentries","floor":14.0,"turns":8.0},{"damage":5.0,"enemies":"The Guardian","floor":16.0,"turns":10.0},{"damage":41.0,"enemies":"2 Thieves","floor":18.0,"turns":3.0},{"damage":38.0,"enemies":"Spheric Guardian","floor":20.0,"turns":2.0},{"damage":47.0,"enemies":"Snake Plant","floor":22.0,"turns":2.0},{"damage":56.0,"enemies":"Slavers","floor":24.0,"turns":6.0},{"damage":49.0,"enemies":"Book of Stabbing","floor":27.0,"turns":4.0},{"damage":45.0,"enemies":"Snecko","floor":28.0,"turns":2.0},{"damage":63.0,"enemies":"Slavers","floor":29.0,"turns":3.0},{"damage":70.0,"enemies":"Centurion and Healer","floor":30.0,"turns":2.0},{"damage":71.0,"enemies":"Gremlin Leader","floor":31.0,"turns":2.0},{"damage":77.0,"enemies":"Collector","floor":33.0,"turns":1.0},{"damage":41.0,"enemies":"3 Darklings","floor":35.0,"turns":1.0},{"damage":41.0,"enemies":"3 Shapes","floor":36.0,"turns":1.0},{"damage":79.0,"enemies":"Reptomancer","floor":40.0,"turns":1.0},{"damage":84.0,"enemies":"Maw","floor":41.0,"turns":2.0},{"damage":73.0,"enemies":"4 Shapes","floor":44.0,"turns":1.0},{"damage":71.0,"enemies":"Nemesis","floor":46.0,"turns":1.0},{"damage":81,"enemies":"Mind Bloom Boss Battle","floor":48,"turns":1},{"damage":92,"enemies":"Time Eater","floor":50,"turns":5}],"seed_played":"6049498751983241231","potions_obtained":[{"floor":1.0,"key":"Block Potion"},{"floor":8.0,"key":"Regen Potion"},{"floor":14.0,"key":"SpeedPotion"},{"floor":16.0,"key":"Regen Potion"},{"floor":27.0,"key":"Strength Potion"}],"is_trial":false,"path_per_floor":["M","M","?","M","?","E","R","E","T","E","$","R","M","E","R","B",null,"M","$","M","?","M","R","E","?","T","E","M","E","M","E","R","B",null,"M","M","$","?","$","E","M","R","T","M","$","E","R","?","R","B",null],"character_chosen":"REMILIA","items_purchased":["VampireKiss","DollysMirror"],"campfire_rested":0,"item_purchase_floors":[11,37],"current_hp_per_floor":[75,75,75,75,42,25,25,21,21,15,15,15,10,7,7,19,75,75,75,75,75,75,75,77,77,77,80,80,79,82,82,82,82,82,82,82,82,82,82,82,82,82,82,82,82,82,82,82,82,82],"gold":243,"neow_bonus":"THREE_ENEMY_KILL","is_daily":false,"chose_seed":false,"campfire_upgraded":6,"win_rate":0.0,"timestamp":1610100288,"path_taken":["M","M","?","?","?","E","R","E","T","E","$","R","M","E","R","BOSS","M","$","M","?","M","R","E","?","T","E","M","E","M","E","R","BOSS","M","M","$","?","?","E","M","R","T","M","$","E","R","?","R","BOSS"],"items_purchased_type":["Card","Relic"],"build_version":"2020-12-22","purchased_purges":5,"victory":true,"max_hp_per_floor":[75,75,75,75,75,75,75,75,75,75,75,75,75,75,75,75,75,75,75,75,75,75,75,82,82,82,82,82,82,82,82,82,82,82,82,82,82,82,82,82,82,82,82,82,82,82,82,82,82,82],"card_choices":[{"not_picked":["BombardNight","MastersStateliness"],"picked":"BloodyMagicSquare","floor":1.0},{"not_picked":["LeisurelyOfLord","UnderTheZenith","ScarletImprint"],"picked":"SKIP","floor":2.0},{"not_picked":["FavorOfDestiny","ScarletDevil"],"picked":"BadLadyScramble","floor":4.0},{"not_picked":["HunterOfTheNight","BloodAndWine","StarOfDavid"],"picked":"SKIP","floor":6.0},{"not_picked":["ReincarnationDial","MastersStateliness","ScarletDevil"],"picked":"SKIP","floor":8.0},{"not_picked":["ChainGang","UnstableMagic","BloodHunter"],"picked":"SKIP","floor":10.0},{"not_picked":["ScarletImprint","Maim","MastersStateliness"],"picked":"SKIP","floor":13.0},{"not_picked":["FitfulNightmare","DevilSight"],"picked":"KillingBlow","floor":14.0},{"not_picked":["ChaoticDestiny","DemonKingCradle"],"picked":"QueenOfMidnight","floor":16.0},{"not_picked":["BadLadyScramble","UnstableMagic","BombardNight"],"picked":"SKIP","floor":18.0},{"not_picked":["TwelveNightmare","BloodHunter"],"picked":"ForbiddenFruit","floor":20.0},{"not_picked":["EndlessAdversity+1","ScarletNetherworld"],"picked":"VampireKiss+1","floor":22.0},{"not_picked":["UnderTheZenith+1","SuperhumanBloodyKnife+1"],"picked":"BlasphemousPunishment+1","floor":24.0},{"not_picked":["ScarletDream+1","NightDance"],"picked":"BlasphemousPunishment+1","floor":27.0},{"not_picked":["EndlessAdversity+1","GlobalNightmare+1","StarOfDavid"],"picked":"SKIP","floor":28.0},{"not_picked":["ScarletDevil","UnstableMagic+1"],"picked":"BlasphemousPunishment+1","floor":29.0},{"not_picked":["FavorOfDestiny+1","Stigmanizer"],"picked":"UltimateOffering","floor":30.0},{"not_picked":["BloodyCatastrophe+1","BloodyTrap+1","MastersStateliness"],"picked":"SKIP","floor":31.0},{"not_picked":["ChaoticDestiny+1","ScarletMeister"],"picked":"EquivalentExchange","floor":33.0},{"not_picked":["EndlessAdversity+1","UnstableMagic+1","FitfulNightmare"],"picked":"SKIP","floor":35.0},{"not_picked":["DiffusionOfMisfortune","ScarletDevilSign+1","CharismaGuard"],"picked":"SKIP","floor":36.0},{"not_picked":["ForbiddenFruit+1","ReincarnationDial+1","UltimateOffering"],"picked":"SKIP","floor":40.0},{"not_picked":["BloodyTrap+1","TwelveNightmare","BloodHunter+1"],"picked":"SKIP","floor":41.0},{"not_picked":["MillenniumVampire+1","SuperhumanBloodyKnife","BlasphemousPunishment+1"],"picked":"SKIP","floor":44.0},{"not_picked":["VampireClaw","EndlessAdversity+1","BloodyHallows+1"],"picked":"SKIP","floor":46}],"player_experience":41608,"relics_obtained":[{"floor":6.0,"key":"Gambling Chip"},{"floor":8.0,"key":"ScarletDevilRocket"},{"floor":9.0,"key":"Bottled Lightning"},{"floor":10.0,"key":"Ornamental Fan"},{"floor":14.0,"key":"Lantern"},{"floor":24.0,"key":"Toxic Egg 2"},{"floor":24.0,"key":"Strawberry"},{"floor":26.0,"key":"MawBank"},{"floor":27.0,"key":"Mercury Hourglass"},{"floor":27.0,"key":"Bag of Marbles"},{"floor":29.0,"key":"Juzu Bracelet"},{"floor":29.0,"key":"RedBat"},{"floor":31.0,"key":"Ancient Tea Set"},{"floor":31.0,"key":"Regal Pillow"},{"floor":40.0,"key":"Orichalcum"},{"floor":40.0,"key":"War Paint"},{"floor":43.0,"key":"Dream Catcher"},{"floor":46,"key":"Peace Pipe"},{"floor":48,"key":"Thread and Needle"}],"event_choices":[{"damage_healed":0.0,"max_hp_gain":0.0,"max_hp_loss":0.0,"gold_gain":0.0,"cards_transformed":["Defend_RM"],"event_name":"Transmorgrifier","player_choice":"Transformed","floor":3.0,"gold_loss":0.0,"damage_taken":0.0,"cards_obtained":["CurseOfVladTepes"]},{"damage_healed":0.0,"max_hp_gain":0.0,"max_hp_loss":0.0,"gold_gain":0.0,"event_name":"Scrap Ooze","player_choice":"Success","floor":5.0,"gold_loss":0.0,"damage_taken":33.0,"relics_obtained":["Anchor"]},{"cards_removed":["Defend_RM"],"damage_healed":0.0,"max_hp_gain":0.0,"max_hp_loss":0.0,"gold_gain":0.0,"event_name":"Back to Basics","player_choice":"Elegance","floor":21.0,"gold_loss":0.0,"damage_taken":0.0},{"damage_healed":0.0,"max_hp_gain":0.0,"max_hp_loss":0.0,"gold_gain":0.0,"event_name":"WeMeetAgain","player_choice":"Gave Potion","floor":25.0,"gold_loss":0.0,"damage_taken":0.0,"relics_obtained":["Oddly Smooth Stone"]},{"damage_healed":0.0,"max_hp_gain":0.0,"max_hp_loss":0.0,"gold_gain":0.0,"event_name":"Match and Keep!","player_choice":"0 cards matched","floor":38.0,"gold_loss":0.0,"damage_taken":0.0,"cards_obtained":[]},{"damage_healed":0,"gold_gain":0,"player_choice":"Fight","damage_taken":0,"max_hp_gain":0,"max_hp_loss":0,"event_name":"MindBloom","floor":48,"gold_loss":0}],"is_beta":false,"boss_relics":[{"not_picked":["Snecko Eye","Astrolabe"],"picked":"Black Star"},{"not_picked":["SlaversCollar","Runic Dome"],"picked":"APieceOfRedMist"}],"items_purged_floors":[11,19,37,39,45],"is_endless":false,"potions_floor_spawned":[1,8,14,16,18,24,27,28,30,31,36,41,44,46],"ascension_level":1}}