{"host":"ig7tc0uedzltt2sr","time":1610070330,"event":{"mods":["BaseMod","Better Twitch Integration","Block Reminder","Colored Map","Colored Powertips","Communication Mod","Current Relic Mod","GifTheSpireLib","HexUI Lib","Minty Spire (QoL Compilation)","Quick Restart","Random Character Button","Rare Cards Sparkle","Relic Sorter","Relic Stats","Slay the Relics Exporter","StSLib","SuperFastMode","Synergy Search","Twitch Decklist","Twitch Utils","everything is the same but u backflip on backflip","slay the spire mod where everything is the same but ironclad has a cowboy hat"],"gold_per_floor":[116,43,55,4,4,4,19,36,36,36,36,36,36,36],"floor_reached":13,"playtime":93,"items_purged":[],"score":73,"play_id":"f6bc84e7-b5f7-4f48-9d31-43ca8c20366b","local_time":"20210107174530","is_ascension_mode":false,"campfire_choices":[{"data":"Strike_R","floor":6,"key":"PURGE"},{"data":"Bash","floor":11,"key":"PURGE"}],"circlet_count":0,"master_deck":["Strike_R","Strike_R","Strike_R","Strike_R","Defend_R","Defend_R","Defend_R","Defend_R","Clothesline","Dark Embrace","Wild Strike"],"relics":["Burning Blood","Peace Pipe","Golden Idol"],"acts_visited":["Exordium"],"potions_floor_usage":[],"damage_taken":[{"damage":4,"enemies":"2 Louse","floor":1,"turns":6},{"damage":7,"enemies":"Cultist","floor":3,"turns":5},{"damage":27,"enemies":"Jaw Worm","floor":7,"turns":10},{"damage":29,"enemies":"2 Fungi Beasts","floor":8,"turns":8},{"damage":51,"enemies":"3 Sentries","floor":13,"turns":8}],"seed_played":"-6095562632174441052","potions_obtained":[{"floor":1,"key":"Energy Potion"},{"floor":3,"key":"Weak Potion"}],"is_trial":false,"path_per_floor":["M","$","M","$","?","R","M","M","T","?","R","?","E"],"character_chosen":"IRONCLAD","items_purchased":["Feel No Pain","PowerPotion"],"campfire_rested":0,"item_purchase_floors":[2,4],"current_hp_per_floor":[88,88,87,87,87,87,66,43,43,43,43,43,0,0],"gold":36,"neow_bonus":"TEN_PERCENT_HP_BONUS","is_daily":false,"chose_seed":false,"campfire_upgraded":0,"win_rate":0.0,"timestamp":1610070330,"path_taken":["M","$","M","$","?","R","M","?","T","?","R","?","E"],"items_purchased_type":["Card","Potion"],"build_version":"2020-12-22","purchased_purges":0,"victory":false,"max_hp_per_floor":[88,88,88,88,88,88,88,88,88,81,81,81,81,81],"relic_stats":{"Peace Pipe":2,"counters":[5,37],"Golden Idol":0,"obtain_stats":[{"Peace Pipe":5,"Golden Idol":10,"Burning Blood":0},{"Peace Pipe":2,"Golden Idol":4,"Burning Blood":0},{"Peace Pipe":11,"Golden Idol":29,"Burning Blood":0}],"Burning Blood":22},"card_choices":[{"not_picked":["Intimidate","Clash"],"picked":"Clothesline","floor":1},{"not_picked":["Rupture","Searing Blow"],"picked":"Dark Embrace","floor":3},{"not_picked":["Carnage","Anger","Ghostly Armor"],"picked":"SKIP","floor":7},{"not_picked":["Warcry","Twin Strike"],"picked":"Wild Strike","floor":8}],"player_experience":1467417,"relics_obtained":[],"event_choices":[{"cards_removed":["Feel No Pain"],"damage_healed":0,"gold_gain":0,"player_choice":"Gave Card","damage_taken":0,"relics_obtained":["Peace Pipe"],"max_hp_gain":0,"max_hp_loss":0,"event_name":"WeMeetAgain","floor":5,"gold_loss":0},{"damage_healed":0,"gold_gain":0,"player_choice":"Lose Max HP","damage_taken":0,"relics_obtained":["Golden Idol"],"max_hp_gain":0,"max_hp_loss":7,"event_name":"Golden Idol","floor":10,"gold_loss":0},{"damage_healed":0,"gold_gain":0,"player_choice":"Searched \u00270\u0027 times","damage_taken":0,"max_hp_gain":0,"max_hp_loss":0,"event_name":"Dead Adventurer","floor":12,"gold_loss":0}],"is_beta":false,"boss_relics":[],"items_purged_floors":[],"is_endless":false,"potions_floor_spawned":[1,3],"killed_by":"3 Sentries","ascension_level":0}}