{"host":"dpbezu80jg8zk7un","time":1610064575,"event":{"mods":["BaseMod","Colored Map","Colored Powertips","Custom Start","DeckTracker","Minty Spire (QoL Compilation)","Quick Restart","StSLib","SuperFastMode"],"gold_per_floor":[369,387,180,140,40,40,40,40,40,74,74,87,98,131,131,202,202,214,214,89,14,14,14,44,44,44,56,56,56],"floor_reached":28,"playtime":952,"items_purged":["Defend_P","Strike_P","Strike_P"],"score":484,"play_id":"070d5417-f1db-4d98-afd8-85e261152786","local_time":"20210108090935","is_ascension_mode":true,"campfire_choices":[{"data":"Eruption","floor":6.0,"key":"SMITH"},{"data":"Adaptation","floor":11.0,"key":"SMITH"},{"data":"Adaptation","floor":15.0,"key":"SMITH"},{"data":"MentalFortress","floor":23,"key":"SMITH"},{"floor":25,"key":"REST"}],"circlet_count":0,"master_deck":["AscendersBane","Defend_P","Eruption+1","Vigilance","Adaptation+1","EmptyFist","WheelKick+1","Adaptation+1","MentalFortress+1","LessonLearned"],"relics":["PureWater","Yang","Blue Candle","Matryoshka","Empty Cage","HornCleat","Vajra","Omamori"],"acts_visited":["Exordium","TheCity"],"potions_floor_usage":[18,27],"damage_taken":[{"damage":2.0,"enemies":"Jaw Worm","floor":1.0,"turns":4.0},{"damage":0.0,"enemies":"Cultist","floor":2.0,"turns":3.0},{"damage":2.0,"enemies":"3 Sentries","floor":10.0,"turns":7.0},{"damage":0.0,"enemies":"2 Louse","floor":12.0,"turns":2.0},{"damage":0.0,"enemies":"Blue Slaver","floor":13.0,"turns":1.0},{"damage":3.0,"enemies":"Lagavulin","floor":14.0,"turns":6.0},{"damage":22.0,"enemies":"Slime Boss","floor":16.0,"turns":6.0},{"damage":1,"enemies":"Chosen","floor":18,"turns":3},{"damage":41,"enemies":"Slavers","floor":24,"turns":8},{"damage":18,"enemies":"3 Byrds","floor":27,"turns":2},{"damage":18,"enemies":"Snake Plant","floor":28,"turns":1}],"seed_played":"8140179623132223259","potions_obtained":[{"floor":4.0,"key":"Energy Potion"},{"floor":4.0,"key":"Weak Potion"},{"floor":10.0,"key":"PowerPotion"},{"floor":13.0,"key":"Swift Potion"},{"floor":16.0,"key":"Fire Potion"},{"floor":18,"key":"LiquidBronze"}],"is_trial":false,"path_per_floor":["M","M","$","?","$","R","$","?","T","E","R","M","M","E","R","B",null,"M","?","$","?","?","R","E","R","T","M","M"],"character_chosen":"WATCHER","items_purchased":["EmptyFist","WheelKick"],"campfire_rested":1,"item_purchase_floors":[3,3],"current_hp_per_floor":[41,41,41,41,41,41,41,30,30,28,28,28,28,25,25,3,52,51,51,51,51,51,51,10,30,30,12,0,0],"gold":56,"neow_bonus":"TWO_FIFTY_GOLD","is_daily":false,"chose_seed":false,"campfire_upgraded":4,"win_rate":0.0,"timestamp":1610064575,"path_taken":["M","M","$","?","?","R","$","?","T","E","R","M","M","E","R","BOSS","M","?","$","?","?","R","E","R","T","?","M"],"items_purchased_type":["Card","Card"],"build_version":"2020-12-22","purchased_purges":3,"victory":false,"max_hp_per_floor":[68,68,68,68,68,68,68,68,68,68,68,68,68,68,68,68,68,68,68,68,68,68,68,68,68,68,68,68,68],"card_choices":[{"not_picked":["Crescendo","CutThroughFate","Study"],"picked":"SKIP","floor":1.0},{"not_picked":["Tantrum","Crescendo"],"picked":"Adaptation","floor":2.0},{"not_picked":["Consecrate","Ragnarok"],"picked":"Adaptation","floor":10.0},{"not_picked":["Protect","WindmillStrike","ClearTheMind"],"picked":"SKIP","floor":12.0},{"not_picked":["WreathOfFlame","Fasting2"],"picked":"MentalFortress","floor":13.0},{"not_picked":["FlurryOfBlows","Indignation","JustLucky"],"picked":"SKIP","floor":14.0},{"not_picked":["Ragnarok","MasterReality"],"picked":"LessonLearned","floor":16.0},{"not_picked":["WindmillStrike","Indignation","Pray"],"picked":"SKIP","floor":18},{"not_picked":["PathToVictory","ReachHeaven","Fasting2+1"],"picked":"SKIP","floor":24},{"not_picked":["PathToVictory","ReachHeaven","Fasting2+1"],"picked":"SKIP","floor":24},{"not_picked":["Worship","SignatureMove","ClearTheMind"],"picked":"SKIP","floor":27}],"player_experience":2846863,"relics_obtained":[{"floor":10.0,"key":"Blue Candle"},{"floor":14.0,"key":"Matryoshka"},{"floor":24,"key":"HornCleat"},{"floor":26,"key":"Vajra"},{"floor":26,"key":"Omamori"}],"event_choices":[{"damage_healed":0.0,"max_hp_gain":0.0,"max_hp_loss":0.0,"gold_gain":0.0,"event_name":"The Woman in Blue","player_choice":"Bought 3 Potions","floor":4.0,"gold_loss":0.0,"damage_taken":0.0},{"damage_healed":0.0,"max_hp_gain":0.0,"max_hp_loss":0.0,"gold_gain":0.0,"event_name":"Scrap Ooze","player_choice":"Success","floor":8.0,"gold_loss":0.0,"damage_taken":11.0,"relics_obtained":["Yang"]},{"cards_removed":["Defend_P"],"damage_healed":0,"gold_gain":0,"player_choice":"Elegance","damage_taken":0,"max_hp_gain":0,"max_hp_loss":0,"event_name":"Back to Basics","floor":19,"gold_loss":0},{"cards_removed":["Strike_P"],"damage_healed":0,"gold_gain":0,"player_choice":"Gave Gold","damage_taken":0,"max_hp_gain":0,"max_hp_loss":0,"event_name":"Beggar","floor":21,"gold_loss":75},{"damage_healed":0,"gold_gain":0,"player_choice":"Ignored","damage_taken":0,"max_hp_gain":0,"max_hp_loss":0,"event_name":"Vampires","floor":22,"gold_loss":0}],"is_beta":false,"boss_relics":[{"not_picked":["Cursed Key","SlaversCollar"],"picked":"Empty Cage"}],"items_purged_floors":[3,5,20],"is_endless":false,"potions_floor_spawned":[10,13,14,16,18],"killed_by":"Snake Plant","ascension_level":20}}