{"host":"9l1knhxfturzliqa","time":1610087580,"event":{"mods":["BaseMod","Colored Map","Colored Powertips","DeckTracker","Highlight Path","Keyboard Shortcuts","Minty Spire (QoL Compilation)","Random Character Button"],"gold_per_floor":[113,133,58,58,8,8,27,37,61,61,61,61,78,78,78,175,175,203,225,251,274,299,311,323,335,424,436,483,515,452,476,488,598,610,634,666,698,710,735,747,789,820,832,305,305,316,23,35,35,35],"floor_reached":51,"playtime":3759,"items_purged":["Strike_G","Strike_G"],"score":1047,"play_id":"0033a188-a17f-4e55-b38a-9ebf5f97705d","local_time":"20210108153300","is_ascension_mode":true,"campfire_choices":[{"data":"Grand Finale","floor":6.0,"key":"SMITH"},{"data":"Well Laid Plans","floor":10.0,"key":"SMITH"},{"data":"Noxious Fumes","floor":12.0,"key":"SMITH"},{"data":"Venomology","floor":15.0,"key":"SMITH"},{"data":"Night Terror","floor":23.0,"key":"SMITH"},{"data":"Neutralize","floor":25.0,"key":"SMITH"},{"floor":32.0,"key":"REST"},{"floor":40.0,"key":"REST"},{"floor":49.0,"key":"REST"}],"circlet_count":0,"master_deck":["AscendersBane","Defend_G","Defend_G","Defend_G","Survivor","Neutralize+1","Grand Finale+1","Well Laid Plans+1","Noxious Fumes+1","Acrobatics","Venomology+1","Calculated Gamble","Night Terror+1","CurseOfTheBell","PiercingWail+1","Acrobatics+1","Backflip+1","Wraith Form v2","Secret Weapon","PiercingWail+1"],"relics":["Ring of the Snake","Ancient Tea Set","Calling Bell","MawBank","Singing Bowl","Du-Vu Doll","Bottled Lightning","Red Mask","Fusion Hammer","StoneCalendar","Mummified Hand","Torii","Orichalcum","OrangePellets","Anchor"],"acts_visited":["Exordium","TheCity","TheBeyond"],"potions_floor_usage":[50],"damage_taken":[{"damage":10.0,"enemies":"Jaw Worm","floor":1.0,"turns":10.0},{"damage":2.0,"enemies":"2 Louse","floor":2.0,"turns":4.0},{"damage":0.0,"enemies":"Cultist","floor":7.0,"turns":3.0},{"damage":16.0,"enemies":"3 Louse","floor":8.0,"turns":2.0},{"damage":4.0,"enemies":"Blue Slaver","floor":13.0,"turns":4.0},{"damage":8.0,"enemies":"Hexaghost","floor":16.0,"turns":9.0},{"damage":1.0,"enemies":"2 Thieves","floor":18.0,"turns":2.0},{"damage":18.0,"enemies":"Shell Parasite","floor":19.0,"turns":8.0},{"damage":20.0,"enemies":"Centurion and Healer","floor":20.0,"turns":3.0},{"damage":6.0,"enemies":"3 Cultists","floor":21.0,"turns":3.0},{"damage":5.0,"enemies":"Shelled Parasite and Fungi","floor":22.0,"turns":3.0},{"damage":0.0,"enemies":"Gremlin Leader","floor":24.0,"turns":1.0},{"damage":21.0,"enemies":"Masked Bandits","floor":28.0,"turns":3.0},{"damage":0.0,"enemies":"Cultist and Chosen","floor":29.0,"turns":3.0},{"damage":3.0,"enemies":"Snake Plant","floor":31.0,"turns":4.0},{"damage":29.0,"enemies":"Collector","floor":33.0,"turns":6.0},{"damage":4.0,"enemies":"3 Shapes","floor":35.0,"turns":1.0},{"damage":12.0,"enemies":"3 Darklings","floor":36.0,"turns":3.0},{"damage":2.0,"enemies":"4 Shapes","floor":37.0,"turns":11.0},{"damage":0.0,"enemies":"Jaw Worm Horde","floor":39.0,"turns":2.0},{"damage":22.0,"enemies":"Reptomancer","floor":41.0,"turns":4.0},{"damage":4.0,"enemies":"Transient","floor":42.0,"turns":5.0},{"damage":17.0,"enemies":"Maw","floor":46.0,"turns":9.0},{"damage":14.0,"enemies":"Spire Growth","floor":48.0,"turns":3.0},{"damage":72,"enemies":"Awakened One","floor":50,"turns":13}],"seed_played":"371270985037438549","potions_obtained":[{"floor":7.0,"key":"ColorlessPotion"},{"floor":13.0,"key":"Weak Potion"},{"floor":18.0,"key":"FearPotion"},{"floor":21.0,"key":"Fire Potion"},{"floor":22.0,"key":"SmokeBomb"},{"floor":28.0,"key":"DuplicationPotion"},{"floor":33.0,"key":"EssenceOfSteel"},{"floor":41.0,"key":"Poison Potion"},{"floor":46.0,"key":"Poison Potion"}],"is_trial":false,"path_per_floor":["M","M","$","?","?","R","M","M","T","R","?","R","M","$","R","B",null,"M","M","M","M","M","R","E","R","T","$","?","M","?","M","R","B",null,"M","M","M","?","M","R","E","M","T","$","?","M","$","M","R","B",null],"character_chosen":"THE_SILENT","items_purchased":["Torii","Orichalcum","OrangePellets","Anchor"],"campfire_rested":3,"item_purchase_floors":[44,44,47,47],"current_hp_per_floor":[53,51,51,44,44,44,44,28,28,28,28,28,24,24,24,16,57,56,40,22,18,13,13,13,13,13,13,22,24,24,23,47,18,65,63,53,53,47,49,76,56,54,54,54,54,39,39,27,57,20],"gold":35,"neow_bonus":"TRANSFORM_CARD","is_daily":false,"chose_seed":false,"campfire_upgraded":6,"win_rate":0.0,"timestamp":1610087580,"path_taken":["M","M","$","?","?","R","M","M","T","R","?","R","M","$","R","BOSS","M","M","M","M","?","R","E","R","T","$","?","M","?","M","R","BOSS","M","M","M","?","M","R","E","M","T","$","?","M","$","M","R","BOSS"],"items_purchased_type":["Relic","Relic","Relic","Relic"],"build_version":"2020-12-22","purchased_purges":2,"victory":true,"max_hp_per_floor":[70,70,70,70,70,70,70,70,70,70,70,70,70,70,70,70,70,70,72,74,76,76,76,76,76,76,76,76,78,78,80,80,80,80,82,84,86,90,92,92,94,96,96,96,96,98,98,100,100,100],"card_choices":[{"not_picked":["Deflect","Sucker Punch","Finisher"],"picked":"SKIP","floor":1.0},{"not_picked":["Backflip","Underhanded Strike"],"picked":"Well Laid Plans","floor":2.0},{"not_picked":["Accuracy","Setup"],"picked":"Noxious Fumes","floor":7.0},{"not_picked":["Bane","Predator"],"picked":"Acrobatics","floor":8.0},{"not_picked":["Leg Sweep","Infinite Blades"],"picked":"Calculated Gamble","floor":13.0},{"not_picked":["Glass Knife","Corpse Explosion"],"picked":"Night Terror","floor":16.0},{"not_picked":["Masterful Stab","Skewer"],"picked":"PiercingWail+1","floor":18.0},{"not_picked":["Endless Agony","Prepared","Backflip+1"],"picked":"Singing Bowl","floor":19.0},{"not_picked":["Concentrate","Predator+1","Blade Dance+1"],"picked":"Singing Bowl","floor":20.0},{"not_picked":["Quick Slash","Sucker Punch","Deadly Poison+1"],"picked":"Singing Bowl","floor":21.0},{"not_picked":["Underhanded Strike","Doppelganger"],"picked":"Acrobatics+1","floor":22.0},{"not_picked":["Acrobatics+1","Poisoned Stab"],"picked":"Backflip+1","floor":28.0},{"not_picked":["Terror","Concentrate","Finisher+1"],"picked":"Singing Bowl","floor":29.0},{"not_picked":["Well Laid Plans","Outmaneuver","Blade Dance+1"],"picked":"Singing Bowl","floor":31.0},{"not_picked":["Corpse Explosion","Malaise"],"picked":"Wraith Form v2","floor":33.0},{"not_picked":["Accuracy+1","Dagger Spray","Endless Agony"],"picked":"Singing Bowl","floor":35.0},{"not_picked":["Infinite Blades","Accuracy+1","Tactician+1"],"picked":"Singing Bowl","floor":36.0},{"not_picked":["Blade Dance","Deflect+1","Quick Slash+1"],"picked":"Singing Bowl","floor":37.0},{"not_picked":["Impatience","Master of Strategy"],"picked":"Secret Weapon","floor":38.0},{"not_picked":["Apotheosis","Deep Breath","Swift Strike"],"picked":"Singing Bowl","floor":38.0},{"not_picked":["Blind","Mind Blast","Swift Strike"],"picked":"Singing Bowl","floor":38.0},{"not_picked":["Cloak And Dagger","Bane+1","Finisher"],"picked":"Singing Bowl","floor":39.0},{"not_picked":["Dodge and Roll","PiercingWail","Calculated Gamble"],"picked":"Singing Bowl","floor":41.0},{"not_picked":["Noxious Fumes","Poisoned Stab+1","Burst"],"picked":"Singing Bowl","floor":42.0},{"not_picked":["Prepared","Dagger Spray+1","Reflex"],"picked":"Singing Bowl","floor":46.0},{"not_picked":["Sucker Punch+1","Poisoned Stab","Flechettes+1"],"picked":"Singing Bowl","floor":48.0}],"player_experience":375471,"relics_obtained":[{"floor":9.0,"key":"Ancient Tea Set"},{"floor":17.0,"key":"MawBank"},{"floor":17.0,"key":"Singing Bowl"},{"floor":17.0,"key":"Du-Vu Doll"},{"floor":26.0,"key":"Bottled Lightning"},{"floor":28.0,"key":"Red Mask"},{"floor":41.0,"key":"StoneCalendar"},{"floor":43.0,"key":"Mummified Hand"}],"event_choices":[{"cards_removed":["Strike_G"],"damage_healed":0.0,"max_hp_gain":0.0,"max_hp_loss":0.0,"gold_gain":0.0,"event_name":"Golden Wing","player_choice":"Card Removal","floor":4.0,"gold_loss":0.0,"damage_taken":7.0},{"cards_removed":["Defend_G"],"damage_healed":0.0,"max_hp_gain":0.0,"max_hp_loss":0.0,"gold_gain":0.0,"event_name":"The Cleric","player_choice":"Card Removal","floor":5.0,"gold_loss":50.0,"damage_taken":0.0},{"damage_healed":0.0,"max_hp_gain":0.0,"max_hp_loss":0.0,"gold_gain":0.0,"cards_transformed":["Defend_G"],"event_name":"Transmorgrifier","player_choice":"Transformed","floor":11.0,"gold_loss":0.0,"damage_taken":0.0,"cards_obtained":["Venomology"]},{"damage_healed":0.0,"max_hp_gain":0.0,"max_hp_loss":0.0,"gold_gain":0.0,"event_name":"Masked Bandits","player_choice":"Fought Bandits","floor":28.0,"gold_loss":0.0,"damage_taken":0.0},{"cards_removed":["Strike_G"],"damage_healed":0.0,"max_hp_gain":0.0,"max_hp_loss":0.0,"gold_gain":0.0,"event_name":"Beggar","player_choice":"Gave Gold","floor":30.0,"gold_loss":75.0,"damage_taken":0.0},{"damage_healed":0.0,"max_hp_gain":0.0,"max_hp_loss":0.0,"gold_gain":0.0,"event_name":"SensoryStone","player_choice":"Memory 3","floor":38.0,"gold_loss":0.0,"damage_taken":10.0},{"damage_healed":0.0,"max_hp_gain":0.0,"max_hp_loss":0.0,"gold_gain":0.0,"event_name":"Duplicator","player_choice":"Copied","floor":45.0,"gold_loss":0.0,"damage_taken":0.0,"cards_obtained":["PiercingWail"]}],"is_beta":false,"boss_relics":[{"not_picked":["WristBlade","Tiny House"],"picked":"Calling Bell"},{"not_picked":["Snecko Eye","Pandora\u0027s Box"],"picked":"Fusion Hammer"}],"items_purged_floors":[3,44],"is_endless":false,"potions_floor_spawned":[7,13,18,21,22,28,33,37,39,41,46],"ascension_level":11}}