{"host":"qojc688juf5ijsln","time":1610128982,"event":{"mods":["AchievementEnabler","BaseMod","BetterRewards","Colored Powertips","Highlight Path","Minty Spire (QoL Compilation)","Quick Restart","Shop Mod","StSLib"],"gold_per_floor":[116,131,131,131,56,56,85,85,110,143,143,168,188,206,206,330,330,349,264,264,264,287,331,331,374,374,374,36,36,36,54,54,180,180,195,195,195,195,528,528,528,528,528,528,540,565,365,383,383,383,383,383,44,78,78,78],"floor_reached":55,"playtime":2569,"items_purged":["Strike_G","Strike_G","Glass Knife","Deadly Poison"],"score":1033,"play_id":"bf8cbfc9-9699-4bf7-bc97-186e52984850","local_time":"20210109020302","is_ascension_mode":true,"campfire_choices":[{"floor":6.0,"key":"REST"},{"data":"Bouncing Flask","floor":11.0,"key":"SMITH"},{"floor":15.0,"key":"REST"},{"floor":24.0,"key":"REST"},{"data":"Noxious Fumes","floor":27.0,"key":"SMITH"},{"data":"Noxious Fumes","floor":32.0,"key":"SMITH"},{"data":"Madness","floor":40.0,"key":"SMITH"},{"data":"Madness","floor":42.0,"key":"SMITH"},{"data":"Deflect","floor":44.0,"key":"SMITH"},{"floor":49.0,"key":"RECALL"},{"data":"Catalyst","floor":52,"key":"SMITH"}],"circlet_count":0,"master_deck":["Defend_G","Defend_G","Defend_G","Defend_G","Defend_G","Survivor","Neutralize","Sadistic Nature","Noxious Fumes+1","Bouncing Flask+1","Noxious Fumes+1","Blur","Adrenaline","Deadly Poison","Burst+1","Tools of the Trade+1","Deflect+1","Madness+1","Madness+1","Well Laid Plans+1","Catalyst+1","Chrysalis","Dagger Throw+1"],"relics":["Ring of the Snake","Incense Burner","TwistedFunnel","Bronze Scales","Mango","MealTicket","Philosopher\u0027s Stone","Bag of Preparation","Juzu Bracelet","The Specimen","Matryoshka","Frozen Egg 2","Sozu","Ancient Tea Set","Nunchaku","Regal Pillow","Strawberry","Dream Catcher","Toy Ornithopter"],"acts_visited":["Exordium","TheCity","TheBeyond","TheEnding"],"potions_floor_usage":[50,55,55],"damage_taken":[{"damage":1.0,"enemies":"2 Louse","floor":1.0,"turns":2.0},{"damage":0.0,"enemies":"Small Slimes","floor":2.0,"turns":3.0},{"damage":22.0,"enemies":"3 Sentries","floor":7.0,"turns":8.0},{"damage":13.0,"enemies":"Lagavulin","floor":10.0,"turns":5.0},{"damage":0.0,"enemies":"Jaw Worm","floor":12.0,"turns":1.0},{"damage":0.0,"enemies":"Exordium Thugs","floor":13.0,"turns":3.0},{"damage":0.0,"enemies":"Looter","floor":14.0,"turns":3.0},{"damage":10.0,"enemies":"The Guardian","floor":16.0,"turns":6.0},{"damage":0.0,"enemies":"Shell Parasite","floor":18.0,"turns":3.0},{"damage":9.0,"enemies":"2 Thieves","floor":22.0,"turns":3.0},{"damage":18.0,"enemies":"Gremlin Leader","floor":23.0,"turns":4.0},{"damage":18.0,"enemies":"Slavers","floor":25.0,"turns":3.0},{"damage":0.0,"enemies":"Snecko","floor":31.0,"turns":3.0},{"damage":3.0,"enemies":"Automaton","floor":33.0,"turns":6.0},{"damage":1.0,"enemies":"3 Shapes","floor":35.0,"turns":3.0},{"damage":0.0,"enemies":"3 Darklings","floor":45.0,"turns":3.0},{"damage":11.0,"enemies":"Giant Head","floor":46.0,"turns":6.0},{"damage":10.0,"enemies":"Spire Growth","floor":48.0,"turns":3.0},{"damage":58,"enemies":"Time Eater","floor":50,"turns":6},{"damage":45,"enemies":"Shield and Spear","floor":54,"turns":4},{"damage":55,"enemies":"The Heart","floor":55,"turns":3}],"seed_played":"-7069568602484772073","potions_obtained":[{"floor":1.0,"key":"Dexterity Potion"},{"floor":2.0,"key":"PowerPotion"},{"floor":13.0,"key":"LiquidMemories"}],"is_trial":false,"path_per_floor":["M","M","?","?","$","R","E","?","T","E","R","M","M","M","R","B",null,"M","?","?","?","M","E","R","E","T","R","$","?","?","M","R","B",null,"M","?","?","?","?","R","T","R","T","R","M","E","$","M","R","B",null,"R","$","E","B"],"character_chosen":"THE_SILENT","items_purchased":["TwistedFunnel","Sadistic Nature","Frozen Egg 2","Catalyst","Chrysalis"],"campfire_rested":3,"item_purchase_floors":[0,0,28,47,53],"current_hp_per_floor":[69,69,74,41,41,63,55,55,55,42,42,42,42,42,66,56,82,82,82,82,82,73,55,79,61,61,61,76,76,76,76,76,73,82,81,82,72,72,72,72,72,72,79,79,79,68,83,73,73,15,89,89,89,44,0,0],"gold":78,"neow_bonus":"","is_daily":false,"chose_seed":false,"campfire_upgraded":7,"win_rate":0.0,"timestamp":1610128982,"path_taken":["M","M","?","?","$","R","E","?","T","E","R","M","?","M","R","BOSS","M","?","?","?","?","E","R","E","T","R","$","?","?","M","R","BOSS","M","?","?","?","?","R","?","R","T","R","M","E","$","M","R","BOSS","R","$","E","BOSS"],"items_purchased_type":["Relic","Card","Relic","Card","Card"],"build_version":"2020-12-22","purchased_purges":4,"victory":false,"max_hp_per_floor":[70,70,75,75,75,75,89,82,82,82,82,82,82,82,82,82,82,82,82,82,82,82,82,82,82,82,82,82,82,82,82,82,82,82,82,82,82,82,82,82,82,82,89,89,89,89,89,89,89,89,89,89,89,89,89,89],"card_choices":[{"not_picked":["Dagger Spray","Slice","Caltrops"],"picked":"SKIP","floor":1.0},{"not_picked":["Deadly Poison","Flying Knee"],"picked":"Noxious Fumes","floor":2.0},{"not_picked":["Die Die Die","Leg Sweep"],"picked":"Bouncing Flask","floor":7.0},{"not_picked":["Poisoned Stab","Dagger Throw"],"picked":"Noxious Fumes","floor":10.0},{"not_picked":["Underhanded Strike","Terror"],"picked":"Blur","floor":12.0},{"not_picked":["Acrobatics","Terror","Prepared"],"picked":"SKIP","floor":13.0},{"not_picked":["Escape Plan","Skewer","Dagger Throw"],"picked":"SKIP","floor":14.0},{"not_picked":["Burst","Tools of the Trade"],"picked":"Adrenaline","floor":16.0},{"not_picked":["Backflip+1","PiercingWail"],"picked":"Deadly Poison","floor":18.0},{"not_picked":["Unload","Dodge and Roll+1","Dagger Throw"],"picked":"SKIP","floor":22.0},{"not_picked":["Caltrops","Bane","Finisher+1"],"picked":"SKIP","floor":23.0},{"not_picked":["Predator","Bane+1","Flying Knee"],"picked":"SKIP","floor":25.0},{"not_picked":["Expertise+1","Tactician","Slice"],"picked":"SKIP","floor":31.0},{"not_picked":["Phantasmal Killer","Burst"],"picked":"Tools of the Trade+1","floor":33.0},{"not_picked":["Infinite Blades+1","Acrobatics+1"],"picked":"Deflect","floor":35.0},{"not_picked":["Prepared","Sucker Punch"],"picked":"Well Laid Plans+1","floor":45.0},{"not_picked":["Acrobatics+1","A Thousand Cuts+1","Poisoned Stab"],"picked":"SKIP","floor":46.0},{"not_picked":["Quick Slash+1","Heel Hook+1","Leg Sweep"],"picked":"SKIP","floor":48.0},{"not_picked":["Backflip+1","Dagger Spray"],"picked":"Dagger Throw+1","floor":54}],"player_experience":113555,"relics_obtained":[{"floor":7.0,"key":"Mango"},{"floor":10.0,"key":"MealTicket"},{"floor":23.0,"key":"Juzu Bracelet"},{"floor":25.0,"key":"The Specimen"},{"floor":26.0,"key":"Matryoshka"},{"floor":41.0,"key":"Ancient Tea Set"},{"floor":41.0,"key":"Nunchaku"},{"floor":43.0,"key":"Regal Pillow"},{"floor":43.0,"key":"Strawberry"},{"floor":46.0,"key":"Dream Catcher"},{"floor":54,"key":"Toy Ornithopter"}],"event_choices":[{"damage_healed":0.0,"max_hp_gain":5.0,"max_hp_loss":0.0,"gold_gain":0.0,"event_name":"Big Fish","player_choice":"Donut","floor":3.0,"gold_loss":0.0,"damage_taken":0.0},{"damage_healed":0.0,"max_hp_gain":0.0,"max_hp_loss":0.0,"gold_gain":0.0,"event_name":"Scrap Ooze","player_choice":"Success","floor":4.0,"gold_loss":0.0,"damage_taken":33.0,"relics_obtained":["Bronze Scales"]},{"damage_healed":0.0,"max_hp_gain":0.0,"max_hp_loss":7.0,"gold_gain":0.0,"event_name":"Golden Idol","player_choice":"Lose Max HP","floor":8.0,"gold_loss":0.0,"damage_taken":0.0,"relics_obtained":["Golden Idol"]},{"damage_healed":0.0,"max_hp_gain":0.0,"max_hp_loss":0.0,"gold_gain":0.0,"event_name":"Addict","player_choice":"Obtained Relic","floor":19.0,"gold_loss":85.0,"damage_taken":0.0,"relics_obtained":["Bag of Preparation"]},{"damage_healed":0.0,"max_hp_gain":0.0,"max_hp_loss":0.0,"gold_gain":0.0,"event_name":"Vampires","player_choice":"Ignored","floor":20.0,"gold_loss":0.0,"damage_taken":0.0},{"cards_removed":["Strike_G"],"damage_healed":0.0,"max_hp_gain":0.0,"max_hp_loss":0.0,"gold_gain":0.0,"event_name":"Back to Basics","player_choice":"Elegance","floor":21.0,"gold_loss":0.0,"damage_taken":0.0},{"damage_healed":0.0,"max_hp_gain":0.0,"max_hp_loss":0.0,"gold_gain":0.0,"event_name":"The Library","player_choice":"Read","floor":29.0,"gold_loss":0.0,"damage_taken":0.0,"cards_obtained":["Deadly Poison"]},{"damage_healed":0.0,"max_hp_gain":0.0,"max_hp_loss":0.0,"gold_gain":0.0,"cards_transformed":["Strike_G","Strike_G"],"event_name":"Drug Dealer","player_choice":"Became Test Subject","floor":30.0,"gold_loss":0.0,"damage_taken":0.0,"cards_obtained":["Glass Knife","Burst"]},{"damage_healed":1.0,"max_hp_gain":0.0,"max_hp_loss":0.0,"gold_gain":0.0,"event_name":"Wheel of Change","player_choice":"Full Heal","floor":36.0,"gold_loss":0.0,"damage_taken":0.0},{"damage_healed":0.0,"max_hp_gain":0.0,"max_hp_loss":0.0,"gold_gain":0.0,"event_name":"Winding Halls","player_choice":"Embrace Madness","floor":37.0,"gold_loss":0.0,"damage_taken":10.0,"cards_obtained":["Madness","Madness"]},{"damage_healed":0.0,"max_hp_gain":0.0,"max_hp_loss":0.0,"gold_gain":0.0,"event_name":"Upgrade Shrine","player_choice":"Upgraded","floor":38.0,"gold_loss":0.0,"damage_taken":0.0,"cards_upgraded":["Burst"]},{"damage_healed":0.0,"max_hp_gain":0.0,"max_hp_loss":0.0,"gold_gain":333.0,"event_name":"The Moai Head","player_choice":"Gave Idol","floor":39.0,"relics_lost":["Golden Idol"],"gold_loss":0.0,"damage_taken":0.0}],"is_beta":false,"boss_relics":[{"not_picked":["Ectoplasm","SacredBark"],"picked":"Philosopher\u0027s Stone"},{"not_picked":["Coffee Dripper","Snecko Eye"],"picked":"Sozu"}],"items_purged_floors":[5,28,47,53],"is_endless":false,"potions_floor_spawned":[1,2,13,18,22,25,45,54],"killed_by":"The Heart","ascension_level":1}}