{"host":"ifrtxrfi0kt9ye6r","time":1610128046,"event":{"mods":["100% Spire Juice","Act Like it!","BaseMod","BetterRewards","Downfall","Gensokyo","Hubris","Infinite Spire","Koishi","Marisa£¨Ùöéë¡¡Øª×âÞÞ£©","Minty Spire (QoL Compilation)","Replay The Spire","StSLib","The Animator"],"gold_per_floor":[122,222,222,222,23,23,67,67,148,189,291,322,52,52,52,168,168,197,197,89,112,112,112,112,150,177,209,237,237,281,316,316,429,429,456,456,481,481,510,549,0,50,50,84,122,72,72,106,106,116],"floor_reached":51,"playtime":4473,"items_purged":["Voices","Clumsy","ReplayTheSpireMod:Splinters","Koishi:BasicDefend","Koishi:BasicStrike","Koishi:BasicStrike"],"score":1027,"play_id":"f4814263-72aa-427b-ae19-378c45a9a50c","local_time":"20210109024726","is_ascension_mode":true,"campfire_choices":[{"floor":6,"key":"RECALL"},{"data":"Koishi:Untouchable","floor":8,"key":"SMITH"},{"floor":15,"key":"REST"},{"data":"Koishi:JumpScare","floor":23,"key":"SMITH"},{"data":"ReplayTheSpireMod:Chaos Vortex","floor":29,"key":"SMITH"},{"data":"infinitespire:NeuralNetwork","floor":47,"key":"SMITH"},{"data":"Koishi:ReflexRadar","floor":47,"key":"SMITH"}],"circlet_count":0,"master_deck":["Koishi:BasicStrike","Koishi:BasicDefend","Koishi:BasicDefend","Koishi:Provoke","Koishi:HauntingSlash","Koishi:Prune","Koishi:LastRemote+1","Koishi:HeartfeltFancy","Koishi:LastRemote","Koishi:Untouchable+1","Koishi:MentalBreakdown+1","Koishi:JumpScare+1","Koishi:GrowingPain+1","Koishi:Prune+1","Koishi:SprinkleStarAndHeart+1","Koishi:DreadfulBlow+1","Koishi:YoukaiPolygraph+1","Koishi:YoukaiPolygraph+1","Koishi:VengefulSpirit+1","ReplayTheSpireMod:Chaos Vortex+1","Koishi:RorschachInDanmaku","Koishi:HeartfeltFancy+1","Koishi:ReleaseOfTheId","Koishi:SubterraneanRose","Koishi:ConfinedInnocent","Koishi:UnconsciousUprising","Koishi:ReflexRadar+1","Koishi:ConfinedInnocent","Koishi:BramblyRoseGarden","ReplayTheSpireMod:Chaos Vortex+1","Koishi:PredatoryInstincts+1","infinitespire:NeuralNetwork+1","Koishi:UnconsciousUrges+1"],"relics":["Koishi:ImaginaryFriend","ReplayTheSpireMod:CursedCoin","Ice Cream","Replay:Bandana","hubris:Towel","Gensokyo:NagashiBinaDoll","Blue Doll","Koishi:TeethAndClaws","Molten Egg 2","hubris:TenFootPole","ClockworkSouvenir","Sozu","Gensokyo:MosesMiracle","Black Star","hubris:HerbalPaste","Koishi:BloodstainedWhiteRose","Strawberry","Replay:Arrowhead","ReplayTheSpireMod:Lightbulb","Onion Ring","infinitespire:WardingShard","DollysMirror","Smiling Mask","Pear","Replay:Bottled Flurry","ReplayTheSpireMod:Shallot","infinitespire:Joker Card"],"acts_visited":["Gensokyo:Gensokyo","Gensokyo:Gensokyoer","TheBeyond"],"potions_floor_usage":[7,16],"damage_taken":[{"damage":2,"enemies":"Gensokyo:Python","floor":1,"turns":4},{"damage":30,"enemies":"Gensokyo:Mamizou","floor":7,"turns":13},{"damage":27,"enemies":"Gensokyo:Cirno","floor":10,"turns":7},{"damage":3,"enemies":"Gensokyo:Gryphon","floor":12,"turns":3},{"damage":17,"enemies":"Gensokyo:Yukari","floor":16,"turns":22},{"damage":2,"enemies":"Gensokyo:CosmicMonolith","floor":18,"turns":6},{"damage":2,"enemies":"Gensokyo:AngelMirror","floor":21,"turns":4},{"damage":4,"enemies":"Gensokyo:Slime_Group","floor":25,"turns":4},{"damage":0,"enemies":"Gensokyo:Monolith_and_Dog","floor":27,"turns":5},{"damage":0,"enemies":"Gensokyo:3_Gloops","floor":28,"turns":5},{"damage":1,"enemies":"Gensokyo:Koishi","floor":30,"turns":6},{"damage":0,"enemies":"Gensokyo:Chomper_and_Gloop","floor":31,"turns":6},{"damage":23,"enemies":"Gensokyo:Kaguya","floor":33,"turns":9},{"damage":21,"enemies":"3 Darklings","floor":35,"turns":6},{"damage":0,"enemies":"3 Shapes","floor":37,"turns":7},{"damage":0,"enemies":"Writhing Mass","floor":39,"turns":7},{"damage":22,"enemies":"Reptomancer","floor":40,"turns":7},{"damage":0,"enemies":"Giant Head","floor":42,"turns":8},{"damage":35,"enemies":"Transient","floor":44,"turns":5},{"damage":0,"enemies":"Nightmare","floor":45,"turns":7},{"damage":0,"enemies":"3 Darklings","floor":48,"turns":3},{"damage":0,"enemies":"Awakened One","floor":50,"turns":9}],"seed_played":"-2028755616091512232","potions_obtained":[{"floor":1,"key":"Block Potion"},{"floor":10,"key":"Energy Potion"}],"is_trial":false,"path_per_floor":["M","?","?","?","$","R","E","R","T","E","?","M","$","?","R","B",null,"M","?","$","M","?","R","AVR","M","T","M","M","R","E","M","R","B",null,"M","?","M","?","M","E","$","E","T","M","NM","$","R","M","R","B",null],"character_chosen":"KOISHI","items_purchased":["ReplayTheSpireMod:CursedCoin","Replay:Bandana","Koishi:Prune","Koishi:HeartfeltFancy","Koishi:LastRemote","ClockworkSouvenir","Koishi:SprinkleStarAndHeart+1","Koishi:DreadfulBlow+1","Koishi:YoukaiPolygraph+1","infinitespire:WardingShard","DollysMirror"],"campfire_rested":1,"item_purchase_floors":[0,0,0,5,5,13,20,20,20,41,41],"current_hp_per_floor":[60,60,60,60,60,60,33,33,33,8,8,8,8,8,26,18,60,60,60,60,60,65,65,65,63,63,65,65,65,72,72,72,62,72,63,63,72,72,72,59,59,82,82,57,77,77,77,82,82,82],"gold":116,"neow_bonus":"","is_daily":false,"chose_seed":false,"campfire_upgraded":5,"win_rate":0.0,"timestamp":1610128046,"path_taken":["M","?","?","?","$","R","E","R","T","E","?","?","?","?","R","BOSS","M","?","$","?","?","R","AVR","M","T","M","M","R","E","M","R","BOSS","M","?","?","?","M","E","$","E","T","M","NM","$","R","M","R","BOSS"],"items_purchased_type":["Relic","Relic","Card","Card","Card","Relic","Card","Card","Card","Relic","Relic"],"build_version":"2020-12-22","purchased_purges":6,"victory":true,"max_hp_per_floor":[60,60,60,60,60,60,60,60,60,60,60,60,60,60,60,60,60,60,60,60,60,65,65,65,65,65,65,65,65,72,72,72,72,72,72,72,72,72,72,72,72,82,82,82,82,82,82,82,82,82],"card_choices":[{"not_picked":["Koishi:UnconsciousUprising","Koishi:TremblingHands"],"picked":"Koishi:LastRemote","floor":1},{"not_picked":["Koishi:TerrifyingSpectre","Koishi:UnseenTerror"],"picked":"Koishi:Untouchable","floor":7},{"not_picked":["Koishi:GhostParty","Koishi:SpiritedAway+1"],"picked":"Koishi:MentalBreakdown+1","floor":10},{"not_picked":["Koishi:StingingMind+1","Koishi:SpiritedAway+1"],"picked":"Koishi:JumpScare","floor":11},{"not_picked":["Koishi:RacingHeart+1","Koishi:PhantomBarrier","Koishi:JumpScare"],"picked":"SKIP","floor":12},{"not_picked":["Koishi:Heartbroken","Koishi:SuperEgo+1"],"picked":"Koishi:GrowingPain+1","floor":16},{"not_picked":["Koishi:DNAsFlaw","Koishi:ReflexRadar"],"picked":"Koishi:Prune+1","floor":18},{"not_picked":["Koishi:MindNumbingTerror+1","Koishi:Jaunt+1"],"picked":"Koishi:VengefulSpirit+1","floor":21},{"not_picked":["Koishi:ParalyzingFear+1","Koishi:BloodcurdlingScream+1","Koishi:DanmakuParanoia+1"],"picked":"SKIP","floor":25},{"not_picked":["Koishi:JumpScare","Koishi:SpiritedAway+1"],"picked":"Koishi:RorschachInDanmaku","floor":27},{"not_picked":["Koishi:LastRemote+1","Koishi:TraumaticStroke+1"],"picked":"Koishi:HeartfeltFancy+1","floor":28},{"not_picked":["Koishi:PhantomBarrier","Koishi:UnansweredLove"],"picked":"Koishi:ReleaseOfTheId","floor":30},{"not_picked":["Koishi:UnconsciousUprising","Koishi:DreadfulBlow+1"],"picked":"Koishi:SubterraneanRose","floor":31},{"not_picked":["Koishi:Heartbroken","Koishi:ConditionedTeleport"],"picked":"Koishi:ConfinedInnocent","floor":33},{"not_picked":["Koishi:PredatoryInstincts","Koishi:DNAsFlaw"],"picked":"Koishi:UnconsciousUprising","floor":35},{"not_picked":["Koishi:EmbersOfLove+1","Koishi:ParalyzingFear+1"],"picked":"Koishi:ReflexRadar","floor":37},{"not_picked":["Koishi:CatchAndRose","Koishi:UnansweredLove+1"],"picked":"Koishi:ConfinedInnocent","floor":39},{"not_picked":["Koishi:Vanish","Koishi:Jaunt+1"],"picked":"Koishi:BramblyRoseGarden","floor":40},{"not_picked":["Koishi:DanmakuParanoia+1","Koishi:BloodcurdlingScream+1","Koishi:TraumaticStroke+1"],"picked":"SKIP","floor":42},{"not_picked":["Koishi:UnconsciousUprising+1","Koishi:BramblyRoseGarden"],"picked":"Koishi:PredatoryInstincts+1","floor":44},{"not_picked":["infinitespire:Execution","infinitespire:SealOfDarkness+"],"picked":"infinitespire:NeuralNetwork","floor":45},{"not_picked":["Koishi:Catatonia+1","Koishi:UnconsciousUprising+1"],"picked":"Koishi:UnconsciousUrges+1","floor":45},{"not_picked":["Koishi:EmbersOfLove+1","Koishi:SprinkleStarAndHeart+1","Koishi:BloodcurdlingScream+1"],"picked":"SKIP","floor":48}],"player_experience":282965,"relics_obtained":[{"floor":7,"key":"Blue Doll"},{"floor":9,"key":"Koishi:TeethAndClaws"},{"floor":10,"key":"Molten Egg 2"},{"floor":11,"key":"hubris:TenFootPole"},{"floor":26,"key":"Koishi:BloodstainedWhiteRose"},{"floor":27,"key":"Gensokyo:MosesMiracle"},{"floor":30,"key":"Strawberry"},{"floor":30,"key":"Replay:Arrowhead"},{"floor":40,"key":"ReplayTheSpireMod:Lightbulb"},{"floor":40,"key":"Onion Ring"},{"floor":42,"key":"Smiling Mask"},{"floor":42,"key":"Pear"},{"floor":43,"key":"Replay:Bottled Flurry"},{"floor":45,"key":"ReplayTheSpireMod:Shallot"},{"floor":45,"key":"infinitespire:Joker Card"}],"event_choices":[{"cards_removed":["Koishi:BasicDefend"],"damage_healed":0,"gold_gain":0,"player_choice":"Purged","damage_taken":0,"max_hp_gain":0,"max_hp_loss":0,"event_name":"Purifier","floor":36,"gold_loss":0},{"damage_healed":0,"gold_gain":0,"player_choice":"Full Heal","damage_taken":0,"max_hp_gain":0,"max_hp_loss":0,"event_name":"Wheel of Change","floor":38,"gold_loss":0}],"is_beta":false,"boss_relics":[{"not_picked":["Busted Crown","hubris:GrandSneckoEye"],"picked":"Sozu"},{"not_picked":["Koishi:ColorfulDays","Runic Dome","Cursed Key"]}],"items_purged_floors":[0,5,13,24,41,46],"is_endless":false,"potions_floor_spawned":[1,10,18,21,39,40,44],"ascension_level":3}}