{"host":"df48i9djcn92c5sx","time":1610116833,"event":{"mods":["BaseMod","Downfall","Marisa£®ÏF”Í°°ƒß¿Ì…≥£©","Minty Spire (QoL Compilation)","READ ME - Guardian Mod","READ ME - Snecko Mod","Reimu£®≤©¿ˆ¡È√Œ£©","Remilia£®¿Ÿ√◊¿Ú—«£©","Replay The Spire","Shop Mod","StSLib","The Jungle","The Servant 0.9.4"],"gold_per_floor":[99,99,99,99,99,99,124,124,124,124],"floor_reached":9,"playtime":123,"items_purged":[],"score":59,"play_id":"88d537b4-42e1-4d98-a019-6c335ff58676","local_time":"20210108224033","is_ascension_mode":true,"campfire_choices":[{"data":"KidneyShot","floor":1,"key":"SMITH"},{"data":"SpecialFormula","floor":6,"key":"SMITH"},{"data":"Replace","floor":8,"key":"SMITH"}],"circlet_count":0,"master_deck":["Strike_S","Strike_S","Strike_S","Defend_S","Defend_S","Defend_S","Defend_S","KidneyShot+1","Exchange","SpecialFormula+1","Replace+1","Misdirection"],"relics":["Uniform","downfall:HeartsMalice"],"acts_visited":["Exordium"],"potions_floor_usage":[],"damage_taken":[{"damage":0,"enemies":"Small Slimes","floor":2,"turns":1},{"damage":0,"enemies":"Cultist","floor":3,"turns":1},{"damage":0,"enemies":"Jaw Worm","floor":5,"turns":1},{"damage":76,"enemies":"Gremlin Nob","floor":9,"turns":6}],"seed_played":"-7370809079398004329","potions_obtained":[],"is_trial":false,"path_per_floor":["R","M","M","?","M","R","T","R","E"],"character_chosen":"THE_SERVANT","items_purchased":[],"campfire_rested":0,"item_purchase_floors":[],"current_hp_per_floor":[59,59,59,59,59,59,59,59,0,0],"gold":124,"neow_bonus":"THREE_ENEMY_KILL","is_daily":false,"chose_seed":false,"campfire_upgraded":3,"win_rate":0.0,"timestamp":1610116833,"path_taken":["R","M","M","?","?","R","T","R","E"],"items_purchased_type":[],"build_version":"2020-12-22","purchased_purges":0,"victory":false,"max_hp_per_floor":[65,65,65,65,65,65,65,65,65,65],"card_choices":[{"not_picked":["FanOfKnives","Comet"],"picked":"SpecialFormula","floor":2},{"not_picked":["DualDimension","Alleviate","Potential"],"picked":"SKIP","floor":3},{"not_picked":["Defy","TimeWarp"],"picked":"Misdirection","floor":5}],"player_experience":1411365,"relics_obtained":[],"event_choices":[{"damage_healed":0,"gold_gain":0,"cards_transformed":["Strike_S"],"player_choice":"Transformed","damage_taken":0,"max_hp_gain":0,"max_hp_loss":0,"event_name":"Transmorgrifier","floor":4,"gold_loss":0,"cards_obtained":["Replace"]}],"is_beta":false,"boss_relics":[],"items_purged_floors":[],"is_endless":false,"potions_floor_spawned":[],"killed_by":"Gremlin Nob","ascension_level":6}}