{"host":"0mywbdtsrkvoq3rn","time":1610094609,"event":{"mods":["BaseMod","Lobotomy","Minty Spire (QoL Compilation)","Relic Stats","Replay The Spire","Shop Mod","Spicy Shops","StSLib","¡¾ÒÅÎï¿¨ÅÆ¡¿REMEMod"],"gold_per_floor":[112,132,132,152,167,167,167,167],"floor_reached":7,"playtime":445,"items_purged":[],"score":45,"play_id":"d0fce3ae-4476-4d00-a6a9-ea516d50235f","local_time":"20210108163009","is_ascension_mode":true,"campfire_choices":[{"floor":6.0,"key":"REST"}],"circlet_count":0,"master_deck":["Strike_R","Strike_R","Strike_R","Strike_R","Strike_R","Defend_R","Defend_R","Defend_R","Defend_R","Bash","Feel No Pain","OSAHOGD","Entrench","CrumblingArmor","Combust","SnowQueen","QueenOfHatred","ReplayTheSpireMod:Limb From Limb"],"relics":["Burning Blood","REME_ComplimentaryCards","CogitoBucket","Golden Idol"],"acts_visited":["Exordium"],"potions_floor_usage":[],"damage_taken":[{"damage":1.0,"enemies":"Cultist","floor":1.0,"turns":3.0},{"damage":7.0,"enemies":"2 Louse","floor":2.0,"turns":3.0},{"damage":5.0,"enemies":"Small Slimes","floor":4.0,"turns":4.0},{"damage":33.0,"enemies":"Exordium Wildlife","floor":5.0,"turns":8.0},{"damage":59,"enemies":"Gremlin Nob","floor":7,"turns":5}],"seed_played":"-4248488568424345009","potions_obtained":[{"floor":1.0,"key":"PowerPotion"},{"floor":5.0,"key":"Doom Potion"}],"is_trial":false,"path_per_floor":["M","M","?","M","M","R","E"],"character_chosen":"IRONCLAD","items_purchased":[],"campfire_rested":1,"item_purchase_floors":[],"current_hp_per_floor":[80,79,59,60,33,57,0,0],"gold":167,"neow_bonus":"","is_daily":false,"chose_seed":false,"campfire_upgraded":0,"win_rate":0.0,"timestamp":1610094609,"path_taken":["M","M","?","M","M","R","E"],"items_purchased_type":[],"build_version":"2020-12-22","purchased_purges":0,"victory":false,"max_hp_per_floor":[80,80,80,80,80,80,80,80],"relic_stats":{"counters":[5,23],"Golden Idol":7,"obtain_stats":[{"CogitoBucket":0,"Golden Idol":3,"Burning Blood":0,"REME_ComplimentaryCards":0},{"CogitoBucket":0,"Golden Idol":2,"Burning Blood":0,"REME_ComplimentaryCards":0},{"CogitoBucket":0,"Golden Idol":6,"Burning Blood":0,"REME_ComplimentaryCards":0}],"Burning Blood":19},"card_choices":[{"not_picked":["MeatLantern","SnowQueen"],"picked":"OSAHOGD","floor":1.0},{"not_picked":["Twin Strike","Headbutt"],"picked":"Entrench","floor":1.0},{"not_picked":["BlackSwan","WhitesApple"],"picked":"CrumblingArmor","floor":2.0},{"not_picked":["Anger","Hemokinesis"],"picked":"Combust","floor":2.0},{"not_picked":["Bloodbath","MeatLantern"],"picked":"SnowQueen","floor":4.0},{"not_picked":["Warcry","Dual Wield","Clothesline"],"picked":"SKIP","floor":4.0},{"not_picked":["PunishingBird","VoidDream"],"picked":"QueenOfHatred","floor":5.0},{"not_picked":["Infernal Blade","Fiend Fire"],"picked":"ReplayTheSpireMod:Limb From Limb","floor":5.0}],"player_experience":126854,"relics_obtained":[],"event_choices":[{"damage_healed":0.0,"max_hp_gain":0.0,"max_hp_loss":0.0,"gold_gain":0.0,"event_name":"Golden Idol","player_choice":"Take Damage","floor":3.0,"gold_loss":0.0,"damage_taken":20.0,"relics_obtained":["Golden Idol"]}],"is_beta":false,"boss_relics":[],"items_purged_floors":[],"is_endless":false,"potions_floor_spawned":[1,5],"killed_by":"Gremlin Nob","ascension_level":1}}