{"host":"wwo1kwxjf4eyz37q","time":1610100570,"event":{"mods":["AchievementEnabler","BaseMod","Colored Map","Minty Spire (QoL Compilation)","Quick Restart","SuperFastMode"],"gold_per_floor":[117,117,137,9,9,9,28,28,54,4,4,38,38,50,50,152,152,165,179,179,104,19,19,34,34,34,34,44,73,73,83,83,180,230,247,261,261,275,6,6,31,31,58,6,6,23,34,34,34,34],"floor_reached":51,"playtime":1984,"items_purged":["Strike_B"],"score":818,"play_id":"f50b1126-73ee-45aa-bde3-5a30f6bbc475","local_time":"20210108190930","is_ascension_mode":true,"campfire_choices":[{"data":"Zap","floor":6.0,"key":"SMITH"},{"data":"Defragment","floor":8.0,"key":"SMITH"},{"floor":13.0,"key":"REST"},{"data":"Dualcast","floor":15.0,"key":"SMITH"},{"data":"Coolheaded","floor":23.0,"key":"SMITH"},{"data":"Electrodynamics","floor":25.0,"key":"SMITH"},{"floor":32.0,"key":"REST"},{"floor":40.0,"key":"REST"},{"floor":42.0,"key":"REST"},{"floor":49,"key":"REST"}],"circlet_count":0,"master_deck":["Strike_B","Defend_B","Zap+1","Dualcast+1","Thunder Strike+1","Capacitor","Conserve Battery","Defragment+1","Coolheaded+1","Electrodynamics+1","Capacitor+1","Auto Shields+1","Static Discharge+1","Seek+1","Rebound+1","Coolheaded+1","Storm+1","Coolheaded+1","Ball Lightning","Conserve Battery+1"],"relics":["Cracked Core","Toy Ornithopter","PreservedInsect","Matryoshka","Philosopher\u0027s Stone","MutagenicStrength","Boot","Ancient Tea Set","Frozen Egg 2","Toxic Egg 2","Tiny House","Orichalcum","Art of War","Centennial Puzzle","Nunchaku","Shuriken"],"acts_visited":["Exordium","TheCity","TheBeyond"],"potions_floor_usage":[47,47,50],"damage_taken":[{"damage":7.0,"enemies":"Jaw Worm","floor":1.0,"turns":3.0},{"damage":4.0,"enemies":"2 Louse","floor":3.0,"turns":3.0},{"damage":13.0,"enemies":"Small Slimes","floor":7.0,"turns":3.0},{"damage":20.0,"enemies":"Gremlin Nob","floor":12.0,"turns":3.0},{"damage":4.0,"enemies":"2 Fungi Beasts","floor":14.0,"turns":4.0},{"damage":19.0,"enemies":"Hexaghost","floor":16.0,"turns":13.0},{"damage":7.0,"enemies":"3 Byrds","floor":18.0,"turns":2.0},{"damage":7.0,"enemies":"Chosen","floor":19.0,"turns":3.0},{"damage":27.0,"enemies":"Centurion and Healer","floor":24.0,"turns":4.0},{"damage":25.0,"enemies":"Snake Plant","floor":28.0,"turns":5.0},{"damage":0.0,"enemies":"Slavers","floor":29.0,"turns":1.0},{"damage":0.0,"enemies":"Snecko","floor":31.0,"turns":4.0},{"damage":1.0,"enemies":"Automaton","floor":33.0,"turns":5.0},{"damage":10.0,"enemies":"Orb Walker","floor":35.0,"turns":3.0},{"damage":31.0,"enemies":"3 Shapes","floor":36.0,"turns":2.0},{"damage":17.0,"enemies":"Spire Growth","floor":38.0,"turns":5.0},{"damage":19.0,"enemies":"Nemesis","floor":41.0,"turns":5.0},{"damage":7.0,"enemies":"Sphere and 2 Shapes","floor":46.0,"turns":3.0},{"damage":17,"enemies":"Writhing Mass","floor":47,"turns":4},{"damage":41,"enemies":"Time Eater","floor":50,"turns":7}],"seed_played":"124371352745378915","potions_obtained":[{"floor":12.0,"key":"ColorlessPotion"},{"floor":28.0,"key":"Explosive Potion"},{"floor":29.0,"key":"EssenceOfSteel"},{"floor":31.0,"key":"DistilledChaos"},{"floor":33.0,"key":"AttackPotion"},{"floor":34.0,"key":"Explosive Potion"},{"floor":36.0,"key":"Energy Potion"},{"floor":46.0,"key":"Block Potion"}],"is_trial":false,"path_per_floor":["M","?","M","$","?","R","M","R","T","?","?","E","R","M","R","B",null,"M","M","?","?","?","R","M","R","T","$","M","E","?","M","R","B",null,"M","M","?","M","$","R","E","R","T","$","?","M","M","$","R","B",null],"character_chosen":"DEFECT","items_purchased":["Conserve Battery","Storm+1","Orichalcum","Coolheaded+1","Ball Lightning"],"campfire_rested":5,"item_purchase_floors":[4,39,39,39,44],"current_hp_per_floor":[61,54,50,50,38,38,25,25,25,25,25,5,25,21,21,2,68,61,54,54,54,54,54,27,27,27,27,2,7,7,7,27,26,73,63,32,32,15,15,36,17,38,38,38,38,31,24,24,45,9],"gold":34,"neow_bonus":"THREE_RARE_CARDS","is_daily":false,"chose_seed":false,"campfire_upgraded":5,"win_rate":0.0,"timestamp":1610100570,"path_taken":["M","?","M","$","?","R","M","R","T","?","?","E","R","M","R","BOSS","M","M","?","?","?","R","M","R","T","$","M","E","?","M","R","BOSS","M","M","?","M","$","R","E","R","T","$","?","?","M","?","R","BOSS"],"items_purchased_type":["Card","Card","Relic","Card","Card"],"build_version":"2020-12-22","purchased_purges":1,"victory":true,"max_hp_per_floor":[68,68,68,68,68,68,68,68,68,68,68,68,68,68,68,68,68,68,68,68,68,68,68,68,68,68,68,68,68,68,68,68,68,73,73,73,73,73,73,73,73,73,73,73,73,73,73,73,73,73],"card_choices":[{"not_picked":["Seek","Machine Learning"],"picked":"Thunder Strike","floor":0.0},{"not_picked":["Coolheaded","Barrage"],"picked":"Capacitor","floor":1.0},{"not_picked":["Gash","Stack","Beam Cell"],"picked":"SKIP","floor":3.0},{"not_picked":["Hello World","Barrage"],"picked":"Defragment","floor":7.0},{"not_picked":["Reinforced Body","Stack","Fusion"],"picked":"SKIP","floor":12.0},{"not_picked":["FTL","Barrage"],"picked":"Coolheaded","floor":14.0},{"not_picked":["Biased Cognition","Echo Form"],"picked":"Electrodynamics","floor":16.0},{"not_picked":["Coolheaded","Steam"],"picked":"Capacitor+1","floor":18.0},{"not_picked":["Capacitor","Steam","Static Discharge"],"picked":"SKIP","floor":19.0},{"not_picked":["Steam","Turbo"],"picked":"Auto Shields+1","floor":24.0},{"not_picked":["Sweeping Beam","Hello World+1","Chaos+1"],"picked":"SKIP","floor":28.0},{"not_picked":["Melter","Leap+1"],"picked":"Static Discharge+1","floor":29.0},{"not_picked":["Capacitor+1","Auto Shields+1","Redo+1"],"picked":"SKIP","floor":31.0},{"not_picked":["Fission+1","All For One"],"picked":"Seek+1","floor":33.0},{"not_picked":["Steam Power+1","Go for the Eyes"],"picked":"Rebound+1","floor":34.0},{"not_picked":["Turbo+1","Rebound"],"picked":"Coolheaded+1","floor":35.0},{"not_picked":["Force Field+1","Rebound","Redo+1"],"picked":"SKIP","floor":36.0},{"not_picked":["Rebound+1","Fission+1","Go for the Eyes+1"],"picked":"SKIP","floor":38.0},{"not_picked":["Cold Snap","White Noise+1","Hello World+1"],"picked":"SKIP","floor":41.0},{"not_picked":["Ball Lightning+1","Capacitor+1"],"picked":"Conserve Battery+1","floor":46.0},{"not_picked":["Rebound","White Noise+1","Genetic Algorithm+1"],"picked":"SKIP","floor":47}],"player_experience":193478,"relics_obtained":[{"floor":9.0,"key":"PreservedInsect"},{"floor":12.0,"key":"Matryoshka"},{"floor":26.0,"key":"Ancient Tea Set"},{"floor":26.0,"key":"Frozen Egg 2"},{"floor":29.0,"key":"Toxic Egg 2"},{"floor":41.0,"key":"Art of War"},{"floor":43.0,"key":"Centennial Puzzle"},{"floor":43.0,"key":"Nunchaku"}],"event_choices":[{"cards_removed":["Strike_B"],"damage_healed":0.0,"max_hp_gain":0.0,"max_hp_loss":0.0,"gold_gain":0.0,"event_name":"Golden Wing","player_choice":"Card Removal","floor":2.0,"gold_loss":0.0,"damage_taken":7.0},{"damage_healed":0.0,"max_hp_gain":0.0,"max_hp_loss":0.0,"gold_gain":0.0,"event_name":"Scrap Ooze","player_choice":"Success","floor":5.0,"gold_loss":0.0,"damage_taken":12.0,"relics_obtained":["Toy Ornithopter"]},{"cards_removed":["Defend_B"],"damage_healed":0.0,"max_hp_gain":0.0,"max_hp_loss":0.0,"gold_gain":0.0,"event_name":"The Cleric","player_choice":"Card Removal","floor":10.0,"gold_loss":50.0,"damage_taken":0.0},{"cards_removed":["Defend_B"],"damage_healed":0.0,"max_hp_gain":0.0,"max_hp_loss":0.0,"gold_gain":0.0,"event_name":"Purifier","player_choice":"Purged","floor":11.0,"gold_loss":0.0,"damage_taken":0.0},{"damage_healed":0.0,"max_hp_gain":0.0,"max_hp_loss":0.0,"gold_gain":0.0,"event_name":"Drug Dealer","player_choice":"Inject Mutagens","floor":20.0,"gold_loss":0.0,"damage_taken":0.0,"relics_obtained":["MutagenicStrength"]},{"cards_removed":["Strike_B"],"damage_healed":0.0,"max_hp_gain":0.0,"max_hp_loss":0.0,"gold_gain":0.0,"event_name":"Beggar","player_choice":"Gave Gold","floor":21.0,"gold_loss":75.0,"damage_taken":0.0},{"damage_healed":0.0,"max_hp_gain":0.0,"max_hp_loss":0.0,"gold_gain":0.0,"event_name":"Addict","player_choice":"Obtained Relic","floor":22.0,"gold_loss":85.0,"damage_taken":0.0,"relics_obtained":["Boot"]},{"damage_healed":0.0,"max_hp_gain":0.0,"max_hp_loss":0.0,"gold_gain":0.0,"event_name":"N\u0027loth","player_choice":"Ignored","floor":30.0,"gold_loss":0.0,"damage_taken":0.0},{"cards_removed":["Defend_B"],"damage_healed":0.0,"max_hp_gain":0.0,"max_hp_loss":0.0,"gold_gain":0.0,"event_name":"Falling","player_choice":"Removed Skill","floor":37.0,"gold_loss":0.0,"damage_taken":0.0},{"damage_healed":0.0,"max_hp_gain":0.0,"max_hp_loss":0.0,"gold_gain":0.0,"event_name":"WeMeetAgain","player_choice":"Gave Potion","floor":45.0,"gold_loss":0.0,"damage_taken":0.0,"relics_obtained":["Shuriken"]}],"is_beta":false,"boss_relics":[{"not_picked":["Fusion Hammer","Empty Cage"],"picked":"Philosopher\u0027s Stone"},{"not_picked":["Cursed Key","Runic Dome"],"picked":"Tiny House"}],"items_purged_floors":[4],"is_endless":false,"potions_floor_spawned":[12,28,29,31,33,36,46],"ascension_level":3}}