{"host":"2okas1s8lto464g9","time":1610111773,"event":{"mods":["BaseMod","Marisa£®ÏF”Í°°ƒß¿Ì…≥£©","Minty Spire (QoL Compilation)","StSLib","The Construct","The Servant 0.9.4"],"gold_per_floor":[112,127,142,142,156,190,190,201,201,221,221,231,247,272,272,272,272],"floor_reached":16,"playtime":542,"items_purged":[],"score":122,"play_id":"16ff49dc-2149-42b4-b1b9-9c97343fdc96","local_time":"20210108211613","is_ascension_mode":true,"campfire_choices":[{"data":"Battle Trance","floor":11,"key":"SMITH"},{"data":"Second Wind","floor":15,"key":"SMITH"}],"circlet_count":0,"master_deck":["Strike_R","Strike_R+1","Strike_R","Strike_R","Strike_R","Defend_R","Defend_R","Defend_R","Defend_R","Bash","Cleave","Pommel Strike+1","Battle Trance+1","Parasite","Spot Weakness","Second Wind+1"],"relics":["Burning Blood","NeowsBlessing","Akabeko","Darkstone Periapt","Potion Belt"],"acts_visited":["Exordium"],"potions_floor_usage":[],"damage_taken":[{"damage":0.0,"enemies":"Small Slimes","floor":1.0,"turns":1.0},{"damage":0.0,"enemies":"2 Louse","floor":2.0,"turns":1.0},{"damage":0.0,"enemies":"Jaw Worm","floor":3.0,"turns":1.0},{"damage":15,"enemies":"Exordium Wildlife","floor":5,"turns":4},{"damage":36,"enemies":"Lagavulin","floor":6,"turns":5},{"damage":11,"enemies":"Large Slime","floor":8,"turns":3},{"damage":6,"enemies":"2 Fungi Beasts","floor":10,"turns":4},{"damage":6,"enemies":"Exordium Wildlife","floor":12,"turns":2},{"damage":9,"enemies":"Gremlin Gang","floor":13,"turns":3},{"damage":16,"enemies":"Gremlin Nob","floor":14,"turns":3},{"damage":13,"enemies":"Hexaghost","floor":16,"turns":4}],"seed_played":"1581266830320772397","potions_obtained":[{"floor":1.0,"key":"EssenceOfSteel"},{"floor":2.0,"key":"LiquidBronze"},{"floor":8,"key":"Strength Potion"},{"floor":14,"key":"LiquidMemories"}],"is_trial":false,"path_per_floor":["M","M","M","?","M","E","?","M","T","M","R","M","M","E","R","B"],"character_chosen":"IRONCLAD","items_purchased":[],"campfire_rested":0,"item_purchase_floors":[],"current_hp_per_floor":[80,80,80,64,55,25,45,40,40,40,40,40,37,27,27,14,14],"gold":272,"neow_bonus":"THREE_ENEMY_KILL","is_daily":false,"chose_seed":false,"campfire_upgraded":2,"win_rate":0.0,"timestamp":1610111773,"path_taken":["M","M","M","?","M","E","?","M","T","M","R","M","M","E","R","BOSS"],"items_purchased_type":[],"build_version":"2020-12-22","purchased_purges":0,"victory":false,"max_hp_per_floor":[80,80,80,80,80,80,80,80,80,80,80,80,80,80,80,80,80],"card_choices":[{"not_picked":["Seeing Red","Headbutt"],"picked":"Cleave","floor":1.0},{"not_picked":["Thunderclap","Armaments"],"picked":"Pommel Strike","floor":2.0},{"not_picked":["Iron Wave","Blood for Blood"],"picked":"Battle Trance","floor":3.0},{"not_picked":["Heavy Blade","Havoc","Twin Strike"],"picked":"SKIP","floor":5},{"not_picked":["Headbutt","Dropkick","Cleave"],"picked":"SKIP","floor":6},{"not_picked":["Combust","Flex","Disarm"],"picked":"SKIP","floor":8},{"not_picked":["Iron Wave","Flex","Sword Boomerang"],"picked":"SKIP","floor":10},{"not_picked":["Infernal Blade","Headbutt"],"picked":"Spot Weakness","floor":12},{"not_picked":["Berserk","Perfected Strike","Clothesline"],"picked":"SKIP","floor":13},{"not_picked":["Iron Wave","Thunderclap"],"picked":"Second Wind","floor":14}],"player_experience":529793,"relics_obtained":[{"floor":6,"key":"Akabeko"},{"floor":9,"key":"Darkstone Periapt"},{"floor":14,"key":"Potion Belt"}],"event_choices":[{"damage_healed":0.0,"max_hp_gain":0.0,"max_hp_loss":0.0,"gold_gain":0.0,"event_name":"Shining Light","player_choice":"Entered Light","floor":4.0,"gold_loss":0.0,"damage_taken":16.0,"cards_upgraded":["Pommel Strike","Strike_R"]},{"damage_healed":20,"gold_gain":0,"player_choice":"Healed and dodged fight","damage_taken":0,"max_hp_gain":0,"max_hp_loss":0,"event_name":"Mushrooms","floor":7,"gold_loss":0,"cards_obtained":["Parasite"]}],"is_beta":false,"boss_relics":[],"items_purged_floors":[],"is_endless":false,"potions_floor_spawned":[1,2,8,14],"killed_by":"Hexaghost","ascension_level":1}}