{"host":"ao4lxi9bhtts409i","time":1610131063,"event":{"mods":["AchievementEnabler","BaseMod","Colored Map","Colored Powertips","Minty Spire (QoL Compilation)","SuperFastMode"],"gold_per_floor":[14,29,43,56,72,72,88,123,148,181,181,193,59,72,72,168,168,168,168,168,168,168,168,168,168,168],"floor_reached":25,"playtime":1589,"items_purged":["Strike_R"],"score":326,"play_id":"1312b569-3275-4945-8283-ecee1e39b42c","local_time":"20210108193743","is_ascension_mode":true,"campfire_choices":[{"data":"Fiend Fire","floor":6,"key":"SMITH"},{"data":"Armaments","floor":11,"key":"SMITH"},{"floor":15,"key":"REST"},{"floor":24,"key":"REST"}],"circlet_count":0,"master_deck":["Strike_R","Strike_R","Defend_R","Defend_R","Defend_R","Defend_R","Bash","Clothesline","Shrug It Off","Rupture","Bloodletting","Fiend Fire+1","Headbutt","Spot Weakness","Armaments+1","Evolve","Cleave","Fire Breathing","Wild Strike","Demon Form","Wild Strike","Ghostly","Ghostly","Ghostly","Ghostly","Ghostly","Sword Boomerang+1","Hemokinesis+1"],"relics":["Burning Blood","Toy Ornithopter","Nunchaku","The Courier","Ectoplasm","Red Mask","Juzu Bracelet"],"acts_visited":["Exordium","TheCity"],"potions_floor_usage":[12,16,16,19,22,23],"damage_taken":[{"damage":6,"enemies":"Cultist","floor":1,"turns":5},{"damage":3,"enemies":"2 Louse","floor":2,"turns":4},{"damage":0,"enemies":"Jaw Worm","floor":3,"turns":4},{"damage":41,"enemies":"Gremlin Gang","floor":4,"turns":11},{"damage":5,"enemies":"Blue Slaver","floor":5,"turns":5},{"damage":4,"enemies":"Looter","floor":7,"turns":3},{"damage":3,"enemies":"Gremlin Nob","floor":8,"turns":2},{"damage":24,"enemies":"3 Sentries","floor":10,"turns":7},{"damage":3,"enemies":"Large Slime","floor":12,"turns":3},{"damage":26,"enemies":"Lots of Slimes","floor":14,"turns":5},{"damage":25,"enemies":"Slime Boss","floor":16,"turns":8},{"damage":6,"enemies":"Spheric Guardian","floor":18,"turns":3},{"damage":43,"enemies":"Masked Bandits","floor":19,"turns":5},{"damage":6,"enemies":"Shell Parasite","floor":21,"turns":5},{"damage":4,"enemies":"Centurion and Healer","floor":22,"turns":6},{"damage":25,"enemies":"Slavers","floor":23,"turns":7},{"damage":36,"enemies":"Gremlin Leader","floor":25,"turns":5}],"seed_played":"-5809584208134189349","potions_obtained":[{"floor":4,"key":"LiquidBronze"},{"floor":5,"key":"Dexterity Potion"},{"floor":7,"key":"EssenceOfSteel"},{"floor":14,"key":"Block Potion"},{"floor":18,"key":"SpeedPotion"},{"floor":22,"key":"AttackPotion"}],"is_trial":false,"path_per_floor":["M","M","M","M","M","R","M","E","T","E","R","M","$","M","R","B",null,"M","?","?","M","M","E","R","E"],"character_chosen":"IRONCLAD","items_purchased":["Cleave","Fire Breathing"],"campfire_rested":2,"item_purchase_floors":[13,13],"current_hp_per_floor":[80,80,80,45,46,46,48,51,51,33,33,41,41,21,45,36,80,80,43,40,40,40,21,33,0,0],"gold":168,"neow_bonus":"REMOVE_TWO","is_daily":false,"chose_seed":false,"campfire_upgraded":2,"win_rate":0.0,"timestamp":1610131063,"path_taken":["M","M","M","M","M","R","M","E","T","E","R","?","$","M","R","BOSS","M","?","?","?","?","E","R","E"],"items_purchased_type":["Card","Card"],"build_version":"2020-12-22","purchased_purges":1,"victory":false,"max_hp_per_floor":[80,80,80,80,80,80,80,80,80,80,80,80,80,80,80,80,80,80,80,40,40,40,40,40,40,40],"card_choices":[{"not_picked":["Iron Wave","Flex"],"picked":"Clothesline","floor":1},{"not_picked":["Flex","Sword Boomerang"],"picked":"Shrug It Off","floor":2},{"not_picked":["Headbutt","Pommel Strike"],"picked":"Rupture","floor":3},{"not_picked":["Power Through","Anger"],"picked":"Bloodletting","floor":4},{"not_picked":["Warcry","Body Slam"],"picked":"Fiend Fire","floor":5},{"not_picked":["Second Wind","Body Slam"],"picked":"Headbutt","floor":7},{"not_picked":["Sever Soul","Rage"],"picked":"Spot Weakness","floor":8},{"not_picked":["Perfected Strike","Feel No Pain"],"picked":"Armaments","floor":10},{"not_picked":["Rupture","Warcry"],"picked":"Evolve","floor":12},{"not_picked":["Sword Boomerang","Cleave"],"picked":"Wild Strike","floor":14},{"not_picked":["Offering","Exhume"],"picked":"Demon Form","floor":16},{"not_picked":["Uppercut","Anger+1","Headbutt"],"picked":"SKIP","floor":18},{"not_picked":["Rupture+1","Burning Pact"],"picked":"Wild Strike","floor":19},{"not_picked":["Ghostly Armor","Blood for Blood"],"picked":"Sword Boomerang+1","floor":21},{"not_picked":["Armaments","Perfected Strike","Pommel Strike"],"picked":"SKIP","floor":22},{"not_picked":["Body Slam","Pommel Strike"],"picked":"Hemokinesis+1","floor":23}],"player_experience":176664,"relics_obtained":[{"floor":8,"key":"Toy Ornithopter"},{"floor":9,"key":"Nunchaku"},{"floor":10,"key":"The Courier"},{"floor":19,"key":"Red Mask"},{"floor":23,"key":"Juzu Bracelet"}],"event_choices":[{"damage_healed":0,"gold_gain":0,"player_choice":"Fought Bandits","damage_taken":0,"max_hp_gain":0,"max_hp_loss":0,"event_name":"Masked Bandits","floor":19,"gold_loss":0},{"damage_healed":0,"gold_gain":0,"player_choice":"Became a Ghost","damage_taken":0,"max_hp_gain":0,"max_hp_loss":40,"event_name":"Ghosts","floor":20,"gold_loss":0,"cards_obtained":["Ghostly","Ghostly","Ghostly","Ghostly","Ghostly"]}],"is_beta":false,"boss_relics":[{"not_picked":["Coffee Dripper","Tiny House"],"picked":"Ectoplasm"}],"items_purged_floors":[13],"is_endless":false,"potions_floor_spawned":[4,5,7,10,14,18,22],"killed_by":"Gremlin Leader","ascension_level":3}}