{"host":"tr12w2fixbnujl15","time":1610136015,"event":{"mods":["2.2 Compatiblity","BaseMod","Better Skull","BetterRewards","Clockwork Mod","Colored Powertips","Evolution","Hermit","Hubris","Infinite Spire","Koishi","Mad Scientist","Minty Spire (QoL Compilation)","Quick Restart","Replay The Spire","Shop Mod","StSLib","SuperFastMode","The Animator","The Bug Knight","The Construct","The Cursed","The Hierophant","The Necromancer","The Sage","The Senshi","The Servant 0.9.4","The Spell Scribe","TheFirefly","WarShipGirlsR/????R mod"],"gold_per_floor":[115,75,93,109,141,141,155,120,120,135,135,147,147,161,161,263,263,263,263],"floor_reached":18,"playtime":672,"items_purged":[],"score":156,"play_id":"01ff52b5-d3b0-4d57-8fb7-db936de1e45e","local_time":"20210108150015","is_ascension_mode":false,"campfire_choices":[{"data":"animator:EmiyaShirou","floor":6,"key":"SMITH"},{"floor":15,"key":"REST"}],"circlet_count":0,"master_deck":["animator:Strike_GATE","animator:Defend_GATE","animator:Strike","animator:TukaLunaMarceau","animator:Kuribayashi","animator:Rider","animator:EmiyaShirou+1","animator:Kuribayashi","animator:Bozes","animator:YaoHaDucy","animator:Kyubey","animator:HigakiRinne+1","animator:SakuraMatou","animator:SuzuneAmano","animator:Saber","TheCursedMod:Dregs","Sickly"],"relics":["animator:LivingPicture","animator:TheMissingPiece","EVO:Axolotl","animator:PurgingStone","NeowsBlessing","infinitespire:Broken Mirror","Kintsugi"],"acts_visited":["Exordium","TheCity"],"potions_floor_usage":[10,10,10],"damage_taken":[{"damage":0,"enemies":"Jaw Worm","floor":1,"turns":1},{"damage":0,"enemies":"Cultist","floor":3,"turns":1},{"damage":0,"enemies":"2 Louse","floor":4,"turns":2},{"damage":6,"enemies":"2 Fungi Beasts","floor":5,"turns":3},{"damage":15,"enemies":"Looter","floor":7,"turns":4},{"damage":11,"enemies":"Exordium Thugs","floor":10,"turns":3},{"damage":0,"enemies":"2 Fungi Beasts","floor":12,"turns":3},{"damage":21,"enemies":"Lots of Slimes","floor":14,"turns":4},{"damage":49,"enemies":"Fading Forest","floor":16,"turns":11},{"damage":19,"enemies":"3 Byrds","floor":18,"turns":3}],"seed_played":"5655227376532737108","potions_obtained":[{"floor":2,"key":"ColorlessPotion"},{"floor":2,"key":"SkillPotion"},{"floor":2,"key":"LiquidMemories"},{"floor":16,"key":"SpeedPotion"}],"is_trial":false,"path_per_floor":["M","?","M","M","M","R","M","?","T","M","?","M","?","M","R","B",null,"M"],"character_chosen":"THE_ANIMATOR","items_purchased":[],"campfire_rested":1,"item_purchase_floors":[],"current_hp_per_floor":[66,66,66,66,60,60,46,62,62,51,51,51,51,30,50,11,67,48,48],"gold":263,"neow_bonus":"THREE_ENEMY_KILL","is_daily":false,"chose_seed":false,"campfire_upgraded":1,"win_rate":0.0,"timestamp":1610136015,"path_taken":["M","?","?","M","M","R","M","?","T","M","?","M","?","?","R","BOSS","M"],"items_purchased_type":[],"build_version":"2020-12-22","purchased_purges":0,"victory":false,"max_hp_per_floor":[66,66,66,66,66,66,67,67,67,67,67,67,67,67,67,67,67,67,67],"card_choices":[{"not_picked":["animator:Hakurou","animator:Verdia"],"picked":"animator:Rider","floor":1},{"not_picked":["animator:CrowleyEusford","animator:Tatsumaki"],"picked":"animator:EmiyaShirou","floor":3},{"not_picked":["animator:YuiTsuruno","animator:UneriGinkaku"],"picked":"animator:Kuribayashi","floor":4},{"not_picked":["animator:Kuribayashi","animator:RoryMercury"],"picked":"animator:Bozes","floor":5},{"not_picked":["animator:YunYun","animator:ChaikaBohdan"],"picked":"animator:YaoHaDucy","floor":7},{"not_picked":["animator:Entoma","animator:GazelDwargon"],"picked":"animator:Kyubey","floor":10},{"not_picked":["animator:FielNirvalen","animator:MamiTomoe"],"picked":"animator:SakuraMatou","floor":12},{"not_picked":["animator:YachiyoNanami","animator:IrohaTamaki"],"picked":"animator:SuzuneAmano","floor":14},{"not_picked":["animator:Rimuru","animator:GoblinSlayer"],"picked":"animator:Saber","floor":16}],"player_experience":38538,"relics_obtained":[{"floor":9,"key":"infinitespire:Broken Mirror"}],"event_choices":[{"damage_healed":0,"gold_gain":0,"player_choice":"Bought 3 Potions","damage_taken":0,"max_hp_gain":0,"max_hp_loss":0,"event_name":"The Woman in Blue","floor":2,"gold_loss":0},{"damage_healed":16,"gold_gain":0,"player_choice":"Healed","damage_taken":0,"max_hp_gain":0,"max_hp_loss":0,"event_name":"The Cleric","floor":8,"gold_loss":35},{"damage_healed":0,"gold_gain":0,"player_choice":"Upgraded","damage_taken":0,"max_hp_gain":0,"max_hp_loss":0,"event_name":"Upgrade Shrine","floor":13,"gold_loss":0,"cards_upgraded":["Koishi:UnconsciousUrges"]}],"is_beta":false,"boss_relics":[{"not_picked":["Runic Dome","ChewingGum"],"picked":"Kintsugi"}],"items_purged_floors":[],"is_endless":false,"potions_floor_spawned":[3,4,7,16],"killed_by":"3 Byrds","ascension_level":0}}