{"host":"gpkbl0cayp7vm3va","time":1610081762,"event":{"mods":["BaseMod","Bestiary","Colored Map","Curses Come First","Downfall","Highlight Path","Minty Spire (QoL Compilation)","Replay The Spire","Robot Space Explorer","StSLib","The Animator"],"gold_per_floor":[115,134,134,134,134,168,181,214,239,239,266,279,290,301,301,403,403,420,420,437,437,447,472,161,161,161,76,76,110,110,141,141,238,238,253,253,271,286,286,320,340,340,340,373,24,50,50,84,84,96,96,96,12,51,57],"floor_reached":56,"playtime":4573,"items_purged":[],"score":1656,"play_id":"e9437b6e-8f63-47d8-9ec7-e1943677d607","local_time":"20210107215602","is_ascension_mode":true,"campfire_choices":[{"data":"RobotSpaceExplorer:DoubleFind","floor":10,"key":"SMITH"},{"floor":32,"key":"DIG"},{"data":"Writhe","floor":42,"key":"PURGE"},{"data":"RobotSpaceExplorer:PowerCollector","floor":47,"key":"SMITH"},{"floor":49,"key":"RECALL"},{"data":"Apotheosis","floor":52,"key":"SMITH"}],"circlet_count":0,"master_deck":["RobotSpaceExplorer:Defend","RobotSpaceExplorer:Defend","RobotSpaceExplorer:Defend","RobotSpaceExplorer:Defend","RobotSpaceExplorer:Scan","RobotSpaceExplorer:MiniLasers","RobotSpaceExplorer:Electroshield+1","RobotSpaceExplorer:StunGrenade+1","RobotSpaceExplorer:DoubleFind+1","RobotSpaceExplorer:StunGrenade","RobotSpaceExplorer:PowerCollector+1","RobotSpaceExplorer:SelfCleaning+1","RobotSpaceExplorer:SlimeMissile","RobotSpaceExplorer:HighVoltage","RobotSpaceExplorer:DroneSwarm","RobotSpaceExplorer:GlueShot","Slimebound:Tackle+1","Slimebound:Tackle+1","Slimebound:Tackle+1","RobotSpaceExplorer:PowerCollector","RobotSpaceExplorer:Autoloader","RobotSpaceExplorer:ShockKick","RobotSpaceExplorer:DroneSwarm","Pot Of Greed","Pot Of Greed","Pot Of Greed","RobotSpaceExplorer:DroneSwarm","RobotSpaceExplorer:ShockKick+1","RobotSpaceExplorer:ExhaustFan+1","RobotSpaceExplorer:TrailblazerForm","Parasite","RobotSpaceExplorer:Multitool","Apotheosis+1","RobotSpaceExplorer:Electropulse","Mind Blast","RobotSpaceExplorer:Discharger+1","RobotSpaceExplorer:ScrapMissile+1","RobotSpaceExplorer:PowerCollector","Pot Of Greed"],"relics":["RobotSpaceExplorer:TurboCore","NeowsBlessing","PreservedInsect","Anchor","Replay:Wax Seal","Mercury Hourglass","NlothsMask","Akabeko","Toolbox","MutagenicStrength","Replay:Multitool","Torii","Nunchaku","Thread and Needle","Grinning Jar","ChewingGum","CaptainsWheel","Replay:Rubber Ducky","Gambling Chip","Pen Nib","Bottled Tornado","Replay:Bandana","Ornamental Fan"],"acts_visited":["Exordium","TheCity","TheBeyond","TheEnding"],"potions_floor_usage":[8,11,16,29,33,33,55,55,55],"damage_taken":[{"damage":0,"enemies":"Cultist","floor":1,"turns":1},{"damage":0,"enemies":"2 Louse","floor":2,"turns":1},{"damage":0,"enemies":"Gremlin Nob","floor":6,"turns":1},{"damage":1,"enemies":"Small Slimes","floor":7,"turns":5},{"damage":0,"enemies":"3 Sentries","floor":8,"turns":5},{"damage":7,"enemies":"Lagavulin","floor":11,"turns":5},{"damage":2,"enemies":"Looter","floor":12,"turns":3},{"damage":0,"enemies":"3 Louse","floor":13,"turns":1},{"damage":3,"enemies":"Exordium Wildlife","floor":14,"turns":3},{"damage":0,"enemies":"Slime Boss","floor":16,"turns":3},{"damage":5,"enemies":"Spheric Guardian","floor":18,"turns":3},{"damage":0,"enemies":"Chosen","floor":20,"turns":3},{"damage":10,"enemies":"Sentry and Sphere","floor":22,"turns":4},{"damage":0,"enemies":"Gremlin Leader","floor":23,"turns":4},{"damage":8,"enemies":"Book of Stabbing","floor":29,"turns":5},{"damage":2,"enemies":"Gremlin Leader","floor":31,"turns":4},{"damage":0,"enemies":"Pondfish","floor":33,"turns":9},{"damage":0,"enemies":"3 Shapes","floor":35,"turns":3},{"damage":3,"enemies":"3 Darklings","floor":37,"turns":2},{"damage":13,"enemies":"Jaw Worm Horde","floor":38,"turns":3},{"damage":0,"enemies":"Giant Head","floor":40,"turns":7},{"damage":1,"enemies":"Writhing Mass","floor":41,"turns":5},{"damage":0,"enemies":"Reptomancer","floor":44,"turns":5},{"damage":0,"enemies":"Giant Head","floor":46,"turns":6},{"damage":0,"enemies":"R_Hoarder","floor":48,"turns":3},{"damage":25,"enemies":"Awakened One","floor":50,"turns":10},{"damage":10,"enemies":"Shield and Spear","floor":54,"turns":5},{"damage":3,"enemies":"The Heart","floor":55,"turns":8}],"seed_played":"3069713397319088872","potions_obtained":[{"floor":1,"key":"Dexterity Potion"},{"floor":2,"key":"ColorlessPotion"},{"floor":5,"key":"RobotSpaceExplorer:LiquidFusion"},{"floor":5,"key":"Adrenaline Potion"},{"floor":8,"key":"CultistPotion"},{"floor":14,"key":"Reflective Coating"},{"floor":16,"key":"SteroidPotion"},{"floor":18,"key":"Elixir"},{"floor":31,"key":"sneckomod:MuddlingPotion"},{"floor":41,"key":"RobotSpaceExplorer:PlasmaFlask"},{"floor":48,"key":"LiquidBronze"}],"is_trial":false,"path_per_floor":["M","M","?","?","?","E","M","E","T","R","E","M","M","M","R_BF","B",null,"M","?","M","?","M","E","$","?","T","?","T","E","?","E","R_BF","B",null,"M","?","M","M","?","E","M","R","T","E","$","E","R","E","R","B",null,"R","$","E","B",null],"character_chosen":"RobotSpaceExplorer","items_purchased":["RobotSpaceExplorer:Autoloader","Toolbox","Apotheosis","RobotSpaceExplorer:Electropulse","Mind Blast","RobotSpaceExplorer:PowerCollector","AttackPotion"],"campfire_rested":0,"item_purchase_floors":[24,24,45,45,45,53,53],"current_hp_per_floor":[75,75,75,60,60,60,59,59,59,59,52,50,50,47,69,69,75,70,70,70,70,60,60,60,60,60,60,60,52,52,50,50,50,75,75,75,72,59,59,59,58,58,58,58,58,58,58,58,58,33,75,75,75,65,62],"gold":57,"neow_bonus":"THREE_ENEMY_KILL","is_daily":false,"chose_seed":false,"campfire_upgraded":3,"win_rate":0.0,"timestamp":1610081762,"path_taken":["M","M","?","?","?","E","M","E","T","R","E","M","M","M","R_BF","BOSS","M","?","M","?","?","E","$","?","T","?","?","E","?","E","R_BF","BOSS","M","?","M","?","?","E","M","R","T","E","?","E","R","E","R","BOSS","R","$","E","BOSS"],"items_purchased_type":["Card","Relic","Card","Card","Card","Card","Potion"],"build_version":"2020-12-22","purchased_purges":0,"victory":true,"max_hp_per_floor":[75,75,75,75,75,75,75,75,75,75,75,75,75,75,75,75,75,75,75,75,75,75,75,75,75,75,75,75,75,75,75,75,75,75,75,75,75,75,75,75,75,75,75,75,75,75,75,75,75,75,75,75,75,75,75],"card_choices":[{"not_picked":["RobotSpaceExplorer:GlueSpray","RobotSpaceExplorer:SlimeMissile"],"picked":"RobotSpaceExplorer:Electroshield","floor":1},{"not_picked":["RobotSpaceExplorer:FranticSearch","RobotSpaceExplorer:Probe"],"picked":"RobotSpaceExplorer:StunGrenade","floor":2},{"not_picked":["RobotSpaceExplorer:Counterblock","RobotSpaceExplorer:FrostMissile"],"picked":"RobotSpaceExplorer:DoubleFind","floor":6},{"not_picked":["RobotSpaceExplorer:FrostMissile","RobotSpaceExplorer:Counterblock","RobotSpaceExplorer:DoubleBlock"],"picked":"SKIP","floor":7},{"not_picked":["RobotSpaceExplorer:ShovelStrike","RobotSpaceExplorer:FrostMissile"],"picked":"RobotSpaceExplorer:StunGrenade","floor":8},{"not_picked":["RobotSpaceExplorer:MetalStrike","RobotSpaceExplorer:StunGrenade"],"picked":"RobotSpaceExplorer:PowerCollector","floor":11},{"not_picked":["RobotSpaceExplorer:IronShell","RobotSpaceExplorer:SurgingStrike"],"picked":"RobotSpaceExplorer:SelfCleaning","floor":12},{"not_picked":["RobotSpaceExplorer:Ammunition","RobotSpaceExplorer:FranticSearch"],"picked":"RobotSpaceExplorer:SlimeMissile","floor":13},{"not_picked":["RobotSpaceExplorer:IronShell","RobotSpaceExplorer:Pulsar"],"picked":"RobotSpaceExplorer:HighVoltage","floor":14},{"not_picked":["RobotSpaceExplorer:Wormhole","RobotSpaceExplorer:Blaster"],"picked":"RobotSpaceExplorer:DroneSwarm","floor":16},{"not_picked":["RobotSpaceExplorer:ScrapShield","RobotSpaceExplorer:SwiftStep"],"picked":"RobotSpaceExplorer:GlueShot","floor":18},{"not_picked":["RobotSpaceExplorer:FrostMissile","RobotSpaceExplorer:Pulsar","RobotSpaceExplorer:StunGrenade"],"picked":"SKIP","floor":20},{"not_picked":["RobotSpaceExplorer:TurboDodge","RobotSpaceExplorer:ScrapToss"],"picked":"RobotSpaceExplorer:PowerCollector","floor":22},{"not_picked":["RobotSpaceExplorer:GearShield","RobotSpaceExplorer:Ammunition","RobotSpaceExplorer:Fix"],"picked":"SKIP","floor":23},{"not_picked":["RobotSpaceExplorer:MetalStrike+1","RobotSpaceExplorer:SlimeMissile"],"picked":"RobotSpaceExplorer:ShockKick","floor":29},{"not_picked":["RobotSpaceExplorer:FranticSearch","RobotSpaceExplorer:Electropulse+1"],"picked":"RobotSpaceExplorer:DroneSwarm","floor":31},{"not_picked":["RobotSpaceExplorer:ShockMissile","RobotSpaceExplorer:Wormhole"],"picked":"RobotSpaceExplorer:DroneSwarm","floor":33},{"not_picked":["RobotSpaceExplorer:MetalStrike+1","RobotSpaceExplorer:StunGrenade+1"],"picked":"RobotSpaceExplorer:ShockKick+1","floor":35},{"not_picked":["RobotSpaceExplorer:DoubleBlock","RobotSpaceExplorer:Pulsar","RobotSpaceExplorer:FrostMissile+1"],"picked":"SKIP","floor":37},{"not_picked":["RobotSpaceExplorer:SurgingShield","RobotSpaceExplorer:SlimeMissile"],"picked":"RobotSpaceExplorer:ExhaustFan+1","floor":38},{"not_picked":["RobotSpaceExplorer:ImprovisedAttack+1","RobotSpaceExplorer:SurgingShield"],"picked":"RobotSpaceExplorer:TrailblazerForm","floor":40},{"not_picked":["RobotSpaceExplorer:DoubleFind","RobotSpaceExplorer:ShovelStrike+1","RobotSpaceExplorer:FranticSearch"],"picked":"SKIP","floor":41},{"not_picked":["RobotSpaceExplorer:ScrapToss","RobotSpaceExplorer:FranticSearch+1"],"picked":"RobotSpaceExplorer:Multitool","floor":44},{"not_picked":["RobotSpaceExplorer:Counterblock","RobotSpaceExplorer:ImprovisedAttack+1"],"picked":"RobotSpaceExplorer:Discharger+1","floor":46},{"not_picked":["RobotSpaceExplorer:Reload","RobotSpaceExplorer:FreezingShield+1"],"picked":"RobotSpaceExplorer:ScrapMissile+1","floor":48},{"not_picked":["RobotSpaceExplorer:GlueSpray","RobotSpaceExplorer:Calculate","RobotSpaceExplorer:MetalStrike+1"],"picked":"SKIP","floor":54}],"player_experience":788240,"relics_obtained":[{"floor":6,"key":"PreservedInsect"},{"floor":8,"key":"Anchor"},{"floor":9,"key":"Replay:Wax Seal"},{"floor":11,"key":"Mercury Hourglass"},{"floor":23,"key":"Akabeko"},{"floor":29,"key":"Torii"},{"floor":31,"key":"Thread and Needle"},{"floor":32,"key":"Grinning Jar"},{"floor":40,"key":"Replay:Rubber Ducky"},{"floor":43,"key":"Gambling Chip"},{"floor":44,"key":"Pen Nib"},{"floor":46,"key":"Bottled Tornado"},{"floor":48,"key":"Replay:Bandana"},{"floor":54,"key":"Ornamental Fan"}],"event_choices":[{"cards_removed":["RobotSpaceExplorer:Strike"],"damage_healed":0,"gold_gain":0,"player_choice":"Forget","damage_taken":0,"max_hp_gain":0,"max_hp_loss":0,"event_name":"Living Wall","floor":3,"gold_loss":0},{"damage_healed":0,"gold_gain":0,"player_choice":"Entered Light","damage_taken":15,"max_hp_gain":0,"max_hp_loss":0,"event_name":"Shining Light","floor":4,"gold_loss":0,"cards_upgraded":["RobotSpaceExplorer:StunGrenade","RobotSpaceExplorer:Electroshield"]},{"damage_healed":0,"gold_gain":0,"player_choice":"Got Potions","damage_taken":0,"max_hp_gain":0,"max_hp_loss":0,"event_name":"Lab","floor":5,"gold_loss":0},{"damage_healed":0,"gold_gain":0,"player_choice":"Trade","damage_taken":0,"relics_obtained":["NlothsMask"],"max_hp_gain":0,"max_hp_loss":0,"event_name":"FaceTrader","floor":21,"gold_loss":0},{"damage_healed":0,"gold_gain":0,"player_choice":"Inject Mutagens","damage_taken":0,"relics_obtained":["MutagenicStrength"],"max_hp_gain":0,"max_hp_loss":0,"event_name":"Drug Dealer","floor":25,"gold_loss":0},{"damage_healed":0,"gold_gain":0,"player_choice":"Obtained Relic","damage_taken":0,"relics_obtained":["Replay:Multitool"],"max_hp_gain":0,"max_hp_loss":0,"event_name":"Addict","floor":27,"gold_loss":85},{"damage_healed":0,"gold_gain":0,"player_choice":"Opened","damage_taken":0,"relics_obtained":["Nunchaku"],"max_hp_gain":0,"max_hp_loss":0,"event_name":"The Mausoleum","floor":30,"gold_loss":0,"cards_obtained":["Writhe"]},{"damage_healed":0,"gold_gain":0,"player_choice":"Gave Potion","damage_taken":0,"relics_obtained":["CaptainsWheel"],"max_hp_gain":0,"max_hp_loss":0,"event_name":"WeMeetAgain","floor":36,"gold_loss":0},{"damage_healed":0,"gold_gain":0,"player_choice":"Ignored","damage_taken":0,"max_hp_gain":0,"max_hp_loss":0,"event_name":"SecretPortal","floor":39,"gold_loss":0}],"is_beta":false,"boss_relics":[{"not_picked":["Calling Bell","Sozu"],"picked":"RobotSpaceExplorer:TurboCore"},{"not_picked":["Ring of Chaos","Black Star"],"picked":"ChewingGum"}],"items_purged_floors":[],"is_endless":false,"potions_floor_spawned":[1,2,8,14,16,18,23,31,41,48],"ascension_level":1}}