{"host":"3l94tha3a4jgu0q4","time":1610082644,"event":{"mods":["2.2 Compatiblity","AchievementEnabler","BaseMod","Colored Map","Colored Powertips","Highlight Path","Minty Spire (QoL Compilation)","Permanent Neow","StSLib","SuperFastMode"],"gold_per_floor":[112,112,130,147,72,106,126,141,195,195,195,195,195,195],"floor_reached":13,"playtime":315,"items_purged":["Strike_G"],"score":85,"play_id":"fccedad6-cd80-4f7e-9ddb-91cdfc277812","local_time":"20210107211044","is_ascension_mode":false,"campfire_choices":[{"data":"Neutralize","floor":10,"key":"SMITH"},{"data":"Survivor","floor":12,"key":"SMITH"}],"circlet_count":0,"master_deck":["Strike_G","Strike_G","Strike_G","Strike_G","Defend_G","Defend_G","Defend_G","Defend_G","Defend_G","Survivor+1","Neutralize+1","Backflip","Flying Knee","Backstab","Flying Knee"],"relics":["Sozu","Ice Cream","Anchor","Golden Idol"],"acts_visited":["Exordium"],"potions_floor_usage":[],"damage_taken":[{"damage":0.0,"enemies":"Small Slimes","floor":1.0,"turns":5.0},{"damage":0.0,"enemies":"2 Louse","floor":3.0,"turns":3.0},{"damage":1.0,"enemies":"Jaw Worm","floor":4.0,"turns":5.0},{"damage":33.0,"enemies":"3 Sentries","floor":6.0,"turns":17.0},{"damage":0.0,"enemies":"Lots of Slimes","floor":7.0,"turns":4.0},{"damage":9,"enemies":"2 Fungi Beasts","floor":8,"turns":3},{"damage":30,"enemies":"Gremlin Nob","floor":13,"turns":5}],"seed_played":"2522579214955536757","potions_obtained":[],"is_trial":false,"path_per_floor":["M","?","M","M","$","E","M","M","T","R","?","R","E"],"character_chosen":"THE_SILENT","items_purchased":[],"campfire_rested":0,"item_purchase_floors":[],"current_hp_per_floor":[70,70,70,69,69,36,36,27,27,27,27,27,0,0],"gold":195,"neow_bonus":"BOSS_RELIC","is_daily":false,"chose_seed":false,"campfire_upgraded":2,"win_rate":0.0,"timestamp":1610082644,"path_taken":["M","?","M","M","$","E","M","M","T","R","?","R","E"],"items_purchased_type":[],"build_version":"2020-12-22","purchased_purges":1,"victory":false,"max_hp_per_floor":[70,70,70,70,70,70,70,70,70,70,65,65,65,65],"card_choices":[{"not_picked":["Distraction","Slice","Dodge and Roll"],"picked":"SKIP","floor":1.0},{"not_picked":["Dagger Throw","Flechettes"],"picked":"Backflip","floor":3.0},{"not_picked":["Cloak And Dagger","Setup"],"picked":"Flying Knee","floor":4.0},{"not_picked":["Reflex","Flechettes"],"picked":"Backstab","floor":6.0},{"not_picked":["Flechettes","Cloak And Dagger","Dodge and Roll"],"picked":"SKIP","floor":7},{"not_picked":["Caltrops","Bane"],"picked":"Flying Knee","floor":8}],"player_experience":1897926,"relics_obtained":[{"floor":6.0,"key":"Ice Cream"},{"floor":9,"key":"Anchor"}],"event_choices":[{"damage_healed":0.0,"max_hp_gain":0.0,"max_hp_loss":0.0,"gold_gain":0.0,"event_name":"Liars Game","player_choice":"Ignored","floor":2.0,"gold_loss":0.0,"damage_taken":0.0},{"damage_healed":0,"gold_gain":0,"player_choice":"Lose Max HP","damage_taken":0,"relics_obtained":["Golden Idol"],"max_hp_gain":0,"max_hp_loss":5,"event_name":"Golden Idol","floor":11,"gold_loss":0}],"is_beta":false,"boss_relics":[],"items_purged_floors":[5],"is_endless":false,"potions_floor_spawned":[1,4],"killed_by":"Gremlin Nob","ascension_level":0}}