{"host":"y3h3n3f7seyagppx","time":1610137901,"event":{"mods":["AlwaysNeverKeys","BaseMod","Better Vampires","Colored Powertips","DeckTracker","Emptier Cage","Minty Spire (QoL Compilation)","Permanent Neow","Quick Restart","Rare Cards Sparkle","Relic Sorter","Relic Stats","StSLib","Transform Curses"],"gold_per_floor":[20,33,44,64,64,64,95,109,134,171,196,239,2,28,28,115,115,139,166,184,99,127,307,307,307,307],"floor_reached":25,"playtime":2406,"items_purged":["Strike_G"],"score":496,"play_id":"f7b54e6f-b484-4400-9c75-3c8594c27399","local_time":"20210108153141","is_ascension_mode":true,"campfire_choices":[{"data":"Apotheosis","floor":6,"key":"SMITH"},{"data":"Neutralize","floor":15,"key":"SMITH"}],"circlet_count":0,"master_deck":["AscendersBane","Strike_G","Strike_G","Defend_G","Defend_G","Defend_G","Defend_G","Defend_G","Survivor","Neutralize+1","Apotheosis+1","Backstab","Dagger Throw","Deadly Poison","Predator","Catalyst","Burst","Catalyst","After Image","Bouncing Flask","Ghostly","Ghostly","Ghostly","Flying Knee","Leg Sweep","Backflip"],"relics":["Ring of the Snake","CeramicFish","Juzu Bracelet","Happy Flower","Ancient Tea Set","Lantern","Black Star","Eternal Feather"],"acts_visited":["Exordium","TheCity"],"potions_floor_usage":[7,18,25,25],"damage_taken":[{"damage":0,"enemies":"Cultist","floor":1,"turns":3},{"damage":0,"enemies":"2 Louse","floor":2,"turns":2},{"damage":1,"enemies":"Jaw Worm","floor":3,"turns":4},{"damage":4,"enemies":"2 Fungi Beasts","floor":4,"turns":3},{"damage":0,"enemies":"Lagavulin","floor":7,"turns":7},{"damage":5,"enemies":"Large Slime","floor":8,"turns":8},{"damage":19,"enemies":"3 Sentries","floor":10,"turns":13},{"damage":1,"enemies":"Exordium Thugs","floor":11,"turns":4},{"damage":3,"enemies":"Gremlin Nob","floor":12,"turns":3},{"damage":0,"enemies":"2 Fungi Beasts","floor":14,"turns":3},{"damage":12,"enemies":"Hexaghost","floor":16,"turns":6},{"damage":3,"enemies":"2 Thieves","floor":18,"turns":5},{"damage":2,"enemies":"Shell Parasite","floor":22,"turns":6},{"damage":15,"enemies":"Book of Stabbing","floor":25,"turns":7}],"seed_played":"-5989214071686975485","potions_obtained":[{"floor":1,"key":"LiquidBronze"},{"floor":3,"key":"Block Potion"},{"floor":11,"key":"AttackPotion"},{"floor":12,"key":"Block Potion"},{"floor":18,"key":"SmokeBomb"},{"floor":22,"key":"Block Potion"}],"is_trial":false,"path_per_floor":["M","M","M","M","$","R","E","M","T","E","M","E","$","M","R","B",null,"M","?","?","?","M","?","?","E"],"character_chosen":"THE_SILENT","items_purchased":["Lantern"],"campfire_rested":0,"item_purchase_floors":[13],"current_hp_per_floor":[59,59,58,54,54,54,54,49,49,30,29,26,26,26,26,14,53,50,33,33,33,31,12,12,0,0],"gold":307,"neow_bonus":"RANDOM_COLORLESS_2","is_daily":false,"chose_seed":false,"campfire_upgraded":2,"win_rate":0.0,"timestamp":1610137901,"path_taken":["M","M","M","?","?","R","E","M","T","E","M","E","$","M","R","BOSS","M","?","?","?","M","?","?","E"],"items_purchased_type":["Relic"],"build_version":"2020-12-22","purchased_purges":1,"victory":false,"max_hp_per_floor":[66,66,66,66,66,66,66,66,66,66,66,66,66,66,66,66,66,66,33,33,33,33,33,33,33,33],"relic_stats":{"Happy Flower":[11],"counters":[14,74],"CeramicFish":108,"Eternal Feather":0,"Juzu Bracelet":1,"Black Star":0,"obtain_stats":[{"Lantern":13,"Happy Flower":10,"CeramicFish":7,"Eternal Feather":21,"Juzu Bracelet":9,"Black Star":17,"Ancient Tea Set":12,"Ring of the Snake":0},{"Lantern":9,"Happy Flower":7,"CeramicFish":5,"Eternal Feather":12,"Juzu Bracelet":6,"Black Star":11,"Ancient Tea Set":9,"Ring of the Snake":0},{"Lantern":47,"Happy Flower":40,"CeramicFish":19,"Eternal Feather":61,"Juzu Bracelet":27,"Black Star":56,"Ancient Tea Set":47,"Ring of the Snake":0}],"Ring of the Snake":[28]},"card_choices":[{"not_picked":["Secret Technique","Panache"],"picked":"Apotheosis","floor":0},{"not_picked":["Caltrops","Concentrate"],"picked":"Backstab","floor":1},{"not_picked":["Cloak And Dagger","Quick Slash"],"picked":"Dagger Throw","floor":2},{"not_picked":["Blade Dance","Dodge and Roll"],"picked":"Deadly Poison","floor":3},{"not_picked":["Acrobatics","Outmaneuver","Quick Slash"],"picked":"SKIP","floor":4},{"not_picked":["Setup","Acrobatics","Flechettes"],"picked":"SKIP","floor":7},{"not_picked":["Deflect","Riddle With Holes","Reflex"],"picked":"SKIP","floor":8},{"not_picked":["Deflect","Riddle With Holes","Reflex"],"picked":"SKIP","floor":8},{"not_picked":["All Out Attack","Concentrate"],"picked":"Predator","floor":10},{"not_picked":["Endless Agony","Dodge and Roll"],"picked":"Catalyst","floor":11},{"not_picked":["Bane","Backflip"],"picked":"Burst","floor":12},{"not_picked":["Deflect","Distraction"],"picked":"Catalyst","floor":14},{"not_picked":["Burst","A Thousand Cuts"],"picked":"After Image","floor":16},{"not_picked":["Sucker Punch","PiercingWail"],"picked":"Bouncing Flask","floor":18},{"not_picked":["Eviscerate","Quick Slash+1"],"picked":"Backflip","floor":22}],"player_experience":20489281,"relics_obtained":[{"floor":7,"key":"CeramicFish"},{"floor":9,"key":"Juzu Bracelet"},{"floor":10,"key":"Happy Flower"},{"floor":12,"key":"Ancient Tea Set"}],"event_choices":[{"damage_healed":0,"gold_gain":0,"player_choice":"Became a Ghost","damage_taken":0,"max_hp_gain":0,"max_hp_loss":33,"event_name":"Ghosts","floor":19,"gold_loss":0,"cards_obtained":["Ghostly","Ghostly","Ghostly"]},{"damage_healed":0,"gold_gain":0,"cards_transformed":["Strike_G","Strike_G"],"player_choice":"Became Test Subject","damage_taken":0,"max_hp_gain":0,"max_hp_loss":0,"event_name":"Drug Dealer","floor":20,"gold_loss":0,"cards_obtained":["Flying Knee","Leg Sweep"]},{"damage_healed":0,"gold_gain":0,"player_choice":"Obtained Relic","damage_taken":0,"relics_obtained":["Eternal Feather"],"max_hp_gain":0,"max_hp_loss":0,"event_name":"Addict","floor":21,"gold_loss":85},{"damage_healed":0,"gold_gain":180,"player_choice":"GOLD GOLD ","damage_taken":19,"max_hp_gain":0,"max_hp_loss":0,"event_name":"Knowing Skull","floor":23,"potions_obtained":[],"gold_loss":0,"cards_obtained":[]},{"damage_healed":0,"gold_gain":0,"player_choice":"Ignored","damage_taken":0,"max_hp_gain":0,"max_hp_loss":0,"event_name":"The Mausoleum","floor":24,"gold_loss":0}],"is_beta":false,"boss_relics":[{"not_picked":["Tiny House","Ring of the Serpent"],"picked":"Black Star"}],"items_purged_floors":[13],"is_endless":false,"potions_floor_spawned":[1,3,11,12,14,16,18,22],"killed_by":"Book of Stabbing","ascension_level":20}}