{"host":"dn6kke80v5f7isus","time":1610130394,"event":{"mods":["AchievementEnabler","Act Like it!","BaseMod","Colored Powertips","Custom Start","Defuse TimeMaze Blight","Downfall","Duelist Mod","Gremlin Skip","Highlight Path","Hubris","Infinite Spire","Minty Spire (QoL Compilation)","Rare Cards Sparkle","Replay The Spire","StSLib","Uncapped"],"gold_per_floor":[137,152,163,163,163,189,189,218,218,218,229,3,3,17,17,112,112,112,112],"floor_reached":18,"playtime":570,"items_purged":["theDuelist:Sparks"],"score":196,"play_id":"5a0ba9c6-402d-4736-bede-912a34ddee9e","local_time":"20210108132634","is_ascension_mode":true,"campfire_choices":[{"data":"theDuelist:LesserDragon","floor":7,"key":"SMITH"},{"data":"theDuelist:GravityLash","floor":10,"key":"SMITH"},{"floor":13,"key":"REST"},{"floor":15,"key":"REST"}],"circlet_count":0,"master_deck":["theDuelist:BabyDragon","theDuelist:CastleWalls","theDuelist:CastleWalls+1","theDuelist:CaveDragon","theDuelist:CaveDragon","theDuelist:LesserDragon","theDuelist:LesserDragon+1","theDuelist:Sparks+1","theDuelist:YamataDragon","theDuelist:GravityLash+1"],"relics":["theDuelist:MillenniumPuzzle","theDuelist:CardPoolRelic","theDuelist:CardPoolBasicRelic","theDuelist:BoosterPackPoolRelic","theDuelist:CardPoolAddRelic","theDuelist:CardPoolMinusRelic","theDuelist:CardPoolSaveRelic","theDuelist:CardPoolOptionsRelic","theDuelist:DuelistUrn","Bottled Flame","theDuelist:DragonRelicB","Strange Spoon"],"acts_visited":["Exordium","TheCity"],"potions_floor_usage":[14,16],"damage_taken":[{"damage":0,"enemies":"Cultist","floor":1,"turns":1},{"damage":0,"enemies":"Small Slimes","floor":2,"turns":1},{"damage":0,"enemies":"2 Louse","floor":3,"turns":2},{"damage":20,"enemies":"Gremlin Nob","floor":6,"turns":4},{"damage":19,"enemies":"Replay:BlueRogue","floor":8,"turns":3},{"damage":11,"enemies":"Lots of Slimes","floor":11,"turns":4},{"damage":2,"enemies":"Exordium Thugs","floor":14,"turns":5},{"damage":8,"enemies":"The Guardian","floor":16,"turns":8},{"damage":0,"enemies":"2 Thieves","floor":18,"turns":1}],"seed_played":"3312690611209223042","potions_obtained":[{"floor":2,"key":"theDuelist:DragonfirePotion"},{"floor":8,"key":"Elixir"},{"floor":14,"key":"theDuelist:DragonOrbBottle"},{"floor":16,"key":"PowerPotion"}],"is_trial":false,"path_per_floor":["M","M","M","?","?","E","R","E","T","R","M","$","R","M","R","B",null,"M"],"character_chosen":"THE_DUELIST","items_purchased":["Strange Spoon"],"campfire_rested":2,"item_purchase_floors":[12],"current_hp_per_floor":[80,80,80,64,64,44,44,25,25,25,16,16,40,48,72,70,80,80,80],"gold":112,"neow_bonus":"THREE_ENEMY_KILL","is_daily":false,"chose_seed":false,"campfire_upgraded":2,"win_rate":0.0,"timestamp":1610130394,"path_taken":["M","M","?","?","?","E","R","E","T","R","M","$","R","?","R","BOSS","M"],"items_purchased_type":["Relic"],"build_version":"2020-12-22","purchased_purges":1,"victory":false,"max_hp_per_floor":[80,80,80,80,80,80,80,80,80,80,80,80,80,80,80,80,80,80,80],"card_choices":[{"not_picked":["theDuelist:BattleguardKing","theDuelist:BigFire","theDuelist:ForbiddenLance","theDuelist:RainbowOverdragon","theDuelist:SmashingGround"],"picked":"SKIP","floor":1},{"not_picked":["theDuelist:RedRisingDragon","theDuelist:RedEyes","theDuelist:LesserDragon","theDuelist:HymnOfLight","theDuelist:DragonMirror"],"picked":"SKIP","floor":2},{"not_picked":["theDuelist:BlackBrutdrago","theDuelist:Anthrosaurus","theDuelist:SilverDragon","theDuelist:MoltenDestruction","theDuelist:SafeZone"],"picked":"SKIP","floor":3},{"not_picked":["theDuelist:Hydrogeddon","theDuelist:SnowDragon","theDuelist:CyberValley","theDuelist:Beatraptor","theDuelist:FiendSkull"],"picked":"SKIP","floor":6},{"not_picked":["theDuelist:SpiralSpearStrike","theDuelist:FluteSummoning","theDuelist:FangCritias","theDuelist:BerserkScales"],"picked":"theDuelist:GravityLash","floor":8},{"not_picked":["theDuelist:TwinHeadedFire","theDuelist:BlackStego","theDuelist:HazyFlameHydra","theDuelist:Duoterion","theDuelist:Hydrogeddon"],"picked":"SKIP","floor":11},{"not_picked":["theDuelist:Sabersaurus","theDuelist:EyeTimaeus","theDuelist:OceanDragonLord","theDuelist:BlackVeloci","theDuelist:WingedDragonRa"],"picked":"SKIP","floor":14}],"player_experience":552485,"relics_obtained":[{"floor":6,"key":"theDuelist:DuelistUrn"},{"floor":8,"key":"Bottled Flame"},{"floor":9,"key":"theDuelist:DragonRelicB"}],"event_choices":[{"damage_healed":0,"gold_gain":0,"player_choice":"Entered Light","damage_taken":16,"max_hp_gain":0,"max_hp_loss":0,"event_name":"Shining Light","floor":4,"gold_loss":0,"cards_upgraded":["theDuelist:Sparks","theDuelist:CastleWalls"]},{"damage_healed":0,"gold_gain":0,"player_choice":"Scored: 2052","duelist":true,"damage_taken":0,"max_hp_gain":0,"max_hp_loss":0,"event_name":"Visit from Anubis","floor":5,"gold_loss":0}],"is_beta":false,"boss_relics":[{"not_picked":["ReplayTheSpireMod:DimensionalGlitch","Painkiller Herb","hubris:RunicObelisk"]}],"items_purged_floors":[12],"is_endless":false,"potions_floor_spawned":[2,8,14,16],"killed_by":"2 Thieves","ascension_level":3}}