{"host":"fn5w42qzz69x191g","time":1610113799,"event":{"mods":["BaseMod","KOR Keyword Fix","Minty Spire (QoL Compilation)","Replay The Spire","StSLib","SuperFastMode","The Cursed","The Hierophant","The Jungle","The Poker Player","The Runesmith"],"gold_per_floor":[116,131,150,100,21,54,54,65,65,77,97,108,108,127,127,228,228,228],"floor_reached":17,"playtime":1983,"items_purged":[],"score":161,"play_id":"85e1705f-9a0e-4480-8cda-278896685656","local_time":"20210108224959","is_ascension_mode":false,"campfire_choices":[{"data":"TheCursedMod:CleanUpWorkshop","floor":7,"key":"SMITH"},{"data":"TheCursedMod:PrepareRite","floor":13,"key":"SMITH"},{"data":"TheCursedMod:NeowsMight","floor":15,"key":"SMITH"}],"circlet_count":0,"master_deck":["TheCursedMod:Strike_TheCursed","TheCursedMod:Strike_TheCursed","TheCursedMod:Strike_TheCursed","TheCursedMod:Strike_TheCursed","TheCursedMod:Defend_TheCursed","TheCursedMod:Defend_TheCursed","TheCursedMod:Defend_TheCursed","TheCursedMod:Defend_TheCursed","TheCursedMod:CursedWand","TheCursedMod:CleanUpWorkshop+1","TheCursedMod:Dregs","Defend_P","TheCursedMod:NeowsMight+1","TheCursedMod:CircleOfCorruption","TheCursedMod:SpitefulPray","TheCursedMod:CursedAmulet","TheCursedMod:Grudge","TheCursedMod:ReleasedStrength","TheCursedMod:CursedAmulet","TheCursedMod:RapidMovement","TheCursedMod:PrepareRite+1","TheCursedMod:CursedBlade","TheCursedMod:TroublousMinions","TheCursedMod:DarkBarrier"],"relics":["TheCursedMod:BlackMagic101","Shuriken","Mirror","ReplayTheSpireMod:DimensionalGlitch"],"acts_visited":["Exordium","theJungle:Jungle"],"potions_floor_usage":[16,16],"damage_taken":[{"damage":3,"enemies":"Cultist","floor":1,"turns":5},{"damage":0,"enemies":"Jaw Worm","floor":2,"turns":3},{"damage":8,"enemies":"Small Slimes","floor":3,"turns":3},{"damage":12,"enemies":"3 Sentries","floor":6,"turns":12},{"damage":0,"enemies":"Red Slaver","floor":8,"turns":6},{"damage":0,"enemies":"Looter","floor":10,"turns":3},{"damage":3,"enemies":"Blue Slaver","floor":11,"turns":4},{"damage":0,"enemies":"Exordium Wildlife","floor":12,"turns":3},{"damage":0,"enemies":"Exordium Thugs","floor":14,"turns":6},{"damage":39,"enemies":"The Guardian","floor":16,"turns":18}],"seed_played":"4791549563060004612","potions_obtained":[{"floor":1,"key":"Ancient Potion"},{"floor":6,"key":"Adrenaline Potion"},{"floor":12,"key":"Block Potion"}],"is_trial":false,"path_per_floor":["M","M","M","?","$","E","R","M","T","M","M","M","R","M","R","B",null],"character_chosen":"THE_CURSED","items_purchased":["TheCursedMod:Grudge"],"campfire_rested":0,"item_purchase_floors":[5],"current_hp_per_floor":[72,72,64,64,64,52,52,52,52,52,49,49,49,49,49,10,75,75],"gold":228,"neow_bonus":"THREE_RARE_CARDS","is_daily":false,"chose_seed":false,"campfire_upgraded":3,"win_rate":0.0,"timestamp":1610113799,"path_taken":["M","?","M","?","$","E","R","M","T","M","M","M","R","M","R","BOSS"],"items_purchased_type":["Card"],"build_version":"2020-12-22","purchased_purges":0,"victory":false,"max_hp_per_floor":[75,75,75,75,75,75,75,75,75,75,75,75,75,75,75,75,75,75],"card_choices":[{"not_picked":["TheCursedMod:DemonSword","TheCursedMod:ManaCirculation"],"picked":"TheCursedMod:NeowsMight","floor":0},{"not_picked":["TheCursedMod:CursedSpellbook","TheCursedMod:Torture"],"picked":"TheCursedMod:CircleOfCorruption","floor":1},{"not_picked":["TheCursedMod:CircleOfFocus","TheCursedMod:HellsGateOpen"],"picked":"TheCursedMod:SpitefulPray","floor":2},{"not_picked":["TheCursedMod:WearCloak","TheCursedMod:SpreadPlague"],"picked":"TheCursedMod:CursedAmulet","floor":3},{"not_picked":["TheCursedMod:VitalStrike","TheCursedMod:CursedShiv"],"picked":"TheCursedMod:ReleasedStrength","floor":6},{"not_picked":["TheCursedMod:CircleOfAmplification","TheCursedMod:SpitefulPray"],"picked":"TheCursedMod:CursedAmulet","floor":8},{"not_picked":["TheCursedMod:FleshFromBone","TheCursedMod:VitalStrike"],"picked":"TheCursedMod:RapidMovement","floor":10},{"not_picked":["TheCursedMod:AntiAging","TheCursedMod:SurpriseAttack"],"picked":"TheCursedMod:PrepareRite","floor":11},{"not_picked":["TheCursedMod:CircleOfFlame","TheCursedMod:Mangle"],"picked":"TheCursedMod:CursedBlade","floor":12},{"not_picked":["TheCursedMod:Torture","TheCursedMod:SmokeScreen"],"picked":"TheCursedMod:TroublousMinions","floor":14},{"not_picked":["TheCursedMod:VoidForm","TheCursedMod:DemonicPact"],"picked":"TheCursedMod:DarkBarrier","floor":16}],"player_experience":539289,"relics_obtained":[{"floor":6,"key":"Shuriken"},{"floor":9,"key":"Mirror"}],"event_choices":[{"cards_removed":["hierophant:Strike_Hierophant"],"damage_healed":0,"gold_gain":0,"player_choice":"Card Removal","damage_taken":0,"max_hp_gain":0,"max_hp_loss":0,"event_name":"The Cleric","floor":4,"gold_loss":50}],"is_beta":false,"boss_relics":[{"not_picked":["Astrolabe","Philosopher\u0027s Stone"],"picked":"ReplayTheSpireMod:DimensionalGlitch"}],"items_purged_floors":[],"is_endless":false,"potions_floor_spawned":[1,6,12,14],"ascension_level":0}}