{"host":"7z9izfsmsy4azoxx","time":1610079322,"event":{"mods":["AchievementEnabler","BaseMod","Colored Map","Custom Start","Hermit","Minty Spire (QoL Compilation)","StSLib","SuperFastMode"],"gold_per_floor":[516465565,516465565,516465565,516465058,516465058,516465058,516465098,516465117,516465117,516465117,516465153,516465172,516464226,516464247,516464247,516464341,516464341,516464341,516464341,516463488,516463488,516463488,516463488,516463488,516463488,516463488,516463488,516463488,516463488,516463488,516463488,516463488,516463488,516463488,516463488,516462610,516462610,516462610,516462610,516462610,516462610,516462610,516462610,516462610,516461825,516461825,516460724,516460724,516460724,516460724,516460724,516460724,516460724,516459880,516459880,516459880],"floor_reached":57,"playtime":1153,"items_purged":["Regret","Strike_R","Strike_R","Strike_R","Defend_R","Defend_R","Defend_R"],"score":3011,"play_id":"874ce4e8-bb58-47bd-8116-9dbcbb42395d","local_time":"20210108131522","is_ascension_mode":true,"campfire_choices":[{"data":"Searing Blow+1","floor":6.0,"key":"SMITH"},{"data":"Searing Blow+2","floor":10.0,"key":"SMITH"},{"data":"Searing Blow+3","floor":15.0,"key":"SMITH"},{"data":"Searing Blow+4","floor":24.0,"key":"SMITH"},{"data":"Searing Blow+5","floor":28,"key":"SMITH"},{"data":"Searing Blow+6","floor":32,"key":"SMITH"},{"data":"Searing Blow+7","floor":40,"key":"SMITH"},{"data":"Searing Blow+8","floor":46,"key":"SMITH"},{"floor":49,"key":"RECALL"},{"data":"Searing Blow+9","floor":53,"key":"SMITH"}],"circlet_count":0,"master_deck":["AscendersBane","Defend_R+1","Bash","Whirlwind","Exhume","Searing Blow+10","True Grit","Feel No Pain","Master of Strategy","Corruption","Shockwave","Reckless Charge+1","Second Wind","Offering","Barricade","Shrug It Off+1","Panacea","Seeing Red+1","Madness","Madness","Searing Blow+8","Dual Wield","Power Through","Armaments+1"],"relics":["Burning Blood","Red Skull","Golden Idol","Bag of Marbles","Question Card","Orichalcum","PreservedInsect","Eternal Feather","Omamori","Gremlin Horn","OrangePellets","Ectoplasm","TheAbacus","CeramicFish","Boot","Red Mask","Vajra","Blood Vial","Nunchaku","Juzu Bracelet","Anchor","Cursed Key","Medical Kit","Sundial","Frozen Egg 2","Bag of Preparation","Dream Catcher","Pantograph","DollysMirror","Unceasing Top","Sling","Bottled Flame","War Paint","Toolbox","Bottled Tornado","Lantern"],"acts_visited":["Exordium","TheCity","TheBeyond","TheEnding"],"potions_floor_usage":[27,27,55,55],"damage_taken":[{"damage":2.0,"enemies":"Small Slimes","floor":1.0,"turns":3.0},{"damage":35.0,"enemies":"Lagavulin","floor":7.0,"turns":5.0},{"damage":7.0,"enemies":"Jaw Worm","floor":8.0,"turns":2.0},{"damage":6.0,"enemies":"Gremlin Nob","floor":11.0,"turns":3.0},{"damage":0.0,"enemies":"Cultist","floor":12.0,"turns":2.0},{"damage":9.0,"enemies":"Blue Slaver","floor":14.0,"turns":3.0},{"damage":86.0,"enemies":"The Guardian","floor":16.0,"turns":12.0},{"damage":2.0,"enemies":"3 Byrds","floor":18.0,"turns":4.0},{"damage":0.0,"enemies":"Chosen","floor":19.0,"turns":5.0},{"damage":35.0,"enemies":"Masked Bandits","floor":21.0,"turns":4.0},{"damage":20.0,"enemies":"Snake Plant","floor":22.0,"turns":2.0},{"damage":19.0,"enemies":"Book of Stabbing","floor":23.0,"turns":3.0},{"damage":17,"enemies":"Gremlin Leader","floor":27,"turns":3},{"damage":6,"enemies":"Cultist and Chosen","floor":29,"turns":4},{"damage":0,"enemies":"Slavers","floor":30,"turns":1},{"damage":9,"enemies":"Shelled Parasite and Fungi","floor":31,"turns":2},{"damage":12,"enemies":"Collector","floor":33,"turns":5},{"damage":12,"enemies":"3 Shapes","floor":35,"turns":4},{"damage":7,"enemies":"3 Darklings","floor":38,"turns":4},{"damage":16,"enemies":"Maw","floor":39,"turns":4},{"damage":14,"enemies":"Jaw Worm Horde","floor":42,"turns":4},{"damage":12,"enemies":"Sphere and 2 Shapes","floor":48,"turns":3},{"damage":41,"enemies":"Time Eater","floor":50,"turns":5},{"damage":39,"enemies":"Donu and Deca","floor":51,"turns":6},{"damage":0,"enemies":"Shield and Spear","floor":55,"turns":1},{"damage":62,"enemies":"The Heart","floor":56,"turns":6}],"seed_played":"-1280412700852861090","potions_obtained":[{"floor":7.0,"key":"ElixirPotion"},{"floor":14.0,"key":"BloodPotion"},{"floor":19.0,"key":"SteroidPotion"},{"floor":22.0,"key":"Block Potion"},{"floor":31,"key":"Explosive Potion"},{"floor":33,"key":"Fire Potion"}],"is_trial":false,"path_per_floor":["M","?","?","$","?","R","E","M","T","R","E","M","$","M","R","B",null,"M","M","$","?","M","E","R","T","T","E","R","M","E","M","R","B",null,"M","$","?","M","M","R","T","M","T","?","$","R","$","M","R","B","B",null,"R","$","E","B",null],"character_chosen":"IRONCLAD","items_purchased":["Bag of Marbles","Question Card","Omamori","Gremlin Horn","OrangePellets","Weak Potion","Master of Strategy","TheAbacus","CeramicFish","Boot","Second Wind","Offering","Medical Kit","Sundial","Frozen Egg 2","Dream Catcher","Pantograph","DollysMirror","Unceasing Top","Sling","Bottled Flame","Dual Wield","Power Through","War Paint","Toolbox","Bottled Tornado"],"campfire_rested":0,"item_purchase_floors":[4,4,13,13,13,13,13,20,20,20,20,20,36,36,36,45,45,45,47,47,47,47,47,54,54,54],"current_hp_per_floor":[54,54,54,54,54,54,25,24,24,24,24,30,30,40,46,16,55,59,65,65,36,22,9,18,18,18,9,18,20,28,27,39,35,60,56,56,56,57,49,61,61,55,55,43,43,55,55,51,63,33,27,58,68,68,68,12],"gold":516459880,"neow_bonus":"TRANSFORM_TWO_CARDS","is_daily":false,"chose_seed":false,"campfire_upgraded":9,"win_rate":0.0,"timestamp":1610079322,"path_taken":["M","?","?","$","?","R","E","M","T","R","E","M","$","M","R","BOSS","M","M","$","?","M","E","R","?","T","E","R","M","E","M","R","BOSS","M","$","?","M","M","R","?","M","T","?","$","R","?","M","R","BOSS","BOSS","R","$","E","BOSS"],"items_purchased_type":["Relic","Relic","Relic","Relic","Relic","Potion","Card","Relic","Relic","Relic","Card","Card","Relic","Relic","Relic","Relic","Relic","Relic","Relic","Relic","Relic","Card","Card","Relic","Relic","Relic"],"build_version":"2020-12-22","purchased_purges":7,"victory":true,"max_hp_per_floor":[75,75,68,68,68,68,68,68,68,68,68,68,68,68,68,68,68,68,68,68,68,68,68,68,68,68,68,68,68,68,68,68,68,68,68,68,68,68,68,68,68,68,68,68,68,68,68,68,68,68,68,68,68,68,68,68],"card_choices":[{"not_picked":["Clothesline","Sword Boomerang"],"picked":"Searing Blow","floor":1.0},{"not_picked":["True Grit","Perfected Strike","Entrench","Headbutt"],"picked":"SKIP","floor":7.0},{"not_picked":["Perfected Strike","Entrench","Headbutt"],"picked":"True Grit","floor":7.0},{"not_picked":["Havoc","Intimidate","Headbutt","Dark Embrace"],"picked":"SKIP","floor":8.0},{"not_picked":["Immolate","Whirlwind","Pummel"],"picked":"Feel No Pain","floor":11.0},{"not_picked":["Cleave","Perfected Strike","Sever Soul","Thunderclap"],"picked":"SKIP","floor":12.0},{"not_picked":["Evolve","Warcry","Clash","Anger"],"picked":"SKIP","floor":14.0},{"not_picked":["Fiend Fire","Immolate","Reaper"],"picked":"Corruption","floor":16.0},{"not_picked":["Anger","Shrug It Off+1","Perfected Strike"],"picked":"Shockwave","floor":18.0},{"not_picked":["Shockwave","Sword Boomerang","Headbutt"],"picked":"Reckless Charge+1","floor":19.0},{"not_picked":["Infernal Blade","Headbutt","Dropkick","Havoc"],"picked":"SKIP","floor":22.0},{"not_picked":["Cleave+1","Fire Breathing","Rupture+1"],"picked":"Barricade","floor":23.0},{"not_picked":["Sever Soul+1","Battle Trance","Blood for Blood","Shockwave+1"],"picked":"SKIP","floor":27},{"not_picked":["Thunderclap","Hemokinesis","Warcry","Anger"],"picked":"SKIP","floor":29},{"not_picked":["True Grit","Clash","Shockwave","Whirlwind"],"picked":"SKIP","floor":30},{"not_picked":["Pommel Strike","Disarm","Flex"],"picked":"Shrug It Off","floor":31},{"not_picked":["Pommel Strike","Clash","Cleave","Sever Soul+1"],"picked":"SKIP","floor":35},{"not_picked":["Enlightenment","Bandage Up","Blind"],"picked":"Panacea","floor":37},{"not_picked":["Flame Barrier+1","Anger","Burning Pact","Iron Wave+1"],"picked":"SKIP","floor":38},{"not_picked":["Heavy Blade+1","Shockwave+1","Cleave","Pommel Strike"],"picked":"SKIP","floor":39},{"not_picked":["Shrug It Off","Twin Strike","Battle Trance+1"],"picked":"Seeing Red+1","floor":42},{"not_picked":["Havoc","Feel No Pain+1","Anger+1","Sword Boomerang"],"picked":"SKIP","floor":48},{"not_picked":["Seeing Red+1","Armaments+1","Anger","Pommel Strike"],"picked":"SKIP","floor":55},{"not_picked":["Seeing Red+1","Anger","Pommel Strike"],"picked":"Armaments+1","floor":55}],"player_experience":518522,"relics_obtained":[{"floor":7.0,"key":"Orichalcum"},{"floor":9.0,"key":"PreservedInsect"},{"floor":11.0,"key":"Eternal Feather"},{"floor":21.0,"key":"Red Mask"},{"floor":23.0,"key":"Vajra"},{"floor":25.0,"key":"Blood Vial"},{"floor":26.0,"key":"Nunchaku"},{"floor":27,"key":"Juzu Bracelet"},{"floor":30,"key":"Anchor"},{"floor":43,"key":"Bag of Preparation"},{"floor":55,"key":"Lantern"}],"event_choices":[{"damage_healed":0.0,"max_hp_gain":0.0,"max_hp_loss":0.0,"gold_gain":0.0,"event_name":"Big Fish","player_choice":"Box","floor":2.0,"gold_loss":0.0,"damage_taken":0.0,"relics_obtained":["Red Skull"],"cards_obtained":["Regret"]},{"damage_healed":0.0,"max_hp_gain":0.0,"max_hp_loss":7.0,"gold_gain":0.0,"event_name":"Golden Idol","player_choice":"Lose Max HP","floor":3.0,"gold_loss":0.0,"damage_taken":0.0,"relics_obtained":["Golden Idol"]},{"damage_healed":0.0,"max_hp_gain":0.0,"max_hp_loss":0.0,"gold_gain":0.0,"event_name":"Living Wall","player_choice":"Grow","floor":5.0,"gold_loss":0.0,"damage_taken":0.0,"cards_upgraded":["Searing Blow"]},{"damage_healed":0.0,"max_hp_gain":0.0,"max_hp_loss":0.0,"gold_gain":0.0,"event_name":"Masked Bandits","player_choice":"Fought Bandits","floor":21.0,"gold_loss":0.0,"damage_taken":0.0},{"damage_healed":0,"gold_gain":0,"player_choice":"Memory 1","damage_taken":0,"max_hp_gain":0,"max_hp_loss":0,"event_name":"SensoryStone","floor":37,"gold_loss":0},{"damage_healed":0,"gold_gain":0,"player_choice":"Embrace Madness","damage_taken":12,"max_hp_gain":0,"max_hp_loss":0,"event_name":"Winding Halls","floor":44,"gold_loss":0,"cards_obtained":["Madness","Madness"]}],"is_beta":false,"boss_relics":[{"not_picked":["Velvet Choker","Mark of Pain"],"picked":"Ectoplasm"},{"not_picked":["SacredBark","Snecko Eye"],"picked":"Cursed Key"}],"items_purged_floors":[4,13,20,36,45,47,54],"is_endless":false,"potions_floor_spawned":[7,14,19,21,22,31,33,48],"ascension_level":20}}