{"host":"pl1fbpkom0aq337f","time":1610129453,"event":{"mods":["AchievementEnabler","BaseMod","Colored Map","Minty Spire (QoL Compilation)"],"gold_per_floor":[117,192,207,207,267,267,294,294,294,373,72,122,122,72,107,107,184,184,200,264,190,240,323,355,355,382,382,382,432,451,483,497,497,569,569,581,591,429,445,463,488,508,536,560,585,635,696,335,362,412,412,412],"floor_reached":53,"playtime":1814,"items_purged":["Strike_B","Pain","Zap+1","White Noise+1"],"score":1980,"play_id":"673b3b46-8daa-48ee-96f5-3b631c125435","local_time":"20210108191053","is_ascension_mode":true,"campfire_choices":[{"data":"Zap","floor":6.0,"key":"SMITH"},{"data":"Coolheaded","floor":8.0,"key":"SMITH"},{"floor":13.0,"key":"REST"},{"data":"Coolheaded","floor":16.0,"key":"SMITH"},{"data":"Beam Cell","floor":25.0,"key":"SMITH"},{"data":"Dualcast","floor":28.0,"key":"PURGE"},{"data":"Blizzard","floor":33.0,"key":"SMITH"},{"data":"Sadistic Nature","floor":51,"key":"SMITH"}],"circlet_count":0,"master_deck":["AscendersBane","Gash","Coolheaded+1","Gash","Coolheaded+1","Fission+1","Scrape","Steam+1","Reboot+1","Coolheaded+1","Beam Cell+1","Blizzard+1","All For One","Go for the Eyes","Sadistic Nature+1","Flash of Steel","Beam Cell","Go for the Eyes","Gash+1","Violence+1"],"relics":["Cracked Core","NeowsBlessing","SsserpentHead","Anchor","Bottled Lightning","Toxic Egg 2","Membership Card","WarpedTongs","Peace Pipe","Pandora\u0027s Box","Runic Capacitor","MutagenicStrength","Red Mask","Oddly Smooth Stone","Cables","Happy Flower","Omamori","Nuclear Battery","Medical Kit","Akabeko","Letter Opener","Vajra","Meat on the Bone","ClockworkSouvenir","Lantern"],"acts_visited":["Exordium","TheCity","TheBeyond"],"potions_floor_usage":[47,52,52],"damage_taken":[{"damage":0.0,"enemies":"Small Slimes","floor":1.0,"turns":1.0},{"damage":0.0,"enemies":"2 Louse","floor":3.0,"turns":1.0},{"damage":0.0,"enemies":"Cultist","floor":5.0,"turns":1.0},{"damage":24.0,"enemies":"Gremlin Nob","floor":7.0,"turns":5.0},{"damage":6.0,"enemies":"3 Sentries","floor":15.0,"turns":6.0},{"damage":0.0,"enemies":"Slime Boss","floor":17.0,"turns":5.0},{"damage":0.0,"enemies":"Chosen","floor":19.0,"turns":1.0},{"damage":0.0,"enemies":"Shell Parasite","floor":20.0,"turns":1.0},{"damage":0.0,"enemies":"Masked Bandits","floor":23.0,"turns":1.0},{"damage":0.0,"enemies":"Slavers","floor":24.0,"turns":2.0},{"damage":0.0,"enemies":"Gremlin Leader","floor":26.0,"turns":1.0},{"damage":0.0,"enemies":"Snake Plant","floor":30.0,"turns":2.0},{"damage":0.0,"enemies":"Book of Stabbing","floor":31.0,"turns":1.0},{"damage":0.0,"enemies":"Chosen and Byrds","floor":32.0,"turns":1.0},{"damage":0.0,"enemies":"Champ","floor":34.0,"turns":2.0},{"damage":0,"enemies":"3 Darklings","floor":36,"turns":1},{"damage":0,"enemies":"3 Shapes","floor":37,"turns":1},{"damage":0,"enemies":"Writhing Mass","floor":39,"turns":2},{"damage":0,"enemies":"Jaw Worm Horde","floor":40,"turns":1},{"damage":0,"enemies":"Nemesis","floor":41,"turns":1},{"damage":0,"enemies":"4 Shapes","floor":42,"turns":2},{"damage":0,"enemies":"Reptomancer","floor":43,"turns":1},{"damage":0,"enemies":"Nemesis","floor":45,"turns":1},{"damage":0,"enemies":"Sphere and 2 Shapes","floor":47,"turns":1},{"damage":0,"enemies":"Giant Head","floor":49,"turns":1},{"damage":22,"enemies":"Awakened One","floor":52,"turns":3}],"seed_played":"-5673484971159018267","potions_obtained":[{"floor":5.0,"key":"Weak Potion"},{"floor":7.0,"key":"EssenceOfDarkness"},{"floor":15.0,"key":"EntropicBrew"},{"floor":19.0,"key":"Swift Potion"},{"floor":37,"key":"PowerPotion"},{"floor":40,"key":"SteroidPotion"},{"floor":47,"key":"GamblersBrew"}],"is_trial":false,"path_per_floor":["M","?","M","?","M","R","E","R","T","T","$","?","R","$","E","R","B",null,"M","M","$","?","?","E","R","E","T","R","?","M","E","M","R","B",null,"M","M","$","M","M","E","M","E","T","E","?","M","$","E","?","R","B",null],"character_chosen":"DEFECT","items_purchased":["Membership Card","Fission+1","Scrape","Runic Capacitor","Medical Kit","Go for the Eyes","Sadistic Nature","ClockworkSouvenir","Flash of Steel","Beam Cell","Go for the Eyes","SteroidPotion"],"campfire_rested":1,"item_purchase_floors":[11,11,11,21,38,38,48,48,48,48,48,48],"current_hp_per_floor":[64,53,53,53,53,53,29,29,29,29,29,29,50,50,44,44,44,64,64,64,64,64,64,64,64,64,64,64,64,64,64,64,64,64,69,69,69,69,69,69,69,69,69,69,69,69,69,69,69,69,69,47],"gold":412,"neow_bonus":"THREE_ENEMY_KILL","is_daily":false,"chose_seed":false,"campfire_upgraded":6,"win_rate":0.0,"timestamp":1610129453,"path_taken":["M","?","M","?","?","R","E","R","T","T","$","?","R","$","E","R","BOSS","M","?","$","?","?","E","R","E","T","R","?","M","E","M","R","BOSS","M","M","$","M","M","E","M","E","T","E","?","?","$","E","?","R","BOSS"],"items_purchased_type":["Relic","Card","Card","Relic","Relic","Card","Card","Relic","Card","Card","Card","Potion"],"build_version":"2020-12-22","purchased_purges":4,"victory":true,"max_hp_per_floor":[71,71,71,71,71,71,71,71,71,71,71,71,71,71,71,71,71,71,71,71,71,71,71,71,71,71,71,71,71,71,71,71,71,71,71,71,71,71,71,71,71,71,71,71,71,71,71,71,71,71,71,71],"card_choices":[{"not_picked":["Cold Snap","Beam Cell"],"picked":"Gash","floor":1.0},{"not_picked":["Tempest","Melter"],"picked":"Coolheaded","floor":3.0},{"not_picked":["Capacitor","Leap"],"picked":"Gash","floor":5.0},{"not_picked":["BootSequence","Double Energy"],"picked":"Coolheaded","floor":7.0},{"not_picked":["Doom and Gloom","Melter"],"picked":"Steam+1","floor":15.0},{"not_picked":["Thunder Strike","Creative AI"],"picked":"Reboot+1","floor":17.0},{"not_picked":["Rebound","Consume+1","Barrage"],"picked":"SKIP","floor":19.0},{"not_picked":["Double Energy+1","Stack+1"],"picked":"Coolheaded+1","floor":20.0},{"not_picked":["Double Energy+1","Coolheaded+1"],"picked":"Beam Cell","floor":24.0},{"not_picked":["Beam Cell","Capacitor"],"picked":"Blizzard","floor":26.0},{"not_picked":["Redo+1","Fusion+1","Darkness+1"],"picked":"SKIP","floor":30.0},{"not_picked":["Rainbow+1","Recycle+1","Sweeping Beam"],"picked":"SKIP","floor":31.0},{"not_picked":["Sunder","Lockon","Doom and Gloom"],"picked":"SKIP","floor":32.0},{"not_picked":["Core Surge","Echo Form"],"picked":"All For One","floor":34.0},{"not_picked":["Hologram+1","Cold Snap+1","Melter"],"picked":"SKIP","floor":36},{"not_picked":["Compile Driver+1","Coolheaded+1","Scrape"],"picked":"SKIP","floor":37},{"not_picked":["Machine Learning","Aggregate+1","Conserve Battery+1"],"picked":"SKIP","floor":39},{"not_picked":["Melter","Stack+1","Capacitor"],"picked":"SKIP","floor":40},{"not_picked":["Compile Driver","Blizzard+1","Cold Snap"],"picked":"SKIP","floor":41},{"not_picked":["Cold Snap","Sweeping Beam"],"picked":"White Noise+1","floor":42},{"not_picked":["Streamline","Redo+1","Heatsinks"],"picked":"SKIP","floor":43},{"not_picked":["Lockon","Compile Driver+1","Creative AI"],"picked":"SKIP","floor":45},{"not_picked":["Sweeping Beam","Go for the Eyes+1","Barrage"],"picked":"SKIP","floor":47},{"not_picked":["Coolheaded+1","Turbo+1"],"picked":"Gash+1","floor":49},{"not_picked":["Discovery+1","Mayhem"],"picked":"Violence+1","floor":50}],"player_experience":435796,"relics_obtained":[{"floor":7.0,"key":"Anchor"},{"floor":9.0,"key":"Bottled Lightning"},{"floor":10.0,"key":"Toxic Egg 2"},{"floor":15.0,"key":"Peace Pipe"},{"floor":23.0,"key":"Red Mask"},{"floor":24.0,"key":"Oddly Smooth Stone"},{"floor":26.0,"key":"Cables"},{"floor":27.0,"key":"Happy Flower"},{"floor":31.0,"key":"Omamori"},{"floor":41,"key":"Akabeko"},{"floor":43,"key":"Letter Opener"},{"floor":44,"key":"Vajra"},{"floor":45,"key":"Meat on the Bone"},{"floor":49,"key":"Lantern"}],"event_choices":[{"damage_healed":0.0,"max_hp_gain":0.0,"max_hp_loss":0.0,"gold_gain":75.0,"event_name":"World of Goop","player_choice":"Gather Gold","floor":2.0,"gold_loss":0.0,"damage_taken":11.0},{"damage_healed":0.0,"max_hp_gain":0.0,"max_hp_loss":0.0,"gold_gain":0.0,"event_name":"FaceTrader","player_choice":"Trade","floor":4.0,"gold_loss":0.0,"damage_taken":0.0,"relics_obtained":["SsserpentHead"]},{"damage_healed":0.0,"max_hp_gain":0.0,"max_hp_loss":0.0,"gold_gain":0.0,"event_name":"Accursed Blacksmith","player_choice":"Rummage","floor":12.0,"gold_loss":0.0,"damage_taken":0.0,"relics_obtained":["WarpedTongs"],"cards_obtained":["Pain"]},{"damage_healed":0.0,"max_hp_gain":0.0,"max_hp_loss":0.0,"gold_gain":0.0,"event_name":"Drug Dealer","player_choice":"Inject Mutagens","floor":22.0,"gold_loss":0.0,"damage_taken":0.0,"relics_obtained":["MutagenicStrength"]},{"damage_healed":0.0,"max_hp_gain":0.0,"max_hp_loss":0.0,"gold_gain":0.0,"event_name":"Masked Bandits","player_choice":"Fought Bandits","floor":23.0,"gold_loss":0.0,"damage_taken":0.0},{"damage_healed":0.0,"max_hp_gain":0.0,"max_hp_loss":0.0,"gold_gain":0.0,"event_name":"Vampires","player_choice":"Ignored","floor":29.0,"gold_loss":0.0,"damage_taken":0.0},{"damage_healed":0,"gold_gain":0,"player_choice":"Bought 0 Potions","damage_taken":0,"max_hp_gain":0,"max_hp_loss":0,"event_name":"The Woman in Blue","floor":46,"gold_loss":0},{"damage_healed":0,"gold_gain":0,"player_choice":"Memory 1","damage_taken":0,"max_hp_gain":0,"max_hp_loss":0,"event_name":"SensoryStone","floor":50,"gold_loss":0}],"is_beta":false,"boss_relics":[{"not_picked":["Inserter","Sozu"],"picked":"Pandora\u0027s Box"},{"not_picked":["Snecko Eye","Astrolabe"],"picked":"Nuclear Battery"}],"items_purged_floors":[11,14,38,48],"is_endless":false,"potions_floor_spawned":[5,7,15,19,30,32,37,39,40,47,49],"ascension_level":14}}