{"host":"oiw60b5ins9fyx34","time":1610113234,"event":{"mods":["BaseMod","Colored Powertips","Minty Spire (QoL Compilation)","Permanent Neow","Quick Restart","Relic Stats","StSLib"],"gold_per_floor":[111,77,77,87,99,99,118,118,118,118,118],"floor_reached":10,"playtime":612,"items_purged":[],"score":58,"play_id":"4bf8aa74-d764-4b70-afb9-549a340a60bb","local_time":"20210108224034","is_ascension_mode":false,"campfire_choices":[{"data":"Tantrum","floor":6,"key":"SMITH"},{"floor":8,"key":"REST"}],"circlet_count":0,"master_deck":["Strike_P","Strike_P","Strike_P","Strike_P","Defend_P","Defend_P","Defend_P","Defend_P","Eruption","Vigilance","Collect","Tantrum+1","FollowUp","Perseverance","FollowUp"],"relics":["PureWater","Strawberry","Art of War"],"acts_visited":["Exordium"],"potions_floor_usage":[5],"damage_taken":[{"damage":11,"enemies":"Cultist","floor":1,"turns":6},{"damage":3,"enemies":"Jaw Worm","floor":4,"turns":4},{"damage":1,"enemies":"2 Louse","floor":5,"turns":3},{"damage":23,"enemies":"Gremlin Gang","floor":7,"turns":5},{"damage":26,"enemies":"Gremlin Nob","floor":10,"turns":5}],"seed_played":"8122440914961139396","potions_obtained":[{"floor":5,"key":"EntropicBrew"}],"is_trial":false,"path_per_floor":["M","$","?","M","M","R","M","R","T","E"],"character_chosen":"WATCHER","items_purchased":["Tantrum"],"campfire_rested":1,"item_purchase_floors":[2],"current_hp_per_floor":[68,68,68,65,64,64,41,64,64,38,38],"gold":118,"neow_bonus":"RANDOM_COMMON_RELIC","is_daily":false,"chose_seed":false,"campfire_upgraded":1,"win_rate":0.0,"timestamp":1610113234,"path_taken":["M","?","?","M","M","R","M","R","T","E"],"items_purchased_type":["Card"],"build_version":"2020-12-22","purchased_purges":0,"victory":false,"max_hp_per_floor":[79,79,79,79,79,79,79,79,79,79,79],"relic_stats":{"counters":[5,23],"Art of War":[2],"obtain_stats":[{"Strawberry":0,"Art of War":9,"PureWater":0},{"Strawberry":0,"Art of War":4,"PureWater":0},{"Strawberry":0,"Art of War":18,"PureWater":0}]},"card_choices":[{"not_picked":["Evaluate","Fasting2"],"picked":"Collect","floor":1},{"not_picked":["FlyingSleeves","Crescendo"],"picked":"FollowUp","floor":4},{"not_picked":["FollowUp","Halt"],"picked":"Perseverance","floor":5},{"not_picked":["Weave","CrushJoints"],"picked":"FollowUp","floor":7}],"player_experience":566960,"relics_obtained":[{"floor":9,"key":"Art of War"}],"event_choices":[{"damage_healed":0,"gold_gain":0,"player_choice":"Ignored","damage_taken":0,"max_hp_gain":0,"max_hp_loss":0,"event_name":"Liars Game","floor":3,"gold_loss":0}],"is_beta":false,"boss_relics":[],"items_purged_floors":[],"is_endless":false,"potions_floor_spawned":[5],"killed_by":"Gremlin Nob","ascension_level":0}}