{"host":"p4v0hquynnreu717","time":1610130025,"event":{"mods":["BaseMod","Better Vampires","DeckTracker","Googly Eyes","Minty Spire (QoL Compilation)","Quick Restart","StSLib","SuperFastMode"],"gold_per_floor":[112,1,76,76,91,91,116,116,140,160,160,170,170,180,180,254,254,267,278,288,305,305,305,305,305,305,305,316,17,31,31,31,31,31],"floor_reached":33,"playtime":589,"items_purged":["Strike_G","Strike_G"],"score":476,"play_id":"bd7bec3f-2d09-4465-84e7-a6f28fb6c06e","local_time":"20210109022025","is_ascension_mode":true,"campfire_choices":[{"data":"Neutralize","floor":6,"key":"SMITH"},{"data":"Bane","floor":8,"key":"SMITH"},{"data":"Poisoned Stab","floor":13,"key":"SMITH"},{"data":"Accuracy","floor":15,"key":"SMITH"},{"floor":23,"key":"REST"},{"data":"Envenom","floor":25,"key":"SMITH"},{"data":"Acrobatics","floor":27,"key":"SMITH"},{"data":"Calculated Gamble","floor":32,"key":"SMITH"}],"circlet_count":0,"master_deck":["AscendersBane","Strike_G","Strike_G","Defend_G","Defend_G","Defend_G","Defend_G","Defend_G","Survivor","Neutralize+1","Blade Dance","Masterful Stab","Poisoned Stab+1","Bane+1","Accuracy+1","Envenom+1","Calculated Gamble+1","Finisher","Acrobatics+1","Blade Dance","Backflip"],"relics":["Ring of the Snake","NeowsBlessing","Ninja Scroll","Sozu","Sundial","PrismaticShard"],"acts_visited":["Exordium","TheCity"],"potions_floor_usage":[16,20],"damage_taken":[{"damage":0,"enemies":"Jaw Worm","floor":1,"turns":1},{"damage":0,"enemies":"Small Slimes","floor":5,"turns":1},{"damage":0,"enemies":"Lagavulin","floor":7,"turns":1},{"damage":0,"enemies":"2 Louse","floor":10,"turns":1},{"damage":7,"enemies":"Large Slime","floor":12,"turns":5},{"damage":0,"enemies":"Exordium Wildlife","floor":14,"turns":3},{"damage":40,"enemies":"Hexaghost","floor":16,"turns":10},{"damage":1,"enemies":"3 Byrds","floor":18,"turns":4},{"damage":14,"enemies":"2 Thieves","floor":19,"turns":3},{"damage":17,"enemies":"Cultist and Chosen","floor":20,"turns":5},{"damage":4,"enemies":"Centurion and Healer","floor":21,"turns":4},{"damage":13,"enemies":"Shelled Parasite and Fungi","floor":28,"turns":3},{"damage":0,"enemies":"Snake Plant","floor":30,"turns":2},{"damage":14,"enemies":"Champ","floor":33,"turns":2}],"seed_played":"-4928409287521611099","potions_obtained":[{"floor":5,"key":"EssenceOfSteel"},{"floor":10,"key":"DuplicationPotion"},{"floor":12,"key":"Fire Potion"}],"is_trial":false,"path_per_floor":["M","$","?","?","M","R","E","R","T","M","?","M","R","M","R","B",null,"M","M","M","M","?","R","?","R","T","R","M","$","M","$","R","B"],"character_chosen":"THE_SILENT","items_purchased":["Masterful Stab","PrismaticShard","Backflip"],"campfire_rested":1,"item_purchase_floors":[2,29,29],"current_hp_per_floor":[59,59,48,48,48,48,48,48,48,48,48,41,41,41,41,1,50,49,35,18,14,14,33,33,33,33,33,20,20,20,20,20,6,6],"gold":31,"neow_bonus":"THREE_ENEMY_KILL","is_daily":false,"chose_seed":false,"campfire_upgraded":7,"win_rate":0.0,"timestamp":1610130025,"path_taken":["M","$","?","?","M","R","E","R","T","M","?","M","R","M","R","BOSS","M","M","M","M","?","R","?","R","T","R","?","$","M","?","R","BOSS"],"items_purchased_type":["Card","Relic","Card"],"build_version":"2020-12-22","purchased_purges":2,"victory":false,"max_hp_per_floor":[66,66,66,66,66,66,66,66,66,66,66,66,66,66,66,66,66,66,66,66,66,66,66,66,66,66,66,66,66,66,66,66,66,66],"card_choices":[{"not_picked":["Setup","Escape Plan"],"picked":"Blade Dance","floor":1},{"not_picked":["Cloak And Dagger","Backflip"],"picked":"Bane","floor":5},{"not_picked":["Dagger Spray","Deadly Poison","Outmaneuver"],"picked":"SKIP","floor":7},{"not_picked":["Deadly Poison","Slice","Skewer"],"picked":"SKIP","floor":10},{"not_picked":["Deadly Poison","Heel Hook","Bane"],"picked":"SKIP","floor":12},{"not_picked":["Deflect","Distraction"],"picked":"Accuracy","floor":14},{"not_picked":["Bullet Time","After Image"],"picked":"Envenom","floor":16},{"not_picked":["Outmaneuver","Underhanded Strike"],"picked":"Calculated Gamble","floor":18},{"not_picked":["Concentrate","All Out Attack"],"picked":"Finisher","floor":19},{"not_picked":["Skewer+1","Sucker Punch"],"picked":"Acrobatics","floor":20},{"not_picked":["Dodge and Roll","Underhanded Strike+1","Distraction"],"picked":"SKIP","floor":21},{"not_picked":["Unload","Dagger Spray"],"picked":"Blade Dance","floor":28},{"not_picked":["EmptyFist","Dodge and Roll","Combust"],"picked":"SKIP","floor":30}],"player_experience":778757,"relics_obtained":[{"floor":7,"key":"Ninja Scroll"},{"floor":26,"key":"Sundial"}],"event_choices":[{"damage_healed":0,"gold_gain":75,"player_choice":"Gather Gold","damage_taken":11,"max_hp_gain":0,"max_hp_loss":0,"event_name":"World of Goop","floor":3,"gold_loss":0},{"damage_healed":0,"gold_gain":0,"cards_transformed":["Strike_G"],"player_choice":"Change","damage_taken":0,"max_hp_gain":0,"max_hp_loss":0,"event_name":"Living Wall","floor":4,"gold_loss":0,"cards_obtained":["Poisoned Stab"]},{"damage_healed":0,"gold_gain":0,"player_choice":"Ignored","damage_taken":0,"max_hp_gain":0,"max_hp_loss":0,"event_name":"Liars Game","floor":11,"gold_loss":0},{"damage_healed":0,"gold_gain":0,"player_choice":"Ignored","damage_taken":0,"max_hp_gain":0,"max_hp_loss":0,"event_name":"The Mausoleum","floor":22,"gold_loss":0},{"damage_healed":0,"gold_gain":0,"player_choice":"Ignored","damage_taken":0,"max_hp_gain":0,"max_hp_loss":0,"event_name":"Vampires","floor":24,"gold_loss":0}],"is_beta":false,"boss_relics":[{"not_picked":["Tiny House","Ectoplasm"],"picked":"Sozu"}],"items_purged_floors":[2,29],"is_endless":false,"potions_floor_spawned":[5,10,12,19,28,30],"killed_by":"Champ","ascension_level":15}}