{"host":"3qkmyeoym75lj4wn","time":1610131827,"event":{"mods":["2.2 Compatiblity","BaseMod","Block Reminder","Colored Powertips","Highlight Path","Minty Spire (QoL Compilation)","Permanent Neow","Potion Indicator Mod","Rare Cards Sparkle","Relic Stats","StSLib"],"gold_per_floor":[110,110,130,150,167,195,195,195,195,160,204,204,247,267,267,361,361,382,332,99,120,42,73,73,86,110,235,235,248,291,30,30,123,123,148,148,72,97,163,163,198,198,198,198,198,213,234,567,567,567,567,567],"floor_reached":51,"playtime":2275,"items_purged":["Strike_G"],"score":1387,"play_id":"ce7f6da1-c96d-4160-9c68-41a235b4c2fc","local_time":"20210108185027","is_ascension_mode":true,"campfire_choices":[{"data":"Dagger Spray","floor":7.0,"key":"SMITH"},{"data":"Envenom","floor":12.0,"key":"SMITH"},{"data":"Dash","floor":15.0,"key":"SMITH"},{"floor":24.0,"key":"REST"},{"data":"Apotheosis","floor":32.0,"key":"SMITH"},{"floor":40.0,"key":"RECALL"},{"data":"Writhe","floor":42.0,"key":"PURGE"},{"data":"Strike_G","floor":44.0,"key":"PURGE"},{"data":"Noxious Fumes","floor":49.0,"key":"SMITH"}],"circlet_count":0,"master_deck":["AscendersBane","Strike_G","Strike_G","Defend_G","Defend_G","Defend_G","Defend_G","Defend_G","Survivor","Neutralize+1","Envenom+1","Dagger Spray+1","Dash+1","Dagger Spray+1","Masterful Stab","Blade Dance","Cloak And Dagger","Well Laid Plans","Poisoned Stab","CurseOfTheBell","Die Die Die","Backstab","Endless Agony","PiercingWail","Poisoned Stab+1","Backflip+1","Apotheosis+1","Adrenaline","PiercingWail","Noxious Fumes+1","Slice","Predator+1","Cloak And Dagger","Parasite"],"relics":["Ring of the Snake","Thread and Needle","Prayer Wheel","Du-Vu Doll","Calipers","Calling Bell","Dream Catcher","White Beast Statue","Mango","Toy Ornithopter","Orichalcum","Anchor","Ice Cream","Eternal Feather","Tiny Chest","StoneCalendar","Philosopher\u0027s Stone","Peace Pipe","Blood Vial","Mummified Hand"],"acts_visited":["Exordium","TheCity","TheBeyond"],"potions_floor_usage":[50,50,50,50],"damage_taken":[{"damage":1.0,"enemies":"Cultist","floor":1.0,"turns":5.0},{"damage":0.0,"enemies":"2 Louse","floor":3.0,"turns":3.0},{"damage":0.0,"enemies":"Small Slimes","floor":4.0,"turns":3.0},{"damage":9.0,"enemies":"Looter","floor":5.0,"turns":4.0},{"damage":33.0,"enemies":"Gremlin Nob","floor":6.0,"turns":5.0},{"damage":6.0,"enemies":"3 Sentries","floor":11.0,"turns":6.0},{"damage":6.0,"enemies":"Lagavulin","floor":13.0,"turns":4.0},{"damage":0.0,"enemies":"Lots of Slimes","floor":14.0,"turns":3.0},{"damage":5.0,"enemies":"The Guardian","floor":16.0,"turns":11.0},{"damage":38.0,"enemies":"Chosen","floor":18.0,"turns":6.0},{"damage":13.0,"enemies":"2 Thieves","floor":21.0,"turns":4.0},{"damage":16.0,"enemies":"Gremlin Leader","floor":23.0,"turns":5.0},{"damage":18.0,"enemies":"Snake Plant","floor":25.0,"turns":3.0},{"damage":0.0,"enemies":"Colosseum Slavers","floor":27.0,"turns":2.0},{"damage":0.0,"enemies":"Colosseum Nobs","floor":27.0,"turns":3.0},{"damage":0.0,"enemies":"Chosen and Byrds","floor":29.0,"turns":3.0},{"damage":7.0,"enemies":"Book of Stabbing","floor":30.0,"turns":5.0},{"damage":41.0,"enemies":"Automaton","floor":33.0,"turns":8.0},{"damage":0.0,"enemies":"Orb Walker","floor":35.0,"turns":2.0},{"damage":0.0,"enemies":"3 Shapes","floor":38.0,"turns":2.0},{"damage":12.0,"enemies":"2 Orb Walkers","floor":39.0,"turns":4.0},{"damage":40.0,"enemies":"Nemesis","floor":41.0,"turns":7.0},{"damage":14.0,"enemies":"Writhing Mass","floor":46.0,"turns":6.0},{"damage":1.0,"enemies":"4 Shapes","floor":47.0,"turns":6.0},{"damage":36,"enemies":"Time Eater","floor":50,"turns":10},{"damage":64,"enemies":"Donu and Deca","floor":51,"turns":4}],"seed_played":"4392384554471457100","potions_obtained":[{"floor":1.0,"key":"Ancient Potion"},{"floor":3.0,"key":"CultistPotion"},{"floor":6.0,"key":"FearPotion"},{"floor":14.0,"key":"DuplicationPotion"},{"floor":18.0,"key":"Regen Potion"},{"floor":21.0,"key":"Swift Potion"},{"floor":23.0,"key":"AttackPotion"},{"floor":25.0,"key":"Weak Potion"},{"floor":27.0,"key":"PowerPotion"},{"floor":29.0,"key":"DistilledChaos"},{"floor":30.0,"key":"CultistPotion"},{"floor":33.0,"key":"CultistPotion"},{"floor":35.0,"key":"Block Potion"},{"floor":38.0,"key":"BlessingOfTheForge"},{"floor":39.0,"key":"Regen Potion"},{"floor":41.0,"key":"SkillPotion"},{"floor":46.0,"key":"Swift Potion"},{"floor":47.0,"key":"EntropicBrew"}],"is_trial":false,"path_per_floor":["M","?","M","M","M","E","R","?","T","?","E","R","E","M","R","B",null,"M","?","$","M","$","E","R","M","T","?","?","M","E","$","R","B",null,"M","?","$","M","?","R","E","R","T","R","T","M","M","?","R","B","B"],"character_chosen":"THE_SILENT","items_purchased":["Toy Ornithopter","Backstab","Apotheosis","Dexterity Potion","Noxious Fumes"],"campfire_rested":1,"item_purchase_floors":[20,22,31,31,37],"current_hp_per_floor":[58,66,66,66,57,24,24,24,24,39,33,33,27,27,27,22,65,27,27,27,33,33,22,44,31,31,41,41,41,44,44,59,23,61,66,66,66,71,62,74,48,69,69,74,74,60,66,66,74,53,0,0],"gold":567,"neow_bonus":"TRANSFORM_CARD","is_daily":false,"chose_seed":false,"campfire_upgraded":5,"win_rate":0.0,"timestamp":1610131827,"path_taken":["M","?","M","?","M","E","R","?","T","?","E","R","E","M","R","BOSS","M","?","$","?","$","E","R","M","T","?","?","M","E","$","R","BOSS","M","?","$","?","?","R","E","R","T","R","?","?","M","?","R","BOSS","BOSS"],"items_purchased_type":["Relic","Card","Card","Potion","Card"],"build_version":"2020-12-22","purchased_purges":1,"victory":false,"max_hp_per_floor":[66,66,66,66,66,66,66,60,60,60,60,60,60,60,60,60,74,74,74,74,74,74,74,74,74,74,74,74,74,74,74,74,74,74,74,74,74,74,74,74,74,74,74,74,74,74,74,74,74,74,74,74],"relic_stats":{"counters":[26,124],"Eternal Feather":61,"StoneCalendar":[86],"Orichalcum":[90],"Peace Pipe":2,"Blood Vial":4,"Dream Catcher":1,"Mummified Hand":[12],"Prayer Wheel":9,"Tiny Chest":1,"obtain_stats":[{"Ice Cream":27,"Calipers":13,"Golden Idol":8,"Thread and Needle":6,"Mango":17,"Eternal Feather":27,"StoneCalendar":30,"Orichalcum":23,"White Beast Statue":17,"Du-Vu Doll":11,"Calling Bell":17,"Peace Pipe":39,"Blood Vial":41,"Dream Catcher":17,"Anchor":26,"Mummified Hand":43,"Prayer Wheel":9,"Tiny Chest":28,"Philosopher\u0027s Stone":34,"Toy Ornithopter":20,"Ring of the Snake":0},{"Ice Cream":15,"Calipers":7,"Golden Idol":5,"Thread and Needle":5,"Mango":9,"Eternal Feather":15,"StoneCalendar":17,"Orichalcum":12,"White Beast Statue":9,"Du-Vu Doll":6,"Calling Bell":9,"Peace Pipe":21,"Blood Vial":22,"Dream Catcher":9,"Anchor":13,"Mummified Hand":22,"Prayer Wheel":5,"Tiny Chest":15,"Philosopher\u0027s Stone":18,"Toy Ornithopter":10,"Ring of the Snake":0},{"Ice Cream":67,"Calipers":30,"Golden Idol":20,"Thread and Needle":20,"Mango":44,"Eternal Feather":67,"StoneCalendar":75,"Orichalcum":59,"White Beast Statue":44,"Du-Vu Doll":26,"Calling Bell":44,"Peace Pipe":91,"Blood Vial":98,"Dream Catcher":44,"Anchor":62,"Mummified Hand":98,"Prayer Wheel":20,"Tiny Chest":67,"Philosopher\u0027s Stone":83,"Toy Ornithopter":50,"Ring of the Snake":0}],"Toy Ornithopter":78,"Ring of the Snake":[53]},"card_choices":[{"not_picked":["Backflip","Underhanded Strike"],"picked":"Dagger Spray","floor":1.0},{"not_picked":["Calculated Gamble","Heel Hook"],"picked":"Dash","floor":3.0},{"not_picked":["Underhanded Strike","Acrobatics"],"picked":"Dagger Spray","floor":4.0},{"not_picked":["Cloak And Dagger","A Thousand Cuts"],"picked":"Masterful Stab","floor":5.0},{"not_picked":["Quick Slash","Dagger Spray"],"picked":"Blade Dance","floor":6.0},{"not_picked":["Terror","Quick Slash"],"picked":"Cloak And Dagger","floor":11.0},{"not_picked":["Acrobatics","Expertise"],"picked":"Well Laid Plans","floor":13.0},{"not_picked":["Setup","Prepared"],"picked":"Poisoned Stab","floor":14.0},{"not_picked":["Cloak And Dagger","Eviscerate","Deadly Poison"],"picked":"SKIP","floor":14.0},{"not_picked":["Dagger Throw","Flying Knee","Deadly Poison+1"],"picked":"SKIP","floor":18.0},{"not_picked":["Predator","Dagger Spray","Eviscerate"],"picked":"SKIP","floor":18.0},{"not_picked":["Well Laid Plans+1","Acrobatics"],"picked":"Die Die Die","floor":21.0},{"not_picked":["Terror","Deadly Poison","Poisoned Stab+1"],"picked":"SKIP","floor":21.0},{"not_picked":["Predator","Bane","Flying Knee"],"picked":"SKIP","floor":23.0},{"not_picked":["Expertise","Flying Knee"],"picked":"Endless Agony","floor":24.0},{"not_picked":["Outmaneuver","Crippling Poison"],"picked":"PiercingWail","floor":25.0},{"not_picked":["Deadly Poison","Underhanded Strike","Acrobatics"],"picked":"SKIP","floor":25.0},{"not_picked":["Escape Plan","Blade Dance"],"picked":"Poisoned Stab+1","floor":29.0},{"not_picked":["Prepared","Quick Slash"],"picked":"Backflip+1","floor":29.0},{"not_picked":["Cloak And Dagger","Concentrate","Dodge and Roll"],"picked":"SKIP","floor":30.0},{"not_picked":["Phantasmal Killer","Doppelganger"],"picked":"Adrenaline","floor":33.0},{"not_picked":["Dodge and Roll","Choke"],"picked":"PiercingWail","floor":35.0},{"not_picked":["Prepared+1","Quick Slash","Bouncing Flask"],"picked":"SKIP","floor":35.0},{"not_picked":["Bane","Deflect"],"picked":"Slice","floor":38.0},{"not_picked":["Catalyst","Outmaneuver"],"picked":"Predator+1","floor":38.0},{"not_picked":["Bane","Dagger Throw"],"picked":"Cloak And Dagger","floor":39.0},{"not_picked":["Phantasmal Killer","Backflip","Unload"],"picked":"SKIP","floor":41.0},{"not_picked":["Prepared+1","Outmaneuver","Quick Slash"],"picked":"SKIP","floor":46.0},{"not_picked":["Prepared+1","Underhanded Strike","Dagger Throw"],"picked":"SKIP","floor":46.0},{"not_picked":["Flying Knee","Sucker Punch+1","Blade Dance"],"picked":"SKIP","floor":47.0},{"not_picked":["Acrobatics","Dagger Throw","Endless Agony+1"],"picked":"SKIP","floor":47.0}],"player_experience":1648487,"relics_obtained":[{"floor":6.0,"key":"Thread and Needle"},{"floor":9.0,"key":"Prayer Wheel"},{"floor":11.0,"key":"Du-Vu Doll"},{"floor":13.0,"key":"Calipers"},{"floor":17.0,"key":"Dream Catcher"},{"floor":17.0,"key":"White Beast Statue"},{"floor":17.0,"key":"Mango"},{"floor":23.0,"key":"Orichalcum"},{"floor":26.0,"key":"Anchor"},{"floor":27.0,"key":"Ice Cream"},{"floor":27.0,"key":"Eternal Feather"},{"floor":30.0,"key":"StoneCalendar"},{"floor":39.0,"key":"Peace Pipe"},{"floor":41.0,"key":"Blood Vial"},{"floor":43.0,"key":"Mummified Hand"}],"event_choices":[{"damage_healed":8.0,"max_hp_gain":0.0,"max_hp_loss":0.0,"gold_gain":0.0,"event_name":"Wheel of Change","player_choice":"Full Heal","floor":2.0,"gold_loss":0.0,"damage_taken":0.0},{"damage_healed":0.0,"max_hp_gain":0.0,"max_hp_loss":6.0,"gold_gain":0.0,"event_name":"Golden Idol","player_choice":"Lose Max HP","floor":8.0,"gold_loss":0.0,"damage_taken":0.0,"relics_obtained":["Golden Idol"]},{"damage_healed":15.0,"max_hp_gain":0.0,"max_hp_loss":0.0,"gold_gain":0.0,"event_name":"The Cleric","player_choice":"Healed","floor":10.0,"gold_loss":35.0,"damage_taken":0.0},{"damage_healed":0.0,"max_hp_gain":0.0,"max_hp_loss":0.0,"gold_gain":0.0,"event_name":"Designer","player_choice":"Upgraded Two","floor":19.0,"gold_loss":50.0,"damage_taken":0.0,"cards_upgraded":["Dagger Spray","Neutralize"]},{"damage_healed":0.0,"max_hp_gain":0.0,"max_hp_loss":0.0,"gold_gain":0.0,"event_name":"Colosseum","player_choice":"Fight","floor":27.0,"gold_loss":0.0,"damage_taken":0.0},{"damage_healed":0.0,"max_hp_gain":0.0,"max_hp_loss":0.0,"gold_gain":0.0,"event_name":"Colosseum","player_choice":"Fought Nobs","floor":27.0,"gold_loss":0.0,"damage_taken":0.0},{"damage_healed":0.0,"max_hp_gain":0.0,"max_hp_loss":0.0,"gold_gain":0.0,"event_name":"The Mausoleum","player_choice":"Opened","floor":28.0,"gold_loss":0.0,"damage_taken":0.0,"relics_obtained":["Tiny Chest"],"cards_obtained":["Writhe"]},{"damage_healed":0.0,"max_hp_gain":0.0,"max_hp_loss":0.0,"gold_gain":0.0,"event_name":"SecretPortal","player_choice":"Ignored","floor":36.0,"gold_loss":0.0,"damage_taken":0.0},{"damage_healed":0.0,"max_hp_gain":0.0,"max_hp_loss":0.0,"gold_gain":0.0,"event_name":"Mysterious Sphere","player_choice":"Fight","floor":39.0,"gold_loss":0.0,"damage_taken":0.0},{"damage_healed":0.0,"max_hp_gain":0.0,"max_hp_loss":0.0,"gold_gain":333.0,"event_name":"The Moai Head","player_choice":"Gave Idol","floor":48.0,"relics_lost":["Golden Idol"],"gold_loss":0.0,"damage_taken":0.0}],"is_beta":false,"boss_relics":[{"not_picked":["Fusion Hammer","Busted Crown"],"picked":"Calling Bell"},{"not_picked":["HoveringKite","Snecko Eye"],"picked":"Philosopher\u0027s Stone"}],"items_purged_floors":[20],"is_endless":false,"potions_floor_spawned":[1,3,6,14,16,18,21,23,25,27,27,29,30,33,35,38,39,41,46,47],"killed_by":"Donu and Deca","ascension_level":20}}