{"host":"yvb207ks1sg3cxef","time":1610121866,"event":{"mods":["2.2 Compatiblity","BaseMod","Bestiary","Colored Powertips","Minty Spire (QoL Compilation)","Permanent Neow","Quick Restart","Relic Stats","StSLib"],"gold_per_floor":[114,126,126,12,26,52,52,86,86,118,118,144,155,172,172,247,247,260,260,260,289,304,304,338,338,338,357,357,40,56,6,6,77,77,87,99,154,429,445,445,475,26,26,26,43,77,77,95,95,95,95,95,95,13,41,41],"floor_reached":57,"playtime":4496,"items_purged":["Defend_G"],"score":2741,"play_id":"583591c6-4fb6-4ef0-833c-d3dc4eec95d2","local_time":"20210108213426","is_ascension_mode":true,"campfire_choices":[{"data":"Flechettes","floor":7.0,"key":"SMITH"},{"floor":11.0,"key":"REST"},{"data":"Noxious Fumes","floor":15.0,"key":"SMITH"},{"data":"Prepared","floor":23.0,"key":"SMITH"},{"data":"Tactician","floor":25.0,"key":"SMITH"},{"data":"Prepared","floor":28.0,"key":"SMITH"},{"floor":32.0,"key":"REST"},{"data":"Catalyst","floor":40.0,"key":"SMITH"},{"floor":44.0,"key":"RECALL"},{"floor":47,"key":"REST"},{"floor":49,"key":"REST"},{"data":"Ghostly","floor":53,"key":"SMITH"}],"circlet_count":0,"master_deck":["AscendersBane","Strike_G","Strike_G","Strike_G","Defend_G+1","Defend_G","Defend_G","Defend_G+1","Survivor","Neutralize","Leg Sweep","Blur+1","Noxious Fumes+1","Flechettes+1","Deflect+1","Dagger Spray","Catalyst+1","Reflex","Tactician+1","PiercingWail","Night Terror","Outmaneuver","Ghostly+1","Ghostly","Ghostly","Writhe","Acrobatics","Prepared+1","Tools of the Trade","Prepared+1","Backflip","After Image","Blade Dance+1","Dagger Throw","Tactician+1","Regret","Outmaneuver+1","Noxious Fumes","Bullet Time","Bouncing Flask+1","Backflip","Blur+1"],"relics":["Runic Pyramid","TungstenRod","Question Card","Pear","Vajra","Ninja Scroll","Empty Cage","Juzu Bracelet","Red Mask","Nunchaku","HornCleat","Calipers","HoveringKite","Tingsha","War Paint","Paper Crane","Akabeko","Tough Bandages"],"acts_visited":["Exordium","TheCity","TheBeyond","TheEnding"],"potions_floor_usage":[48,50,51,56,56],"damage_taken":[{"damage":0.0,"enemies":"Jaw Worm","floor":1.0,"turns":5.0},{"damage":0.0,"enemies":"Cultist","floor":2.0,"turns":5.0},{"damage":0.0,"enemies":"Small Slimes","floor":5.0,"turns":4.0},{"damage":15.0,"enemies":"Lagavulin","floor":6.0,"turns":12.0},{"damage":17.0,"enemies":"Gremlin Nob","floor":8.0,"turns":5.0},{"damage":3.0,"enemies":"3 Sentries","floor":10.0,"turns":9.0},{"damage":5.0,"enemies":"Gremlin Nob","floor":12.0,"turns":3.0},{"damage":0.0,"enemies":"Looter","floor":13.0,"turns":3.0},{"damage":0.0,"enemies":"Blue Slaver","floor":14.0,"turns":3.0},{"damage":13.0,"enemies":"Hexaghost","floor":16.0,"turns":12.0},{"damage":23.0,"enemies":"Spheric Guardian","floor":18.0,"turns":8.0},{"damage":3.0,"enemies":"Masked Bandits","floor":21.0,"turns":4.0},{"damage":2.0,"enemies":"Shell Parasite","floor":22.0,"turns":6.0},{"damage":17.0,"enemies":"Book of Stabbing","floor":24.0,"turns":8.0},{"damage":0.0,"enemies":"Snecko","floor":27.0,"turns":7.0},{"damage":3.0,"enemies":"Snake Plant","floor":30.0,"turns":5.0},{"damage":22.0,"enemies":"Champ","floor":33.0,"turns":23.0},{"damage":8.0,"enemies":"3 Shapes","floor":35.0,"turns":7.0},{"damage":0.0,"enemies":"3 Darklings","floor":36.0,"turns":6.0},{"damage":2.0,"enemies":"2 Orb Walkers","floor":37.0,"turns":8.0},{"damage":0.0,"enemies":"Jaw Worm Horde","floor":39.0,"turns":5.0},{"damage":0.0,"enemies":"Reptomancer","floor":41.0,"turns":9.0},{"damage":0,"enemies":"4 Shapes","floor":45,"turns":7},{"damage":17,"enemies":"Nemesis","floor":46,"turns":9},{"damage":0,"enemies":"Writhing Mass","floor":48,"turns":5},{"damage":4,"enemies":"Time Eater","floor":50,"turns":7},{"damage":12,"enemies":"Awakened One","floor":51,"turns":16},{"damage":25,"enemies":"Shield and Spear","floor":55,"turns":12},{"damage":1,"enemies":"The Heart","floor":56,"turns":13}],"seed_played":"2766000579798369988","potions_obtained":[{"floor":8.0,"key":"FearPotion"},{"floor":12.0,"key":"Energy Potion"},{"floor":16.0,"key":"DistilledChaos"},{"floor":18.0,"key":"Dexterity Potion"},{"floor":24.0,"key":"FearPotion"},{"floor":36.0,"key":"Explosive Potion"},{"floor":41.0,"key":"GhostInAJar"},{"floor":45,"key":"SpeedPotion"},{"floor":48,"key":"SneckoOil"},{"floor":55,"key":"PowerPotion"}],"is_trial":false,"path_per_floor":["M","M","?","$","M","E","R","E","T","E","R","E","M","M","R","B",null,"M","?","?","?","M","R","E","R","T","M","R","$","M","?","R","B",null,"M","M","?","?","M","R","E","$","T","R","M","E","R","M","R","B","B",null,"R","$","E","B",null],"character_chosen":"THE_SILENT","items_purchased":["Noxious Fumes","Calipers","Paper Crane","Bullet Time","Dexterity Potion","Backflip"],"campfire_rested":4,"item_purchase_floors":[4,29,42,42,54,54],"current_hp_per_floor":[59,59,39,39,39,24,24,7,17,14,36,31,31,31,31,18,62,39,38,38,35,33,33,16,16,16,16,16,16,13,13,24,2,29,21,21,19,19,19,19,19,19,19,19,19,2,13,13,24,20,8,31,31,31,6,5],"gold":41,"neow_bonus":"BOSS_RELIC","is_daily":false,"chose_seed":false,"campfire_upgraded":7,"win_rate":0.0,"timestamp":1610121866,"path_taken":["M","M","?","$","M","E","R","E","T","E","R","E","M","M","R","BOSS","M","?","?","?","M","R","E","R","T","M","R","$","M","?","R","BOSS","M","M","?","?","M","R","E","?","T","R","M","E","R","M","R","BOSS","BOSS","R","$","E","BOSS"],"items_purchased_type":["Card","Relic","Relic","Card","Potion","Card"],"build_version":"2020-12-22","purchased_purges":1,"victory":true,"max_hp_per_floor":[66,66,66,66,66,66,66,66,76,76,76,76,76,76,76,76,76,76,38,38,38,38,38,38,38,38,38,38,38,38,38,38,38,38,38,38,38,38,38,38,38,38,38,38,38,38,38,38,38,38,38,38,38,38,38,38],"relic_stats":{"Nunchaku":[25],"Tough Bandages":[129],"counters":[29,226],"HoveringKite":[80],"Tingsha":[402],"Juzu Bracelet":2,"War Paint":["Defend_G","Deflect"],"Question Card":21,"obtain_stats":[{"Pear":9,"Calipers":29,"Vajra":10,"HoveringKite":34,"Tingsha":37,"Juzu Bracelet":20,"War Paint":41,"Paper Crane":42,"Question Card":8,"Empty Cage":17,"Akabeko":46,"Nunchaku":24,"Tough Bandages":55,"HornCleat":26,"Ninja Scroll":12,"Red Mask":21,"TungstenRod":6,"Ring of the Snake":0,"Runic Pyramid":0},{"Pear":5,"Calipers":15,"Vajra":6,"HoveringKite":17,"Tingsha":20,"Juzu Bracelet":11,"War Paint":22,"Paper Crane":22,"Question Card":5,"Empty Cage":10,"Akabeko":24,"Nunchaku":14,"Tough Bandages":28,"HornCleat":14,"Ninja Scroll":7,"Red Mask":12,"TungstenRod":4,"Ring of the Snake":0,"Runic Pyramid":0},{"Pear":31,"Calipers":94,"Vajra":40,"HoveringKite":122,"Tingsha":143,"Juzu Bracelet":69,"War Paint":157,"Paper Crane":157,"Question Card":31,"Empty Cage":61,"Akabeko":173,"Nunchaku":87,"Tough Bandages":213,"HornCleat":87,"Ninja Scroll":43,"Red Mask":73,"TungstenRod":26,"Ring of the Snake":0,"Runic Pyramid":0}],"TungstenRod":74},"card_choices":[{"not_picked":["Poisoned Stab","Blade Dance"],"picked":"Leg Sweep","floor":1.0},{"not_picked":["Choke","Flying Knee"],"picked":"Blur","floor":2.0},{"not_picked":["Bane","Sucker Punch"],"picked":"Flechettes","floor":5.0},{"not_picked":["Dagger Spray","Backflip"],"picked":"Deflect","floor":6.0},{"not_picked":["Sucker Punch","Leg Sweep"],"picked":"Dagger Spray","floor":8.0},{"not_picked":["Bane","Poisoned Stab","Flying Knee"],"picked":"Catalyst","floor":10.0},{"not_picked":["Backflip","Escape Plan","Deadly Poison"],"picked":"Reflex","floor":12.0},{"not_picked":["Escape Plan","Reflex","PiercingWail"],"picked":"Tactician","floor":13.0},{"not_picked":["Outmaneuver","Storm of Steel","Cloak And Dagger"],"picked":"PiercingWail","floor":14.0},{"not_picked":["Die Die Die","Glass Knife","Corpse Explosion"],"picked":"Night Terror","floor":16.0},{"not_picked":["Heel Hook","Choke","Sucker Punch"],"picked":"Outmaneuver","floor":18.0},{"not_picked":["Distraction","Backflip","Quick Slash"],"picked":"Acrobatics","floor":21.0},{"not_picked":["Cloak And Dagger","Sucker Punch","Outmaneuver"],"picked":"Prepared","floor":22.0},{"not_picked":["Finisher","Blur","Underhanded Strike"],"picked":"Tools of the Trade","floor":24.0},{"not_picked":["Acrobatics","Bouncing Flask","Deadly Poison"],"picked":"Prepared","floor":27.0},{"not_picked":["Heel Hook","Blade Dance","Deflect"],"picked":"Backflip","floor":30.0},{"not_picked":["Tools of the Trade","Storm of Steel","Corpse Explosion"],"picked":"After Image","floor":33.0},{"not_picked":["Accuracy","Noxious Fumes","Escape Plan"],"picked":"Blade Dance+1","floor":35.0},{"not_picked":["Predator","Distraction","Outmaneuver+1"],"picked":"Dagger Throw","floor":36.0},{"not_picked":["Flying Knee","Eviscerate+1","Slice"],"picked":"Tactician+1","floor":37.0},{"not_picked":["Dagger Throw","Leg Sweep","Heel Hook"],"picked":"Outmaneuver+1","floor":39.0},{"not_picked":["Dagger Spray","Distraction","Quick Slash"],"picked":"Noxious Fumes","floor":41.0},{"not_picked":["Blade Dance","Dagger Spray","Heel Hook"],"picked":"Bouncing Flask+1","floor":45},{"not_picked":["Skewer","Dodge and Roll+1","Endless Agony","Sucker Punch+1"],"picked":"SKIP","floor":46},{"not_picked":["Distraction","Die Die Die","Flechettes","Flying Knee+1"],"picked":"SKIP","floor":48},{"not_picked":["Deflect","Flechettes","Expertise"],"picked":"Blur+1","floor":55}],"player_experience":310359,"relics_obtained":[{"floor":6.0,"key":"TungstenRod"},{"floor":8.0,"key":"Question Card"},{"floor":9.0,"key":"Pear"},{"floor":10.0,"key":"Vajra"},{"floor":12.0,"key":"Ninja Scroll"},{"floor":21.0,"key":"Red Mask"},{"floor":24.0,"key":"Nunchaku"},{"floor":26.0,"key":"HornCleat"},{"floor":37.0,"key":"Tingsha"},{"floor":41.0,"key":"War Paint"},{"floor":46,"key":"Akabeko"},{"floor":55,"key":"Tough Bandages"}],"event_choices":[{"damage_healed":0.0,"max_hp_gain":0.0,"max_hp_loss":0.0,"gold_gain":0.0,"event_name":"Shining Light","player_choice":"Entered Light","floor":3.0,"gold_loss":0.0,"damage_taken":20.0,"cards_upgraded":["Defend_G","Blur"]},{"damage_healed":0.0,"max_hp_gain":0.0,"max_hp_loss":38.0,"gold_gain":0.0,"event_name":"Ghosts","player_choice":"Became a Ghost","floor":19.0,"gold_loss":0.0,"damage_taken":0.0,"cards_obtained":["Ghostly","Ghostly","Ghostly"]},{"damage_healed":0.0,"max_hp_gain":0.0,"max_hp_loss":0.0,"gold_gain":0.0,"event_name":"The Mausoleum","player_choice":"Opened","floor":20.0,"gold_loss":0.0,"damage_taken":0.0,"relics_obtained":["Juzu Bracelet"],"cards_obtained":["Writhe"]},{"damage_healed":0.0,"max_hp_gain":0.0,"max_hp_loss":0.0,"gold_gain":0.0,"event_name":"Masked Bandits","player_choice":"Fought Bandits","floor":21.0,"gold_loss":0.0,"damage_taken":0.0},{"damage_healed":0.0,"max_hp_gain":0.0,"max_hp_loss":0.0,"gold_gain":0.0,"event_name":"The Joust","player_choice":"Bet on Murderer","floor":31.0,"gold_loss":50.0,"damage_taken":0.0},{"damage_healed":0.0,"max_hp_gain":0.0,"max_hp_loss":0.0,"gold_gain":0.0,"event_name":"Mysterious Sphere","player_choice":"Fight","floor":37.0,"gold_loss":0.0,"damage_taken":0.0},{"damage_healed":0.0,"max_hp_gain":0.0,"max_hp_loss":0.0,"gold_gain":275.0,"event_name":"Golden Shrine","player_choice":"Desecrate","floor":38.0,"gold_loss":0.0,"damage_taken":0.0,"cards_obtained":["Regret"]}],"is_beta":false,"boss_relics":[{"not_picked":["SlaversCollar","WristBlade"],"picked":"Empty Cage"},{"not_picked":["Busted Crown","Black Star"],"picked":"HoveringKite"}],"items_purged_floors":[4],"is_endless":false,"potions_floor_spawned":[8,12,16,18,24,36,37,41,45,48,55],"ascension_level":20}}