{"host":"2lo6hma6kymb0g9i","time":1610079944,"event":{"mods":["BaseMod","Colored Map","DeckTracker","Minty Spire (QoL Compilation)"],"gold_per_floor":[111,127,139,139,159,199,199,214,237,62,75,75,25,65,77,209,221,146,146,46,46,46,46,46,46,46,46,46,46,46,46,46,46,46],"floor_reached":33,"playtime":3892,"items_purged":["Strike_B","Strike_B"],"score":326,"play_id":"1de39cbc-66ff-47d9-a403-7fc9a6a8688e","local_time":"20210108132544","is_ascension_mode":true,"campfire_choices":[{"floor":15.0,"key":"REST"},{"data":"Redo","floor":23.0,"key":"SMITH"},{"data":"Defragment","floor":25.0,"key":"SMITH"},{"floor":32,"key":"REST"}],"circlet_count":0,"master_deck":["Strike_B+1","Defend_B","Defend_B","Defend_B","Defend_B","Zap","Dualcast+1","Chaos","White Noise","Sweeping Beam","Chill","Hologram+1","Defragment+1","Redo+1","Go for the Eyes","Cold Snap+1","Capacitor","Reinforced Body"],"relics":["Cracked Core","Golden Idol","Eternal Feather","Toy Ornithopter","MawBank","Ectoplasm","Smiling Mask","Frozen Egg 2"],"acts_visited":["Exordium","TheCity"],"potions_floor_usage":[29,29,31],"damage_taken":[{"damage":2.0,"enemies":"Jaw Worm","floor":1.0,"turns":3.0},{"damage":2.0,"enemies":"Small Slimes","floor":2.0,"turns":3.0},{"damage":2.0,"enemies":"2 Louse","floor":3.0,"turns":3.0},{"damage":12.0,"enemies":"Looter","floor":5.0,"turns":3.0},{"damage":10.0,"enemies":"Gremlin Nob","floor":6.0,"turns":3.0},{"damage":0.0,"enemies":"Gremlin Gang","floor":8.0,"turns":3.0},{"damage":1.0,"enemies":"2 Fungi Beasts","floor":11.0,"turns":2.0},{"damage":10.0,"enemies":"3 Sentries","floor":14.0,"turns":5.0},{"damage":16.0,"enemies":"The Guardian","floor":16.0,"turns":10.0},{"damage":22.0,"enemies":"2 Thieves","floor":18.0,"turns":5.0},{"damage":9.0,"enemies":"Chosen","floor":22.0,"turns":6.0},{"damage":8.0,"enemies":"Sentry and Sphere","floor":24.0,"turns":6.0},{"damage":30.0,"enemies":"Chosen and Byrds","floor":27.0,"turns":7.0},{"damage":18,"enemies":"Snecko","floor":29,"turns":4},{"damage":12,"enemies":"Snake Plant","floor":30,"turns":5},{"damage":1,"enemies":"Cultist and Chosen","floor":31,"turns":8},{"damage":51,"enemies":"Automaton","floor":33,"turns":12}],"seed_played":"1580134380535964876","potions_obtained":[{"floor":1.0,"key":"SpeedPotion"},{"floor":2.0,"key":"SkillPotion"},{"floor":3.0,"key":"DistilledChaos"},{"floor":14.0,"key":"Regen Potion"},{"floor":22.0,"key":"BlessingOfTheForge"},{"floor":24.0,"key":"LiquidMemories"},{"floor":27.0,"key":"Strength Potion"}],"is_trial":false,"path_per_floor":["M","M","M","?","M","E","?","M","T","$","M","$","?","E","R","B",null,"M","?","$","?","M","R","M","R","T","M","?","M","M","M","R","B"],"character_chosen":"DEFECT","items_purchased":["Defragment","Redo"],"campfire_rested":2,"item_purchase_floors":[10,10],"current_hp_per_floor":[73,71,69,51,39,29,14,14,14,14,13,13,13,8,39,23,62,60,60,60,60,51,60,52,61,61,31,25,17,5,9,40,0,0],"gold":46,"neow_bonus":"UPGRADE_CARD","is_daily":false,"chose_seed":false,"campfire_upgraded":2,"win_rate":0.0,"timestamp":1610079944,"path_taken":["M","M","M","?","M","E","?","M","T","$","M","?","?","E","R","BOSS","M","?","$","?","?","R","M","R","T","M","?","?","M","M","R","BOSS"],"items_purchased_type":["Card","Card"],"build_version":"2020-12-22","purchased_purges":2,"victory":false,"max_hp_per_floor":[75,75,75,75,75,75,75,75,75,75,75,75,75,75,75,75,75,75,75,75,75,75,75,75,75,75,75,75,75,75,75,75,75,75],"card_choices":[{"not_picked":["Loop","Steam"],"picked":"Chaos","floor":1.0},{"not_picked":["Rip and Tear","Cold Snap"],"picked":"White Noise","floor":2.0},{"not_picked":["Hologram","Leap"],"picked":"Sweeping Beam","floor":3.0},{"not_picked":["Storm","Hello World"],"picked":"Chill","floor":5.0},{"not_picked":["White Noise","FTL"],"picked":"Hologram","floor":6.0},{"not_picked":["Static Discharge","Consume","Barrage"],"picked":"SKIP","floor":8.0},{"not_picked":["Aggregate","Compile Driver","Loop"],"picked":"SKIP","floor":11.0},{"not_picked":["Steam","BootSequence"],"picked":"Go for the Eyes","floor":14.0},{"not_picked":["Chill","Hologram","Sweeping Beam+1"],"picked":"SKIP","floor":18.0},{"not_picked":["Loop","Self Repair"],"picked":"Cold Snap+1","floor":22.0},{"not_picked":["Beam Cell","Cold Snap"],"picked":"Capacitor","floor":24.0},{"not_picked":["Redo","Melter+1","Doom and Gloom"],"picked":"SKIP","floor":27.0},{"not_picked":["Melter","Compile Driver","Heatsinks+1"],"picked":"SKIP","floor":29},{"not_picked":["Rebound","Electrodynamics+1"],"picked":"Reinforced Body","floor":30},{"not_picked":["Conserve Battery","Streamline","Redo"],"picked":"SKIP","floor":31}],"player_experience":954353,"relics_obtained":[{"floor":6.0,"key":"Eternal Feather"},{"floor":9.0,"key":"Toy Ornithopter"},{"floor":14.0,"key":"MawBank"},{"floor":26.0,"key":"Frozen Egg 2"}],"event_choices":[{"damage_healed":0.0,"max_hp_gain":0.0,"max_hp_loss":0.0,"gold_gain":0.0,"event_name":"Golden Idol","player_choice":"Take Damage","floor":4.0,"gold_loss":0.0,"damage_taken":18.0,"relics_obtained":["Golden Idol"]},{"damage_healed":0.0,"max_hp_gain":0.0,"max_hp_loss":0.0,"gold_gain":0.0,"event_name":"Shining Light","player_choice":"Entered Light","floor":7.0,"gold_loss":0.0,"damage_taken":15.0,"cards_upgraded":["Strike_B","Hologram"]},{"cards_removed":["Strike_B"],"damage_healed":0.0,"max_hp_gain":0.0,"max_hp_loss":0.0,"gold_gain":0.0,"event_name":"The Cleric","player_choice":"Card Removal","floor":13.0,"gold_loss":50.0,"damage_taken":0.0},{"damage_healed":0.0,"max_hp_gain":0.0,"max_hp_loss":0.0,"gold_gain":0.0,"event_name":"The Mausoleum","player_choice":"Ignored","floor":19.0,"gold_loss":0.0,"damage_taken":0.0},{"damage_healed":0.0,"max_hp_gain":0.0,"max_hp_loss":0.0,"gold_gain":0.0,"event_name":"WeMeetAgain","player_choice":"Gave Potion","floor":21.0,"gold_loss":0.0,"damage_taken":0.0,"relics_obtained":["Smiling Mask"]},{"damage_healed":0,"gold_gain":0,"player_choice":"","damage_taken":6,"max_hp_gain":0,"max_hp_loss":0,"event_name":"Knowing Skull","floor":28,"potions_obtained":[],"gold_loss":0,"cards_obtained":[]}],"is_beta":false,"boss_relics":[{"not_picked":["Coffee Dripper","Velvet Choker"],"picked":"Ectoplasm"}],"items_purged_floors":[10,20],"is_endless":false,"potions_floor_spawned":[1,2,3,14,22,24,27],"killed_by":"Automaton","ascension_level":5}}