{"host":"pqs17sqrgflf4eqa","time":1610143918,"event":{"mods":["AchievementEnabler","BaseMod","Bestiary","Better Altar","Colored Map","Colored Powertips","Emptier Cage","Googly Eyes","Highlight Path","Minty Spire (QoL Compilation)","Quick Restart","StSLib","SuperFastMode","Transform Curses","slay the spire mod where everything is the same but ironclad has a cowboy hat"],"gold_per_floor":[111,111,122,122,122,156,156,190,242,261,261,289,305,6,6,101,101,113,23,73,123,45,78,144,169,169,169,0,149,149,149],"floor_reached":30,"playtime":1121,"items_purged":[],"score":368,"play_id":"22aeb99f-1163-4bcf-be7a-65afe9e942fb","local_time":"20210108171158","is_ascension_mode":true,"campfire_choices":[{"data":"Zap","floor":7,"key":"SMITH"},{"floor":11,"key":"REST"},{"data":"Dualcast","floor":15,"key":"SMITH"},{"floor":27,"key":"REST"}],"circlet_count":0,"master_deck":["Strike_B+1","Strike_B","Strike_B+1","Strike_B","Defend_B","Defend_B","Defend_B","Defend_B","Zap+1","Dualcast+1","Beam Cell","Sweeping Beam","Self Repair","Redo","Compile Driver","Barrage","Conserve Battery","Echo Form","CurseOfTheBell","Conserve Battery","Melter+1","Hologram+1","Loop","Auto Shields+1","Redo","Gash","BootSequence","Glacier","Streamline"],"relics":["Cracked Core","NeowsBlessing","SsserpentHead","Potion Belt","HornCleat","PreservedInsect","StoneCalendar","ClockworkSouvenir","Lantern","Calling Bell","Orichalcum","Question Card","Prayer Wheel","Anchor","Matryoshka","Kunai","Vajra"],"acts_visited":["Exordium","TheCity"],"potions_floor_usage":[13,13,16,19,23,25],"damage_taken":[{"damage":0,"enemies":"Small Slimes","floor":1,"turns":1},{"damage":0,"enemies":"2 Louse","floor":3,"turns":1},{"damage":0,"enemies":"Gremlin Nob","floor":6,"turns":1},{"damage":40,"enemies":"Lagavulin","floor":8,"turns":5},{"damage":0,"enemies":"Cultist","floor":10,"turns":3},{"damage":10,"enemies":"3 Sentries","floor":12,"turns":4},{"damage":0,"enemies":"Exordium Thugs","floor":13,"turns":3},{"damage":54,"enemies":"The Guardian","floor":16,"turns":10},{"damage":10,"enemies":"3 Byrds","floor":18,"turns":4},{"damage":43,"enemies":"2 Thieves","floor":19,"turns":5},{"damage":23,"enemies":"Gremlin Leader","floor":23,"turns":5},{"damage":0,"enemies":"Snake Plant","floor":24,"turns":3},{"damage":32,"enemies":"Book of Stabbing","floor":25,"turns":5},{"damage":57,"enemies":"Slavers","floor":30,"turns":4}],"seed_played":"7380515514451489564","potions_obtained":[{"floor":3,"key":"Block Potion"},{"floor":8,"key":"BlessingOfTheForge"},{"floor":10,"key":"Regen Potion"},{"floor":12,"key":"BlessingOfTheForge"},{"floor":18,"key":"Ancient Potion"},{"floor":24,"key":"Fire Potion"},{"floor":25,"key":"LiquidMemories"}],"is_trial":false,"path_per_floor":["M","?","M","?","?","E","R","E","T","M","R","E","M","$","R","B",null,"M","M","?","$","$","E","M","E","T","R","$","?","E"],"character_chosen":"DEFECT","items_purchased":["ClockworkSouvenir","Lantern","Loop","Glacier","Streamline","FocusPotion"],"campfire_rested":2,"item_purchase_floors":[14,14,22,28,28,28],"current_hp_per_floor":[75,60,60,60,60,60,60,27,27,34,56,53,63,63,63,31,75,72,36,75,75,75,52,52,27,27,49,49,49,0,0],"gold":149,"neow_bonus":"THREE_ENEMY_KILL","is_daily":false,"chose_seed":false,"campfire_upgraded":2,"win_rate":0.0,"timestamp":1610143918,"path_taken":["M","?","M","?","?","E","R","E","T","M","R","E","M","$","R","BOSS","M","M","?","?","$","E","?","E","T","R","$","?","E"],"items_purchased_type":["Relic","Relic","Card","Card","Card","Potion"],"build_version":"2020-12-22","purchased_purges":0,"victory":false,"max_hp_per_floor":[75,75,75,75,75,75,75,75,75,75,75,75,75,75,75,75,75,75,75,75,75,75,75,75,75,75,75,75,75,75,75],"card_choices":[{"not_picked":["FTL","Rebound"],"picked":"Beam Cell","floor":1},{"not_picked":["Steam","Chaos"],"picked":"Sweeping Beam","floor":3},{"not_picked":["Consume","Leap"],"picked":"Self Repair","floor":6},{"not_picked":["White Noise","Recycle"],"picked":"Redo","floor":8},{"not_picked":["Auto Shields","Reprogram"],"picked":"Compile Driver","floor":10},{"not_picked":["Chaos","Chill"],"picked":"Barrage","floor":12},{"not_picked":["Blizzard","Steam"],"picked":"Conserve Battery","floor":13},{"not_picked":["Machine Learning","All For One"],"picked":"Echo Form","floor":16},{"not_picked":["Go for the Eyes+1","Cold Snap","Compile Driver+1"],"picked":"Loop+1","floor":18},{"not_picked":["Chill","Barrage","Heatsinks+1"],"picked":"Conserve Battery","floor":18},{"not_picked":["Barrage+1","Doom and Gloom","Seek"],"picked":"Melter+1","floor":19},{"not_picked":["Sweeping Beam","Compile Driver","Undo"],"picked":"Hologram+1","floor":19},{"not_picked":["Melter","Compile Driver","Hologram"],"picked":"Auto Shields+1","floor":23},{"not_picked":["Consume","Beam Cell","Self Repair"],"picked":"Redo","floor":24},{"not_picked":["Reinforced Body","Redo","Go for the Eyes"],"picked":"Gash","floor":24},{"not_picked":["Scrape","White Noise+1","Rebound"],"picked":"BootSequence","floor":25}],"player_experience":139420,"relics_obtained":[{"floor":6,"key":"Potion Belt"},{"floor":8,"key":"HornCleat"},{"floor":9,"key":"PreservedInsect"},{"floor":12,"key":"StoneCalendar"},{"floor":17,"key":"Orichalcum"},{"floor":17,"key":"Question Card"},{"floor":17,"key":"Prayer Wheel"},{"floor":23,"key":"Anchor"},{"floor":25,"key":"Matryoshka"},{"floor":26,"key":"Kunai"},{"floor":26,"key":"Vajra"}],"event_choices":[{"damage_healed":0,"gold_gain":0,"player_choice":"Entered Light","damage_taken":15,"max_hp_gain":0,"max_hp_loss":0,"event_name":"Shining Light","floor":2,"gold_loss":0,"cards_upgraded":["Strike_B","Strike_B"]},{"damage_healed":0,"gold_gain":0,"player_choice":"Leave","damage_taken":0,"max_hp_gain":0,"max_hp_loss":0,"event_name":"The Cleric","floor":4,"gold_loss":0},{"damage_healed":0,"gold_gain":0,"player_choice":"Trade","damage_taken":0,"relics_obtained":["SsserpentHead"],"max_hp_gain":0,"max_hp_loss":0,"event_name":"FaceTrader","floor":5,"gold_loss":0},{"cards_removed":["Loop"],"damage_healed":39,"gold_gain":0,"player_choice":"Offered Uncommon","damage_taken":0,"max_hp_gain":0,"max_hp_loss":0,"event_name":"Bonfire Elementals","floor":20,"gold_loss":0},{"damage_healed":0,"gold_gain":99,"player_choice":"Stole From Cult","damage_taken":0,"max_hp_gain":0,"max_hp_loss":0,"event_name":"Nest","floor":29,"gold_loss":0}],"is_beta":false,"boss_relics":[{"not_picked":["Coffee Dripper","Pandora\u0027s Box"],"picked":"Calling Bell"}],"items_purged_floors":[],"is_endless":false,"potions_floor_spawned":[3,8,10,12,18,24,25],"killed_by":"Slavers","ascension_level":4}}