{"host":"61r95uy0hn86b9iu","time":1610075814,"event":{"mods":["AchievementEnabler","BaseMod","Better Vampires","BetterRewards","Colored Powertips","Hubris","Minty Spire (QoL Compilation)","Shop Mod","StSLib"],"gold_per_floor":[110,110,35,35,54,54,94,119,119,133,172,191,191,232,232,321,321,345,345,345,98,116,116,149,149,176,59,59,59,59,99,111,216,228,259,74,74,95,20,20,44,57,82,82,0,20,20,20,20,20],"floor_reached":51,"playtime":2509,"items_purged":["Injury","Writhe","Strike_R","Clothesline+1"],"score":1806,"play_id":"8c5a2191-d079-4f16-9417-cf5920fb7bcd","local_time":"20210107211654","is_ascension_mode":true,"campfire_choices":[{"floor":6.0,"key":"REST"},{"data":"True Grit","floor":13.0,"key":"SMITH"},{"data":"Metallicize","floor":15.0,"key":"SMITH"},{"data":"Demon Form","floor":23.0,"key":"SMITH"},{"floor":25.0,"key":"REST"},{"data":"Metallicize","floor":28.0,"key":"SMITH"},{"data":"Entrench","floor":32.0,"key":"SMITH"},{"floor":40.0,"key":"REST"},{"data":"Limit Break","floor":44.0,"key":"SMITH"},{"data":"Spot Weakness","floor":47.0,"key":"SMITH"},{"floor":49.0,"key":"REST"}],"circlet_count":0,"master_deck":["AscendersBane","Strike_R","Strike_R","Strike_R","Defend_R","Defend_R+1","Defend_R","Defend_R+1","Bash","Metallicize+1","Twin Strike+1","Uppercut+1","Heavy Blade+1","Cleave+1","Sword Boomerang+1","Bludgeon+1","True Grit+1","Demon Form+1","Shrug It Off","Heavy Blade+1","Spot Weakness+1","Metallicize+1","Entrench+1","Limit Break+1"],"relics":["Burning Blood","Molten Egg 2","TungstenRod","MerchantsRug","Golden Idol","hubris:ToyBattleship","Anchor","Incense Burner","hubris:ScarierMask","Kunai","Medical Kit","Omamori","SlaversCollar","Membership Card","hubris:Icosahedron","Regal Pillow","Red Mask"],"acts_visited":["Exordium","TheCity","TheBeyond"],"potions_floor_usage":[],"damage_taken":[{"damage":6.0,"enemies":"Small Slimes","floor":1.0,"turns":3.0},{"damage":6.0,"enemies":"Jaw Worm","floor":5.0,"turns":4.0},{"damage":2.0,"enemies":"Gremlin Nob","floor":7.0,"turns":3.0},{"damage":2.0,"enemies":"Cultist","floor":8.0,"turns":3.0},{"damage":0.0,"enemies":"Blue Slaver","floor":10.0,"turns":2.0},{"damage":4.0,"enemies":"3 Sentries","floor":11.0,"turns":4.0},{"damage":0.0,"enemies":"2 Fungi Beasts","floor":12.0,"turns":2.0},{"damage":2.0,"enemies":"Gremlin Nob","floor":14.0,"turns":3.0},{"damage":0.0,"enemies":"Slime Boss","floor":16.0,"turns":6.0},{"damage":0.0,"enemies":"3 Byrds","floor":18.0,"turns":4.0},{"damage":0.0,"enemies":"2 Thieves","floor":22.0,"turns":2.0},{"damage":37.0,"enemies":"Book of Stabbing","floor":24.0,"turns":5.0},{"damage":3.0,"enemies":"Slavers","floor":31.0,"turns":4.0},{"damage":58.0,"enemies":"Collector","floor":33.0,"turns":9.0},{"damage":12.0,"enemies":"3 Shapes","floor":35.0,"turns":6.0},{"damage":44.0,"enemies":"Orb Walker","floor":38.0,"turns":6.0},{"damage":23.0,"enemies":"Writhing Mass","floor":41.0,"turns":5.0},{"damage":4.0,"enemies":"Jaw Worm Horde","floor":42.0,"turns":6.0},{"damage":9.0,"enemies":"Spire Growth","floor":46.0,"turns":4.0},{"damage":52,"enemies":"Time Eater","floor":50,"turns":8}],"seed_played":"7126259821759407489","potions_obtained":[{"floor":5.0,"key":"EntropicBrew"},{"floor":8.0,"key":"Explosive Potion"},{"floor":10.0,"key":"SteroidPotion"},{"floor":16.0,"key":"Swift Potion"},{"floor":18.0,"key":"Strength Potion"},{"floor":31.0,"key":"Energy Potion"},{"floor":33.0,"key":"Ancient Potion"},{"floor":35.0,"key":"Regen Potion"}],"is_trial":false,"path_per_floor":["M","?","$","?","M","R","E","M","T","M","E","M","R","E","R","B",null,"M","?","?","$","M","R","E","R","T","$","R","$","?","E","R","B",null,"M","$","?","M","$","R","M","M","T","R","?","M","R","$","R","B",null],"character_chosen":"IRONCLAD","items_purchased":["Molten Egg 2","TungstenRod","Metallicize","MerchantsRug","Twin Strike+1","Uppercut+1","Medical Kit","Shrug It Off","Spot Weakness","Metallicize","Fruit Juice","Membership Card"],"campfire_rested":4,"item_purchase_floors":[0,0,0,0,0,0,21,21,27,27,27,36],"current_hp_per_floor":[36,36,36,36,36,58,62,66,66,72,74,75,75,75,75,75,75,75,75,75,75,75,75,44,66,66,71,71,71,71,74,74,22,66,60,60,60,22,22,46,43,45,45,45,45,42,42,42,80,34],"gold":20,"neow_bonus":"","is_daily":false,"chose_seed":false,"campfire_upgraded":7,"win_rate":0.0,"timestamp":1610075814,"path_taken":["M","?","$","?","?","R","E","M","T","M","E","M","R","E","R","BOSS","M","?","?","?","?","R","E","R","T","$","R","$","?","E","R","BOSS","M","?","?","M","$","R","M","M","T","R","?","?","R","?","R","BOSS"],"items_purchased_type":["Relic","Relic","Card","Relic","Card","Card","Relic","Card","Card","Card","Potion","Relic"],"build_version":"2020-12-22","purchased_purges":4,"victory":true,"max_hp_per_floor":[75,75,75,75,75,75,75,75,75,75,75,75,75,75,75,75,75,75,75,75,75,75,75,75,75,75,80,80,80,80,80,80,80,80,80,80,80,80,80,80,80,80,80,80,80,80,80,80,80,80],"card_choices":[{"not_picked":["Dark Embrace","Entrench"],"picked":"Heavy Blade+1","floor":1.0},{"not_picked":["Battle Trance","hubris:SharpeningStone"],"picked":"Cleave+1","floor":5.0},{"not_picked":["Seeing Red","Evolve"],"picked":"Sword Boomerang+1","floor":7.0},{"not_picked":["Headbutt+1","Anger+1","Twin Strike+1"],"picked":"SKIP","floor":8.0},{"not_picked":["Havoc","Twin Strike+1","Cleave+1"],"picked":"SKIP","floor":10.0},{"not_picked":["Barricade","Bloodletting"],"picked":"Bludgeon+1","floor":11.0},{"not_picked":["Sword Boomerang+1","Burning Pact"],"picked":"True Grit","floor":12.0},{"not_picked":["Bloodletting","Perfected Strike+1"],"picked":"Clothesline+1","floor":14.0},{"not_picked":["Bludgeon+1","Double Tap"],"picked":"Demon Form","floor":16.0},{"not_picked":["Clothesline+1","Searing Blow+1","Wild Strike+1"],"picked":"SKIP","floor":18.0},{"not_picked":["Armaments","True Grit+1","Anger+1"],"picked":"SKIP","floor":22.0},{"not_picked":["Exhume","Sentinel"],"picked":"Heavy Blade+1","floor":24.0},{"not_picked":["Sword Boomerang+1","True Grit"],"picked":"Entrench","floor":31.0},{"not_picked":["Juggernaut","Double Tap"],"picked":"Limit Break","floor":33.0},{"not_picked":["Spot Weakness","Havoc","Heavy Blade+1"],"picked":"SKIP","floor":35.0},{"not_picked":["Havoc","Rage","Dual Wield"],"picked":"SKIP","floor":38.0},{"not_picked":["Havoc","Sword Boomerang+1","Heavy Blade+1"],"picked":"SKIP","floor":41.0},{"not_picked":["Anger+1","Armaments","Havoc"],"picked":"SKIP","floor":42.0},{"not_picked":["Heavy Blade+1","Pommel Strike+1","Havoc"],"picked":"SKIP","floor":46.0}],"player_experience":3253610,"relics_obtained":[{"floor":7.0,"key":"Matryoshka"},{"floor":9.0,"key":"hubris:ToyBattleship"},{"floor":9.0,"key":"hubris:CrystalStatue"},{"floor":11.0,"key":"Anchor"},{"floor":14.0,"key":"Incense Burner"},{"floor":24.0,"key":"Omamori"},{"floor":26.0,"key":"Ornamental Fan"},{"floor":31.0,"key":"MawBank"},{"floor":43.0,"key":"Regal Pillow"}],"event_choices":[{"damage_healed":0.0,"max_hp_gain":0.0,"max_hp_loss":0.0,"gold_gain":0.0,"event_name":"Golden Idol","player_choice":"Take Wound","floor":2.0,"gold_loss":0.0,"damage_taken":0.0,"relics_obtained":["Golden Idol"],"cards_obtained":["Injury"]},{"damage_healed":0.0,"max_hp_gain":0.0,"max_hp_loss":0.0,"gold_gain":0.0,"event_name":"WeMeetAgain","player_choice":"Ignored","floor":4.0,"gold_loss":0.0,"damage_taken":0.0},{"damage_healed":0.0,"max_hp_gain":0.0,"max_hp_loss":0.0,"gold_gain":0.0,"event_name":"Ghosts","player_choice":"Ignored","floor":19.0,"gold_loss":0.0,"damage_taken":0.0},{"damage_healed":0.0,"max_hp_gain":0.0,"max_hp_loss":0.0,"gold_gain":0.0,"event_name":"The Mausoleum","player_choice":"Opened","floor":20.0,"gold_loss":0.0,"damage_taken":0.0,"relics_obtained":["Kunai"],"cards_obtained":["Writhe"]},{"cards_removed":["Strike_R"],"damage_healed":0.0,"max_hp_gain":0.0,"max_hp_loss":0.0,"gold_gain":0.0,"event_name":"Purifier","player_choice":"Purged","floor":30.0,"gold_loss":0.0,"damage_taken":0.0},{"damage_healed":0.0,"max_hp_gain":0.0,"max_hp_loss":0.0,"gold_gain":0.0,"event_name":"Tomb of Lord Red Mask","player_choice":"Paid","floor":45.0,"gold_loss":82.0,"damage_taken":0.0,"relics_obtained":["Red Mask"]}],"is_beta":false,"boss_relics":[{"not_picked":["Empty Cage","Mark of Pain"],"picked":"hubris:ScarierMask"},{"not_picked":["Pandora\u0027s Box","hubris:CrackedHourglass"],"picked":"SlaversCollar"}],"items_purged_floors":[3,21,36,39],"is_endless":false,"potions_floor_spawned":[5,8,10,16,18,31,33,35,38],"ascension_level":18}}