{"host":"2hlhnd4tei6r1t0s","time":1610095487,"event":{"mods":["ATMod(阿瑾Mod)","Act Like it!","Arknights The Spire","Aspiration","Astrologer","BaseMod","Conspire","Downfall","Evolution","Friendly Minions","Gensokyo","Gremlin Mod","Hallownest","Hermit","HumanHunterMod(怪物杀人mod)","Jedi Mod","Jorbs\u0027s Wanderer Trilogy","Koishi","Luminous","Mari Mod (Legacy)","Mari\u0027s V1 Patch","Marisa（F雨　魔理沙）","Minty Spire (QoL Compilation)","MostiFishMod","Pale of the Ancients","Potionbrewer","Prisma Mod","Quick Restart","Replay The Spire","Robot Space Explorer","RumiaBox-露米娅的神秘盒子","Spicy Shops","StSLib","TestMod","The Administrix","The Alterego","The Construct","The Cursed","The Hayseed","The Marked","The Mystic","The Runesmith","The Servant 0.9.4","TheWitcher","Uncapped","WarShipGirlsR/战舰少女R mod","Yakumo Yukari mod","[地精首领爬塔]The Maniac","noobMod","vexMod","【功能Mod】混沌之环修复补丁","【功能Mod】聪明的最终Boss","【遗物卡牌】REMEMod","残留之物"],"gold_per_floor":[118,99998164,99998164,99996398,99996348,99996348,99996362,99996376,99996376,99996405,99996405,99994419,99994419,99994431,99994431,99994431,99994431],"floor_reached":16,"playtime":1157,"items_purged":["construct:DefenseMode","construct:Defend_Gold","Echo Form","construct:Defend_Gold","construct:Defend_Gold","construct:Defend_Gold"],"score":185,"play_id":"f941757e-4432-4675-a518-aa594c679576","local_time":"20210108164447","is_ascension_mode":true,"campfire_choices":[{"data":"AT_EssenceShift","floor":6,"key":"SMITH"},{"data":"testmod-RepeatForm","floor":11,"key":"SMITH"},{"data":"REME_BattleFury","floor":13,"key":"SMITH"}],"circlet_count":0,"master_deck":["construct:Strike_Gold+1","construct:Strike_Gold+1","construct:Strike_Gold+1","construct:Strike_Gold+1","construct:Strike_Gold+1","construct:Defend_Gold","construct:AttackMode","AT_EssenceShift+1","RobotSpaceExplorer:Arsenal+1","construct:SuppressiveFire","testmod-RepeatForm+1","construct:Backfire","construct:Analyze","testmod-BloodBlade+1","vexMod:EmailVexCard","construct:Defend_Gold","ats:Explosion Area Strengthen","champ:TornadoPunch","construct:Analyze","construct:CriticalHit+1","construct:Missile","REME_BattleFury+1","testmod-ComboMaster","expansioncontent:BronzeBeam"],"relics":["construct:Cogwheel","EVO:Axolotl","ice","testmod-TestBox","DaveBox","REME_ComplimentaryCards","AT_ATBox","RhineCircuit","testmod-GiftOfSatan","NeowsBlessing","SynthV:TestCard","testmod-BalancedPeriapt","Toolbox","PrismaticShard","ImprovedEquipment","aspiration:SeaSaltIceCream","REME_ComplimentaryCards","testmod-Brilliant","AT_Manta","AT_ImmortalShieldbow","HandDrill","MealTicket","Bird Faced Urn","Guide Book","aspiration:HiddenCompartment","Replay:Bottled Eggs","FossilizedHelix","SynthV","testmod-Hope","AT_RedNoBalance","potionbrewer:ToyAutogyro","jedi:fakemustache"],"acts_visited":["Exordium"],"potions_floor_usage":[],"damage_taken":[{"damage":0,"enemies":"2 Louse","floor":1,"turns":1},{"damage":0,"enemies":"Jaw Worm","floor":7,"turns":1},{"damage":0,"enemies":"Small Slimes","floor":8,"turns":1},{"damage":24,"enemies":"Lagavulin","floor":10,"turns":4},{"damage":4,"enemies":"Blue Slaver","floor":14,"turns":13},{"damage":0,"enemies":"Slime Boss","floor":16,"turns":2}],"seed_played":"7065169201463618570","potions_obtained":[{"floor":10,"key":"potionbrewer:NoxiousPotion"}],"is_trial":false,"path_per_floor":["M","$","?","$","?","R","M","M","T","E","R","$","R","M","R","B"],"character_chosen":"THE_CONSTRUCT_MOD","items_purchased":["Elixir","testmod-RepeatForm","construct:Backfire","Flash of Steel","construct:Analyze","testmod-BalancedPeriapt","Toolbox","PrismaticShard","ImprovedEquipment","aspiration:SeaSaltIceCream","AT_Manta","AT_ImmortalShieldbow","HandDrill","MealTicket","Bird Faced Urn","testmod-BloodBlade","vexMod:EmailVexCard","Guide Book","FossilizedHelix","SynthV","testmod-Hope","AT_SilverBalance","potionbrewer:ToyAutogyro","jedi:fakemustache","construct:Analyze","construct:CriticalHit+1","construct:Missile","REME_BattleFury"],"campfire_rested":0,"item_purchase_floors":[2,2,2,2,2,2,2,2,2,2,4,4,4,4,4,4,4,4,12,12,12,12,12,12,12,12,12,12],"current_hp_per_floor":[90,90,83,83,83,83,83,83,83,67,67,90,90,90,90,49,49],"gold":99994431,"neow_bonus":"THREE_ENEMY_KILL","is_daily":false,"chose_seed":false,"campfire_upgraded":3,"win_rate":0.0,"timestamp":1610095487,"path_taken":["M","$","?","?","?","R","?","M","T","E","R","$","R","M","R","BOSS"],"items_purchased_type":["Potion","Card","Card","Card","Card","Relic","Relic","Relic","Relic","Relic","Relic","Relic","Relic","Relic","Relic","Card","Card","Relic","Relic","Relic","Relic","Relic","Relic","Relic","Card","Card","Card","Card"],"build_version":"2020-12-22","purchased_purges":6,"victory":false,"max_hp_per_floor":[90,90,90,90,90,90,90,90,90,90,90,90,90,90,90,90,90],"card_choices":[{"not_picked":["construct:ScopeCore","construct:ModeShift"],"picked":"construct:SuppressiveFire","floor":1},{"not_picked":["Clash","Conserve Battery","PrismaMod:MiyuEvokeBuffDex","stsjorbsmod:Damnation"],"picked":"ats:Explosion Area Strengthen","floor":7},{"not_picked":["Crescendo","stsjorbsmod:Ectoplasm_Cull","AdministrixMod:SyncreticSurge","rmod:supportaircraftcarrier"],"picked":"champ:TornadoPunch","floor":8},{"not_picked":["hexamod:VolcanoVisage","sneckomod:MasterEye","PrismaMod:IllyaMinorReinForce","stsjorbsmod:Accumulation","TheSimpletonMod:SpiceUp"],"picked":"SKIP","floor":10},{"not_picked":["sneckomod:DiceBlock","TheCursedMod:Wield","CrushJoints","TheSimpletonMod:SpiceUp"],"picked":"testmod-ComboMaster","floor":14}],"player_experience":56329,"relics_obtained":[{"floor":1,"key":"SynthV:TestCard"},{"floor":9,"key":"aspiration:HiddenCompartment"},{"floor":10,"key":"Replay:Bottled Eggs"}],"event_choices":[{"damage_healed":0,"gold_gain":0,"player_choice":"Success","damage_taken":7,"relics_obtained":["testmod-Brilliant"],"max_hp_gain":0,"max_hp_loss":0,"event_name":"Scrap Ooze","floor":3,"gold_loss":0}],"is_beta":false,"boss_relics":[],"items_purged_floors":[2,2,2,4,12,12],"is_endless":false,"potions_floor_spawned":[10],"killed_by":"Slime Boss","ascension_level":2}}