{"host":"yiwf5cuj7e45awf3","time":1610086897,"event":{"mods":["BaseMod","Downfall","Hermit","Highlight Path","Hubris","Infinite Spire","Lobotomy","Marisa£®ÏF”Í°°ƒß¿Ì…≥£©","Minty Spire (QoL Compilation)","READ ME - Guardian Mod","Remilia£®¿Ÿ√◊¿Ú—«£©","Replay The Spire","StSLib","The Animator","The Construct","The Cursed","The Disciple","The Hierophant","The Jungle","The Necromancer","The Runesmith","The Servant 0.9.4"],"gold_per_floor":[111,131,142,142,33,33,38,16,16,29,29,55,78,78,78,94,94],"floor_reached":16,"playtime":1224,"items_purged":[],"score":127,"play_id":"e2da01b7-3cd0-441b-a537-8f6a0ec37373","local_time":"20210108142137","is_ascension_mode":false,"campfire_choices":[{"data":"hierophant:HolyVerse","floor":6,"key":"SMITH"},{"floor":15,"key":"REST"}],"circlet_count":0,"master_deck":["hierophant:Strike_Hierophant","hierophant:Strike_Hierophant","hierophant:Strike_Hierophant","hierophant:Strike_Hierophant","hierophant:Punish","hierophant:Defend_Hierophant","hierophant:Defend_Hierophant","hierophant:Defend_Hierophant","hierophant:Defend_Hierophant","hierophant:ChurchCoffers","sneckomod:Strike","animator:Strike_TenSura","hierophant:TollTheBells","hierophant:PassingBell","hierophant:HolyVerse+1","hierophant:CursedGold","hierophant:CursedGold","hierophant:Doubloon","hierophant:Doubloon","hierophant:ThreeLashes","hierophant:RepressedViolence","hierophant:Sermon","hierophant:Endure","hierophant:Embezzle","hierophant:RepressedViolence"],"relics":["hierophant:PropheticMaskRelic","Lizard Tail","Mango","Replay:Ringing Soul","hubris:Towel"],"acts_visited":["Exordium"],"potions_floor_usage":[12,16],"damage_taken":[{"damage":8,"enemies":"Cultist","floor":1,"turns":4},{"damage":11,"enemies":"Jaw Worm","floor":2,"turns":2},{"damage":0,"enemies":"2 Louse","floor":3,"turns":1},{"damage":16,"enemies":"Large Slime","floor":7,"turns":4},{"damage":13,"enemies":"Blue Slaver","floor":10,"turns":3},{"damage":62,"enemies":"Lagavulin","floor":12,"turns":9},{"damage":5,"enemies":"2 Fungi Beasts","floor":13,"turns":4},{"damage":52,"enemies":"Hexaghost","floor":16,"turns":14}],"seed_played":"743734380534850524","potions_obtained":[{"floor":1,"key":"LiquidMemories"},{"floor":2,"key":"SkillPotion"},{"floor":12,"key":"LifebloodPotion"},{"floor":13,"key":"FearPotion"}],"is_trial":false,"path_per_floor":["M","M","M","?","$","R","M","$","T","M","?","E","M","?","R","B"],"character_chosen":"HIEROPHANT","items_purchased":["hierophant:CursedGold","hierophant:ThreeLashes","hierophant:Sermon"],"campfire_rested":1,"item_purchase_floors":[5,5,8],"current_hp_per_floor":[67,56,56,56,56,56,40,40,54,41,41,29,27,27,55,3,3],"gold":94,"neow_bonus":"ONE_RARE_RELIC","is_daily":false,"chose_seed":false,"campfire_upgraded":1,"win_rate":0.0,"timestamp":1610086897,"path_taken":["M","M","?","?","?","R","M","$","T","M","?","E","M","?","R","BOSS"],"items_purchased_type":["Card","Card","Card"],"build_version":"2020-12-22","purchased_purges":0,"victory":false,"max_hp_per_floor":[75,75,75,75,75,75,75,75,89,89,89,92,95,95,95,95,95],"card_choices":[{"not_picked":["hierophant:Shelter","hierophant:HolyVerse"],"picked":"hierophant:TollTheBells","floor":1},{"not_picked":["hierophant:Embezzle","hierophant:AuricBeam"],"picked":"hierophant:PassingBell","floor":2},{"not_picked":["hierophant:Doubloon","hierophant:Repentance"],"picked":"hierophant:HolyVerse","floor":3},{"not_picked":["hierophant:Flagellation","hierophant:Zeal"],"picked":"hierophant:RepressedViolence","floor":7},{"not_picked":["hierophant:MorningPrayer","hierophant:AuricShield"],"picked":"hierophant:Endure","floor":10},{"not_picked":["hierophant:FlamingChariot","hierophant:BulkyChest"],"picked":"hierophant:Embezzle","floor":12},{"not_picked":["hierophant:ArchangelShield","hierophant:AuricShield"],"picked":"hierophant:RepressedViolence","floor":13}],"player_experience":55958,"relics_obtained":[{"floor":9,"key":"Mango"},{"floor":12,"key":"Replay:Ringing Soul"}],"event_choices":[{"damage_healed":0,"gold_gain":0,"player_choice":"Bought 0 Potions","damage_taken":0,"max_hp_gain":0,"max_hp_loss":0,"event_name":"The Woman in Blue","floor":4,"gold_loss":0},{"damage_healed":0,"gold_gain":0,"player_choice":"Ignored","damage_taken":0,"max_hp_gain":0,"max_hp_loss":0,"event_name":"Golden Wing","floor":11,"gold_loss":0}],"is_beta":false,"boss_relics":[],"items_purged_floors":[],"is_endless":false,"potions_floor_spawned":[1,2,12,13],"killed_by":"Hexaghost","ascension_level":0}}