{"host":"m9i7qe3hvz6jihjh","time":1610111308,"event":{"mods":["BaseMod","Colored Powertips","Infinite Spire","Minty Spire (QoL Compilation)","Quick Restart","StSLib","The Animator","Waifu the Spire"],"gold_per_floor":[117,67,67,97,117,117,99,162,162,176,205,119,119,68,68,184,184,196,208,208,228,228,228,228,256,256,256,4,4,4,12,12,110,110,134,151,182,182,39,39,41,82,82,124,124,24,44,0,0,16],"floor_reached":51,"playtime":3230,"items_purged":["animator:Strike_Katanagatari","animator:Gluttony"],"score":713,"play_id":"0b9ab18c-c352-413d-9a28-181340f089d3","local_time":"20210108140828","is_ascension_mode":false,"campfire_choices":[{"floor":13,"key":"REST"},{"floor":15,"key":"REST"},{"floor":23,"key":"REST"},{"floor":32,"key":"REST"},{"floor":40,"key":"REST"},{"floor":49,"key":"REST"}],"circlet_count":0,"master_deck":["animator:Strike_MadokaMagica","animator:Defend_MadokaMagica","animator:IrohaTamaki","animator:YuiTsuruno+1","animator:Gluttony","animator:SayakaMiki","animator:OrikoMikuni","animator:Yuuichirou","animator:Shinoa","animator:YachiyoNanami","animator:Strike_AccelWorld","animator:Strike_Konosuba","animator:Defend_NoGameNoLife","animator:Defend_TenSura","animator:Biyorigo","animator:SayakaMiki","animator:SayakaMiki","animator:PandorasActor","infinitespire:NeuralNetwork","CurseOfTheBell","animator:Shuna+1","animator:MetalKnight","animator:Envy","animator:RoyMustang","animator:WinryRockbell","animator:MamiTomoe","animator:Hitei","animator:Eve","animator:Kuroyukihime","animator:MisaKurobane","animator:LimeBell","animator:Mikaela+1","animator:KyokoSakura","animator:PandorasActor+1"],"relics":["animator:VividPicture","animator:TheMissingPiece","animator:PurgingStone","Anchor","infinitespire:EmpoweringShard","Calling Bell","Nunchaku","infinitespire:Midas Blood","Dead Branch","Juzu Bracelet","GremlinMask","Lee\u0027s Waffle","MutagenicStrength","infinitespire:ShieldingShard","Enchiridion","animator:RacePiece","Blood Vial","Pear","Paper Crane","Red Mask"],"acts_visited":["Exordium","TheCity","TheBeyond"],"potions_floor_usage":[7,8,10,11,16,16,18,33,33,33,42],"damage_taken":[{"damage":16,"enemies":"Cultist","floor":1,"turns":6},{"damage":1,"enemies":"2 Louse","floor":4,"turns":2},{"damage":7,"enemies":"Small Slimes","floor":5,"turns":4},{"damage":0,"enemies":"Looter","floor":7,"turns":4},{"damage":42,"enemies":"3 Sentries","floor":8,"turns":12},{"damage":0,"enemies":"2 Fungi Beasts","floor":10,"turns":3},{"damage":0,"enemies":"Red Slaver","floor":11,"turns":3},{"damage":38,"enemies":"Slime Boss","floor":16,"turns":21},{"damage":5,"enemies":"3 Byrds","floor":18,"turns":2},{"damage":0,"enemies":"Chosen","floor":19,"turns":6},{"damage":46,"enemies":"3 Cultists","floor":21,"turns":9},{"damage":25,"enemies":"Cultist and Chosen","floor":25,"turns":12},{"damage":3,"enemies":"Champ","floor":33,"turns":20},{"damage":0,"enemies":"3 Shapes","floor":35,"turns":5},{"damage":16,"enemies":"3 Darklings","floor":36,"turns":7},{"damage":49,"enemies":"Sphere and 2 Shapes","floor":37,"turns":6},{"damage":0,"enemies":"Nemesis","floor":42,"turns":10},{"damage":0,"enemies":"4 Shapes","floor":44,"turns":5},{"damage":7,"enemies":"3 Darklings","floor":47,"turns":6},{"damage":63,"enemies":"Awakened One","floor":50,"turns":13}],"seed_played":"-5589741614805400026","potions_obtained":[{"floor":3,"key":"FearPotion"},{"floor":3,"key":"SkillPotion"},{"floor":3,"key":"DistilledChaos"},{"floor":8,"key":"SkillPotion"},{"floor":10,"key":"SteroidPotion"},{"floor":11,"key":"Block Potion"},{"floor":16,"key":"DuplicationPotion"},{"floor":21,"key":"Ancient Potion"},{"floor":25,"key":"SkillPotion"},{"floor":35,"key":"animator:FalseLifePotion"},{"floor":44,"key":"EssenceOfSteel"}],"is_trial":false,"path_per_floor":["M","?","?","M","M","?","M","?","T","M","M","?","R","$","R","B",null,"M","M","?","M","?","R","AVR","M","T","?","$","?","?","?","R","B",null,"M","M","M","?","$","R","?","E","T","M","?","$","M","?","R","B",null],"character_chosen":"THE_ANIMATOR","items_purchased":["Block Potion","Lee\u0027s Waffle","animator:MetalKnight","Blood Vial"],"campfire_rested":6,"item_purchase_floors":[14,28,28,39],"current_hp_per_floor":[50,50,50,49,43,43,43,5,5,6,6,6,26,26,46,12,68,63,67,55,13,13,34,34,13,13,13,80,80,80,64,80,77,80,81,66,21,21,21,45,35,55,55,65,65,65,64,64,91,33],"gold":16,"neow_bonus":"THREE_CARDS","is_daily":false,"chose_seed":false,"campfire_upgraded":0,"win_rate":0.0,"timestamp":1610111308,"path_taken":["M","?","?","?","M","?","M","?","T","M","M","?","R","$","R","BOSS","M","M","?","M","?","R","AVR","M","T","?","$","?","?","?","R","BOSS","M","M","M","?","$","R","?","E","T","M","?","?","M","?","R","BOSS"],"items_purchased_type":["Potion","Relic","Card","Relic"],"build_version":"2020-12-22","purchased_purges":2,"victory":true,"max_hp_per_floor":[66,66,66,66,67,67,67,67,67,68,68,68,68,68,68,68,68,68,68,73,73,73,73,73,73,73,73,80,80,80,80,80,80,80,81,82,82,82,82,82,82,92,92,92,92,92,92,92,92,92],"card_choices":[{"not_picked":["animator:Rider","animator:Benimaru"],"picked":"animator:Gluttony","floor":0},{"not_picked":["animator:MaesHughes","animator:YaoHaDucy","animator:Raven"],"picked":"SKIP","floor":1},{"not_picked":["animator:Berserker","animator:Jibril"],"picked":"animator:SayakaMiki","floor":4},{"not_picked":["animator:Spearman","animator:DwarfShaman"],"picked":"animator:OrikoMikuni","floor":5},{"not_picked":["animator:Mikaela","animator:CrowleyEusford"],"picked":"animator:Yuuichirou","floor":7},{"not_picked":["animator:Tatsumaki","animator:Layla"],"picked":"animator:Shinoa","floor":10},{"not_picked":["animator:TsurugaMeisai","animator:Verdia"],"picked":"animator:YachiyoNanami","floor":11},{"not_picked":["animator:Albedo","animator:Shiro"],"picked":"animator:Biyorigo","floor":16},{"not_picked":["animator:YuiTsuruno","animator:YachiyoNanami"],"picked":"animator:SayakaMiki","floor":18},{"not_picked":["animator:IrohaTamaki","animator:Rider"],"picked":"animator:SayakaMiki","floor":19},{"not_picked":["animator:Emonzaemon","animator:Arpeggio"],"picked":"animator:PandorasActor","floor":21},{"not_picked":["infinitespire:Menacing","infinitespire:Collect"],"picked":"infinitespire:NeuralNetwork","floor":22},{"not_picked":["animator:Spearman","animator:Shinoa"],"picked":"animator:Shuna+1","floor":25},{"not_picked":["animator:Rimuru","animator:Father"],"picked":"animator:Envy","floor":33},{"not_picked":["animator:YachiyoNanami","animator:SayakaMiki"],"picked":"animator:MamiTomoe","floor":35},{"not_picked":["animator:DwarfShaman+1","animator:DolaRiku"],"picked":"animator:Hitei","floor":36},{"not_picked":["animator:DolaCouronne+1","animator:MumenRider"],"picked":"animator:Eve","floor":37},{"not_picked":["animator:IchigoKurosaki","animator:Lelouch"],"picked":"animator:Kuroyukihime","floor":41},{"not_picked":["animator:TanyaDegurechaff","animator:Cirno"],"picked":"animator:MisaKurobane","floor":41},{"not_picked":["animator:MisakiNakahara","animator:MamizouFutatsuiwa"],"picked":"animator:LimeBell","floor":41},{"not_picked":["animator:Aisha+1","animator:DolaCouronne"],"picked":"animator:Mikaela+1","floor":42},{"not_picked":["animator:MamiTomoe","animator:NagisaMomoe"],"picked":"animator:KyokoSakura","floor":44},{"not_picked":["animator:ChaikaTrabant","animator:DwarfShaman"],"picked":"animator:PandorasActor+1","floor":47}],"player_experience":895165,"relics_obtained":[{"floor":8,"key":"Anchor"},{"floor":9,"key":"infinitespire:EmpoweringShard"},{"floor":24,"key":"Nunchaku"},{"floor":24,"key":"infinitespire:Midas Blood"},{"floor":24,"key":"Dead Branch"},{"floor":26,"key":"Juzu Bracelet"},{"floor":31,"key":"Enchiridion"},{"floor":42,"key":"Pear"},{"floor":43,"key":"Paper Crane"}],"event_choices":[{"cards_removed":["animator:Defend"],"damage_healed":0,"gold_gain":0,"player_choice":"Card Removal","damage_taken":0,"max_hp_gain":0,"max_hp_loss":0,"event_name":"The Cleric","floor":2,"gold_loss":50},{"damage_healed":0,"gold_gain":0,"player_choice":"Got Potions","damage_taken":0,"max_hp_gain":0,"max_hp_loss":0,"event_name":"Lab","floor":3,"gold_loss":0},{"damage_healed":0,"gold_gain":0,"player_choice":"Grow","damage_taken":0,"max_hp_gain":0,"max_hp_loss":0,"event_name":"Living Wall","floor":6,"gold_loss":0,"cards_upgraded":["animator:YuiTsuruno"]},{"damage_healed":0,"gold_gain":0,"player_choice":"Searched \u00271\u0027 times","damage_taken":0,"max_hp_gain":0,"max_hp_loss":0,"event_name":"Dead Adventurer","floor":8,"gold_loss":0},{"damage_healed":0,"gold_gain":0,"player_choice":"Shed Blood","damage_taken":17,"max_hp_gain":5,"max_hp_loss":0,"event_name":"Forgotten Altar","floor":20,"gold_loss":0},{"damage_healed":0,"gold_gain":0,"player_choice":"Trade","damage_taken":0,"relics_obtained":["GremlinMask"],"max_hp_gain":0,"max_hp_loss":0,"event_name":"FaceTrader","floor":27,"gold_loss":0},{"damage_healed":0,"gold_gain":0,"player_choice":"Inject Mutagens","damage_taken":0,"relics_obtained":["MutagenicStrength"],"max_hp_gain":0,"max_hp_loss":0,"event_name":"Drug Dealer","floor":29,"gold_loss":0},{"damage_healed":0,"gold_gain":0,"player_choice":"Opened","damage_taken":0,"relics_obtained":["infinitespire:ShieldingShard"],"max_hp_gain":0,"max_hp_loss":0,"event_name":"The Mausoleum","floor":30,"gold_loss":0,"cards_obtained":["Writhe"]},{"damage_healed":0,"gold_gain":0,"player_choice":"Obtained Book","damage_taken":16,"max_hp_gain":0,"max_hp_loss":0,"event_name":"Cursed Tome","floor":31,"gold_loss":0},{"damage_healed":0,"gold_gain":0,"player_choice":"Ignored","damage_taken":0,"max_hp_gain":0,"max_hp_loss":0,"event_name":"Mysterious Sphere","floor":38,"gold_loss":0},{"damage_healed":0,"gold_gain":0,"player_choice":"Memory 3","damage_taken":10,"max_hp_gain":0,"max_hp_loss":0,"event_name":"SensoryStone","floor":41,"gold_loss":0},{"damage_healed":0,"gold_gain":0,"player_choice":"Paid","damage_taken":0,"relics_obtained":["Red Mask"],"max_hp_gain":0,"max_hp_loss":0,"event_name":"Tomb of Lord Red Mask","floor":48,"gold_loss":44}],"is_beta":false,"boss_relics":[{"not_picked":["Coffee Dripper","Astrolabe"],"picked":"animator:VividPicture"},{"not_picked":["SlaversCollar","SacredBark"],"picked":"animator:RacePiece"}],"items_purged_floors":[28,46],"is_endless":false,"potions_floor_spawned":[8,10,11,16,21,25,35,44],"ascension_level":0}}