{"host":"qgrlfjrqk9z96gfi","time":1610067956,"event":{"mods":["BaseMod","Block Reminder","Colored Map","DeckTracker","Minty Spire (QoL Compilation)"],"gold_per_floor":[116,116,28,41,51,51,84,163,163,163,175,239,256,209,209,209,209],"floor_reached":16,"playtime":444,"items_purged":[],"score":200,"play_id":"b67e106b-fb36-4e00-ba46-40325af8dca3","local_time":"20210107150556","is_ascension_mode":true,"campfire_choices":[{"data":"Skewer","floor":6,"key":"SMITH"},{"floor":15,"key":"REST"}],"circlet_count":0,"master_deck":["AscendersBane","Strike_G","Strike_G","Strike_G","Strike_G","Defend_G","Defend_G","Defend_G","Defend_G","Defend_G","Survivor","Neutralize","Quick Slash","Skewer+1","Deadly Poison","Backflip","Blade Dance","Deadly Poison+1","Bouncing Flask+1","PiercingWail+1"],"relics":["Ring of the Snake","NeowsBlessing","Bag of Preparation","Torii","Toxic Egg 2","Gambling Chip","Shovel"],"acts_visited":["Exordium"],"potions_floor_usage":[7,11,16],"damage_taken":[{"damage":0,"enemies":"Small Slimes","floor":1,"turns":1},{"damage":0,"enemies":"Jaw Worm","floor":4,"turns":1},{"damage":0,"enemies":"2 Louse","floor":5,"turns":1},{"damage":30,"enemies":"Lagavulin","floor":7,"turns":7},{"damage":0,"enemies":"Exordium Thugs","floor":11,"turns":4},{"damage":13,"enemies":"3 Sentries","floor":12,"turns":8},{"damage":7,"enemies":"3 Louse","floor":13,"turns":4},{"damage":27,"enemies":"Slime Boss","floor":16,"turns":6}],"seed_played":"-4627439686655110373","potions_obtained":[{"floor":5,"key":"EssenceOfSteel"},{"floor":7,"key":"Explosive Potion"},{"floor":13,"key":"Strength Potion"}],"is_trial":false,"path_per_floor":["M","?","$","M","M","R","E","T","T","?","M","?","M","?","R","B"],"character_chosen":"THE_SILENT","items_purchased":["Skewer"],"campfire_rested":1,"item_purchase_floors":[3],"current_hp_per_floor":[59,54,54,54,54,54,24,24,24,24,24,11,4,4,23,0,0],"gold":209,"neow_bonus":"THREE_ENEMY_KILL","is_daily":false,"chose_seed":false,"campfire_upgraded":1,"win_rate":0.0,"timestamp":1610067956,"path_taken":["M","?","$","M","M","R","E","?","T","?","?","?","M","?","R","BOSS"],"items_purchased_type":["Card"],"build_version":"2020-12-22","purchased_purges":0,"victory":false,"max_hp_per_floor":[66,66,66,66,66,66,66,66,66,66,66,66,66,66,66,66,66],"card_choices":[{"not_picked":["Slice","Prepared"],"picked":"Quick Slash","floor":1},{"not_picked":["Caltrops","Flechettes"],"picked":"Deadly Poison","floor":4},{"not_picked":["Finisher","Flying Knee"],"picked":"Backflip","floor":5},{"not_picked":["Endless Agony","Infinite Blades"],"picked":"Blade Dance","floor":7},{"not_picked":["Tactician+1","Poisoned Stab"],"picked":"Deadly Poison+1","floor":11},{"not_picked":["Deflect+1","Heel Hook"],"picked":"Bouncing Flask+1","floor":12},{"not_picked":["Choke","Flechettes"],"picked":"PiercingWail+1","floor":13}],"player_experience":975726,"relics_obtained":[{"floor":7,"key":"Torii"},{"floor":8,"key":"Toxic Egg 2"},{"floor":9,"key":"Gambling Chip"},{"floor":12,"key":"Shovel"}],"event_choices":[{"damage_healed":0,"gold_gain":0,"player_choice":"Success","damage_taken":5,"relics_obtained":["Bag of Preparation"],"max_hp_gain":0,"max_hp_loss":0,"event_name":"Scrap Ooze","floor":2,"gold_loss":0},{"cards_removed":["Strike_G"],"damage_healed":0,"gold_gain":0,"player_choice":"Forget","damage_taken":0,"max_hp_gain":0,"max_hp_loss":0,"event_name":"Living Wall","floor":10,"gold_loss":0},{"damage_healed":0,"gold_gain":30,"player_choice":"Searched \u00273\u0027 times","damage_taken":0,"max_hp_gain":0,"max_hp_loss":0,"event_name":"Dead Adventurer","floor":12,"gold_loss":0},{"damage_healed":0,"gold_gain":0,"player_choice":"Left Gold","damage_taken":0,"max_hp_gain":0,"max_hp_loss":0,"event_name":"World of Goop","floor":14,"gold_loss":47}],"is_beta":false,"boss_relics":[],"items_purged_floors":[],"is_endless":false,"potions_floor_spawned":[5,7,13],"killed_by":"Slime Boss","ascension_level":20}}