{"host":"g8ufh7m4frdlkxwv","time":1610136926,"event":{"mods":["AchievementEnabler","BaseMod","Colored Map","Dark Map","Minty Spire (QoL Compilation)","Relic Stats","StSLib","ojb\u0027s Info Mod"],"gold_per_floor":[111,111,130,3,13,13,38,53,105,122,151,151,182,201,201,280,280,299,317,57,57,57,84,84,97,144,157,157,157],"floor_reached":28,"playtime":1330,"items_purged":["Strike_G"],"score":620,"play_id":"3382b125-8db7-4b79-9870-8fda1e50aed7","local_time":"20210108211526","is_ascension_mode":true,"campfire_choices":[{"data":"Riddle With Holes","floor":6.0,"key":"SMITH"},{"data":"Deadly Poison","floor":15.0,"key":"SMITH"}],"circlet_count":0,"master_deck":["AscendersBane","Strike_G+1","Defend_G","Defend_G","Defend_G","Survivor","Neutralize+1","Flying Knee","Blade Dance","Riddle With Holes+1","Infinite Blades","Leg Sweep","Deadly Poison+1","Backflip","Malaise","Dash","Phantasmal Killer","Footwork","Backflip","Noxious Fumes","Dodge and Roll","Distraction","Endless Agony","Deadly Poison","Footwork"],"relics":["Ring of the Snake","NeowsBlessing","White Beast Statue","Lantern","Whetstone","Tingsha","Empty Cage","Snake Skull","Pear","Centennial Puzzle"],"acts_visited":["Exordium","TheCity"],"potions_floor_usage":[27,27,28],"damage_taken":[{"damage":0.0,"enemies":"Small Slimes","floor":1.0,"turns":1.0},{"damage":0.0,"enemies":"Cultist","floor":3.0,"turns":1.0},{"damage":0.0,"enemies":"Jaw Worm","floor":5.0,"turns":1.0},{"damage":17.0,"enemies":"Lagavulin","floor":7.0,"turns":6.0},{"damage":7.0,"enemies":"Blue Slaver","floor":8.0,"turns":4.0},{"damage":4.0,"enemies":"Large Slime","floor":10.0,"turns":6.0},{"damage":0.0,"enemies":"Gremlin Nob","floor":11.0,"turns":2.0},{"damage":22.0,"enemies":"3 Sentries","floor":13.0,"turns":6.0},{"damage":5.0,"enemies":"2 Fungi Beasts","floor":14.0,"turns":2.0},{"damage":9.0,"enemies":"The Guardian","floor":16.0,"turns":14.0},{"damage":0.0,"enemies":"3 Byrds","floor":18.0,"turns":4.0},{"damage":0.0,"enemies":"Spheric Guardian","floor":19.0,"turns":4.0},{"damage":17.0,"enemies":"Book of Stabbing","floor":23.0,"turns":7.0},{"damage":9.0,"enemies":"Centurion and Healer","floor":25.0,"turns":8.0},{"damage":12,"enemies":"Cultist and Chosen","floor":27,"turns":4},{"damage":13,"enemies":"Slavers","floor":28,"turns":1}],"seed_played":"-5475478693191940799","potions_obtained":[{"floor":1.0,"key":"Poison Potion"},{"floor":8.0,"key":"CunningPotion"},{"floor":10.0,"key":"FearPotion"},{"floor":11.0,"key":"Block Potion"},{"floor":13.0,"key":"DistilledChaos"},{"floor":16.0,"key":"CunningPotion"},{"floor":18.0,"key":"ColorlessPotion"},{"floor":19.0,"key":"PowerPotion"},{"floor":23.0,"key":"PowerPotion"},{"floor":25.0,"key":"Energy Potion"},{"floor":27,"key":"Block Potion"}],"is_trial":false,"path_per_floor":["M","?","M","$","M","R","E","M","T","M","E","?","E","M","R","B",null,"M","M","$","?","?","E","?","M","T","M","E"],"character_chosen":"THE_SILENT","items_purchased":["DistilledChaos","Riddle With Holes","Snake Skull","Backflip"],"campfire_rested":0,"item_purchase_floors":[4,4,20,20],"current_hp_per_floor":[59,59,59,59,59,59,42,35,35,31,31,66,44,39,39,30,57,57,57,57,39,39,32,32,23,23,11,0,0],"gold":157,"neow_bonus":"THREE_ENEMY_KILL","is_daily":false,"chose_seed":false,"campfire_upgraded":2,"win_rate":0.0,"timestamp":1610136926,"path_taken":["M","?","?","$","?","R","E","M","T","M","E","?","E","M","R","BOSS","M","M","?","?","?","E","?","M","T","M","E"],"items_purchased_type":["Potion","Card","Relic","Card"],"build_version":"2020-12-22","purchased_purges":1,"victory":false,"max_hp_per_floor":[66,66,66,66,66,66,66,66,66,66,66,66,66,66,66,66,66,66,66,66,71,71,81,81,81,81,81,81,81],"relic_stats":{"Centennial Puzzle":[4],"counters":[16,71],"Tingsha":[15],"Snake Skull":[28],"Whetstone":["Strike_G","Neutralize"],"obtain_stats":[{"Lantern":9,"Centennial Puzzle":26,"Pear":23,"NeowsBlessing":0,"Tingsha":13,"Snake Skull":20,"Whetstone":11,"Empty Cage":17,"White Beast Statue":7,"Ring of the Snake":0},{"Lantern":5,"Centennial Puzzle":14,"Pear":13,"NeowsBlessing":0,"Tingsha":8,"Snake Skull":12,"Whetstone":7,"Empty Cage":10,"White Beast Statue":4,"Ring of the Snake":0},{"Lantern":13,"Centennial Puzzle":66,"Pear":58,"NeowsBlessing":0,"Tingsha":27,"Snake Skull":51,"Whetstone":21,"Empty Cage":43,"White Beast Statue":9,"Ring of the Snake":0}],"Ring of the Snake":[32]},"card_choices":[{"not_picked":["Reflex","Sucker Punch"],"picked":"Flying Knee","floor":1.0},{"not_picked":["Caltrops","Backflip"],"picked":"Blade Dance","floor":3.0},{"not_picked":["Setup","Caltrops"],"picked":"Infinite Blades","floor":5.0},{"not_picked":["Outmaneuver","PiercingWail","Riddle With Holes"],"picked":"SKIP","floor":7.0},{"not_picked":["Calculated Gamble","Finisher"],"picked":"Leg Sweep","floor":8.0},{"not_picked":["Acrobatics","Blur"],"picked":"Deadly Poison","floor":10.0},{"not_picked":["Deadly Poison","Dagger Spray"],"picked":"Backflip","floor":11.0},{"not_picked":["Infinite Blades","Finisher"],"picked":"Malaise","floor":13.0},{"not_picked":["Masterful Stab","Acrobatics"],"picked":"Dash","floor":14.0},{"not_picked":["Glass Knife","Malaise"],"picked":"Phantasmal Killer","floor":16.0},{"not_picked":["Blade Dance","Expertise","Poisoned Stab"],"picked":"SKIP","floor":18.0},{"not_picked":["Eviscerate","Poisoned Stab"],"picked":"Footwork","floor":19.0},{"not_picked":["Dagger Spray","Choke"],"picked":"Dodge and Roll","floor":23.0},{"not_picked":["PiercingWail","Deadly Poison","Dagger Spray"],"picked":"SKIP","floor":25.0},{"not_picked":["PiercingWail","Dagger Spray"],"picked":"Deadly Poison","floor":25.0},{"not_picked":["Heel Hook","Deadly Poison"],"picked":"Footwork","floor":27}],"player_experience":1030712,"relics_obtained":[{"floor":7.0,"key":"White Beast Statue"},{"floor":9.0,"key":"Lantern"},{"floor":11.0,"key":"Whetstone"},{"floor":13.0,"key":"Tingsha"},{"floor":23.0,"key":"Pear"},{"floor":26.0,"key":"Centennial Puzzle"}],"event_choices":[{"cards_removed":["Defend_G"],"damage_healed":0.0,"max_hp_gain":0.0,"max_hp_loss":0.0,"gold_gain":0.0,"event_name":"Bonfire Elementals","player_choice":"Offered Basic","floor":2.0,"gold_loss":0.0,"damage_taken":0.0},{"damage_healed":35.0,"max_hp_gain":0.0,"max_hp_loss":0.0,"gold_gain":0.0,"event_name":"Wheel of Change","player_choice":"Full Heal","floor":12.0,"gold_loss":0.0,"damage_taken":0.0},{"damage_healed":0.0,"max_hp_gain":5.0,"max_hp_loss":0.0,"gold_gain":0.0,"event_name":"Forgotten Altar","player_choice":"Shed Blood","floor":21.0,"gold_loss":0.0,"damage_taken":23.0},{"damage_healed":0.0,"max_hp_gain":0.0,"max_hp_loss":0.0,"gold_gain":0.0,"event_name":"The Library","player_choice":"Read","floor":22.0,"gold_loss":0.0,"damage_taken":0.0,"cards_obtained":["Noxious Fumes"]},{"damage_healed":0.0,"max_hp_gain":0.0,"max_hp_loss":0.0,"gold_gain":0.0,"cards_transformed":["Strike_G","Strike_G"],"event_name":"Drug Dealer","player_choice":"Became Test Subject","floor":24.0,"gold_loss":0.0,"damage_taken":0.0,"cards_obtained":["Distraction","Endless Agony"]}],"is_beta":false,"boss_relics":[{"not_picked":["Sozu","Runic Dome"],"picked":"Empty Cage"}],"items_purged_floors":[20],"is_endless":false,"potions_floor_spawned":[1,8,10,11,13,14,16,18,19,23,25,27],"killed_by":"Slavers","ascension_level":20}}