{"host":"sjj8vlgjxyarc0at","time":1610146948,"event":{"mods":["BaseMod","Colored Powertips","Minty Spire (QoL Compilation)","Replay The Spire","SOS（斯巴达之子）","StSLib","The Administrix","The Construct","The Servant 0.9.4","【功能Mod】聪明的最终Boss"],"gold_per_floor":[116,205,3,62,35,35,69,69,69,69,48,48,163,14,14,145,145,185,197,197,259,279,279,206,121,121,92,92,33,55,89,89,179,179,223,151,218,253,253,253,296,392,463,463,492,492,492,492],"floor_reached":47,"playtime":4976,"items_purged":[],"score":634,"play_id":"a6c9fc50-9d0e-4da0-8290-3a9f6fc11907","local_time":"20210109070228","is_ascension_mode":true,"campfire_choices":[{"data":"SSScard","floor":6.0,"key":"SMITH"},{"data":"Provocation","floor":8.0,"key":"SMITH"},{"data":"Kick13","floor":10.0,"key":"SMITH"},{"data":"Redorb","floor":12.0,"key":"SMITH"},{"data":"Swordcombo","floor":15.0,"key":"SMITH"},{"data":"Swordcombo","floor":23.0,"key":"SMITH"},{"data":"Chargeshoot","floor":28.0,"key":"SMITH"},{"data":"Swordcombo","floor":32.0,"key":"SMITH"},{"floor":40.0,"key":"REST"},{"data":"Hightime","floor":46.0,"key":"SMITH"}],"circlet_count":0,"master_deck":["Attack_a+1","Attack_a+1","Attack_b+1","Provocation+1","Defend_Dante+1","Defend_Dante+1","Redorb+1","Demonreform+1","DevilstarS+1","Rebellion+1","ReplayTheSpireMod:Necrogeddon+1","Royaldefend+1","Kick13+1","SSScard+1","Gunstinger+1","Greenorb+1","DT+1","Swordcombo+1","Purpleorb+1","Swordcombo+1","Chargeshoot+1","Honeycombofire+1","LucifercomboC+1","Royaldefend+1","Enemystep+1","Blueorb+1","DT+1","Chargeshoot+1","Chargeshoot+1","Whiteorb+1","Enemystep+1","GilgameshcomboA+1","Swordcombo+1","Hightime+1","Swordcombo+1","Dash2+1","Trickster+1","Dash2+1","LucifercomboC+1","Hightime+1"],"relics":["SSS","Combocheck","Omamori","Replay:Mystery Machine","Blue Doll","Replay:PocketPolymizer","construct:WeddingRing","Simple Rune","Ice Cream","Iron Hammer","Mark of the Bloom","Torii","Bottled Tornado"],"acts_visited":["Exordium","TheCity","TheBeyond"],"potions_floor_usage":[47,47],"damage_taken":[{"damage":12.0,"enemies":"2 Louse","floor":1.0,"turns":2.0},{"damage":0.0,"enemies":"Jaw Worm","floor":4.0,"turns":3.0},{"damage":0.0,"enemies":"Small Slimes","floor":5.0,"turns":3.0},{"damage":0.0,"enemies":"Lagavulin","floor":7.0,"turns":3.0},{"damage":2.0,"enemies":"Exordium Wildlife","floor":11.0,"turns":3.0},{"damage":19.0,"enemies":"3 Sentries","floor":13.0,"turns":5.0},{"damage":37.0,"enemies":"Hexaghost","floor":16.0,"turns":8.0},{"damage":4.0,"enemies":"Chosen","floor":18.0,"turns":3.0},{"damage":0.0,"enemies":"Spheric Guardian","floor":19.0,"turns":3.0},{"damage":46.0,"enemies":"Shelled Parasite and Fungi","floor":21.0,"turns":5.0},{"damage":0.0,"enemies":"Snecko","floor":22.0,"turns":3.0},{"damage":26.0,"enemies":"Replay:Snechameleon","floor":24.0,"turns":8.0},{"damage":14.0,"enemies":"Sentry and Sphere","floor":30.0,"turns":4.0},{"damage":18.0,"enemies":"Snake Plant","floor":31.0,"turns":4.0},{"damage":0.0,"enemies":"Champ","floor":33.0,"turns":6.0},{"damage":41.0,"enemies":"3 Darklings","floor":35.0,"turns":9.0},{"damage":5.0,"enemies":"Orb Walker","floor":36.0,"turns":4.0},{"damage":0.0,"enemies":"Maw","floor":37.0,"turns":3.0},{"damage":6.0,"enemies":"Sphere and 2 Shapes","floor":38.0,"turns":3.0},{"damage":13.0,"enemies":"3 Darklings","floor":41.0,"turns":4.0},{"damage":22.0,"enemies":"2 Orb Walkers","floor":42.0,"turns":4.0},{"damage":46.0,"enemies":"Writhing Mass","floor":45.0,"turns":4.0},{"damage":21,"enemies":"Maw","floor":47,"turns":2}],"seed_played":"-3928788451838539638","potions_obtained":[{"floor":1.0,"key":"FearPotion"},{"floor":2.0,"key":"BlessingOfTheForge"},{"floor":2.0,"key":"SkillPotion"},{"floor":21.0,"key":"DuplicationPotion"},{"floor":30.0,"key":"Weak Potion"},{"floor":33.0,"key":"Energy Potion"},{"floor":36.0,"key":"DuplicationPotion"}],"is_trial":false,"path_per_floor":["M","?","$","M","M","R","E","R","T","R","M","R","E","$","R","B",null,"M","M","?","M","M","R","E","?","T","$","R","$","M","M","R","B",null,"M","M","M","M","?","R","M","?","T","?","M","R","M"],"character_chosen":"DANTE","items_purchased":["ReplayTheSpireMod:Necrogeddon","Royaldefend","Swordcombo","Chargeshoot","Enemystep"],"campfire_rested":1,"item_purchase_floors":[3,3,14,27,29],"current_hp_per_floor":[68,48,48,51,51,51,63,63,63,63,64,64,63,63,63,50,80,80,80,80,50,56,56,36,36,36,36,36,36,28,22,22,54,90,61,74,99,97,97,97,84,62,62,62,16,16,0,0],"gold":492,"neow_bonus":"ONE_RANDOM_RARE_CARD","is_daily":false,"chose_seed":false,"campfire_upgraded":9,"win_rate":0.0,"timestamp":1610146948,"path_taken":["M","?","$","M","M","R","E","R","T","R","M","R","E","$","R","BOSS","M","M","?","M","M","R","E","?","T","$","R","?","M","M","R","BOSS","M","M","?","?","?","R","M","?","T","?","M","R","M"],"items_purchased_type":["Card","Card","Card","Card","Card"],"build_version":"2020-12-22","purchased_purges":0,"victory":false,"max_hp_per_floor":[80,80,80,80,80,80,80,80,80,80,80,80,80,80,80,80,80,80,80,80,80,80,80,90,90,90,90,90,90,90,90,90,90,90,90,100,100,100,100,100,100,100,100,100,100,100,100,100],"card_choices":[{"not_picked":["Pandora","CoyoteA"],"picked":"DevilstarS","floor":1.0},{"not_picked":["LucifercomboC","VitalstarM"],"picked":"Rebellion","floor":2.0},{"not_picked":["Pandora","Splesh"],"picked":"Kick13","floor":4.0},{"not_picked":["Millionkick","Unrisingdragon"],"picked":"SSScard","floor":5.0},{"not_picked":["Weaponreturn","Kick13"],"picked":"Gunstinger","floor":7.0},{"not_picked":["Whiteorb","Holywater"],"picked":"Greenorb","floor":11.0},{"not_picked":["Millionkick","Rebellion"],"picked":"DT","floor":13.0},{"not_picked":["Goldorb","DevilstarL"],"picked":"Swordcombo","floor":16.0},{"not_picked":["Gunstinger","LucifercomboD"],"picked":"Chargeshoot","floor":18.0},{"not_picked":["Airhike","Doubleshoot"],"picked":"Honeycombofire+1","floor":19.0},{"not_picked":["Chargeshoot","Airhike"],"picked":"Royaldefend","floor":21.0},{"not_picked":["Airhike","LucifercomboA+1"],"picked":"Enemystep","floor":22.0},{"not_picked":["LucifercomboC","Chargeshoot2"],"picked":"DT+1","floor":24.0},{"not_picked":["Airhike","CoyoteA"],"picked":"GilgameshcomboA+1","floor":30.0},{"not_picked":["Honeycombofire","Millionkick"],"picked":"Swordcombo","floor":31.0},{"not_picked":["Goldorb","Purpleorb"],"picked":"Swordcombo","floor":33.0},{"not_picked":["Weaponupgrade","Millionstab","Doubleshoot+1"],"picked":"SKIP","floor":35.0},{"not_picked":["Airhike","DT","GilgameshcomboA"],"picked":"SKIP","floor":36.0},{"not_picked":["Unrisingdragon+1","EbonyIvory"],"picked":"Dash2+1","floor":37.0},{"not_picked":["CoyoteA+1","Greenorb"],"picked":"Trickster","floor":38.0},{"not_picked":["CoyoteA+1","Lucifer+1"],"picked":"Dash2","floor":41.0},{"not_picked":["DT+1","Weaponchange"],"picked":"LucifercomboC+1","floor":42.0},{"not_picked":["VitalstarM","Unrisingdragon+1"],"picked":"Hightime","floor":45.0}],"player_experience":22667,"relics_obtained":[{"floor":2.0,"key":"Omamori"},{"floor":7.0,"key":"Replay:Mystery Machine"},{"floor":9.0,"key":"Blue Doll"},{"floor":13.0,"key":"Replay:PocketPolymizer"},{"floor":24.0,"key":"Simple Rune"},{"floor":26.0,"key":"Iron Hammer"},{"floor":42.0,"key":"Torii"},{"floor":43.0,"key":"Bottled Tornado"}],"event_choices":[{"damage_healed":0.0,"max_hp_gain":0.0,"max_hp_loss":0.0,"gold_gain":0.0,"event_name":"The Library","player_choice":"Read","floor":20.0,"gold_loss":0.0,"damage_taken":0.0,"cards_obtained":["LucifercomboC"]},{"damage_healed":0.0,"max_hp_gain":0.0,"max_hp_loss":0.0,"gold_gain":0.0,"event_name":"Addict","player_choice":"Obtained Relic","floor":25.0,"gold_loss":85.0,"damage_taken":0.0,"relics_obtained":["Ice Cream"]},{"damage_healed":0.0,"max_hp_gain":0.0,"max_hp_loss":0.0,"gold_gain":0.0,"event_name":"MindBloom","player_choice":"Upgrade","floor":39.0,"gold_loss":0.0,"damage_taken":0.0,"cards_upgraded":["Attack_a","Attack_a","Attack_b","Demonreform","DevilstarS","Rebellion","ReplayTheSpireMod:Necrogeddon","Royaldefend","Gunstinger","Greenorb","DT","Purpleorb","Chargeshoot","LucifercomboC","Royaldefend","Enemystep","Blueorb","Chargeshoot","Whiteorb","Enemystep","Hightime","Swordcombo","Trickster"],"relics_obtained":["Mark of the Bloom"]},{"damage_healed":0.0,"max_hp_gain":0.0,"max_hp_loss":0.0,"gold_gain":0.0,"event_name":"Mysterious Sphere","player_choice":"Fight","floor":42.0,"gold_loss":0.0,"damage_taken":0.0},{"damage_healed":0.0,"max_hp_gain":0.0,"max_hp_loss":0.0,"gold_gain":0.0,"event_name":"Accursed Blacksmith","player_choice":"Forge","floor":44.0,"gold_loss":0.0,"damage_taken":0.0,"cards_upgraded":["Dash2"]}],"is_beta":false,"boss_relics":[{"not_picked":["Honey Jar","Replay:Wanted Poster"],"picked":"construct:WeddingRing"},{"not_picked":["ReplayTheSpireMod:DimensionalGlitch","Kintsugi","Ring of Chaos"]}],"items_purged_floors":[],"is_endless":false,"potions_floor_spawned":[1,4,13,19,21,30,33,36,38],"killed_by":"Maw","ascension_level":1}}