{"host":"7krnriczr1b2ou5r","time":1610086297,"event":{"mods":["BaseMod","Keyboard Shortcuts","Marisa£¨Ùöéë¡¡Øª×âÞÞ£©","Minty Spire (QoL Compilation)","Relic Stats","StSLib"],"gold_per_floor":[113,124,124,144,161,191,205,205,228,228,228,242,288,307,307,420,420,440,95,117,138,53,53,53,53],"floor_reached":24,"playtime":1104,"items_purged":["Defend_MRS"],"score":225,"play_id":"62719493-cbfa-4492-bfe5-8c47295d2c79","local_time":"20210108151137","is_ascension_mode":false,"campfire_choices":[{"data":"EnergyFlow","floor":8.0,"key":"SMITH"},{"data":"EnergyFlow","floor":10.0,"key":"SMITH"},{"data":"GalacticHalo","floor":15.0,"key":"SMITH"},{"data":"MilkyWay","floor":23,"key":"SMITH"}],"circlet_count":0,"master_deck":["Strike_MRS","Defend_MRS+1","Defend_MRS","Defend_MRS","MasterSpark","UpSweep+1","Acceleration+1","SporeBomb","EnergyFlow+1","EnergyFlow+1","MilkyWay+1","GalacticHalo+1","GrandCross","6A","Singularity+1","NonDirectionalLaser"],"relics":["MiniHakkero","NeowsBlessing","Blood Vial","Toy Ornithopter","CeramicFish","Empty Cage","Pear","War Paint"],"acts_visited":["Exordium","TheCity"],"potions_floor_usage":[18,20],"damage_taken":[{"damage":0.0,"enemies":"Cultist","floor":1.0,"turns":1.0},{"damage":0.0,"enemies":"Small Slimes","floor":2.0,"turns":1.0},{"damage":0.0,"enemies":"Jaw Worm","floor":4.0,"turns":1.0},{"damage":16.0,"enemies":"Blue Slaver","floor":5.0,"turns":4.0},{"damage":28.0,"enemies":"Gremlin Nob","floor":6.0,"turns":4.0},{"damage":8.0,"enemies":"Red Slaver","floor":7.0,"turns":3.0},{"damage":17.0,"enemies":"Large Slime","floor":12.0,"turns":4.0},{"damage":9.0,"enemies":"2 Fungi Beasts","floor":14.0,"turns":4.0},{"damage":25.0,"enemies":"Slime Boss","floor":16.0,"turns":6.0},{"damage":42,"enemies":"3 Byrds","floor":18,"turns":8},{"damage":0,"enemies":"Spheric Guardian","floor":20,"turns":4},{"damage":23,"enemies":"Snake Plant","floor":21,"turns":3},{"damage":40,"enemies":"Cultist and Chosen","floor":24,"turns":4}],"seed_played":"-3923479049660503814","potions_obtained":[{"floor":2.0,"key":"EntropicBrew"},{"floor":5.0,"key":"BlessingOfTheForge"},{"floor":7.0,"key":"LiquidMemories"},{"floor":14.0,"key":"Weak Potion"},{"floor":21,"key":"PowerPotion"}],"is_trial":false,"path_per_floor":["M","M","?","M","M","E","M","R","T","R","?","M","T","M","R","B",null,"M","$","M","M","?","R","M"],"character_chosen":"MARISA","items_purchased":["6A","Pear"],"campfire_rested":0,"item_purchase_floors":[19,19],"current_hp_per_floor":[75,75,75,75,59,31,25,25,25,25,18,3,3,23,23,5,75,33,43,50,29,29,29,0,0],"gold":53,"neow_bonus":"THREE_ENEMY_KILL","is_daily":false,"chose_seed":false,"campfire_upgraded":4,"win_rate":0.0,"timestamp":1610086297,"path_taken":["M","?","?","M","?","E","M","R","T","R","?","M","?","?","R","BOSS","M","$","M","M","?","R","M"],"items_purchased_type":["Card","Relic"],"build_version":"2020-12-22","purchased_purges":1,"victory":false,"max_hp_per_floor":[75,75,75,75,75,75,75,75,75,75,75,75,75,75,75,75,75,75,85,85,85,85,85,85,85],"relic_stats":{"Blood Vial":14,"counters":[13,47],"CeramicFish":54,"War Paint":["Acceleration","Defend_MRS"],"obtain_stats":[{"Blood Vial":6,"Pear":19,"NeowsBlessing":0,"CeramicFish":13,"MiniHakkero":0,"War Paint":22,"Empty Cage":17,"Toy Ornithopter":9},{"Blood Vial":5,"Pear":10,"NeowsBlessing":0,"CeramicFish":7,"MiniHakkero":0,"War Paint":12,"Empty Cage":9,"Toy Ornithopter":6},{"Blood Vial":11,"Pear":36,"NeowsBlessing":0,"CeramicFish":18,"MiniHakkero":0,"War Paint":43,"Empty Cage":28,"Toy Ornithopter":14}],"Toy Ornithopter":25},"card_choices":[{"not_picked":["6A","GravityBeat"],"picked":"Acceleration","floor":1.0},{"not_picked":["OneTimeOff","PropBag","SporeBomb"],"picked":"SKIP","floor":2.0},{"not_picked":["WitchOfGreed","6A"],"picked":"SporeBomb","floor":4.0},{"not_picked":["6A","OpenUniverse"],"picked":"EnergyFlow","floor":5.0},{"not_picked":["PowerUp","SporeBomb","BigCrunch"],"picked":"SKIP","floor":6.0},{"not_picked":["LuminesStrike","MeteoricShower"],"picked":"EnergyFlow","floor":7.0},{"not_picked":["ManaConvection","Acceleration"],"picked":"MilkyWay","floor":12.0},{"not_picked":["SprinkleStarSeal","LuminesStrike"],"picked":"GalacticHalo","floor":14.0},{"not_picked":["SuperNova","EscapeVelocity"],"picked":"CasketOfStar","floor":16.0},{"not_picked":["ShootingEcho","WitchLeyline"],"picked":"GrandCross","floor":18},{"not_picked":["GravityBeat","MysteriousBeam"],"picked":"Singularity+1","floor":20},{"not_picked":["WitchLeyline+1","FairyDestructionRay"],"picked":"NonDirectionalLaser","floor":21}],"player_experience":1072778,"relics_obtained":[{"floor":6.0,"key":"Blood Vial"},{"floor":9.0,"key":"Toy Ornithopter"},{"floor":13.0,"key":"CeramicFish"}],"event_choices":[{"damage_healed":0.0,"max_hp_gain":0.0,"max_hp_loss":0.0,"gold_gain":0.0,"event_name":"Upgrade Shrine","player_choice":"Upgraded","floor":3.0,"gold_loss":0.0,"damage_taken":0.0,"cards_upgraded":["UpSweep"]},{"cards_removed":["Strike_MRS"],"damage_healed":0.0,"max_hp_gain":0.0,"max_hp_loss":0.0,"gold_gain":0.0,"event_name":"Golden Wing","player_choice":"Card Removal","floor":11.0,"gold_loss":0.0,"damage_taken":7.0},{"damage_healed":0,"gold_gain":0,"player_choice":"Obtained Relic","damage_taken":0,"relics_obtained":["War Paint"],"max_hp_gain":0,"max_hp_loss":0,"event_name":"Addict","floor":22,"gold_loss":85}],"is_beta":false,"boss_relics":[{"not_picked":["Coffee Dripper","Fusion Hammer"],"picked":"Empty Cage"}],"items_purged_floors":[19],"is_endless":false,"potions_floor_spawned":[2,5,7,14,21],"killed_by":"Cultist and Chosen","ascension_level":0}}