{"host":"xe18zxp7krnsfrwn","time":1610074510,"event":{"mods":["BaseMod","BetterRewards","Colored Map","Downfall","Hubris","Infinite Spire","Minty Spire (QoL Compilation)","Replay The Spire","StSLib","The Animator","The Elementalist","The Runesmith","The Saiyan"],"gold_per_floor":[116,126,154,154,154,154,185,214,214,225,253,253,15,15,15,113,113,130,130,130,130,150,150,177,196,250,263,263,263,263,274,284,318,318,318,318],"floor_reached":35,"playtime":4568,"items_purged":["Parasite"],"score":349,"play_id":"f20dc4cd-7160-4786-b535-4adf896e057e","local_time":"20210107185510","is_ascension_mode":false,"campfire_choices":[{"data":"animator:Eve","floor":6,"key":"SMITH"},{"data":"animator:DolaStephanie","floor":15,"key":"SMITH"},{"data":"animator:EmiyaShirou","floor":23,"key":"SMITH"},{"data":"animator:Tatsumaki","floor":28,"key":"SMITH"},{"data":"animator:Tyuule","floor":34,"key":"SMITH"}],"circlet_count":0,"master_deck":["animator:Strike_NoGameNoLife","animator:Defend_NoGameNoLife","animator:Strike","animator:Strike","animator:Strike","animator:Defend","animator:Defend","animator:Defend","animator:DolaSchwi+1","animator:DolaCouronne","animator:Shimakaze","animator:OrikoMikuni","animator:Tyuule+1","animator:Eve+1","animator:DolaStephanie+1","animator:EmiyaShirou+1","animator:Millim+1","animator:Rimuru","animator:Boros+1","animator:Shion+1","infinitespire:SevenWalls+1","animator:Genos+1","animator:Melzalgald+1","animator:Mitsuba+1","animator:Tatsumaki+1","animator:Benimaru+1","animator:HiiragiShinya"],"relics":["animator:LivingPicture","animator:TheMissingPiece","animator:PurgingStone","infinitespire:Lucky Rock","Molten Egg 2","Durian","Replay:Bottled Flurry","hubris:Icosahedron","hubris:TerracottaHorce","hubris:BottledHeart","Bottled Flame","Mercury Hourglass","Potion Belt","infinitespire:Bottled Soul"],"acts_visited":["Exordium","TheCity"],"potions_floor_usage":[16,16,18,24,31,32,33,35],"damage_taken":[{"damage":0,"enemies":"Cultist","floor":1,"turns":4},{"damage":6,"enemies":"2 Louse","floor":2,"turns":2},{"damage":5,"enemies":"Small Slimes","floor":3,"turns":5},{"damage":6,"enemies":"2 Fungi Beasts","floor":7,"turns":4},{"damage":0,"enemies":"Large Slime","floor":8,"turns":6},{"damage":8,"enemies":"3 Louse","floor":10,"turns":5},{"damage":15,"enemies":"Replay:BlueRogue","floor":11,"turns":7},{"damage":26,"enemies":"The Guardian","floor":16,"turns":11},{"damage":25,"enemies":"Spheric Guardian","floor":18,"turns":7},{"damage":0,"enemies":"Chosen","floor":22,"turns":4},{"damage":0,"enemies":"Replay:Snechameleon","floor":24,"turns":5},{"damage":0,"enemies":"Snecko","floor":25,"turns":3},{"damage":0,"enemies":"Cultist and Chosen","floor":27,"turns":4},{"damage":0,"enemies":"Snake Plant","floor":31,"turns":3},{"damage":0,"enemies":"Centurion and Healer","floor":32,"turns":5},{"damage":0,"enemies":"Slavers","floor":33,"turns":3},{"damage":12,"enemies":"Automaton","floor":35,"turns":8}],"seed_played":"-5349724474815908470","potions_obtained":[{"floor":2,"key":"Weak Potion"},{"floor":7,"key":"FearPotion"},{"floor":8,"key":"Elixir"},{"floor":11,"key":"Swift Potion"},{"floor":16,"key":"sneckomod:MuddlingPotion"},{"floor":22,"key":"Adrenaline Potion"},{"floor":25,"key":"Dexterity Potion"},{"floor":27,"key":"Ancient Potion"},{"floor":32,"key":"ColorlessPotion"}],"is_trial":false,"path_per_floor":["M","M","M","?","?","R","M","M","T","M","E","?","$","?","R_BF","B",null,"M","?","?","AVR","M","R","E","M","T","M","R","PTL","PTL","M","M","E","R","B"],"character_chosen":"THE_ANIMATOR","items_purchased":["Replay:Bottled Flurry"],"campfire_rested":0,"item_purchase_floors":[13],"current_hp_per_floor":[66,60,55,55,52,52,46,46,46,38,28,45,45,45,45,19,58,33,1,1,1,1,1,1,1,1,1,1,1,1,1,1,1,1,0,0],"gold":318,"neow_bonus":"RANDOM_COLORLESS","is_daily":false,"chose_seed":false,"campfire_upgraded":5,"win_rate":0.0,"timestamp":1610074510,"path_taken":["M","M","M","?","?","R","M","M","T","M","E","?","$","?","R_BF","BOSS","M","?","?","AVR","M","R","E","M","T","M","R","PTL","PTL","?","?","E","R","BOSS"],"items_purchased_type":["Relic"],"build_version":"2020-12-22","purchased_purges":1,"victory":false,"max_hp_per_floor":[66,66,66,66,66,66,66,66,66,66,71,71,71,71,71,71,71,71,1,1,1,1,1,1,1,1,1,1,1,1,1,1,1,1,1,1],"card_choices":[{"not_picked":["animator:LimeBell","animator:Cirno"],"picked":"animator:Shimakaze","floor":0},{"not_picked":["animator:GazelDwargon","animator:Konayuki"],"picked":"animator:OrikoMikuni","floor":1},{"not_picked":["animator:DolaRiku","animator:Yuuichirou"],"picked":"animator:Tyuule","floor":2},{"not_picked":["animator:UneriGinkaku","animator:Yoichi"],"picked":"animator:Eve","floor":3},{"not_picked":["animator:DolaSchwi","animator:DolaRiku"],"picked":"animator:DolaStephanie","floor":7},{"not_picked":["animator:Kazuma","animator:Mikaela"],"picked":"animator:EmiyaShirou","floor":8},{"not_picked":["animator:ElricEdward+1","animator:Benimaru+1"],"picked":"animator:Millim+1","floor":10},{"not_picked":["animator:DolaRiku","animator:HiiragiShinya"],"picked":"animator:Rimuru","floor":11},{"not_picked":["animator:Kyubey","animator:HomuraAkemi"],"picked":"animator:Boros","floor":16},{"not_picked":["animator:Hakurou+1","animator:Vesta"],"picked":"animator:Shion+1","floor":18},{"not_picked":["animator:Berserker+1","animator:SuzuneAmano+1"],"picked":"animator:Genos+1","floor":22},{"not_picked":["animator:FeridBathory","animator:SakuraMatou"],"picked":"animator:Melzalgald+1","floor":24},{"not_picked":["animator:Spearman+1","animator:Rena"],"picked":"animator:Mitsuba+1","floor":25},{"not_picked":["animator:SilverFang","animator:MumenRider+1"],"picked":"animator:Tatsumaki","floor":27},{"not_picked":["animator:LizardPriest+1","animator:Raven+1"],"picked":"animator:Benimaru+1","floor":31},{"not_picked":["animator:SilverFang","animator:AcuraTooru+1","animator:Shinoa"],"picked":"SKIP","floor":32},{"not_picked":["animator:Albedo+1","animator:Pride+1"],"picked":"animator:HiiragiShinya","floor":33}],"player_experience":451900,"relics_obtained":[{"floor":9,"key":"Molten Egg 2"},{"floor":11,"key":"Durian"},{"floor":24,"key":"Mercury Hourglass"},{"floor":26,"key":"Potion Belt"},{"floor":33,"key":"infinitespire:Bottled Soul"}],"event_choices":[{"damage_healed":0,"gold_gain":0,"player_choice":"Grow","damage_taken":0,"max_hp_gain":0,"max_hp_loss":0,"event_name":"Living Wall","floor":4,"gold_loss":0,"cards_upgraded":["animator:DolaSchwi"]},{"damage_healed":0,"gold_gain":0,"player_choice":"Success","damage_taken":3,"relics_obtained":["infinitespire:Lucky Rock"],"max_hp_gain":0,"max_hp_loss":0,"event_name":"Scrap Ooze","floor":5,"gold_loss":0},{"damage_healed":17,"gold_gain":0,"player_choice":"Healed and dodged fight","damage_taken":0,"max_hp_gain":0,"max_hp_loss":0,"event_name":"Mushrooms","floor":12,"gold_loss":0,"cards_obtained":["Parasite"]},{"damage_healed":0,"gold_gain":0,"player_choice":"Upgraded","damage_taken":0,"max_hp_gain":0,"max_hp_loss":0,"event_name":"Upgrade Shrine","floor":20,"gold_loss":0,"cards_upgraded":["animator:Boros"]}],"is_beta":false,"boss_relics":[{"not_picked":["Velvet Choker","Black Star"],"picked":"hubris:TerracottaHorce"}],"items_purged_floors":[21],"is_endless":false,"potions_floor_spawned":[2,7,8,11,16,22,25,27,32],"killed_by":"Automaton","ascension_level":0}}