{"host":"2e3z4r48quhw80cc","time":1610119205,"event":{"mods":["BaseMod","Minty Spire (QoL Compilation)","Quick Restart","StSLib","SuperFastMode"],"gold_per_floor":[116,116,41,41,64,96,114,145,198,213,229,83,95,123,123,218,218,208,208,208,222,234,234,248,280,325,338,338,338,186,186,186,290,290,310,310,310,185,144,169,169,181,234,13,63,63,79,96,96,96],"floor_reached":51,"playtime":9544,"items_purged":["Defend_B","Strike_B","Strike_B"],"score":807,"play_id":"f4d7e3f3-eddd-45a4-8298-743e85bcb118","local_time":"20210109002005","is_ascension_mode":true,"campfire_choices":[{"data":"Defragment","floor":15.0,"key":"SMITH"},{"floor":23.0,"key":"REST"},{"data":"Buffer","floor":28.0,"key":"SMITH"},{"floor":32.0,"key":"REST"},{"data":"Chaos","floor":41.0,"key":"SMITH"},{"floor":46.0,"key":"DIG"},{"floor":49.0,"key":"REST"}],"circlet_count":0,"master_deck":["Defend_B","Defend_B","Zap","Dualcast","Storm","Lockon","Recycle","Defragment+1","Storm","Barrage","Core Surge","Chill","Buffer+1","Tempest","Static Discharge","Auto Shields","Consume","Self Repair+1","BootSequence","Genetic Algorithm","Chaos+1","Echo Form","Loop+1","Madness","Madness","Enlightenment","Defragment","Amplify","Defragment+1","Capacitor","Defragment+1"],"relics":["FrozenCore","NeowsBlessing","Dream Catcher","Orichalcum","Art of War","Oddly Smooth Stone","Blue Candle","Toy Ornithopter","Nunchaku","Medical Kit","SlaversCollar","Strawberry","MawBank","Chemical X","Shovel","Pen Nib"],"acts_visited":["Exordium","TheCity","TheBeyond"],"potions_floor_usage":[50,50,50],"damage_taken":[{"damage":0.0,"enemies":"Jaw Worm","floor":1.0,"turns":1.0},{"damage":0.0,"enemies":"Lagavulin","floor":6.0,"turns":1.0},{"damage":0.0,"enemies":"Cultist","floor":7.0,"turns":1.0},{"damage":24.0,"enemies":"3 Sentries","floor":8.0,"turns":7.0},{"damage":2.0,"enemies":"Small Slimes","floor":10.0,"turns":3.0},{"damage":2.0,"enemies":"Blue Slaver","floor":11.0,"turns":2.0},{"damage":10.0,"enemies":"3 Louse","floor":13.0,"turns":4.0},{"damage":18.0,"enemies":"Lagavulin","floor":14.0,"turns":6.0},{"damage":12.0,"enemies":"Hexaghost","floor":16.0,"turns":8.0},{"damage":14.0,"enemies":"2 Thieves","floor":18.0,"turns":5.0},{"damage":12.0,"enemies":"3 Byrds","floor":21.0,"turns":4.0},{"damage":18.0,"enemies":"Snake Plant","floor":22.0,"turns":3.0},{"damage":0.0,"enemies":"Snecko","floor":24.0,"turns":5.0},{"damage":23.0,"enemies":"Book of Stabbing","floor":25.0,"turns":4.0},{"damage":5.0,"enemies":"Centurion and Healer","floor":27.0,"turns":10.0},{"damage":44.0,"enemies":"Automaton","floor":33.0,"turns":14.0},{"damage":26.0,"enemies":"3 Shapes","floor":35.0,"turns":6.0},{"damage":12.0,"enemies":"Giant Head","floor":40.0,"turns":8.0},{"damage":51.0,"enemies":"3 Darklings","floor":42.0,"turns":6.0},{"damage":16.0,"enemies":"Mind Bloom Boss Battle","floor":45.0,"turns":5.0},{"damage":10.0,"enemies":"Transient","floor":47.0,"turns":5.0},{"damage":14.0,"enemies":"Sphere and 2 Shapes","floor":48.0,"turns":4.0},{"damage":14,"enemies":"Donu and Deca","floor":50,"turns":7}],"seed_played":"738426309366992501","potions_obtained":[{"floor":6.0,"key":"Block Potion"},{"floor":7.0,"key":"GamblersBrew"},{"floor":8.0,"key":"Dexterity Potion"},{"floor":14.0,"key":"FocusPotion"},{"floor":33.0,"key":"Strength Potion"},{"floor":45.0,"key":"Regen Potion"}],"is_trial":false,"path_per_floor":["M","?","$","?","T","E","M","E","T","M","M","$","M","E","R","B",null,"M","?","?","M","M","R","M","E","T","M","R","?","$","?","R","B",null,"M","?","?","$","$","E","R","M","T","$","?","R","M","M","R","B",null],"character_chosen":"DEFECT","items_purchased":["Barrage","Medical Kit","Defragment","Chemical X","Capacitor"],"campfire_rested":3,"item_purchase_floors":[12,30,39,44,44],"current_hp_per_floor":[75,68,68,73,73,73,73,49,49,47,45,45,35,17,17,5,80,66,66,66,54,36,60,60,37,37,32,32,32,32,32,56,27,80,74,64,54,54,54,69,69,38,38,38,32,32,32,28,54,80],"gold":96,"neow_bonus":"THREE_ENEMY_KILL","is_daily":false,"chose_seed":false,"campfire_upgraded":3,"win_rate":0.0,"timestamp":1610119205,"path_taken":["M","?","$","?","?","E","?","E","T","M","M","?","?","E","R","BOSS","M","?","?","M","M","R","M","E","T","M","R","?","$","?","R","BOSS","M","?","?","?","$","E","R","?","T","$","?","R","M","M","R","BOSS"],"items_purchased_type":["Card","Relic","Card","Relic","Card"],"build_version":"2020-12-22","purchased_purges":3,"victory":true,"max_hp_per_floor":[75,75,75,80,80,80,80,80,80,80,80,80,80,80,80,80,80,80,80,80,80,80,80,80,80,80,80,80,80,80,80,80,80,80,80,80,80,80,80,87,87,87,87,87,87,87,87,87,87,87],"card_choices":[{"not_picked":["Ball Lightning","Go for the Eyes"],"picked":"Storm","floor":1.0},{"not_picked":["Redo","Compile Driver"],"picked":"Lockon","floor":6.0},{"not_picked":["Skim","Cold Snap"],"picked":"Recycle","floor":7.0},{"not_picked":["Fusion","Beam Cell"],"picked":"Defragment","floor":8.0},{"not_picked":["Blizzard","Compile Driver"],"picked":"Storm","floor":10.0},{"not_picked":["Hologram","Compile Driver","Rebound"],"picked":"SKIP","floor":11.0},{"not_picked":["Melter","Streamline"],"picked":"Core Surge","floor":13.0},{"not_picked":["Compile Driver","Cold Snap"],"picked":"Chill","floor":14.0},{"not_picked":["Core Surge","Electrodynamics"],"picked":"Buffer","floor":16.0},{"not_picked":["Leap","Beam Cell+1"],"picked":"Tempest","floor":18.0},{"not_picked":["Sunder+1","Steam"],"picked":"Static Discharge","floor":21.0},{"not_picked":["Redo","Meteor Strike","Turbo"],"picked":"SKIP","floor":22.0},{"not_picked":["Streamline","Recycle"],"picked":"Auto Shields","floor":23.0},{"not_picked":["Hologram","Redo","Coolheaded"],"picked":"SKIP","floor":24.0},{"not_picked":["Gash+1","Turbo"],"picked":"Consume","floor":25.0},{"not_picked":["Fusion+1","Electrodynamics"],"picked":"Self Repair+1","floor":27.0},{"not_picked":["Leap","Auto Shields"],"picked":"Chaos","floor":32.0},{"not_picked":["Meteor Strike","Fission"],"picked":"Echo Form","floor":33.0},{"not_picked":["Self Repair","Recycle"],"picked":"Loop+1","floor":35.0},{"not_picked":["Dramatic Entrance","Madness"],"picked":"Enlightenment","floor":37.0},{"not_picked":["Conserve Battery+1","Beam Cell"],"picked":"Amplify","floor":40.0},{"not_picked":["Go for the Eyes+1","Self Repair+1"],"picked":"Defragment+1","floor":42.0},{"not_picked":["Beam Cell+1","Reprogram+1","Barrage+1"],"picked":"SKIP","floor":47.0},{"not_picked":["Steam+1","Hyperbeam","Gash+1"],"picked":"SKIP","floor":48.0},{"not_picked":["Stack+1","Fusion+1"],"picked":"Defragment+1","floor":49.0}],"player_experience":42610,"relics_obtained":[{"floor":5.0,"key":"Dream Catcher"},{"floor":6.0,"key":"Orichalcum"},{"floor":8.0,"key":"Art of War"},{"floor":9.0,"key":"Oddly Smooth Stone"},{"floor":14.0,"key":"Blue Candle"},{"floor":25.0,"key":"Toy Ornithopter"},{"floor":26.0,"key":"Nunchaku"},{"floor":40.0,"key":"Strawberry"},{"floor":43.0,"key":"MawBank"},{"floor":45.0,"key":"Shovel"},{"floor":46.0,"key":"Pen Nib"}],"event_choices":[{"cards_removed":["Strike_B"],"damage_healed":0.0,"max_hp_gain":0.0,"max_hp_loss":0.0,"gold_gain":0.0,"event_name":"Golden Wing","player_choice":"Card Removal","floor":2.0,"gold_loss":0.0,"damage_taken":7.0},{"damage_healed":0.0,"max_hp_gain":5.0,"max_hp_loss":0.0,"gold_gain":0.0,"event_name":"Big Fish","player_choice":"Donut","floor":4.0,"gold_loss":0.0,"damage_taken":0.0},{"damage_healed":0.0,"max_hp_gain":0.0,"max_hp_loss":0.0,"gold_gain":0.0,"event_name":"The Mausoleum","player_choice":"Ignored","floor":19.0,"gold_loss":0.0,"damage_taken":0.0},{"damage_healed":0.0,"max_hp_gain":0.0,"max_hp_loss":0.0,"gold_gain":0.0,"event_name":"Vampires","player_choice":"Ignored","floor":20.0,"gold_loss":0.0,"damage_taken":0.0},{"damage_healed":0.0,"max_hp_gain":0.0,"max_hp_loss":0.0,"gold_gain":0.0,"cards_transformed":["Strike_B","Defend_B"],"event_name":"Drug Dealer","player_choice":"Became Test Subject","floor":29.0,"gold_loss":0.0,"damage_taken":0.0,"cards_obtained":["BootSequence","Genetic Algorithm"]},{"damage_healed":0.0,"max_hp_gain":0.0,"max_hp_loss":0.0,"gold_gain":0.0,"event_name":"Ghosts","player_choice":"Ignored","floor":31.0,"gold_loss":0.0,"damage_taken":0.0},{"damage_healed":0.0,"max_hp_gain":0.0,"max_hp_loss":0.0,"gold_gain":0.0,"event_name":"Winding Halls","player_choice":"Embrace Madness","floor":36.0,"gold_loss":0.0,"damage_taken":10.0,"cards_obtained":["Madness","Madness"]},{"damage_healed":0.0,"max_hp_gain":0.0,"max_hp_loss":0.0,"gold_gain":0.0,"event_name":"SensoryStone","player_choice":"Memory 3","floor":37.0,"gold_loss":0.0,"damage_taken":10.0},{"damage_healed":0.0,"max_hp_gain":0.0,"max_hp_loss":0.0,"gold_gain":0.0,"event_name":"MindBloom","player_choice":"Fight","floor":45.0,"gold_loss":0.0,"damage_taken":0.0}],"is_beta":false,"boss_relics":[{"not_picked":["Fusion Hammer","Ectoplasm"],"picked":"FrozenCore"},{"not_picked":["Empty Cage","Astrolabe"],"picked":"SlaversCollar"}],"items_purged_floors":[3,12,38],"is_endless":false,"potions_floor_spawned":[6,7,8,14,16,18,33,45,48],"ascension_level":2}}