{"host":"J","time":1610111767,"event":{"mods":["BaseMod","Better Third Choice","Minty Spire (QoL Compilation)","StSLib"],"gold_per_floor":[109,109,129,156,186,232,244,256,268,280,324,354,366,366],"floor_reached":13,"playtime":291,"items_purged":[],"score":186,"play_id":"f7c4412a-d0e0-4995-852e-4a08bbc93255","local_time":"20210108141607","is_ascension_mode":true,"campfire_choices":[{"floor":7.0,"key":"REST"},{"floor":10.0,"key":"DIG"}],"circlet_count":0,"master_deck":["AscendersBane","Strike_G","Strike_G","Strike_G","Strike_G","Defend_G","Defend_G","Defend_G","Defend_G","Defend_G","Survivor","Neutralize","Blade Dance","Noxious Fumes","Deadly Poison","Backflip","Underhanded Strike","Dagger Throw","Calculated Gamble"],"relics":["Ring of the Snake","NeowsBlessing","MawBank","Snake Skull","Shovel","Tiny Chest"],"acts_visited":["Exordium"],"potions_floor_usage":[],"damage_taken":[{"damage":0.0,"enemies":"2 Louse","floor":1.0,"turns":2.0},{"damage":0.0,"enemies":"Jaw Worm","floor":3.0,"turns":1.0},{"damage":0.0,"enemies":"Cultist","floor":5.0,"turns":1.0},{"damage":44.0,"enemies":"Gremlin Nob","floor":6.0,"turns":4.0},{"damage":19.0,"enemies":"3 Sentries","floor":11.0,"turns":7.0},{"damage":6,"enemies":"3 Louse","floor":12,"turns":4},{"damage":17,"enemies":"Lagavulin","floor":13,"turns":3}],"seed_played":"6210685507060403916","potions_obtained":[{"floor":5.0,"key":"Swift Potion"}],"is_trial":false,"path_per_floor":["M","?","M","T","M","E","R","?","T","R","E","M","E"],"character_chosen":"THE_SILENT","items_purchased":[],"campfire_rested":1,"item_purchase_floors":[],"current_hp_per_floor":[59,64,64,64,64,20,41,41,41,41,22,16,0,0],"gold":366,"neow_bonus":"THREE_ENEMY_KILL","is_daily":false,"chose_seed":false,"campfire_upgraded":0,"win_rate":0.0,"timestamp":1610111767,"path_taken":["M","?","M","?","M","E","R","?","T","R","E","M","E"],"items_purchased_type":[],"build_version":"2020-12-18","purchased_purges":0,"victory":false,"max_hp_per_floor":[66,71,71,71,71,71,71,71,71,71,71,71,71,71],"card_choices":[{"not_picked":["Poisoned Stab","Reflex"],"picked":"Blade Dance","floor":1.0},{"not_picked":["PiercingWail","Distraction"],"picked":"Noxious Fumes","floor":3.0},{"not_picked":["Dodge and Roll","Bouncing Flask"],"picked":"Deadly Poison","floor":5.0},{"not_picked":["A Thousand Cuts","Deflect"],"picked":"Backflip","floor":6.0},{"not_picked":["Cloak And Dagger","Tactician"],"picked":"Dagger Throw","floor":11},{"not_picked":["Outmaneuver","Noxious Fumes"],"picked":"Calculated Gamble","floor":12}],"player_experience":1077346,"relics_obtained":[{"floor":4.0,"key":"MawBank"},{"floor":6.0,"key":"Snake Skull"},{"floor":9.0,"key":"Shovel"},{"floor":10.0,"key":"Tiny Chest"}],"event_choices":[{"damage_healed":0.0,"max_hp_gain":5.0,"max_hp_loss":0.0,"gold_gain":0.0,"event_name":"Big Fish","player_choice":"Donut","floor":2.0,"gold_loss":0.0,"damage_taken":0.0},{"damage_healed":0.0,"max_hp_gain":0.0,"max_hp_loss":0.0,"gold_gain":0.0,"cards_transformed":["Strike_G"],"event_name":"Transmorgrifier","player_choice":"Transformed","floor":8.0,"gold_loss":0.0,"damage_taken":0.0,"cards_obtained":["Underhanded Strike"]}],"is_beta":true,"boss_relics":[],"items_purged_floors":[],"is_endless":false,"potions_floor_spawned":[5],"killed_by":"Lagavulin","ascension_level":20}}