{"host":"6pgtslebjnyv5xmi","time":1610078754,"event":{"mods":["AchievementEnabler","BaseMod","Colored Map","Minty Spire (QoL Compilation)","Rare Cards Sparkle","StSLib","SuperFastMode","everything is the same but u backflip on backflip"],"gold_per_floor":[112,112,112,44,61,61,75,85,85,100,25,40,40,57,57,162,162,179,197,207,132,231,231,241,251,251,276,276,291,291,306,306,408,408,419,419,1418,1444,1052,1052,927,927,927,947,961,706,706,706,706,706],"floor_reached":51,"playtime":2090,"items_purged":["Defend_R","Normality","Normality","Strike_R"],"score":689,"play_id":"ece10be7-5747-42d2-a824-e864296f97de","local_time":"20210108130554","is_ascension_mode":false,"campfire_choices":[{"data":"Evolve","floor":6,"key":"SMITH"},{"data":"Second Wind","floor":13,"key":"SMITH"},{"data":"Fire Breathing","floor":15,"key":"SMITH"},{"data":"Seeing Red","floor":23,"key":"SMITH"},{"floor":30,"key":"REST"},{"floor":32,"key":"REST"},{"data":"Fire Breathing","floor":40,"key":"SMITH"},{"data":"Fiend Fire","floor":42,"key":"SMITH"},{"floor":49,"key":"REST"}],"circlet_count":0,"master_deck":["Strike_R","Strike_R","Defend_R","Defend_R","Defend_R","Bash","Wild Strike","Power Through+1","Evolve+1","Shockwave","Wild Strike","Second Wind+1","Fire Breathing+1","Offering","Seeing Red+1","Inflame+1","Feel No Pain","Fiend Fire+1","Power Through","Fire Breathing+1","Battle Trance+1"],"relics":["Black Blood"],"acts_visited":["Exordium","TheCity","TheBeyond"],"potions_floor_usage":[16,20,29,33,33,44,45,50,50],"damage_taken":[{"damage":5,"enemies":"Small Slimes","floor":1,"turns":3},{"damage":8,"enemies":"Jaw Worm","floor":5,"turns":4},{"damage":4,"enemies":"Cultist","floor":7,"turns":4},{"damage":6,"enemies":"Exordium Thugs","floor":8,"turns":6},{"damage":6,"enemies":"Lots of Slimes","floor":10,"turns":7},{"damage":12,"enemies":"Looter","floor":12,"turns":3},{"damage":6,"enemies":"2 Fungi Beasts","floor":14,"turns":5},{"damage":6,"enemies":"Slime Boss","floor":16,"turns":5},{"damage":11,"enemies":"Spheric Guardian","floor":18,"turns":4},{"damage":26,"enemies":"Shell Parasite","floor":19,"turns":5},{"damage":0,"enemies":"Chosen and Byrds","floor":20,"turns":4},{"damage":27,"enemies":"Centurion and Healer","floor":24,"turns":5},{"damage":16,"enemies":"Snake Plant","floor":25,"turns":3},{"damage":35,"enemies":"3 Cultists","floor":29,"turns":5},{"damage":23,"enemies":"Chosen and Byrds","floor":31,"turns":6},{"damage":51,"enemies":"Collector","floor":33,"turns":8},{"damage":14,"enemies":"Orb Walker","floor":35,"turns":4},{"damage":75,"enemies":"3 Shapes","floor":44,"turns":4},{"damage":21,"enemies":"Writhing Mass","floor":45,"turns":5},{"damage":15,"enemies":"Donu and Deca","floor":50,"turns":6}],"seed_played":"-941672368242287727","potions_obtained":[{"floor":1,"key":"GamblersBrew"},{"floor":5,"key":"DuplicationPotion"},{"floor":14,"key":"LiquidBronze"},{"floor":19,"key":"SneckoOil"},{"floor":25,"key":"BlessingOfTheForge"},{"floor":33,"key":"ElixirPotion"},{"floor":44,"key":"Weak Potion"},{"floor":45,"key":"LiquidMemories"}],"is_trial":false,"path_per_floor":["M","?","?","$","M","R","M","M","T","M","$","M","R","M","R","B",null,"M","M","M","?","?","R","M","M","T","T","?","M","R","M","R","B",null,"M","?","?","T","$","R","$","R","T","M","M","$","?","?","R","B",null],"character_chosen":"IRONCLAD","items_purchased":["Evolve","Power Through","Fire Breathing","Strength Potion","HeartOfIron","EntropicBrew"],"campfire_rested":3,"item_purchase_floors":[4,39,39,39,39,46],"current_hp_per_floor":[80,73,73,73,71,71,73,73,73,73,73,67,67,67,67,67,80,75,55,61,61,61,61,40,30,30,30,56,27,51,34,58,13,80,80,80,80,80,80,80,80,80,80,23,18,18,18,18,40,37],"gold":706,"neow_bonus":"THREE_CARDS","is_daily":false,"chose_seed":false,"campfire_upgraded":6,"win_rate":0.0,"timestamp":1610078754,"path_taken":["M","?","?","$","M","R","M","M","T","?","?","M","R","M","R","BOSS","M","?","M","?","?","R","M","M","T","?","?","M","R","M","R","BOSS","M","?","?","?","$","R","$","R","T","?","M","$","?","?","R","BOSS"],"items_purchased_type":["Card","Card","Card","Potion","Potion","Potion"],"build_version":"2020-12-22","purchased_purges":4,"victory":true,"max_hp_per_floor":[80,80,80,80,80,80,80,80,80,80,80,80,80,80,80,80,80,80,80,80,80,80,80,80,80,80,80,80,80,80,80,80,80,80,80,80,80,80,80,80,80,80,80,80,80,80,80,76,76,76],"card_choices":[{"not_picked":["True Grit","Iron Wave"],"picked":"Wild Strike","floor":0},{"not_picked":["Body Slam","Sentinel"],"picked":"Power Through","floor":1},{"not_picked":["Searing Blow","Twin Strike"],"picked":"Shockwave","floor":5},{"not_picked":["Heavy Blade","Entrench"],"picked":"Wild Strike","floor":7},{"not_picked":["Cleave","True Grit","Wild Strike"],"picked":"SKIP","floor":8},{"not_picked":["Sword Boomerang","Barricade"],"picked":"Second Wind","floor":10},{"not_picked":["Wild Strike","Body Slam","Clash"],"picked":"SKIP","floor":12},{"not_picked":["Headbutt","Wild Strike"],"picked":"Fire Breathing","floor":14},{"not_picked":["Brutality","Juggernaut"],"picked":"Offering","floor":16},{"not_picked":["Wild Strike","Rage+1"],"picked":"Seeing Red","floor":18},{"not_picked":["Rampage+1","Whirlwind","Iron Wave"],"picked":"SKIP","floor":19},{"not_picked":["Combust+1","Pommel Strike"],"picked":"Inflame+1","floor":20},{"not_picked":["Clash","Rampage","Sword Boomerang"],"picked":"SKIP","floor":24},{"not_picked":["Iron Wave","Wild Strike"],"picked":"Feel No Pain","floor":25},{"not_picked":["Sword Boomerang","Headbutt","Warcry"],"picked":"SKIP","floor":29},{"not_picked":["Clash","Thunderclap"],"picked":"Fiend Fire","floor":31},{"not_picked":["Offering","Double Tap"],"picked":"Reaper","floor":33},{"not_picked":["Warcry","Pommel Strike","Headbutt+1"],"picked":"SKIP","floor":35},{"not_picked":["Warcry+1","Rage+1"],"picked":"Battle Trance+1","floor":44},{"not_picked":["Clothesline","Pommel Strike+1","Heavy Blade+1"],"picked":"SKIP","floor":45},{"not_picked":["Clothesline","Pommel Strike+1","Heavy Blade+1"],"picked":"SKIP","floor":45}],"player_experience":898586,"relics_obtained":[],"event_choices":[{"cards_removed":["Strike_R"],"damage_healed":0,"gold_gain":0,"player_choice":"Card Removal","damage_taken":7,"max_hp_gain":0,"max_hp_loss":0,"event_name":"Golden Wing","floor":2,"gold_loss":0},{"damage_healed":0,"gold_gain":0,"player_choice":"Forge","damage_taken":0,"max_hp_gain":0,"max_hp_loss":0,"event_name":"Accursed Blacksmith","floor":3,"gold_loss":0,"cards_upgraded":["Power Through"]},{"cards_removed":["Strike_R"],"damage_healed":0,"gold_gain":0,"player_choice":"Gave Gold","damage_taken":0,"max_hp_gain":0,"max_hp_loss":0,"event_name":"Beggar","floor":21,"gold_loss":75},{"damage_healed":0,"gold_gain":99,"player_choice":"Stole From Cult","damage_taken":0,"max_hp_gain":0,"max_hp_loss":0,"event_name":"Nest","floor":22,"gold_loss":0},{"damage_healed":26,"gold_gain":0,"player_choice":"Heal","damage_taken":0,"max_hp_gain":0,"max_hp_loss":0,"event_name":"The Library","floor":28,"gold_loss":0},{"damage_healed":0,"gold_gain":0,"player_choice":"Ignored","damage_taken":0,"max_hp_gain":0,"max_hp_loss":0,"event_name":"Tomb of Lord Red Mask","floor":36,"gold_loss":0},{"damage_healed":0,"gold_gain":999,"player_choice":"Gold","damage_taken":0,"max_hp_gain":0,"max_hp_loss":0,"event_name":"MindBloom","floor":37,"gold_loss":0,"cards_obtained":["Normality","Normality"]},{"cards_removed":["Reaper"],"damage_healed":0,"gold_gain":0,"player_choice":"Removed Attack","damage_taken":0,"max_hp_gain":0,"max_hp_loss":0,"event_name":"Falling","floor":47,"gold_loss":0},{"damage_healed":0,"gold_gain":0,"player_choice":"Max HP","damage_taken":0,"max_hp_gain":0,"max_hp_loss":4,"event_name":"Winding Halls","floor":48,"gold_loss":0}],"is_beta":false,"boss_relics":[{"not_picked":["Fusion Hammer","Ectoplasm","Philosopher\u0027s Stone"]},{"not_picked":["Calling Bell","Runic Cube"],"picked":"Black Blood"}],"items_purged_floors":[11,39,41,46],"is_endless":false,"potions_floor_spawned":[1,5,14,19,25,33,44,45],"ascension_level":0}}