{"host":"artti7o26te9gn1a","time":1610065795,"event":{"mods":["AchievementEnabler","BaseMod","Beaked The Cultist","BetterRewards","Downfall","Minty Spire (QoL Compilation)","StSLib","Trackpad"],"gold_per_floor":[119,132,150,75,75,100,100,134,179,57,72,72,99,116,116,188,188,200,200,9,29,29,29,64,64,64,92,92,92,0,17,17,89,89,108,24,37,56,70,100,100,125,125,158,158,183,202,5,5,5,5,5,5,40,40,40],"floor_reached":55,"playtime":2880,"items_purged":["Strike_G","Strike_G+1","Strike_G+1"],"score":2088,"play_id":"d0f91e04-6a30-4ea9-ad6b-2a7d97c1aba0","local_time":"20210108012955","is_ascension_mode":true,"campfire_choices":[{"data":"Crippling Poison","floor":7,"key":"SMITH"},{"floor":15,"key":"REST"},{"floor":23,"key":"REST"},{"floor":25,"key":"RECALL"},{"floor":29,"key":"REST"},{"floor":32,"key":"REST"},{"floor":45,"key":"REST"},{"floor":49,"key":"REST"},{"floor":52,"key":"REST"}],"circlet_count":0,"master_deck":["AscendersBane","Strike_G+1","Defend_G+1","Defend_G+1","Defend_G+1","Defend_G+1","Defend_G+1","Survivor","Neutralize","Deadly Poison","Cloak And Dagger","Dagger Throw","Footwork+1","Noxious Fumes","Crippling Poison+1","Heel Hook","Leg Sweep","Infinite Blades","Blade Dance","Die Die Die","Acrobatics","Night Terror","Backflip","PiercingWail","Malaise","Footwork+1","Catalyst","Bouncing Flask","After Image","Poisoned Stab","expansioncontent:CaCaw","Deadly Poison","Crippling Poison+1","Panache","Well Laid Plans","Escape Plan"],"relics":["Ring of the Snake","TwistedFunnel","trackpad:ByrdCharm","Matryoshka","Blood Vial","Anchor","trackpad:AdjectivePendant","Unceasing Top","Fusion Hammer","Nilry\u0027s Codex","Membership Card","Bronze Scales","trackpad:GuardianSpirit","trackpad:ByrdBGone","Busted Crown","trackpad:BiPhaseBiplane","Bottled Flame","Molten Egg 2","Question Card","Gambling Chip","trackpad:FieryHotPepper","trackpad:ChainingVapors"],"acts_visited":["Exordium","TheCity","TheBeyond","TheEnding"],"potions_floor_usage":[24,33,50,54],"damage_taken":[{"damage":0,"enemies":"Cultist","floor":1,"turns":3},{"damage":0,"enemies":"Jaw Worm","floor":2,"turns":4},{"damage":0,"enemies":"Small Slimes","floor":3,"turns":3},{"damage":8,"enemies":"3 Sentries","floor":6,"turns":9},{"damage":0,"enemies":"Lagavulin","floor":8,"turns":5},{"damage":0,"enemies":"Gremlin Gang","floor":11,"turns":3},{"damage":28,"enemies":"Gremlin Nob","floor":13,"turns":4},{"damage":0,"enemies":"Looter","floor":14,"turns":2},{"damage":22,"enemies":"Slime Boss","floor":16,"turns":8},{"damage":0,"enemies":"3 Byrds","floor":18,"turns":2},{"damage":0,"enemies":"Chosen","floor":21,"turns":5},{"damage":0,"enemies":"Slavers","floor":24,"turns":4},{"damage":18,"enemies":"Book of Stabbing","floor":27,"turns":5},{"damage":0,"enemies":"Shelled Parasite and Fungi","floor":31,"turns":3},{"damage":54,"enemies":"Collector","floor":33,"turns":8},{"damage":0,"enemies":"Orb Walker","floor":35,"turns":4},{"damage":2,"enemies":"3 Darklings","floor":37,"turns":4},{"damage":0,"enemies":"Sphere and 2 Shapes","floor":38,"turns":4},{"damage":0,"enemies":"4 Shapes","floor":39,"turns":5},{"damage":0,"enemies":"Giant Head","floor":40,"turns":7},{"damage":10,"enemies":"Nemesis","floor":42,"turns":7},{"damage":0,"enemies":"beaked:SuperParasite","floor":44,"turns":7},{"damage":0,"enemies":"Mind Bloom Boss Battle","floor":46,"turns":5},{"damage":3,"enemies":"Jaw Worm Horde","floor":47,"turns":2},{"damage":16,"enemies":"Donu and Deca","floor":50,"turns":9},{"damage":33,"enemies":"Shield and Spear","floor":54,"turns":5},{"damage":35,"enemies":"The Heart","floor":55,"turns":3}],"seed_played":"8575441947984849620","potions_obtained":[{"floor":1,"key":"champ:CounterPotion"},{"floor":6,"key":"AttackPotion"},{"floor":8,"key":"sneckomod:MuddlingPotion"},{"floor":14,"key":"Guardian:BlockOnCardUsePotion"},{"floor":37,"key":"PowerPotion"},{"floor":42,"key":"GhostInAJar"}],"is_trial":false,"path_per_floor":["M","M","M","$","?","E","R","E","T","$","M","?","E","M","R","B",null,"M","?","$","M","?","R","E","R","T","E","?","R","$","M","R","B",null,"M","$","M","M","M","E","?","E","T","E","R","?","M","$","R","B",null,"R","$","E","B"],"character_chosen":"THE_SILENT","items_purchased":["TwistedFunnel","Deadly Poison","trackpad:ByrdCharm","Leg Sweep","Infinite Blades","Membership Card","PiercingWail","Catalyst","trackpad:BiPhaseBiplane","Panache","Well Laid Plans"],"campfire_rested":7,"item_purchase_floors":[0,0,0,10,10,20,20,30,36,48,48],"current_hp_per_floor":[59,59,59,59,59,51,51,51,51,51,53,53,27,29,48,28,57,59,38,38,40,40,59,61,61,61,45,45,64,64,66,66,12,53,55,55,55,57,59,61,51,43,43,45,64,66,63,63,66,50,62,66,66,33,0,0],"gold":40,"neow_bonus":"","is_daily":false,"chose_seed":false,"campfire_upgraded":1,"win_rate":0.0,"timestamp":1610065795,"path_taken":["M","M","M","?","?","E","R","E","T","$","?","?","E","M","R","BOSS","M","?","$","M","?","R","E","R","T","E","?","R","$","M","R","BOSS","M","$","M","M","?","E","?","E","T","E","R","?","M","$","R","BOSS","R","$","E","BOSS"],"items_purchased_type":["Relic","Card","Relic","Card","Card","Relic","Card","Card","Relic","Card","Card"],"build_version":"2020-12-22","purchased_purges":3,"victory":false,"max_hp_per_floor":[66,66,66,66,66,66,66,66,66,66,66,66,66,66,66,66,66,66,66,66,66,66,66,66,66,66,66,66,66,66,66,66,66,66,66,66,66,66,66,66,66,66,66,66,66,66,66,66,66,66,66,66,66,66,66,66],"card_choices":[{"not_picked":["Blade Dance","Expertise"],"picked":"Cloak And Dagger","floor":1},{"not_picked":["Blade Dance","Setup"],"picked":"Dagger Throw","floor":2},{"not_picked":["Deadly Poison","Deflect"],"picked":"Footwork","floor":3},{"not_picked":["Caltrops","Deadly Poison"],"picked":"Crippling Poison","floor":6},{"not_picked":["Dagger Throw","Acrobatics"],"picked":"Heel Hook","floor":8},{"not_picked":["Prepared","Bane"],"picked":"Blade Dance","floor":11},{"not_picked":["Dagger Throw","Masterful Stab"],"picked":"Die Die Die","floor":13},{"not_picked":["Slice","Dagger Spray"],"picked":"Acrobatics","floor":14},{"not_picked":["Storm of Steel","Wraith Form v2"],"picked":"Night Terror","floor":16},{"not_picked":["Expertise","Blur"],"picked":"Backflip","floor":18},{"not_picked":["Sucker Punch","Prepared","Quick Slash"],"picked":"SKIP","floor":21},{"not_picked":["Unload","Heel Hook"],"picked":"Malaise","floor":24},{"not_picked":["Catalyst","Deadly Poison"],"picked":"Footwork","floor":27},{"not_picked":["Dagger Spray","Infinite Blades"],"picked":"Bouncing Flask","floor":31},{"not_picked":["Doppelganger","Adrenaline"],"picked":"After Image","floor":33},{"not_picked":["Setup"],"picked":"SKIP","floor":35},{"not_picked":["Underhanded Strike"],"picked":"SKIP","floor":37},{"not_picked":[],"picked":"Poisoned Stab","floor":38},{"not_picked":["Deflect"],"picked":"SKIP","floor":39},{"not_picked":["Quick Slash"],"picked":"SKIP","floor":40},{"not_picked":[],"picked":"expansioncontent:CaCaw","floor":41},{"not_picked":[],"picked":"Deadly Poison","floor":42},{"not_picked":["Terror"],"picked":"Crippling Poison+1","floor":44},{"not_picked":["Distraction+1","Cloak And Dagger"],"picked":"SKIP","floor":47},{"not_picked":["Deadly Poison"],"picked":"Escape Plan","floor":54}],"player_experience":767413,"relics_obtained":[{"floor":6,"key":"Matryoshka"},{"floor":8,"key":"Blood Vial"},{"floor":9,"key":"Anchor"},{"floor":9,"key":"trackpad:AdjectivePendant"},{"floor":13,"key":"Unceasing Top"},{"floor":19,"key":"Nilry\u0027s Codex"},{"floor":24,"key":"Bronze Scales"},{"floor":26,"key":"trackpad:GuardianSpirit"},{"floor":27,"key":"trackpad:ByrdBGone"},{"floor":40,"key":"Bottled Flame"},{"floor":42,"key":"Molten Egg 2"},{"floor":43,"key":"Question Card"},{"floor":44,"key":"Gambling Chip"},{"floor":46,"key":"trackpad:FieryHotPepper"},{"floor":54,"key":"trackpad:ChainingVapors"}],"event_choices":[{"damage_healed":0,"gold_gain":0,"cards_transformed":["Strike_G"],"player_choice":"Transformed","damage_taken":0,"max_hp_gain":0,"max_hp_loss":0,"event_name":"Transmorgrifier","floor":5,"gold_loss":0,"cards_obtained":["Noxious Fumes"]},{"damage_healed":0,"gold_gain":0,"player_choice":"Grow","damage_taken":0,"max_hp_gain":0,"max_hp_loss":0,"event_name":"Living Wall","floor":12,"gold_loss":0,"cards_upgraded":["Footwork"]},{"damage_healed":0,"gold_gain":0,"player_choice":"Obtained Book","damage_taken":21,"max_hp_gain":0,"max_hp_loss":0,"event_name":"Cursed Tome","floor":19,"gold_loss":0},{"damage_healed":0,"gold_gain":0,"player_choice":"Simplicity","damage_taken":0,"max_hp_gain":0,"max_hp_loss":0,"event_name":"Back to Basics","floor":22,"gold_loss":0,"cards_upgraded":["Strike_G","Strike_G","Strike_G","Defend_G","Defend_G","Defend_G","Defend_G","Defend_G"]},{"damage_healed":0,"gold_gain":0,"player_choice":"Upgraded","damage_taken":0,"max_hp_gain":0,"max_hp_loss":0,"event_name":"Upgrade Shrine","floor":28,"gold_loss":0,"cards_upgraded":["Footwork"]},{"damage_healed":0,"gold_gain":0,"player_choice":"Memory 3","damage_taken":10,"max_hp_gain":0,"max_hp_loss":0,"event_name":"SensoryStone","floor":41,"gold_loss":0},{"damage_healed":0,"gold_gain":0,"player_choice":"Fight","damage_taken":0,"max_hp_gain":0,"max_hp_loss":0,"event_name":"MindBloom","floor":46,"gold_loss":0}],"is_beta":false,"boss_relics":[{"not_picked":["trackpad:StolenKidneys","Pandora\u0027s Box"],"picked":"Fusion Hammer"},{"not_picked":["Ring of the Serpent","Empty Cage"],"picked":"Busted Crown"}],"items_purged_floors":[4,30,48],"is_endless":false,"potions_floor_spawned":[1,6,8,13,14,18,31,37,40,42,47],"killed_by":"The Heart","ascension_level":18}}