{"host":"mruvby243fwgm3bp","time":1610095680,"event":{"mods":["AchievementEnabler","BaseMod","Colored Map","Colored Powertips","Minty Spire (QoL Compilation)","Permanent Neow","Random Character Button","StSLib"],"gold_per_floor":[109,109,109,121,139,139,155,155,155,172,172,15,72,23,23,127,127,141,141,141,141,42,42,54,54,54],"floor_reached":25,"playtime":1113,"items_purged":[],"score":246,"play_id":"36412e59-a484-46ee-ad41-afe9d18cad10","local_time":"20210108004800","is_ascension_mode":true,"campfire_choices":[{"data":"Armaments","floor":6,"key":"SMITH"},{"data":"Bash","floor":8,"key":"SMITH"},{"data":"Corruption","floor":15,"key":"SMITH"},{"data":"Disarm","floor":23,"key":"SMITH"}],"circlet_count":0,"master_deck":["Strike_R","Strike_R","Strike_R+1","Strike_R","Defend_R","Defend_R","Bash+1","Disarm+1","Rage+1","Armaments+1","True Grit","Seeing Red","Clothesline+1","Corruption+1","Impervious","Uppercut+1","Flex","Cleave","Shrug It Off","Disarm"],"relics":["Black Blood","Pantograph","MutagenicStrength"],"acts_visited":["Exordium","TheCity"],"potions_floor_usage":[16,16],"damage_taken":[{"damage":3,"enemies":"Small Slimes","floor":1,"turns":4},{"damage":3,"enemies":"2 Louse","floor":4,"turns":3},{"damage":0,"enemies":"Cultist","floor":5,"turns":4},{"damage":20,"enemies":"Large Slime","floor":7,"turns":8},{"damage":6,"enemies":"Looter","floor":10,"turns":4},{"damage":34,"enemies":"Slime Boss","floor":16,"turns":9},{"damage":25,"enemies":"Shell Parasite","floor":18,"turns":8},{"damage":46,"enemies":"3 Byrds","floor":24,"turns":9},{"damage":54,"enemies":"Gremlin Leader","floor":25,"turns":7}],"seed_played":"1039616554673776402","potions_obtained":[{"floor":7,"key":"LiquidMemories"},{"floor":16,"key":"ElixirPotion"}],"is_trial":false,"path_per_floor":["M","?","?","M","M","R","M","R","T","M","?","$","?","$","R","B",null,"M","?","?","?","$","R","M","E"],"character_chosen":"IRONCLAD","items_purchased":["Corruption","PowerPotion","Cleave","Shrug It Off"],"campfire_rested":0,"item_purchase_floors":[12,14,22,22],"current_hp_per_floor":[54,38,38,41,47,47,33,33,33,33,33,33,33,33,33,30,68,55,80,80,80,80,80,46,0,0],"gold":54,"neow_bonus":"TRANSFORM_TWO_CARDS","is_daily":false,"chose_seed":false,"campfire_upgraded":4,"win_rate":0.0,"timestamp":1610095680,"path_taken":["M","?","?","M","M","R","M","R","T","M","?","$","?","$","R","BOSS","M","?","?","?","$","R","?","E"],"items_purchased_type":["Card","Potion","Card","Card"],"build_version":"2020-12-22","purchased_purges":0,"victory":false,"max_hp_per_floor":[80,80,80,80,80,80,80,80,80,80,80,80,80,80,80,80,80,80,80,80,80,80,80,80,80,80],"card_choices":[{"not_picked":["Headbutt","Heavy Blade"],"picked":"Armaments","floor":1},{"not_picked":["Metallicize","Dropkick"],"picked":"True Grit","floor":4},{"not_picked":["Clothesline","Sword Boomerang"],"picked":"Seeing Red","floor":5},{"not_picked":["Thunderclap","Flex"],"picked":"Clothesline","floor":7},{"not_picked":["Pommel Strike","Pummel","Twin Strike"],"picked":"SKIP","floor":10},{"not_picked":["Fiend Fire","Offering"],"picked":"Impervious","floor":16},{"not_picked":["Havoc+1","Anger"],"picked":"Uppercut+1","floor":18},{"not_picked":["Wild Strike+1","Perfected Strike"],"picked":"Disarm","floor":24}],"player_experience":391774,"relics_obtained":[{"floor":9,"key":"Pantograph"}],"event_choices":[{"damage_healed":0,"gold_gain":0,"player_choice":"Entered Light","damage_taken":16,"max_hp_gain":0,"max_hp_loss":0,"event_name":"Shining Light","floor":2,"gold_loss":0,"cards_upgraded":["Strike_R","Rage"]},{"damage_healed":0,"gold_gain":0,"player_choice":"Ignored","damage_taken":0,"max_hp_gain":0,"max_hp_loss":0,"event_name":"Liars Game","floor":3,"gold_loss":0},{"damage_healed":0,"gold_gain":0,"player_choice":"Grow","damage_taken":0,"max_hp_gain":0,"max_hp_loss":0,"event_name":"Living Wall","floor":11,"gold_loss":0,"cards_upgraded":["Clothesline"]},{"damage_healed":0,"gold_gain":57,"player_choice":"Gained Gold","damage_taken":0,"max_hp_gain":0,"max_hp_loss":0,"event_name":"Golden Wing","floor":13,"gold_loss":0},{"damage_healed":26,"gold_gain":0,"player_choice":"Heal","damage_taken":0,"max_hp_gain":0,"max_hp_loss":0,"event_name":"The Library","floor":19,"gold_loss":0},{"damage_healed":0,"gold_gain":0,"player_choice":"Inject Mutagens","damage_taken":0,"relics_obtained":["MutagenicStrength"],"max_hp_gain":0,"max_hp_loss":0,"event_name":"Drug Dealer","floor":20,"gold_loss":0},{"damage_healed":0,"gold_gain":0,"cards_transformed":["Strike_R"],"player_choice":"Transformed","damage_taken":0,"max_hp_gain":0,"max_hp_loss":0,"event_name":"Transmorgrifier","floor":21,"gold_loss":0,"cards_obtained":["Flex"]}],"is_beta":false,"boss_relics":[{"not_picked":["Philosopher\u0027s Stone","Fusion Hammer"],"picked":"Black Blood"}],"items_purged_floors":[],"is_endless":false,"potions_floor_spawned":[7,16],"killed_by":"Gremlin Leader","ascension_level":6}}