{"host":"r2xhbz7xmd090pnn","time":1610107850,"event":{"mods":["AchievementEnabler","BaseMod","Card Forge","Minty Spire (QoL Compilation)","Replay The Spire","StSLib","SuperFastMode"],"gold_per_floor":[118,225,245,261,272,305,305,318,318,329,279,312,312,346,346,449,449,465,388,401,8,107,107,123,150,204,204,54,70,70,70,70,172,172,192,210,223,233,246,275,275,301,301,301,317,592,612,631,631,631,631],"floor_reached":50,"playtime":878,"items_purged":[],"score":800,"play_id":"1adaae4a-2d7b-4fce-92cd-174fc192f88f","local_time":"20210108041050","is_ascension_mode":true,"campfire_choices":[{"floor":7,"key":"REST"},{"floor":13,"key":"REST"},{"floor":15,"key":"REST"},{"floor":23,"key":"REST"},{"floor":27,"key":"REST"},{"floor":44,"key":"REST"},{"floor":49,"key":"DIG"}],"circlet_count":0,"master_deck":["Bash+1","Cleave+1","Flex+1","Dropkick+1","Offering+1","Whirlwind+1","Pommel Strike+1","Cleave+1","Spot Weakness+1","Inflame+1","Pot Of Greed","Run Through+1","Pot Of Greed","Twin Strike+1"],"relics":["Burning Blood","Hammer of Thor","Seething Fire","Anvil of the Gods","Pet Ghost","ReplayTheSpireMod:TigerMarble","ReplayTheSpireMod:Ninjato","Matryoshka","Replay:Accelerometer","Potion Belt","Painkiller Herb","Brimstone","Kunai","ReplayFunnel","Chameleon Ring","Pen Nib","Boot","Nilry\u0027s Codex","Ring of Chaos","MealTicket","Grinning Jar","Dream Catcher","Snack Pack","Bag of Preparation"],"acts_visited":["Exordium","TheCity","TheBeyond"],"potions_floor_usage":[12,16,33,33,50],"damage_taken":[{"damage":14,"enemies":"2 Louse","floor":1,"turns":2},{"damage":4,"enemies":"Jaw Worm","floor":3,"turns":2},{"damage":0,"enemies":"Small Slimes","floor":4,"turns":2},{"damage":0,"enemies":"3 Louse","floor":5,"turns":2},{"damage":20,"enemies":"3 Sentries","floor":6,"turns":4},{"damage":0,"enemies":"2 Fungi Beasts","floor":8,"turns":1},{"damage":0,"enemies":"Red Slaver","floor":10,"turns":1},{"damage":0,"enemies":"Lagavulin","floor":12,"turns":2},{"damage":11,"enemies":"Replay:BlueRogue","floor":14,"turns":3},{"damage":30,"enemies":"Slime Boss","floor":16,"turns":5},{"damage":6,"enemies":"Shell Parasite","floor":18,"turns":1},{"damage":0,"enemies":"3 Byrds","floor":20,"turns":3},{"damage":6,"enemies":"Snake Plant","floor":24,"turns":1},{"damage":6,"enemies":"Replay:Snechameleon","floor":25,"turns":1},{"damage":20,"enemies":"Cultist and Chosen","floor":29,"turns":2},{"damage":7,"enemies":"Champ","floor":33,"turns":2},{"damage":25,"enemies":"3 Shapes","floor":35,"turns":1},{"damage":6,"enemies":"Orb Walker","floor":36,"turns":1},{"damage":6,"enemies":"Jaw Worm Horde","floor":37,"turns":1},{"damage":18,"enemies":"4 Shapes","floor":38,"turns":1},{"damage":9,"enemies":"Maw","floor":39,"turns":3},{"damage":6,"enemies":"R_Hoarder","floor":40,"turns":2},{"damage":15,"enemies":"Giant Head","floor":42,"turns":3},{"damage":6,"enemies":"Transient","floor":45,"turns":5},{"damage":0,"enemies":"Jaw Worm Horde","floor":47,"turns":1},{"damage":36,"enemies":"Sphere and 2 Shapes","floor":48,"turns":2},{"damage":66,"enemies":"Replay:Hell Engine","floor":50,"turns":2}],"seed_played":"6455906363493821765","potions_obtained":[{"floor":3,"key":"PowerPotion"},{"floor":6,"key":"Energy Potion"},{"floor":8,"key":"SpeedPotion"},{"floor":14,"key":"SpeedPotion"},{"floor":20,"key":"LiquidBronze"},{"floor":24,"key":"Block Potion"},{"floor":32,"key":"SpeedPotion"},{"floor":36,"key":"Dexterity Potion"},{"floor":41,"key":"AttackPotion"}],"is_trial":false,"path_per_floor":["M","?","M","M","M","E","R","M","T","M","?","E","R","E","R","B",null,"?","T","?","T","?","T","?","E","T","T","T","?","?","?","T","B",null,"?","?","?","?","?","E","T","E","T","T","?","?","?","?","T","B"],"character_chosen":"IRONCLAD","items_purchased":["Whirlwind","Brimstone","Kunai","Boot"],"campfire_rested":6,"item_purchase_floors":[19,21,21,28],"current_hp_per_floor":[72,72,74,80,80,66,80,80,80,80,80,83,83,82,83,59,83,83,83,83,83,83,83,83,83,83,83,83,69,53,53,53,52,83,64,64,64,52,49,49,49,40,40,64,68,68,74,46,46,0,0],"gold":631,"neow_bonus":"RANDOM_EVENT","is_daily":false,"chose_seed":false,"campfire_upgraded":0,"win_rate":0.0,"timestamp":1610107850,"path_taken":["M","?","M","M","M","E","R","M","T","M","?","E","R","E","R","BOSS","?","T","?","T","?","T","?","E","T","T","T","?","?","?","T","BOSS","?","?","?","?","?","E","T","E","T","T","?","?","?","?","T","BOSS"],"items_purchased_type":["Card","Relic","Relic","Relic"],"build_version":"2020-12-22","purchased_purges":0,"victory":false,"max_hp_per_floor":[80,80,80,80,80,80,80,80,80,80,80,83,83,83,83,83,83,83,83,83,83,83,83,83,83,83,83,83,83,83,83,83,83,83,83,83,83,83,83,83,83,83,83,83,83,83,83,83,83,83,83],"card_choices":[{"not_picked":["Perfected Strike","Bloodletting"],"picked":"Cleave","floor":1},{"not_picked":["ReplayTheSpireMod:Limb From Limb","Battle Trance"],"picked":"Armaments","floor":2},{"not_picked":["Iron Wave","Twin Strike"],"picked":"Heavy Blade","floor":2},{"not_picked":["True Grit","Disarm"],"picked":"Body Slam","floor":3},{"not_picked":["Blood for Blood","Replay:Undeath\u0027s Touch","Sever Soul"],"picked":"SKIP","floor":4},{"not_picked":["Twin Strike","Body Slam"],"picked":"Flex","floor":5},{"not_picked":["Perfected Strike","Metallicize","Clash"],"picked":"SKIP","floor":6},{"not_picked":["Power Through","Heavy Blade"],"picked":"Dropkick","floor":8},{"not_picked":["Disarm","Body Slam","Twin Strike"],"picked":"SKIP","floor":10},{"not_picked":["Sword Boomerang","Replay:Undeath\u0027s Touch","Bludgeon"],"picked":"SKIP","floor":12},{"not_picked":["Sword Boomerang","Perfected Strike","Sever Soul"],"picked":"SKIP","floor":14},{"not_picked":["Barricade","Exhume"],"picked":"Offering","floor":16},{"not_picked":["Perfected Strike+1","Iron Wave+1"],"picked":"ReplayTheSpireMod:Limb From Limb+1","floor":18},{"not_picked":["Disarm","Evolve+1"],"picked":"Pommel Strike","floor":20},{"not_picked":["Replay:Undeath\u0027s Touch","Clash+1"],"picked":"Cleave+1","floor":24},{"not_picked":["Anger","Evolve+1"],"picked":"Spot Weakness","floor":25},{"not_picked":["Ghostly Armor","Metallicize+1","Warcry+1"],"picked":"SKIP","floor":29},{"not_picked":["Demon Form","Replay:Many Hands"],"picked":"Brutality","floor":33},{"not_picked":["Body Slam+1","Infernal Blade+1","Cleave+1"],"picked":"SKIP","floor":35},{"not_picked":["Ghostly Armor+1","Flex","ReplayReversal"],"picked":"SKIP","floor":36},{"not_picked":["Warcry","Reckless Charge+1"],"picked":"Inflame+1","floor":37},{"not_picked":["Rage+1","True Grit+1","Evolve"],"picked":"SKIP","floor":38},{"not_picked":["Iron Wave+1","Disarm","Warcry"],"picked":"SKIP","floor":39},{"not_picked":["Replay:Many Hands","Armaments","Body Slam"],"picked":"SKIP","floor":40},{"not_picked":["Pummel","Dropkick","Hemogenesis"],"picked":"SKIP","floor":42},{"not_picked":["Carnage","Twin Strike+1"],"picked":"Run Through+1","floor":45},{"not_picked":["Clash","Replay:Undeath\u0027s Touch+1"],"picked":"Twin Strike+1","floor":47},{"not_picked":["ReplayTheSpireMod:Limb From Limb","Flex","Warcry"],"picked":"SKIP","floor":48}],"player_experience":5253,"relics_obtained":[{"floor":2,"key":"ReplayTheSpireMod:TigerMarble"},{"floor":6,"key":"ReplayTheSpireMod:Ninjato"},{"floor":9,"key":"Matryoshka"},{"floor":12,"key":"Replay:Accelerometer"},{"floor":14,"key":"Potion Belt"},{"floor":25,"key":"ReplayFunnel"},{"floor":26,"key":"Chameleon Ring"},{"floor":26,"key":"Pen Nib"},{"floor":30,"key":"Nilry\u0027s Codex"},{"floor":40,"key":"MealTicket"},{"floor":42,"key":"Grinning Jar"},{"floor":43,"key":"Dream Catcher"},{"floor":43,"key":"Snack Pack"},{"floor":49,"key":"Bag of Preparation"}],"event_choices":[{"damage_healed":0,"gold_gain":0,"player_choice":"Box","damage_taken":0,"relics_obtained":["Pet Ghost"],"max_hp_gain":0,"max_hp_loss":0,"event_name":"Big Fish","floor":0,"gold_loss":0,"cards_obtained":["Regret"]},{"cards_removed":["Strike_R"],"damage_healed":0,"gold_gain":0,"player_choice":"Card Removal","damage_taken":0,"max_hp_gain":0,"max_hp_loss":0,"event_name":"The Cleric","floor":11,"gold_loss":50},{"damage_healed":0,"gold_gain":99,"player_choice":"Stole From Cult","damage_taken":0,"max_hp_gain":0,"max_hp_loss":0,"event_name":"Nest","floor":22,"gold_loss":0},{"damage_healed":0,"gold_gain":0,"player_choice":"Obtained Book","damage_taken":16,"max_hp_gain":0,"max_hp_loss":0,"event_name":"Cursed Tome","floor":30,"gold_loss":0},{"cards_removed":["ReplayTheSpireMod:Limb From Limb"],"damage_healed":0,"gold_gain":0,"player_choice":"Elegance","damage_taken":0,"max_hp_gain":0,"max_hp_loss":0,"event_name":"Back to Basics","floor":31,"gold_loss":0},{"damage_healed":0,"gold_gain":275,"player_choice":"Desecrate","damage_taken":0,"max_hp_gain":0,"max_hp_loss":0,"event_name":"Golden Shrine","floor":46,"gold_loss":0,"cards_obtained":["Regret"]}],"is_beta":false,"boss_relics":[{"not_picked":["Electric Blood","ChewingGum"],"picked":"Painkiller Herb"},{"not_picked":["Replay:Drink Me","Honey Jar"],"picked":"Ring of Chaos"}],"items_purged_floors":[],"is_endless":false,"potions_floor_spawned":[3,6,8,10,14,20,24,36,45,47,48],"killed_by":"Replay:Hell Engine","ascension_level":4}}