{"host":"kfzb6d1vwx0oeud7","time":1610083956,"event":{"mods":["BaseMod","Colored Map","Colored Powertips","Downfall","Infinite Spire","Marisa????????","Minty Spire (QoL Compilation)","Remilia??????","Replay The Spire","StSLib","The Cursed","The Disciple","The Servant 0.9.4"],"gold_per_floor":[114,114,9,28,28,59,75,75,98,21,21,41,54,54,54,152,152,167,437,457,45,59,59,59,78,104,114,114,35,35,55,55,153,153,189,229,279,342,354,366,454,535,547,640,726,847,859,36,36,62],"floor_reached":51,"playtime":10622,"items_purged":["Looming Evil","sneckomod:Bewildered"],"score":734,"play_id":"6d3b1cb3-173e-4073-bb12-ec924066a220","local_time":"20210108003236","is_ascension_mode":false,"campfire_choices":[{"data":"UltimateShortwave","floor":8,"key":"SMITH"},{"floor":11,"key":"REST"},{"data":"SporeBomb","floor":15,"key":"SMITH"},{"floor":23,"key":"REST"},{"floor":28,"key":"REST"},{"floor":30,"key":"REST"},{"floor":32,"key":"REST"},{"data":"ReplayTheSpireMod:??????????????????????","floor":40,"key":"SMITH"},{"floor":49,"key":"REST"}],"circlet_count":0,"master_deck":["Strike_MRS","Strike_MRS","Strike_MRS","Strike_MRS","Defend_MRS","Defend_MRS","Defend_MRS","Defend_MRS","UpSweep+1","IllusionStar","Singularity+1","DC","AsteroidBelt","UltimateShortwave+1","PulseMagic","OrrerysSun","SporeBomb+1","WitchLeyline","IllusionStar","Neutralize","MaximisePower","GrandCross","EnergyFlow","ShootTheMoon","Replay:SS_hec_4+1","SporeBomb","SporeBomb","StarlightTyphoon+1","Shame","ReplayTheSpireMod:??????????????????????+1","DC+1","FairyDestructionRay+1","NonDirectionalLaser+1","JA","SwitchThreat","Clumsy","Languid","DarkMatter+1","NonDirectionalLaser+1","Voices","MilkyWay+1","Madness","Madness","ChargeUpSpray+1","GasGiant","Replay:UnknownCurse","StarBarrage+1","sneckomod:Bewildered","Singularity","AbsoluteMagnitude","infinitespire:Pacifist","Decay","CasketOfStar","EnergyFlow","GrandCross","DoubleSpark+1","OortCloud+1","MillisecondPulsars"],"relics":["Blue Doll","m_TsuchinokoRing","ChewingGum","HandDrill","Replay:Rubber Ducky","Omamori","ReplayTheSpireMod:CursedCoin","Blood Vial","infinitespire:EvilPickle","Replay:Ancient Bell","Replay:Bandana","AmplifyWand","SproutingBranch","Ring of Greed","ReplayTheSpireMod:Ring of Collecting","MawBank","Replay:Wax Seal","AntiCross","Ring of Hypnosis","Pear","Pet Ghost","infinitespire:Satchel","Turnip","Orrery"],"acts_visited":["Exordium","TheCity","TheBeyond"],"potions_floor_usage":[6,6,18,25,33,33,38,46,46,46,46,46,50,50],"damage_taken":[{"damage":0,"enemies":"2 Louse","floor":1,"turns":2},{"damage":6,"enemies":"Jaw Worm","floor":4,"turns":3},{"damage":13,"enemies":"Gremlin Nob","floor":6,"turns":4},{"damage":6,"enemies":"Cultist","floor":7,"turns":4},{"damage":5,"enemies":"Large Slime","floor":12,"turns":4},{"damage":4,"enemies":"Blue Slaver","floor":13,"turns":4},{"damage":13,"enemies":"Slime Boss","floor":16,"turns":6},{"damage":4,"enemies":"Shell Parasite","floor":18,"turns":5},{"damage":26,"enemies":"3 Byrds","floor":20,"turns":6},{"damage":5,"enemies":"Snecko","floor":22,"turns":3},{"damage":12,"enemies":"Centurion and Healer","floor":25,"turns":6},{"damage":9,"enemies":"Sentry and Sphere","floor":27,"turns":3},{"damage":14,"enemies":"Snecko","floor":31,"turns":3},{"damage":22,"enemies":"Pondfish","floor":33,"turns":10},{"damage":13,"enemies":"Orb Walker","floor":35,"turns":4},{"damage":0,"enemies":"3 Shapes","floor":36,"turns":4},{"damage":12,"enemies":"Jaw Worm Horde","floor":38,"turns":5},{"damage":48,"enemies":"Giant Head","floor":41,"turns":9},{"damage":4,"enemies":"4 Shapes","floor":42,"turns":3},{"damage":0,"enemies":"Sphere and 2 Shapes","floor":44,"turns":3},{"damage":184,"enemies":"Spire Growth","floor":45,"turns":2},{"damage":11,"enemies":"Reptomancer","floor":46,"turns":3},{"damage":37,"enemies":"Donu and Deca","floor":50,"turns":4}],"seed_played":"8342369319349085547","potions_obtained":[{"floor":4,"key":"Reflective Coating"},{"floor":5,"key":"LifebloodPotion"},{"floor":5,"key":"FairyPotion"},{"floor":5,"key":"BottledSpark"},{"floor":7,"key":"EssenceOfSteel"},{"floor":16,"key":"Energy Potion"},{"floor":20,"key":"Fire Potion"},{"floor":25,"key":"Guardian:BlockOnCardUsePotion"},{"floor":35,"key":"ColorlessPotion"},{"floor":36,"key":"EntropicBrew"},{"floor":38,"key":"Explosive Potion"},{"floor":41,"key":"SpeedPotion"}],"is_trial":false,"path_per_floor":["M","?","$","M","?","E","M","R","T","$","R","M","M","?","R","B",null,"M","?","M","$","M","R","?","M","T","M","R","$","R","M","R","B",null,"M","M","?","M","?","R","E","M","T","M","M","E","?","$","R","B",null],"character_chosen":"MARISA","items_purchased":["Singularity+1","DC","OrrerysSun","SporeBomb","HandDrill","Replay:Rubber Ducky","ShootTheMoon","Replay:SS_hec_4+1","SporeBomb","ReplayTheSpireMod:CursedCoin","Blood Vial","infinitespire:Satchel","Turnip","CasketOfStar","DistilledChaos","Orrery"],"campfire_rested":6,"item_purchase_floors":[3,3,10,10,21,21,21,21,21,29,29,48,48,48,48,48],"current_hp_per_floor":[82,82,82,76,76,63,57,57,57,57,81,76,72,72,72,59,82,78,51,25,25,20,44,44,32,32,23,47,47,71,59,82,60,82,75,82,82,77,67,67,36,46,56,67,32,32,32,32,59,36],"gold":62,"neow_bonus":"TEN_PERCENT_HP_BONUS","is_daily":false,"chose_seed":false,"campfire_upgraded":3,"win_rate":0.0,"timestamp":1610083956,"path_taken":["M","?","$","M","?","E","M","R","T","$","R","M","?","?","R","BOSS","M","?","?","?","M","R","?","M","T","M","R","$","R","M","R","BOSS","M","M","?","M","?","R","E","M","T","M","M","E","?","$","R","BOSS"],"items_purchased_type":["Card","Card","Card","Card","Relic","Relic","Card","Card","Card","Relic","Relic","Relic","Relic","Card","Potion","Relic"],"build_version":"2020-12-22","purchased_purges":2,"victory":true,"max_hp_per_floor":[82,82,82,82,82,82,82,82,82,82,82,82,82,82,82,82,82,82,82,82,82,82,82,82,82,82,82,82,82,82,82,82,82,82,82,82,82,82,82,82,82,82,92,92,92,92,92,92,92,92],"card_choices":[{"not_picked":["BlazeAway","ChargingUp"],"picked":"IllusionStar","floor":1},{"not_picked":["NonDirectionalLaser","PowerUp"],"picked":"AsteroidBelt","floor":4},{"not_picked":["AsteroidBelt","OortCloud"],"picked":"UltimateShortwave","floor":6},{"not_picked":["SprinkleStarSeal","DoubleSpark"],"picked":"PulseMagic","floor":7},{"not_picked":["ManaConvection","Acceleration"],"picked":"WitchLeyline","floor":12},{"not_picked":["SporeBomb","Acceleration"],"picked":"IllusionStar","floor":13},{"not_picked":["CasketOfStar","Night Terror"],"picked":"MaximisePower","floor":16},{"not_picked":["NonDirectionalLaser","Occultation"],"picked":"GrandCross","floor":18},{"not_picked":["6A","SporeBomb"],"picked":"EnergyFlow","floor":20},{"not_picked":["Robbery","OrrerysSun"],"picked":"StarlightTyphoon+1","floor":22},{"not_picked":["infinitespire:Execution","infinitespire:SealOfDarkness+"],"picked":"ReplayTheSpireMod:??????????????????????","floor":24},{"not_picked":["WitchOfGreed+1","ShootingEcho+1"],"picked":"DC+1","floor":25},{"not_picked":["GalacticHalo","ManaConvection"],"picked":"FairyDestructionRay+1","floor":27},{"not_picked":["IllusionStar","DarkSpark+1"],"picked":"NonDirectionalLaser+1","floor":31},{"not_picked":["BlazingStar","SatelliteIllusion"],"picked":"JA","floor":33},{"not_picked":["Wraith","Voices"],"picked":"SwitchThreat","floor":34},{"not_picked":["Greed_TH","ReplayTheSpireMod:Restless Dread"],"picked":"Clumsy","floor":34},{"not_picked":["Lust_TH","Guardian:Aged"],"picked":"Languid","floor":34},{"not_picked":["RefractionSpark+1","GrandCross"],"picked":"DarkMatter+1","floor":35},{"not_picked":["DC","OpenUniverse+1"],"picked":"NonDirectionalLaser+1","floor":36},{"not_picked":["WitchLeyline+1","OrrerysSun"],"picked":"MilkyWay+1","floor":38},{"not_picked":["Robbery+1","WitchOfGreed"],"picked":"ChargeUpSpray+1","floor":41},{"not_picked":["CollectingQuirk","IllusionStar"],"picked":"GasGiant","floor":42},{"not_picked":["GravityBeat","6A+1"],"picked":"StarBarrage+1","floor":44},{"not_picked":["DC","SporeBomb+1"],"picked":"Singularity","floor":45},{"not_picked":["SporeBomb","MagicAbsorber"],"picked":"AbsoluteMagnitude","floor":46},{"not_picked":["StarBarrage","MeteoricShower"],"picked":"EnergyFlow","floor":48},{"not_picked":["WitchOfGreed+1","Acceleration"],"picked":"GrandCross","floor":48},{"not_picked":["WitchOfGreed+1","GrandCross+1"],"picked":"DoubleSpark+1","floor":48},{"not_picked":["StarlightTyphoon","ChargingUp+1"],"picked":"OortCloud+1","floor":48},{"not_picked":["DeepEcoloBomb","6A"],"picked":"MillisecondPulsars","floor":48}],"player_experience":394482,"relics_obtained":[{"floor":6,"key":"Blue Doll"},{"floor":26,"key":"Omamori"},{"floor":37,"key":"Ring of Greed"},{"floor":37,"key":"ReplayTheSpireMod:Ring of Collecting"},{"floor":37,"key":"MawBank"},{"floor":37,"key":"Replay:Wax Seal"},{"floor":41,"key":"AntiCross"},{"floor":43,"key":"Ring of Hypnosis"},{"floor":43,"key":"Pear"},{"floor":46,"key":"Pet Ghost"}],"event_choices":[{"damage_healed":0,"gold_gain":0,"player_choice":"Got Potions","damage_taken":0,"max_hp_gain":0,"max_hp_loss":0,"event_name":"Lab","floor":5,"gold_loss":0},{"damage_healed":0,"gold_gain":270,"player_choice":"GOLD GOLD GOLD ","damage_taken":27,"max_hp_gain":0,"max_hp_loss":0,"event_name":"Knowing Skull","floor":19,"potions_obtained":[],"gold_loss":0,"cards_obtained":[]},{"damage_healed":0,"gold_gain":0,"player_choice":"Embrace Madness","damage_taken":10,"max_hp_gain":0,"max_hp_loss":0,"event_name":"Winding Halls","floor":39,"gold_loss":0,"cards_obtained":["Madness","Madness"]},{"damage_healed":0,"gold_gain":0,"player_choice":"Cursed","damage_taken":0,"max_hp_gain":0,"max_hp_loss":0,"event_name":"Wheel of Change","floor":47,"gold_loss":0,"cards_obtained":["Decay"]}],"is_beta":false,"boss_relics":[{"not_picked":["Fusion Hammer","Astrolabe"],"picked":"ChewingGum"},{"not_picked":["Replay:Grab Bag","Busted Crown"],"picked":"Replay:Ancient Bell"},{"not_picked":["ReplayTheSpireMod:TigerMarble","Juzu Bracelet"],"picked":"Replay:Bandana"},{"not_picked":["StrikeDummy","Replay:Bottled Flurry"],"picked":"AmplifyWand"},{"not_picked":["Bird Faced Urn","Lizard Tail"],"picked":"SproutingBranch"}],"items_purged_floors":[29,48],"is_endless":false,"potions_floor_spawned":[4,7,16,20,25,35,36,38,41],"ascension_level":0}}