{"host":"6pfj0wha12yu6wq3","time":1610133838,"event":{"mods":["AchievementEnabler","BaseMod","Colored Map","Colored Powertips","Curses Come First","DeckTracker","Filter the Spire","Hermit","Minty Spire (QoL Compilation)","RNG Fix","Relic Sorter","Relic Stats","StSLib","The Cursed","The Disciple","The Marked","UnlockEverythingMod","Waifu the Spire","ojb\u0027s Better Paths Mod","ojb\u0027s Info Mod"],"gold_per_floor":[361,436,449,466,205,238,238,238,238],"floor_reached":8,"playtime":344,"items_purged":["Regret"],"score":162,"play_id":"f78577d6-b560-4b37-8e31-2be9c1d0106b","local_time":"20210108142358","is_ascension_mode":true,"campfire_choices":[],"circlet_count":0,"master_deck":["AscendersBane","Strike_G","Strike_G","Strike_G","Strike_G","Strike_G","Defend_G","Defend_G","Defend_G","Defend_G","Defend_G","Survivor","Neutralize","Underhanded Strike","Footwork","Venomology","The Bomb","Backflip"],"relics":["Ring of the Snake","Juzu Bracelet","Snake Skull"],"acts_visited":["Exordium"],"potions_floor_usage":[8,8,8],"damage_taken":[{"damage":0.0,"enemies":"Small Slimes","floor":1.0,"turns":4.0},{"damage":3.0,"enemies":"2 Louse","floor":3.0,"turns":3.0},{"damage":14.0,"enemies":"Jaw Worm","floor":4.0,"turns":6.0},{"damage":0.0,"enemies":"Gremlin Nob","floor":6.0,"turns":3.0},{"damage":31,"enemies":"Lagavulin","floor":8,"turns":7}],"seed_played":"-4940218322614966449","potions_obtained":[{"floor":1.0,"key":"DuplicationPotion"},{"floor":4.0,"key":"Poison Potion"}],"is_trial":false,"path_per_floor":["M","?","M","M","$","E","?","E"],"character_chosen":"THE_SILENT","items_purchased":["The Bomb"],"campfire_rested":0,"item_purchase_floors":[5],"current_hp_per_floor":[59,48,45,31,31,31,31,0,0],"gold":238,"neow_bonus":"TWO_FIFTY_GOLD","is_daily":false,"chose_seed":false,"campfire_upgraded":0,"win_rate":0.0,"timestamp":1610133838,"path_taken":["M","?","M","M","$","E","?","E"],"items_purchased_type":["Card"],"build_version":"2020-12-22","purchased_purges":1,"victory":false,"max_hp_per_floor":[66,66,66,66,66,66,66,66,66],"relic_stats":{"counters":[5,23],"Snake Skull":[2],"Juzu Bracelet":0,"obtain_stats":[{"Snake Skull":7,"Juzu Bracelet":6,"Ring of the Snake":0},{"Snake Skull":4,"Juzu Bracelet":4,"Ring of the Snake":0},{"Snake Skull":16,"Juzu Bracelet":16,"Ring of the Snake":0}],"Ring of the Snake":[10]},"card_choices":[{"not_picked":["Backflip","Bane"],"picked":"Underhanded Strike","floor":1.0},{"not_picked":["Outmaneuver","Deadly Poison"],"picked":"Footwork","floor":3.0},{"not_picked":["All Out Attack","Backflip"],"picked":"Venomology","floor":4.0},{"not_picked":["Sucker Punch","Choke"],"picked":"Backflip","floor":6.0}],"player_experience":125910,"relics_obtained":[{"floor":6.0,"key":"Juzu Bracelet"},{"floor":7.0,"key":"Snake Skull"}],"event_choices":[{"damage_healed":0.0,"max_hp_gain":0.0,"max_hp_loss":0.0,"gold_gain":75.0,"event_name":"World of Goop","player_choice":"Gather Gold","floor":2.0,"gold_loss":0.0,"damage_taken":11.0},{"damage_healed":0.0,"max_hp_gain":0.0,"max_hp_loss":0.0,"gold_gain":0.0,"event_name":"Wheel of Change","player_choice":"Relic","floor":7.0,"gold_loss":0.0,"damage_taken":0.0}],"is_beta":false,"boss_relics":[],"items_purged_floors":[5],"is_endless":false,"potions_floor_spawned":[1,4],"killed_by":"Lagavulin","ascension_level":20}}