{"host":"11728qvdvolffudn","time":1610116809,"event":{"mods":["BaseMod","Block Reminder","Colored Powertips","Curses Come First","Custom Start","Displayed Cursed Tome","Highlight Path","Minty Spire (QoL Compilation)","Permanent Neow","Quick Restart","Rare Cards Sparkle","Relic Stats","StSLib"],"gold_per_floor":[113,113,138,57,57,98,110,135,173,185,218,230,242,275,287,299,299],"floor_reached":16,"playtime":612,"items_purged":[],"score":100,"play_id":"98cb6fc2-3528-40c1-a91a-bb6bffd3710a","local_time":"20210108144009","is_ascension_mode":false,"campfire_choices":[{"floor":7,"key":"REST"},{"data":"Genetic Algorithm","floor":10,"key":"SMITH"},{"data":"Zap","floor":13,"key":"SMITH"},{"data":"Go for the Eyes","floor":15,"key":"SMITH"}],"circlet_count":0,"master_deck":["Strike_B","Strike_B","Strike_B","Defend_B","Defend_B","Defend_B","Defend_B","Zap+1","Dualcast","Genetic Algorithm+1","FTL","Self Repair","Gash","Go for the Eyes+1"],"relics":["Cracked Core","Golden Idol","MawBank","Omamori"],"acts_visited":["Exordium"],"potions_floor_usage":[16,16,16],"damage_taken":[{"damage":5,"enemies":"Jaw Worm","floor":1,"turns":4},{"damage":8,"enemies":"2 Louse","floor":3,"turns":2},{"damage":42,"enemies":"3 Sentries","floor":6,"turns":10},{"damage":1,"enemies":"Cultist","floor":8,"turns":3},{"damage":3,"enemies":"Red Slaver","floor":11,"turns":4},{"damage":1,"enemies":"2 Fungi Beasts","floor":14,"turns":3},{"damage":50,"enemies":"Hexaghost","floor":16,"turns":10}],"seed_played":"-8839126113196319706","potions_obtained":[{"floor":1,"key":"Ancient Potion"},{"floor":3,"key":"Fire Potion"},{"floor":11,"key":"LiquidMemories"}],"is_trial":false,"path_per_floor":["M","?","M","$","?","E","R","M","T","R","M","$","R","M","R","B"],"character_chosen":"DEFECT","items_purchased":["Self Repair"],"campfire_rested":1,"item_purchase_floors":[4],"current_hp_per_floor":[70,52,44,44,44,9,31,37,37,37,41,41,41,47,47,0,0],"gold":299,"neow_bonus":"THREE_CARDS","is_daily":false,"chose_seed":false,"campfire_upgraded":3,"win_rate":0.0,"timestamp":1610116809,"path_taken":["M","?","M","$","?","E","R","M","T","R","?","?","R","M","R","BOSS"],"items_purchased_type":["Card"],"build_version":"2020-12-22","purchased_purges":0,"victory":false,"max_hp_per_floor":[75,75,75,75,75,75,75,75,75,75,75,75,75,75,75,75,75],"relic_stats":{"counters":[7,36],"Golden Idol":24,"MawBank":120,"obtain_stats":[{"Golden Idol":2,"Omamori":9,"Cracked Core":0,"MawBank":6},{"Golden Idol":1,"Omamori":4,"Cracked Core":0,"MawBank":3},{"Golden Idol":4,"Omamori":19,"Cracked Core":0,"MawBank":16}]},"card_choices":[{"not_picked":["BootSequence","Barrage"],"picked":"Genetic Algorithm","floor":0},{"not_picked":["Double Energy","Undo"],"picked":"FTL","floor":1},{"not_picked":["Darkness","Stack","Compile Driver"],"picked":"SKIP","floor":3},{"not_picked":["Hologram","Rip and Tear","Turbo"],"picked":"SKIP","floor":6},{"not_picked":["Steam","Blizzard","Leap"],"picked":"SKIP","floor":8},{"not_picked":["Streamline","Electrodynamics"],"picked":"Gash","floor":11},{"not_picked":["Stack","Static Discharge"],"picked":"Go for the Eyes","floor":14}],"player_experience":94151,"relics_obtained":[{"floor":6,"key":"MawBank"},{"floor":9,"key":"Omamori"}],"event_choices":[{"damage_healed":0,"gold_gain":0,"player_choice":"Take Damage","damage_taken":18,"relics_obtained":["Golden Idol"],"max_hp_gain":0,"max_hp_loss":0,"event_name":"Golden Idol","floor":2,"gold_loss":0},{"cards_removed":["Strike_B"],"damage_healed":0,"gold_gain":0,"player_choice":"Purged","damage_taken":0,"max_hp_gain":0,"max_hp_loss":0,"event_name":"Purifier","floor":5,"gold_loss":0}],"is_beta":false,"boss_relics":[],"items_purged_floors":[],"is_endless":false,"potions_floor_spawned":[1,3,11],"killed_by":"Hexaghost","ascension_level":0}}