{"host":"tw7a6rmo9h75ssrt","time":1610096926,"event":{"mods":["AchievementEnabler","Act Like it!","BaseMod","Colored Map","Highlight Path","Minty Spire (QoL Compilation)","Permanent Neow","Quick Restart","Relic Stats","SuperFastMode"],"gold_per_floor":[110,35,110,110,110,110,110,153,208,158,158,177,177,191,191,191,191],"floor_reached":16,"playtime":341,"items_purged":["Strike_R"],"score":158,"play_id":"751afb93-82d2-4a50-9a24-1c6b42694fef","local_time":"20210108170846","is_ascension_mode":true,"campfire_choices":[{"data":"Searing Blow","floor":6.0,"key":"SMITH"},{"floor":13,"key":"REST"},{"floor":15,"key":"REST"}],"circlet_count":0,"master_deck":["AscendersBane","Strike_R","Defend_R","Defend_R","Defend_R","Defend_R","Bash","Searing Blow+1","Whirlwind"],"relics":["Empty Cage","Ginger","Golden Idol","Happy Flower","Potion Belt"],"acts_visited":["Exordium"],"potions_floor_usage":[16],"damage_taken":[{"damage":11.0,"enemies":"Jaw Worm","floor":1.0,"turns":4.0},{"damage":32,"enemies":"Gremlin Nob","floor":8,"turns":4},{"damage":5,"enemies":"Small Slimes","floor":12,"turns":4},{"damage":2,"enemies":"2 Louse","floor":14,"turns":2},{"damage":41,"enemies":"The Guardian","floor":16,"turns":9}],"seed_played":"2081208223412102455","potions_obtained":[{"floor":12,"key":"Energy Potion"}],"is_trial":false,"path_per_floor":["M","$","?","?","?","R","?","E","T","?","?","M","R","M","R","B"],"character_chosen":"IRONCLAD","items_purchased":[],"campfire_rested":2,"item_purchase_floors":[],"current_hp_per_floor":[61,61,50,43,69,69,69,37,37,37,30,25,49,47,71,30,30],"gold":191,"neow_bonus":"BOSS_RELIC","is_daily":false,"chose_seed":false,"campfire_upgraded":1,"win_rate":0.0,"timestamp":1610096926,"path_taken":["M","$","?","?","?","R","?","E","T","?","?","M","R","M","R","BOSS"],"items_purchased_type":[],"build_version":"2020-12-22","purchased_purges":1,"victory":false,"max_hp_per_floor":[80,80,80,80,80,80,80,80,80,80,80,80,80,80,80,80,80],"relic_stats":{"Happy Flower":[5],"counters":[5,23],"Golden Idol":16,"Ginger":[1],"obtain_stats":[{"Potion Belt":9,"Happy Flower":8,"Golden Idol":7,"Ginger":4,"Empty Cage":0,"Burning Blood":0},{"Potion Belt":2,"Happy Flower":2,"Golden Idol":1,"Ginger":1,"Empty Cage":0,"Burning Blood":0},{"Potion Belt":8,"Happy Flower":8,"Golden Idol":4,"Ginger":4,"Empty Cage":0,"Burning Blood":0}]},"card_choices":[{"not_picked":["Wild Strike","Pommel Strike"],"picked":"Searing Blow","floor":1.0},{"not_picked":["Entrench","Twin Strike","Clash"],"picked":"SKIP","floor":8},{"not_picked":["Disarm","Anger","Heavy Blade"],"picked":"SKIP","floor":12},{"not_picked":["Anger","Bloodletting"],"picked":"Whirlwind","floor":14}],"player_experience":101750,"relics_obtained":[{"floor":8,"key":"Happy Flower"},{"floor":9,"key":"Potion Belt"}],"event_choices":[{"damage_healed":0.0,"max_hp_gain":0.0,"max_hp_loss":0.0,"gold_gain":75.0,"event_name":"World of Goop","player_choice":"Gather Gold","floor":3.0,"gold_loss":0.0,"damage_taken":11.0},{"damage_healed":0.0,"max_hp_gain":0.0,"max_hp_loss":0.0,"gold_gain":0.0,"event_name":"Scrap Ooze","player_choice":"Success","floor":4.0,"gold_loss":0.0,"damage_taken":7.0,"relics_obtained":["Ginger"]},{"damage_healed":26.0,"max_hp_gain":0.0,"max_hp_loss":0.0,"gold_gain":0.0,"event_name":"Big Fish","player_choice":"Banana","floor":5.0,"gold_loss":0.0,"damage_taken":0.0},{"damage_healed":0.0,"max_hp_gain":0.0,"max_hp_loss":0.0,"gold_gain":0.0,"event_name":"Golden Idol","player_choice":"Take Wound","floor":7.0,"gold_loss":0.0,"damage_taken":0.0,"relics_obtained":["Golden Idol"],"cards_obtained":["Injury"]},{"cards_removed":["Injury"],"damage_healed":0,"gold_gain":0,"player_choice":"Card Removal","damage_taken":0,"max_hp_gain":0,"max_hp_loss":0,"event_name":"The Cleric","floor":10,"gold_loss":50},{"cards_removed":["Strike_R"],"damage_healed":0,"gold_gain":0,"player_choice":"Card Removal","damage_taken":7,"max_hp_gain":0,"max_hp_loss":0,"event_name":"Golden Wing","floor":11,"gold_loss":0}],"is_beta":false,"boss_relics":[],"items_purged_floors":[2],"is_endless":false,"potions_floor_spawned":[12],"killed_by":"The Guardian","ascension_level":13}}