{"host":"kncugt8qnf1emsb0","time":1610101056,"event":{"mods":["ATMod(阿瑾Mod)","AchievementEnabler","Act Like it!","BaseMod","Friendly Minions","Lobotomy","LobotomyExtend","Minty Spire (QoL Compilation)","MostiFishMod","Quick Restart","Remilia（蕾米莉亚）","RumiaBox-露米娅的神秘盒子","Shop Mod","StSLib","TestMod","The Marked","【遗物卡牌】REMEMod"],"gold_per_floor":[117,292,292,292,304,332,348,348,348,348,363,137,137,164,164,245,245,257,32,32,47,57,57,72,9,9,9,29,29,29,42,42,143,143,158,176,176,193,7,41,58,22,48,82,101,101,101,1,1,1,1,1,1,35,35,35],"floor_reached":55,"playtime":3120,"items_purged":["Injury","Greed_TH","Defend_RM","HeroicMonk","NothingThere"],"score":860,"play_id":"247ae485-5803-4665-8786-120dd6cc7d28","local_time":"20210108181736","is_ascension_mode":false,"campfire_choices":[{"data":"BloodHunter","floor":10.0,"key":"SMITH"},{"floor":13.0,"key":"RECALL"},{"data":"ScarletShoot","floor":15.0,"key":"SMITH"},{"data":"VampireClaw","floor":23.0,"key":"SMITH"},{"data":"BloodAndWine","floor":30.0,"key":"SMITH"},{"data":"VampireKiss","floor":32.0,"key":"SMITH"},{"floor":49,"key":"REST"},{"floor":52,"key":"REST"}],"circlet_count":0,"master_deck":["Strike_RM+1","Strike_RM+1","Strike_RM+1","Defend_RM+1","Defend_RM+1","Defend_RM+1","RedMoon+1","ScarletShoot+1","theMarked:EternalStudent+1","AT_TinkerSharpsword+1","CrumblingArmor","BombardNight+1","BigBird","DiffusionOfMisfortune+1","BloodHunter+1","Scorched","BloodAndWine+1","Freischutz","VampireClaw+1","GreedKing","BloodySeventeenLaser+1","BloodyCatastrophe+1","Writhe","Writhe","Porccubus","MillenniumVampire+1","VampireKiss+1","EquivalentExchange+1","DespairKnight","QueenOfHatred","HunterOfTheNight+1","BloodyMagicSquare+1","FieryBird","Stigmanizer+1","BloodHunter+1","CherryBlossoms","BloodySeventeenLaser+1","Alriune","BlasphemousPunishment+1"],"relics":["ScarletHat","DaveBox","testmod-TestBox","REME_ComplimentaryCards","DSteel32","testmod-Laevatain","CogitoBucket","SynthV:TestCard","LetterFromLob","MagicDraw4","SynthV:C4","MerchantsRug","testmod-Recursion","Membership Card","AT_SpeedBoots","DaveBox","ArrowTower","AdjustmentMirror","ShadowXiaoBlade","AT_RedNoBalance","Bag of Preparation","Orichalcum","AtMidnight","ChangeAnything","testmod-Charity","ZombieArmy","Juzu Bracelet","HornCleat"],"acts_visited":["Exordium","TheCity","TheBeyond","TheEnding"],"potions_floor_usage":[],"damage_taken":[{"damage":0.0,"enemies":"Small Slimes","floor":1.0,"turns":2.0},{"damage":0.0,"enemies":"Jaw Worm","floor":5.0,"turns":2.0},{"damage":0.0,"enemies":"Gremlin Nob","floor":6.0,"turns":3.0},{"damage":1.0,"enemies":"2 Louse","floor":7.0,"turns":2.0},{"damage":1.0,"enemies":"Looter","floor":11.0,"turns":3.0},{"damage":4.0,"enemies":"Lagavulin","floor":14.0,"turns":3.0},{"damage":25.0,"enemies":"Slime Boss","floor":16.0,"turns":7.0},{"damage":0.0,"enemies":"Shell Parasite","floor":18.0,"turns":1.0},{"damage":0.0,"enemies":"2 Thieves","floor":21.0,"turns":1.0},{"damage":14.0,"enemies":"Snake Plant","floor":22.0,"turns":3.0},{"damage":13.0,"enemies":"Cultist and Chosen","floor":24.0,"turns":3.0},{"damage":0.0,"enemies":"Centurion and Healer","floor":28.0,"turns":1.0},{"damage":18.0,"enemies":"3 Cultists","floor":31.0,"turns":2.0},{"damage":46.0,"enemies":"Collector","floor":33.0,"turns":3.0},{"damage":20.0,"enemies":"Orb Walker","floor":35.0,"turns":2.0},{"damage":33.0,"enemies":"3 Darklings","floor":36.0,"turns":2.0},{"damage":24.0,"enemies":"Writhing Mass","floor":38.0,"turns":2.0},{"damage":4.0,"enemies":"Giant Head","floor":40.0,"turns":1.0},{"damage":85,"enemies":"Maw","floor":41,"turns":3},{"damage":48,"enemies":"Nemesis","floor":44,"turns":2},{"damage":48,"enemies":"Jaw Worm Horde","floor":45,"turns":1},{"damage":139,"enemies":"Time Eater","floor":50,"turns":4},{"damage":89,"enemies":"Shield and Spear","floor":54,"turns":1},{"damage":141,"enemies":"The Heart","floor":55,"turns":2}],"seed_played":"9157011486270504310","potions_obtained":[{"floor":1.0,"key":"Block Potion"},{"floor":6.0,"key":"Fire Potion"},{"floor":11.0,"key":"Block Potion"},{"floor":16.0,"key":"Weak Potion"},{"floor":24.0,"key":"BlessingOfTheForge"},{"floor":38.0,"key":"EssenceOfSteel"},{"floor":41,"key":"SpeedPotion"},{"floor":44,"key":"Ancient Potion"}],"is_trial":false,"path_per_floor":["M","?","T","?","M","E","M","?","T","R","M","$","R","E","R","B",null,"M","$","?","M","M","R","M","$","T","?","M","?","R","M","R","B",null,"M","M","?","M","$","E","M","$","T","E","M","?","?","$","R","B",null,"R","$","E","B"],"character_chosen":"REMILIA","items_purchased":["MerchantsRug","Membership Card","BloodyCatastrophe","Bag of Preparation","testmod-SpacePotion","testmod-Charity","Regen Potion"],"campfire_rested":2,"item_purchase_floors":[12,19,19,39,39,42,48],"current_hp_per_floor":[75,75,75,57,59,61,60,65,65,65,64,54,54,69,69,52,90,90,80,80,84,78,78,70,70,70,70,74,74,74,71,71,52,94,79,73,73,76,76,94,94,94,95,96,65,65,65,66,95,36,98,98,98,33,0,0],"gold":35,"neow_bonus":"","is_daily":false,"chose_seed":false,"campfire_upgraded":5,"win_rate":0.0,"timestamp":1610101056,"path_taken":["M","?","?","?","M","E","?","?","T","R","M","?","R","E","R","BOSS","M","$","?","M","M","R","M","$","T","?","M","?","R","M","R","BOSS","M","M","?","M","$","E","?","$","T","E","M","?","?","?","R","BOSS","R","$","E","BOSS"],"items_purchased_type":["Relic","Relic","Card","Relic","Potion","Relic","Potion"],"build_version":"2020-12-22","purchased_purges":5,"victory":false,"max_hp_per_floor":[75,75,75,75,75,75,75,80,80,80,80,80,80,90,90,90,90,90,90,90,90,90,90,90,90,90,90,90,90,90,90,90,94,94,94,94,94,94,94,94,94,94,95,96,97,97,97,98,98,98,98,98,98,99,99,99],"card_choices":[{"not_picked":["Porccubus","WallGazer"],"picked":"CrumblingArmor","floor":1.0},{"not_picked":["BloodyTrap","HunterOfTheNight"],"picked":"BombardNight","floor":1.0},{"not_picked":["BeautyBeast","MeatLantern"],"picked":"BigBird","floor":5.0},{"not_picked":["MillenniumVampire","StarOfDavid","LeisurelyOfLord","ScarletDevil"],"picked":"DiffusionOfMisfortune","floor":5.0},{"not_picked":["AfternoonTea","BombardNight","TwelveNightmare","ScarletSymphony"],"picked":"BloodHunter","floor":6.0},{"not_picked":["BeautyBeast","BigBadWolf"],"picked":"Scorched","floor":6.0},{"not_picked":["BadLadyScramble","NightDance","VampirishNight","UnstableMagic","VampireKiss"],"picked":"SKIP","floor":7.0},{"not_picked":["EmergencyRegeneration","VampireFantasy","CharismaGuard","ScarletImprint"],"picked":"BloodAndWine","floor":11.0},{"not_picked":["FairyFestival","Bloodbath"],"picked":"Freischutz","floor":11.0},{"not_picked":["VampireSweep","UltimateOffering","ScarletSymphony","MastersStateliness"],"picked":"VampireClaw","floor":14.0},{"not_picked":["DespairKnight","LittlePrince"],"picked":"GreedKing","floor":16.0},{"not_picked":["BloodyHallows","QueenOfMidnight","ForecastOfChange","EquivalentExchange"],"picked":"BloodySeventeenLaser","floor":16.0},{"not_picked":["ScarletDevil","EndlessAdversity","BombardNight","MastersStateliness","GlobalNightmare"],"picked":"SKIP","floor":18.0},{"not_picked":["BadLadyScramble","VampireKiss","BloodyTrap","UnderTheZenith+1","RedRainbow+1"],"picked":"SKIP","floor":21.0},{"not_picked":["UnstableMagic","FavorOfDestiny","VampireClaw","BloodHunter","ScarletCoffin"],"picked":"SKIP","floor":22.0},{"not_picked":["Stigmanizer+1","UltimateOffering","BlasphemousPunishment","MastersStateliness","NightDance"],"picked":"SKIP","floor":24.0},{"not_picked":["PunishingBird","MeatLantern"],"picked":"Porccubus","floor":28.0},{"not_picked":["ScarletDream","CharismaGuard","MastersStateliness","FavorOfDestiny","BloodHunter"],"picked":"SKIP","floor":28.0},{"not_picked":["CherryBlossoms","Alriune"],"picked":"HeroicMonk","floor":31.0},{"not_picked":["ScarletNetherworld+1","CharismaGuard","ScarletImprint","FavorOfDestiny"],"picked":"VampireKiss","floor":31.0},{"not_picked":["Variant","MHz"],"picked":"NothingThere","floor":33.0},{"not_picked":["BloodyCatastrophe","ChaoticDestiny","ScarletCoffin","KillingBlow"],"picked":"EquivalentExchange","floor":33.0},{"not_picked":["Bloodbath","HappyTeddy"],"picked":"DespairKnight","floor":35.0},{"not_picked":["BadLadyScramble+1","GlobalNightmare+1","TwelveNightmare","MiserableFate","ScarletImprint+1"],"picked":"SKIP","floor":35.0},{"not_picked":["BadLadyScramble+1","GlobalNightmare+1","TwelveNightmare","MiserableFate","ScarletImprint+1"],"picked":"SKIP","floor":35.0},{"not_picked":["DreamingCurrent","BlueStar"],"picked":"QueenOfHatred","floor":36.0},{"not_picked":["DiffusionOfMisfortune+1","BombardNight","StarOfDavid","CharismaGuard"],"picked":"HunterOfTheNight+1","floor":36.0},{"not_picked":["NightDance","UnderTheZenith+1","RedRainbow","ScarletSymphony"],"picked":"BloodyMagicSquare","floor":38.0},{"not_picked":["OldLady","Woodsman"],"picked":"FieryBird","floor":40.0},{"not_picked":["BloodySeventeenLaser","Stigmanizer+1","MastersStateliness","UnderTheZenith+1","RedNightlessCastle"],"picked":"SKIP","floor":40.0},{"not_picked":["BloodySeventeenLaser","Stigmanizer+1","MastersStateliness","UnderTheZenith+1","RedNightlessCastle"],"picked":"SKIP","floor":40.0},{"not_picked":["MiserableFate","VampireSweep+1","ForbiddenFruit+1","NightLord+1"],"picked":"Stigmanizer+1","floor":41},{"not_picked":["UnderTheZenith","BloodyMagicSquare","NightDance+1","ScarletImprint"],"picked":"BloodHunter+1","floor":44},{"not_picked":["DreamingCurrent","QueenBee"],"picked":"CherryBlossoms","floor":45},{"not_picked":["RedMagic+1","VampireSweep","EndlessAdversity+1","VampireKiss","RedNightlessCastle"],"picked":"SKIP","floor":45},{"not_picked":["CENSORED","LittlePrince"],"picked":"Alriune","floor":54},{"not_picked":["MiserableFate+1","BloodyTrap","BombardNight+1","VampireKiss"],"picked":"BlasphemousPunishment+1","floor":54}],"player_experience":17838,"relics_obtained":[{"floor":1.0,"key":"SynthV:TestCard"},{"floor":1.0,"key":"LetterFromLob"},{"floor":3.0,"key":"MagicDraw4"},{"floor":6.0,"key":"testmod-OneHitWonder"},{"floor":14.0,"key":"Pear"},{"floor":26.0,"key":"AT_SpeedBoots"},{"floor":40.0,"key":"Orichalcum"},{"floor":41,"key":"AtMidnight"},{"floor":43,"key":"ZombieArmy"},{"floor":44,"key":"Juzu Bracelet"},{"floor":54,"key":"HornCleat"}],"event_choices":[{"damage_healed":0.0,"max_hp_gain":0.0,"max_hp_loss":0.0,"gold_gain":175.0,"event_name":"Liars Game","player_choice":"AGREE","floor":2.0,"gold_loss":0.0,"damage_taken":0.0,"cards_obtained":["Doubt"]},{"damage_healed":0.0,"max_hp_gain":0.0,"max_hp_loss":0.0,"gold_gain":0.0,"event_name":"Scrap Ooze","player_choice":"Success","floor":4.0,"gold_loss":0.0,"damage_taken":18.0,"relics_obtained":["SynthV:C4"]},{"damage_healed":0.0,"max_hp_gain":5.0,"max_hp_loss":0.0,"gold_gain":0.0,"event_name":"Big Fish","player_choice":"Donut","floor":8.0,"gold_loss":0.0,"damage_taken":0.0},{"damage_healed":0.0,"max_hp_gain":0.0,"max_hp_loss":0.0,"gold_gain":0.0,"cards_transformed":["Injury","Doubt"],"event_name":"Drug Dealer","player_choice":"Became Test Subject","floor":20.0,"gold_loss":0.0,"damage_taken":0.0,"cards_obtained":["Writhe","Writhe"]},{"damage_healed":0.0,"max_hp_gain":0.0,"max_hp_loss":0.0,"gold_gain":0.0,"event_name":"给自己的盒子","player_choice":"Swap Relic","floor":27.0,"relics_lost":["AT_ATBox"],"gold_loss":0.0,"damage_taken":0.0,"relics_obtained":["DaveBox"]},{"damage_healed":0.0,"max_hp_gain":0.0,"max_hp_loss":0.0,"gold_gain":0.0,"cards_transformed":["Strike_RM"],"event_name":"Transmorgrifier","player_choice":"Transformed","floor":29.0,"gold_loss":0.0,"damage_taken":0.0,"cards_obtained":["MillenniumVampire"]},{"damage_healed":0.0,"max_hp_gain":0.0,"max_hp_loss":0.0,"gold_gain":0.0,"event_name":"WeMeetAgain","player_choice":"Gave Potion","floor":37.0,"gold_loss":0.0,"damage_taken":0.0,"relics_obtained":["AT_SilverBalance"]},{"damage_healed":0,"gold_gain":0,"player_choice":"Copied","damage_taken":0,"max_hp_gain":0,"max_hp_loss":0,"event_name":"Duplicator","floor":46,"gold_loss":0,"cards_obtained":["BloodySeventeenLaser"]},{"damage_healed":0,"gold_gain":0,"player_choice":"Ignored","damage_taken":0,"max_hp_gain":0,"max_hp_loss":0,"event_name":"SecretPortal","floor":47,"gold_loss":0}],"is_beta":false,"boss_relics":[{"not_picked":["JellyFishMachine","TakeMeEscape"],"picked":"testmod-Recursion"},{"not_picked":["EE1DDrone","testmod-KeyOfTheVoid"],"picked":"ShadowXiaoBlade"}],"items_purged_floors":[12,19,25,39,48],"is_endless":false,"potions_floor_spawned":[1,6,11,16,18,24,38,41,44],"killed_by":"The Heart","ascension_level":0}}