{"host":"avjwtc49fhlk6kym","time":1610148524,"event":{"mods":["AchievementEnabler","BaseMod","Better Match","Better Note","Better Third Choice","Colored Map","Colored Powertips","Displayed Cursed Tome","Highlight Path","Minty Spire (QoL Compilation)","Permanent Neow","Quick Restart","StSLib"],"gold_per_floor":[110,110,123,138,138,163,178,178,178,194,194,209,209,228,228,332,332,346,109,124,124,136,136,168,168,168,186,36,36,48,65,65,164,164,184,204,204,33,46,80,94,94,94,94,113,113,131,131,131],"floor_reached":48,"playtime":2548,"items_purged":["Defend_P"],"score":513,"play_id":"5d03e651-5476-41bc-8899-10941a396a74","local_time":"20210108182844","is_ascension_mode":false,"campfire_choices":[{"floor":8.0,"key":"REST"},{"floor":13.0,"key":"REST"},{"data":"CrushJoints","floor":15.0,"key":"SMITH"},{"floor":23.0,"key":"REST"},{"floor":25.0,"key":"REST"},{"floor":32.0,"key":"REST"},{"floor":42,"key":"REST"},{"floor":44,"key":"REST"}],"circlet_count":0,"master_deck":["Eruption","Vigilance","CrushJoints","Indignation","LikeWater","Wallop","CrushJoints+1","Consecrate","Evaluate","ForeignInfluence","WindmillStrike","MasterReality","PathToVictory+1","BattleHymn+1","Protect","ReachHeaven","LikeWater","Swivel","Wallop","Evaluate+1","ThirdEye","DeusExMachina","SashWhip+1","Scrawl+1","Omniscience+1","Sanctity+1","SashWhip+1","ClearTheMind","DeusExMachina","BowlingBash+1","WheelKick+1","InnerPeace","Wireheading+1"],"relics":["PureWater","Oddly Smooth Stone","Unceasing Top","Bird Faced Urn","SlaversCollar","Pear","TeardropLocket","DollysMirror","Astrolabe","Lee\u0027s Waffle","Sundial"],"acts_visited":["Exordium","TheCity","TheBeyond"],"potions_floor_usage":[45,45],"damage_taken":[{"damage":0.0,"enemies":"2 Louse","floor":1.0,"turns":2.0},{"damage":0.0,"enemies":"Cultist","floor":3.0,"turns":3.0},{"damage":0.0,"enemies":"Jaw Worm","floor":4.0,"turns":4.0},{"damage":4.0,"enemies":"Lagavulin","floor":6.0,"turns":5.0},{"damage":5.0,"enemies":"Looter","floor":7.0,"turns":3.0},{"damage":0.0,"enemies":"3 Louse","floor":10.0,"turns":2.0},{"damage":0.0,"enemies":"Lots of Slimes","floor":12.0,"turns":4.0},{"damage":0.0,"enemies":"Blue Slaver","floor":14.0,"turns":3.0},{"damage":38.0,"enemies":"Hexaghost","floor":16.0,"turns":10.0},{"damage":22.0,"enemies":"Spheric Guardian","floor":18.0,"turns":7.0},{"damage":30.0,"enemies":"3 Byrds","floor":20.0,"turns":5.0},{"damage":21.0,"enemies":"Snecko","floor":22.0,"turns":5.0},{"damage":14.0,"enemies":"Book of Stabbing","floor":24.0,"turns":5.0},{"damage":27.0,"enemies":"Shelled Parasite and Fungi","floor":27.0,"turns":6.0},{"damage":9.0,"enemies":"Cultist and Chosen","floor":30.0,"turns":8.0},{"damage":15.0,"enemies":"Centurion and Healer","floor":31.0,"turns":9.0},{"damage":47.0,"enemies":"Collector","floor":33.0,"turns":8.0},{"damage":13.0,"enemies":"3 Darklings","floor":35.0,"turns":8.0},{"damage":5.0,"enemies":"Orb Walker","floor":36.0,"turns":7.0},{"damage":27,"enemies":"Maw","floor":39,"turns":8},{"damage":18,"enemies":"Nemesis","floor":40,"turns":9},{"damage":45,"enemies":"3 Darklings","floor":41,"turns":8},{"damage":55,"enemies":"Writhing Mass","floor":45,"turns":4},{"damage":21,"enemies":"Transient","floor":47,"turns":5},{"damage":17,"enemies":"3 Darklings","floor":48,"turns":1}],"seed_played":"3369504138281286204","potions_obtained":[{"floor":1.0,"key":"SteroidPotion"},{"floor":12.0,"key":"SkillPotion"},{"floor":14.0,"key":"Dexterity Potion"},{"floor":16.0,"key":"Fire Potion"},{"floor":18.0,"key":"PowerPotion"},{"floor":21.0,"key":"DistilledChaos"},{"floor":21.0,"key":"Block Potion"},{"floor":30.0,"key":"EssenceOfSteel"},{"floor":31.0,"key":"Swift Potion"},{"floor":33.0,"key":"SkillPotion"},{"floor":35.0,"key":"Dexterity Potion"},{"floor":40,"key":"Block Potion"}],"is_trial":false,"path_per_floor":["M","?","M","M","?","E","M","R","T","M","?","M","R","M","R","B",null,"M","$","M","?","M","R","E","R","T","M","$","?","M","M","R","B",null,"M","M","?","$","M","E","M","R","T","R","M","?","M","M"],"character_chosen":"WATCHER","items_purchased":["BattleHymn","Protect","ReachHeaven","DollysMirror","Lee\u0027s Waffle","ClearTheMind"],"campfire_rested":7,"item_purchase_floors":[19,19,19,28,38,38],"current_hp_per_floor":[51,39,39,39,39,35,30,51,51,51,44,46,67,69,69,33,72,51,51,29,29,14,35,39,63,63,44,44,44,41,34,58,19,82,69,70,70,89,64,56,19,45,45,71,22,22,7,0,0],"gold":131,"neow_bonus":"TRANSFORM_TWO_CARDS","is_daily":false,"chose_seed":false,"campfire_upgraded":1,"win_rate":0.0,"timestamp":1610148524,"path_taken":["M","?","M","M","?","E","?","R","T","M","?","M","R","M","R","BOSS","M","$","M","?","?","R","E","R","T","M","$","?","M","M","R","BOSS","M","M","?","$","M","E","M","R","T","R","?","?","?","M"],"items_purchased_type":["Card","Card","Card","Relic","Relic","Card"],"build_version":"2020-12-22","purchased_purges":1,"victory":false,"max_hp_per_floor":[72,72,72,72,72,72,72,72,72,72,72,72,72,72,72,72,72,72,72,72,72,72,72,82,82,82,82,82,82,82,82,82,82,82,82,82,82,89,89,89,89,89,89,89,89,89,89,89,89],"card_choices":[{"not_picked":["CrushJoints","CutThroughFate"],"picked":"LikeWater","floor":1.0},{"not_picked":["FollowUp","Meditate"],"picked":"Wallop","floor":3.0},{"not_picked":["Adaptation","PathToVictory"],"picked":"CrushJoints","floor":4.0},{"not_picked":["Sanctity","TalkToTheHand"],"picked":"Consecrate","floor":6.0},{"not_picked":["Weave","WreathOfFlame"],"picked":"Evaluate","floor":7.0},{"not_picked":["JustLucky","SashWhip"],"picked":"FollowUp","floor":10.0},{"not_picked":["Meditate","Worship"],"picked":"ForeignInfluence","floor":12.0},{"not_picked":["Wish","Halt"],"picked":"WindmillStrike","floor":14.0},{"not_picked":["DeusExMachina","Scrawl"],"picked":"MasterReality","floor":16.0},{"not_picked":["Fasting2","FollowUp"],"picked":"PathToVictory+1","floor":18.0},{"not_picked":["Collect","TalkToTheHand","Worship+1"],"picked":"SKIP","floor":20.0},{"not_picked":["EmptyFist+1","SashWhip"],"picked":"LikeWater","floor":22.0},{"not_picked":["Alpha","EmptyBody"],"picked":"Swivel","floor":24.0},{"not_picked":["Crescendo","Prostrate","EmptyFist"],"picked":"SKIP","floor":27.0},{"not_picked":["Conclude","EmptyFist+1"],"picked":"Evaluate+1","floor":30.0},{"not_picked":["Collect","EmptyMind"],"picked":"ThirdEye","floor":31.0},{"not_picked":["MasterReality","Vault"],"picked":"DeusExMachina","floor":33.0},{"not_picked":["FollowUp+1","Pray"],"picked":"Sanctity+1","floor":35.0},{"not_picked":["PathToVictory+1","Halt+1"],"picked":"SashWhip+1","floor":36.0},{"not_picked":["DeceiveReality+1","Indignation","EmptyBody"],"picked":"SKIP","floor":39},{"not_picked":["JustLucky+1","FlurryOfBlows"],"picked":"DeusExMachina","floor":40},{"not_picked":["Weave+1","LikeWater"],"picked":"BowlingBash+1","floor":41},{"not_picked":["Crescendo","WaveOfTheHand"],"picked":"WheelKick+1","floor":45},{"not_picked":["CutThroughFate","Sanctity+1"],"picked":"Wireheading+1","floor":47}],"player_experience":365161,"relics_obtained":[{"floor":6.0,"key":"Unceasing Top"},{"floor":9.0,"key":"Bird Faced Urn"},{"floor":24.0,"key":"Pear"},{"floor":26.0,"key":"TeardropLocket"},{"floor":40,"key":"Sundial"}],"event_choices":[{"damage_healed":0.0,"max_hp_gain":0.0,"max_hp_loss":0.0,"gold_gain":0.0,"event_name":"betterThird:BetterScrap","player_choice":"Relic ","floor":2.0,"gold_loss":0.0,"damage_taken":12.0,"cards_obtained":["Darkness"]},{"cards_removed":["Strike_P"],"damage_healed":0.0,"max_hp_gain":0.0,"max_hp_loss":0.0,"gold_gain":0.0,"event_name":"Purifier","player_choice":"Purged","floor":5.0,"gold_loss":0.0,"damage_taken":0.0},{"cards_removed":["Strike_P"],"damage_healed":0.0,"max_hp_gain":0.0,"max_hp_loss":0.0,"gold_gain":0.0,"event_name":"Golden Wing","player_choice":"Card Removal","floor":11.0,"gold_loss":0.0,"damage_taken":7.0},{"damage_healed":0.0,"max_hp_gain":0.0,"max_hp_loss":0.0,"gold_gain":0.0,"event_name":"Lab","player_choice":"Got Potions","floor":21.0,"gold_loss":0.0,"damage_taken":0.0},{"cards_removed":["Strike_P"],"damage_healed":0.0,"max_hp_gain":0.0,"max_hp_loss":0.0,"gold_gain":0.0,"event_name":"betterNote:BetterNote","player_choice":"Give","floor":29.0,"gold_loss":0.0,"damage_taken":0.0,"cards_obtained":["Strike_P"]},{"damage_healed":0.0,"max_hp_gain":0.0,"max_hp_loss":0.0,"gold_gain":0.0,"event_name":"Accursed Blacksmith","player_choice":"Forge","floor":37.0,"gold_loss":0.0,"damage_taken":0.0,"cards_upgraded":["BattleHymn"]},{"damage_healed":0,"gold_gain":0,"cards_transformed":["FollowUp"],"player_choice":"Transformed","damage_taken":0,"max_hp_gain":0,"max_hp_loss":0,"event_name":"Transmorgrifier","floor":46,"gold_loss":0,"cards_obtained":["InnerPeace"]}],"is_beta":false,"boss_relics":[{"not_picked":["VioletLotus","Runic Dome"],"picked":"SlaversCollar"},{"not_picked":["Coffee Dripper","Fusion Hammer"],"picked":"Astrolabe"}],"items_purged_floors":[19],"is_endless":false,"potions_floor_spawned":[1,12,14,16,18,30,31,33,35,40],"killed_by":"3 Darklings","ascension_level":0}}