{"host":"6pfj0wha12yu6wq3","time":1610149169,"event":{"mods":["AchievementEnabler","BaseMod","Colored Map","Colored Powertips","Curses Come First","DeckTracker","Filter the Spire","Hermit","Minty Spire (QoL Compilation)","RNG Fix","Relic Sorter","Relic Stats","StSLib","The Cursed","The Disciple","The Marked","UnlockEverythingMod","Waifu the Spire","ojb\u0027s Better Paths Mod","ojb\u0027s Info Mod"],"gold_per_floor":[367,383,398,411,411,443,458,227,227,227,259,269,269,84,84,161,161,200,243,158,169,186,213,213,227,227,259,259,311,364,382,382,382,382],"floor_reached":33,"playtime":2205,"items_purged":["Defend_P","Defend_P"],"score":838,"play_id":"f9366c01-fd0c-4c7d-84cd-ac2a346878aa","local_time":"20210108183929","is_ascension_mode":true,"campfire_choices":[{"data":"Blasphemy","floor":10.0,"key":"SMITH"},{"data":"BattleHymn","floor":15.0,"key":"SMITH"},{"data":"TalkToTheHand","floor":24.0,"key":"SMITH"},{"data":"Wish","floor":32,"key":"SMITH"}],"circlet_count":0,"master_deck":["AscendersBane","Strike_P","Strike_P","Strike_P","Strike_P","Defend_P","Eruption","Vigilance","CutThroughFate","FearNoEvil","Consecrate","BowlingBash","Blasphemy+1","Tantrum","CutThroughFate","Wireheading","ClearTheMind","BattleHymn+1","TalkToTheHand+1","Wallop","Wish+1","FlurryOfBlows+1","CutThroughFate","Wish","CrushJoints","EmptyMind","FlurryOfBlows","Wallop"],"relics":["PureWater","Sundial","Bottled Lightning","Blood Vial","Runic Dome","Orichalcum","PreservedInsect","Pen Nib","Toy Ornithopter","FossilizedHelix","Red Mask"],"acts_visited":["Exordium","TheCity"],"potions_floor_usage":[],"damage_taken":[{"damage":1.0,"enemies":"Small Slimes","floor":1.0,"turns":3.0},{"damage":2.0,"enemies":"Cultist","floor":2.0,"turns":5.0},{"damage":7.0,"enemies":"Jaw Worm","floor":3.0,"turns":3.0},{"damage":1.0,"enemies":"2 Fungi Beasts","floor":4.0,"turns":2.0},{"damage":27.0,"enemies":"Lagavulin","floor":6.0,"turns":5.0},{"damage":2.0,"enemies":"Lots of Slimes","floor":7.0,"turns":2.0},{"damage":2.0,"enemies":"3 Sentries","floor":11.0,"turns":3.0},{"damage":15.0,"enemies":"Exordium Thugs","floor":12.0,"turns":3.0},{"damage":0.0,"enemies":"Slime Boss","floor":16.0,"turns":3.0},{"damage":11.0,"enemies":"Spheric Guardian","floor":18.0,"turns":3.0},{"damage":7.0,"enemies":"Chosen","floor":19.0,"turns":3.0},{"damage":18.0,"enemies":"Shelled Parasite and Fungi","floor":21.0,"turns":2.0},{"damage":4.0,"enemies":"Cultist and Chosen","floor":22.0,"turns":3.0},{"damage":0.0,"enemies":"Gremlin Leader","floor":23.0,"turns":2.0},{"damage":7.0,"enemies":"Snake Plant","floor":25.0,"turns":4.0},{"damage":12.0,"enemies":"Book of Stabbing","floor":27.0,"turns":2.0},{"damage":0.0,"enemies":"Gremlin Leader","floor":29.0,"turns":2.0},{"damage":0,"enemies":"Masked Bandits","floor":30,"turns":2},{"damage":0,"enemies":"Snecko","floor":31,"turns":2},{"damage":18,"enemies":"Champ","floor":33,"turns":2}],"seed_played":"-7471783512581451591","potions_obtained":[{"floor":3.0,"key":"GamblersBrew"},{"floor":4.0,"key":"StancePotion"},{"floor":11.0,"key":"Weak Potion"},{"floor":12.0,"key":"Energy Potion"},{"floor":23.0,"key":"GamblersBrew"},{"floor":27.0,"key":"FearPotion"},{"floor":30,"key":"Ancient Potion"},{"floor":31,"key":"PowerPotion"}],"is_trial":false,"path_per_floor":["M","M","M","M","?","E","M","$","T","R","E","M","?","$","R","B",null,"M","M","?","M","M","E","R","M","T","E","?","E","?","M","R","B"],"character_chosen":"WATCHER","items_purchased":["CutThroughFate","Wireheading","ClearTheMind","Wallop"],"campfire_rested":0,"item_purchase_floors":[8,8,8,14],"current_hp_per_floor":[60,58,51,50,50,23,21,21,21,21,19,6,6,6,6,8,49,40,35,35,19,17,19,19,14,14,4,4,11,13,15,15,0,0],"gold":382,"neow_bonus":"TWO_FIFTY_GOLD","is_daily":false,"chose_seed":false,"campfire_upgraded":4,"win_rate":0.0,"timestamp":1610149169,"path_taken":["M","M","M","M","?","E","?","$","T","R","E","M","?","?","R","BOSS","M","M","?","M","M","E","R","M","T","E","?","E","?","?","R","BOSS"],"items_purchased_type":["Card","Card","Card","Card"],"build_version":"2020-12-22","purchased_purges":2,"victory":false,"max_hp_per_floor":[62,62,62,62,62,62,62,62,62,62,62,62,62,62,62,62,62,62,62,62,62,62,62,62,62,62,62,62,62,62,62,62,62,62],"relic_stats":{"Blood Vial":26,"counters":[20,56],"Sundial":[0],"PreservedInsect":93,"Pen Nib":[2],"Orichalcum":[42],"obtain_stats":[{"Blood Vial":11,"Runic Dome":17,"Sundial":6,"PreservedInsect":23,"Pen Nib":26,"Red Mask":30,"Bottled Lightning":9,"PureWater":0,"Orichalcum":20,"Toy Ornithopter":27,"FossilizedHelix":29},{"Blood Vial":7,"Runic Dome":9,"Sundial":5,"PreservedInsect":14,"Pen Nib":15,"Red Mask":18,"Bottled Lightning":6,"PureWater":0,"Orichalcum":11,"Toy Ornithopter":16,"FossilizedHelix":17},{"Blood Vial":23,"Runic Dome":29,"Sundial":18,"PreservedInsect":42,"Pen Nib":46,"Red Mask":52,"Bottled Lightning":20,"PureWater":0,"Orichalcum":35,"Toy Ornithopter":48,"FossilizedHelix":50}],"Toy Ornithopter":5},"card_choices":[{"not_picked":["Protect","Evaluate"],"picked":"CutThroughFate","floor":1.0},{"not_picked":["WreathOfFlame","CrushJoints"],"picked":"FearNoEvil","floor":2.0},{"not_picked":["ThirdEye","Prostrate"],"picked":"Consecrate","floor":3.0},{"not_picked":["Collect","JustLucky"],"picked":"BowlingBash","floor":4.0},{"not_picked":["CrushJoints","Crescendo"],"picked":"Tantrum","floor":6.0},{"not_picked":["FlyingSleeves","Indignation","Evaluate"],"picked":"SKIP","floor":7.0},{"not_picked":["Tantrum","FlurryOfBlows"],"picked":"BattleHymn","floor":11.0},{"not_picked":["Protect","Scrawl"],"picked":"TalkToTheHand","floor":12.0},{"not_picked":["ConjureBlade","Brilliance"],"picked":"Wish","floor":16.0},{"not_picked":["Nirvana","ThirdEye","Protect"],"picked":"SKIP","floor":18.0},{"not_picked":["Evaluate","ClearTheMind"],"picked":"FlurryOfBlows+1","floor":19.0},{"not_picked":["Prostrate","Consecrate","Evaluate"],"picked":"SKIP","floor":21.0},{"not_picked":["ClearTheMind","Crescendo"],"picked":"CutThroughFate","floor":22.0},{"not_picked":["FollowUp","PathToVictory"],"picked":"Wish","floor":23.0},{"not_picked":["ClearTheMind","ThirdEye"],"picked":"CrushJoints","floor":25.0},{"not_picked":["InnerPeace","Collect"],"picked":"EmptyMind","floor":27.0},{"not_picked":["PathToVictory+1","DeusExMachina","Evaluate"],"picked":"SKIP","floor":29.0},{"not_picked":["BowlingBash","PathToVictory"],"picked":"FlurryOfBlows","floor":30},{"not_picked":["PathToVictory+1","WreathOfFlame"],"picked":"Wallop","floor":31}],"player_experience":133352,"relics_obtained":[{"floor":6.0,"key":"Sundial"},{"floor":9.0,"key":"Bottled Lightning"},{"floor":11.0,"key":"Blood Vial"},{"floor":23.0,"key":"PreservedInsect"},{"floor":26.0,"key":"Pen Nib"},{"floor":27.0,"key":"Toy Ornithopter"},{"floor":29.0,"key":"FossilizedHelix"},{"floor":30,"key":"Red Mask"}],"event_choices":[{"damage_healed":0.0,"max_hp_gain":0.0,"max_hp_loss":0.0,"gold_gain":0.0,"cards_transformed":["Defend_P"],"event_name":"Living Wall","player_choice":"Change","floor":5.0,"gold_loss":0.0,"damage_taken":0.0,"cards_obtained":["Blasphemy"]},{"damage_healed":0.0,"max_hp_gain":0.0,"max_hp_loss":0.0,"gold_gain":0.0,"event_name":"Shining Light","player_choice":"Ignored","floor":13.0,"gold_loss":0.0,"damage_taken":0.0},{"damage_healed":0.0,"max_hp_gain":0.0,"max_hp_loss":0.0,"gold_gain":0.0,"event_name":"Addict","player_choice":"Obtained Relic","floor":20.0,"gold_loss":85.0,"damage_taken":0.0,"relics_obtained":["Orichalcum"]},{"damage_healed":0.0,"max_hp_gain":0.0,"max_hp_loss":0.0,"gold_gain":0.0,"event_name":"Cursed Tome","player_choice":"Ignored","floor":28.0,"gold_loss":0.0,"damage_taken":0.0},{"damage_healed":0,"gold_gain":0,"player_choice":"Fought Bandits","damage_taken":0,"max_hp_gain":0,"max_hp_loss":0,"event_name":"Masked Bandits","floor":30,"gold_loss":0}],"is_beta":false,"boss_relics":[{"not_picked":["Busted Crown","Snecko Eye"],"picked":"Runic Dome"}],"items_purged_floors":[8,14],"is_endless":false,"potions_floor_spawned":[3,4,11,12,19,23,27,30,31],"killed_by":"Champ","ascension_level":20}}