{"host":"fn5w42qzz69x191g","time":1610111784,"event":{"mods":["BaseMod","KOR Keyword Fix","Minty Spire (QoL Compilation)","Replay The Spire","StSLib","SuperFastMode","The Cursed","The Hierophant","The Jungle","The Poker Player","The Runesmith"],"gold_per_floor":[117,134,134,153,162,162,162],"floor_reached":6,"playtime":1674,"items_purged":[],"score":38,"play_id":"39f8421d-50f8-4742-83c1-76f08c1e97ee","local_time":"20210108221624","is_ascension_mode":false,"campfire_choices":[],"circlet_count":0,"master_deck":["hierophant:Strike_Hierophant","hierophant:Strike_Hierophant","hierophant:Strike_Hierophant","hierophant:Strike_Hierophant","hierophant:Punish","hierophant:Defend_Hierophant","hierophant:Defend_Hierophant","hierophant:Defend_Hierophant","hierophant:Defend_Hierophant","hierophant:ChurchCoffers","hierophant:FieryStrike","hierophant:Doubloon","hierophant:EyeForCoin","hierophant:Doubloon","hierophant:Smite","hierophant:Doubloon"],"relics":["hierophant:PropheticMaskRelic"],"acts_visited":["Exordium"],"potions_floor_usage":[],"damage_taken":[{"damage":1,"enemies":"Jaw Worm","floor":1,"turns":4},{"damage":1,"enemies":"Cultist","floor":2,"turns":4},{"damage":5,"enemies":"Small Slimes","floor":4,"turns":3},{"damage":16,"enemies":"Blue Slaver","floor":5,"turns":5},{"damage":14,"enemies":"Replay:BlueRogue","floor":6,"turns":5}],"seed_played":"8550867367156434347","potions_obtained":[{"floor":3,"key":"Toxic Potion"},{"floor":3,"key":"Flashbang"},{"floor":3,"key":"SpeedPotion"}],"is_trial":false,"path_per_floor":["M","M","?","M","M","E"],"character_chosen":"HIEROPHANT","items_purchased":[],"campfire_rested":0,"item_purchase_floors":[],"current_hp_per_floor":[81,80,80,75,59,45,45],"gold":162,"neow_bonus":"TEN_PERCENT_HP_BONUS","is_daily":false,"chose_seed":false,"campfire_upgraded":0,"win_rate":0.0,"timestamp":1610111784,"path_taken":["M","M","?","M","?","E"],"items_purchased_type":[],"build_version":"2020-12-22","purchased_purges":0,"victory":false,"max_hp_per_floor":[82,82,82,82,82,82,82],"card_choices":[{"not_picked":["hierophant:Bribe","hierophant:Empathy"],"picked":"hierophant:FieryStrike","floor":1},{"not_picked":["hierophant:RecallFunds","hierophant:HolyVerse"],"picked":"hierophant:Doubloon","floor":2},{"not_picked":["hierophant:Chorus","hierophant:Dazzle"],"picked":"hierophant:EyeForCoin","floor":4},{"not_picked":["hierophant:Prophecy","hierophant:MorningPrayer"],"picked":"hierophant:Smite","floor":5}],"player_experience":537607,"relics_obtained":[],"event_choices":[{"damage_healed":0,"gold_gain":0,"player_choice":"Got Potions","damage_taken":0,"max_hp_gain":0,"max_hp_loss":0,"event_name":"Lab","floor":3,"gold_loss":0}],"is_beta":false,"boss_relics":[],"items_purged_floors":[],"is_endless":false,"potions_floor_spawned":[4],"killed_by":"Replay:BlueRogue","ascension_level":0}}