{"host":"sdjng9zhqonqi3uc","time":1610065299,"event":{"mods":["2.2 Compatiblity","AchievementEnabler","BaseMod","BetterRewards","Colored Powertips","Hero for Fun","Minty Spire (QoL Compilation)","Shop Mod","StSLib","Td1madao Mod","The Animator","The Cursed","The Servant 0.9.4"],"gold_per_floor":[214,71,71,99,113,156,156,185,185,185,35,0,35,65,65,169,169,213,312,312,11,28,63,63,90,90,103,115,129,129,129,129,226,226,237,254,28,28,38,38,67,16,16,36,69,169,181,199,199,199],"floor_reached":51,"playtime":4262,"items_purged":["Normality"],"score":944,"play_id":"d72aa2f1-13ec-423e-bfd5-96ac13d6f73a","local_time":"20210108012139","is_ascension_mode":true,"campfire_choices":[{"data":"animator:Lu","floor":7,"key":"SMITH"},{"floor":15,"key":"REST"},{"floor":30,"key":"REST"},{"data":"animator:HigakiRinne","floor":32,"key":"SMITH"},{"data":"animator:Eris","floor":40,"key":"SMITH"},{"floor":49,"key":"DIG"}],"circlet_count":0,"master_deck":["animator:Strike_Elsword+1","animator:Defend_Elsword+1","animator:Strike+1","animator:Strike+1","animator:Defend+1","animator:Defend+1","animator:Chung+1","animator:Raven","animator:Elsword","animator:Ara","animator:Lu+1","animator:Ciel+1","animator:PandorasActor","animator:HigakiRinne+1","animator:Aisha","animator:Rena","animator:Add","animator:Kazuma","animator:Berserker","animator:Archer","animator:Eris+1","animator:Ain+1","animator:Elesis","animator:Elsword+1","animator:EmiyaShirou+1","animator:Curse_GriefSeed","animator:Lu","animator:Ciel","Parasite"],"relics":["animator:VividPicture","animator:TheMissingPiece","animator:PurgingStone","Lantern","Eternal Feather","animator:HallowedScabbard","animator:AlchemistGlove","InkBottle","HandDrill","Orichalcum","Cursed Key","Oddly Smooth Stone","War Paint","Pear","Paper Frog","StoneCalendar","WarpedTongs","animator:ShionDessert","Unceasing Top","Mummified Hand","Peace Pipe","Shovel","Champion Belt"],"acts_visited":["Exordium","TheCity","TheBeyond"],"potions_floor_usage":[13,16,23,25,27,33,44,45,50],"damage_taken":[{"damage":2,"enemies":"Small Slimes","floor":1,"turns":3},{"damage":0,"enemies":"Cultist","floor":4,"turns":4},{"damage":2,"enemies":"Jaw Worm","floor":5,"turns":2},{"damage":17,"enemies":"Gremlin Nob","floor":6,"turns":4},{"damage":36,"enemies":"Lagavulin","floor":8,"turns":6},{"damage":2,"enemies":"Gremlin Nob","floor":13,"turns":3},{"damage":3,"enemies":"Exordium Wildlife","floor":14,"turns":3},{"damage":11,"enemies":"Slime Boss","floor":16,"turns":7},{"damage":0,"enemies":"Chosen","floor":18,"turns":3},{"damage":2,"enemies":"Shell Parasite","floor":22,"turns":5},{"damage":31,"enemies":"Gremlin Leader","floor":23,"turns":6},{"damage":39,"enemies":"animator:HornedBat","floor":25,"turns":9},{"damage":10,"enemies":"Centurion and Healer","floor":27,"turns":5},{"damage":0,"enemies":"Snake Plant","floor":28,"turns":3},{"damage":0,"enemies":"Chosen and Byrds","floor":29,"turns":4},{"damage":54,"enemies":"Automaton","floor":33,"turns":7},{"damage":27,"enemies":"3 Darklings","floor":35,"turns":5},{"damage":3,"enemies":"Orb Walker","floor":36,"turns":4},{"damage":9,"enemies":"Sphere and 2 Shapes","floor":39,"turns":5},{"damage":22,"enemies":"Nemesis","floor":41,"turns":7},{"damage":0,"enemies":"Jaw Worm Horde","floor":44,"turns":3},{"damage":17,"enemies":"Giant Head","floor":45,"turns":7},{"damage":4,"enemies":"3 Darklings","floor":47,"turns":3},{"damage":0,"enemies":"Writhing Mass","floor":48,"turns":4},{"damage":74,"enemies":"Awakened One","floor":50,"turns":12}],"seed_played":"-2319263839960767562","potions_obtained":[{"floor":8,"key":"DistilledChaos"},{"floor":13,"key":"GamblersBrew"},{"floor":14,"key":"FearPotion"},{"floor":22,"key":"PowerPotion"},{"floor":25,"key":"Dexterity Potion"},{"floor":29,"key":"Fire Potion"},{"floor":39,"key":"animator:FalseLifePotion"},{"floor":41,"key":"GamblersBrew"},{"floor":48,"key":"Fire Potion"}],"is_trial":false,"path_per_floor":["M","$","?","M","M","E","R","E","T","?","$","?","E","M","R","B",null,"M","?","?","$","M","E","?","E","T","M","M","M","R","?","R","B",null,"M","M","$","?","M","R","E","?","T","M","E","?","M","M","R","B",null],"character_chosen":"THE_ANIMATOR","items_purchased":["Lantern","HandDrill","Oddly Smooth Stone","War Paint","animator:ShionDessert"],"campfire_rested":2,"item_purchase_floors":[2,11,21,21,37],"current_hp_per_floor":[64,64,58,58,57,40,46,11,11,11,11,11,9,6,35,24,57,57,57,57,57,57,43,43,13,13,3,3,3,39,39,51,7,62,48,48,48,48,45,57,48,48,48,54,53,53,55,61,76,12],"gold":199,"neow_bonus":"HUNDRED_GOLD","is_daily":false,"chose_seed":false,"campfire_upgraded":3,"win_rate":0.0,"timestamp":1610065299,"path_taken":["M","$","?","M","?","E","R","E","T","?","$","?","E","M","R","BOSS","M","?","?","$","M","E","?","E","T","M","?","M","R","?","R","BOSS","M","?","$","?","?","R","E","?","T","?","E","?","M","M","R","BOSS"],"items_purchased_type":["Relic","Relic","Relic","Relic","Relic"],"build_version":"2020-12-22","purchased_purges":1,"victory":true,"max_hp_per_floor":[66,66,66,66,67,67,67,68,68,68,68,68,68,68,68,68,68,68,68,68,68,70,80,80,80,80,80,80,80,80,80,80,80,80,80,80,80,80,80,80,80,80,80,80,80,80,80,80,80,80],"card_choices":[{"not_picked":["animator:Cocytus","animator:Azekura","animator:Lancer"],"picked":"SKIP","floor":1},{"not_picked":["animator:Jibril","animator:YuiTsuruno"],"picked":"animator:Elsword","floor":4},{"not_picked":["animator:ChaikaBohdan","animator:PandorasActor"],"picked":"animator:Ara","floor":5},{"not_picked":["animator:Elsword","animator:Ciel"],"picked":"animator:Lu","floor":6},{"not_picked":["animator:YuiTsuruno","animator:Raven"],"picked":"animator:Ciel","floor":8},{"not_picked":["animator:ChaikaBohdan","animator:Alexander","animator:IzunaHatsuse"],"picked":"SKIP","floor":13},{"not_picked":["animator:Darkness","animator:ElricEdward"],"picked":"animator:PandorasActor","floor":14},{"not_picked":["animator:Father","animator:Gilgamesh"],"picked":"animator:HigakiRinne","floor":16},{"not_picked":["animator:Ciel","animator:Laby"],"picked":"animator:Aisha","floor":18},{"not_picked":["animator:Ain","animator:ChaikaTrabant"],"picked":"animator:Rena","floor":22},{"not_picked":["animator:Rena+1","animator:Aisha"],"picked":"animator:Add","floor":23},{"not_picked":["animator:YunYun","animator:Shichika"],"picked":"animator:Archer","floor":25},{"not_picked":["animator:YuiTsuruno","animator:Cocytus","animator:Ara+1"],"picked":"SKIP","floor":28},{"not_picked":["animator:Cocytus+1","animator:Verdia","animator:ElricAlphonse"],"picked":"SKIP","floor":29},{"not_picked":["animator:ChaikaTrabant","animator:Envy"],"picked":"animator:Eris","floor":33},{"not_picked":["animator:RoyMustang","animator:Chung"],"picked":"animator:Ain+1","floor":35},{"not_picked":["animator:Chung","animator:Elsword"],"picked":"animator:Elesis","floor":36},{"not_picked":["animator:Raven+1","animator:ChaikaBohdan"],"picked":"animator:Elsword+1","floor":39},{"not_picked":["animator:PandorasActor+1","animator:Togame"],"picked":"animator:EmiyaShirou+1","floor":41},{"not_picked":["animator:Vanir","animator:Hitei"],"picked":"animator:Lu","floor":44},{"not_picked":["animator:Gillette+1","animator:Raven"],"picked":"animator:Ciel","floor":47},{"not_picked":["animator:ChaikaBohdan+1","animator:ElricEdward","animator:Fredrika"],"picked":"SKIP","floor":48}],"player_experience":285372,"relics_obtained":[{"floor":6,"key":"Eternal Feather"},{"floor":8,"key":"animator:HallowedScabbard"},{"floor":9,"key":"animator:AlchemistGlove"},{"floor":13,"key":"Orichalcum"},{"floor":23,"key":"Pear"},{"floor":25,"key":"Paper Frog"},{"floor":26,"key":"StoneCalendar"},{"floor":41,"key":"Unceasing Top"},{"floor":43,"key":"Peace Pipe"},{"floor":45,"key":"Shovel"},{"floor":49,"key":"Champion Belt"}],"event_choices":[{"damage_healed":0,"gold_gain":0,"player_choice":"Damaged","damage_taken":6,"max_hp_gain":0,"max_hp_loss":0,"event_name":"Wheel of Change","floor":3,"gold_loss":0},{"damage_healed":0,"gold_gain":0,"player_choice":"Searched \u00272\u0027 times","damage_taken":0,"relics_obtained":["InkBottle"],"max_hp_gain":0,"max_hp_loss":0,"event_name":"Dead Adventurer","floor":10,"gold_loss":0},{"damage_healed":0,"gold_gain":0,"player_choice":"Left Gold","damage_taken":0,"max_hp_gain":0,"max_hp_loss":0,"event_name":"World of Goop","floor":12,"gold_loss":35},{"damage_healed":0,"gold_gain":99,"player_choice":"Stole From Cult","damage_taken":0,"max_hp_gain":0,"max_hp_loss":0,"event_name":"Nest","floor":19,"gold_loss":0},{"damage_healed":0,"gold_gain":0,"player_choice":"Simplicity","damage_taken":0,"max_hp_gain":0,"max_hp_loss":0,"event_name":"Back to Basics","floor":20,"gold_loss":0,"cards_upgraded":["animator:Strike_Elsword","animator:Defend_Elsword","animator:Strike","animator:Strike","animator:Strike","animator:Defend","animator:Defend","animator:Defend"]},{"damage_healed":0,"gold_gain":0,"cards_transformed":["animator:Defend","animator:Strike"],"player_choice":"Became Test Subject","damage_taken":0,"max_hp_gain":0,"max_hp_loss":0,"event_name":"Drug Dealer","floor":24,"gold_loss":0,"cards_obtained":["animator:Kazuma","animator:Berserker"]},{"damage_healed":0,"gold_gain":0,"player_choice":"Rummage","damage_taken":0,"relics_obtained":["WarpedTongs"],"max_hp_gain":0,"max_hp_loss":0,"event_name":"Accursed Blacksmith","floor":31,"gold_loss":0,"cards_obtained":["Pain"]},{"cards_removed":["Pain"],"damage_healed":0,"gold_gain":0,"player_choice":"Purged","damage_taken":0,"max_hp_gain":0,"max_hp_loss":0,"event_name":"Purifier","floor":38,"gold_loss":0},{"damage_healed":0,"gold_gain":0,"player_choice":"Paid Gold","damage_taken":0,"relics_obtained":["Mummified Hand"],"max_hp_gain":0,"max_hp_loss":0,"event_name":"WeMeetAgain","floor":42,"gold_loss":51},{"damage_healed":0,"gold_gain":100,"player_choice":"Pray","damage_taken":0,"max_hp_gain":0,"max_hp_loss":0,"event_name":"Golden Shrine","floor":46,"gold_loss":0}],"is_beta":false,"boss_relics":[{"not_picked":["Velvet Choker","Sozu"],"picked":"Cursed Key"},{"not_picked":["Fusion Hammer","Philosopher\u0027s Stone"],"picked":"animator:VividPicture"}],"items_purged_floors":[37],"is_endless":false,"potions_floor_spawned":[8,13,14,22,25,29,39,41,48],"ascension_level":5}}