{"host":"8u7tvcybuv0u72fd","time":1610082612,"event":{"mods":["BaseMod","BetterRewards","Colored Map","Colored Powertips","Minty Spire (QoL Compilation)","Quick Restart","Shop Mod"],"gold_per_floor":[112,124,124,134,146,146,173,193,193,213,213,213,233,243,243,345,395,409,420,89,89,105,105,123,143,143,160,193,193,219,235,235,340,340,356,356,376,97,113,113,128,145,198,198,198,198,219,237,237,237,237,237,6,35,35],"floor_reached":56,"playtime":3137,"items_purged":["Strike_R","Normality"],"score":1522,"play_id":"15f9e1f5-4c43-420d-b189-584c30069d3b","local_time":"20210108001012","is_ascension_mode":false,"campfire_choices":[{"data":"Body Slam","floor":6.0,"key":"SMITH"},{"data":"Uppercut","floor":12.0,"key":"SMITH"},{"data":"Shrug It Off","floor":15.0,"key":"SMITH"},{"data":"Feed","floor":23.0,"key":"SMITH"},{"data":"Offering","floor":29.0,"key":"SMITH"},{"data":"Iron Wave","floor":32.0,"key":"SMITH"},{"data":"Inflame","floor":40.0,"key":"SMITH"},{"floor":44.0,"key":"RECALL"},{"data":"Cleave","floor":49.0,"key":"SMITH"},{"data":"Madness","floor":52.0,"key":"SMITH"}],"circlet_count":0,"master_deck":["Defend_R+1","Defend_R+1","Bash+1","Body Slam+1","Shrug It Off+1","Iron Wave+1","Uppercut+1","Offering+1","Feed+1","Cleave+1","Seeing Red+1","Bite","Bite","Bite","Bite","Bite","Brutality","Inflame+1","Sword Boomerang+1","Flex+1","Battle Trance+1","Rage+1","Madness","Madness+1","Discovery"],"relics":["Burning Blood","PreservedInsect","Bird Faced Urn","Bronze Scales","Incense Burner","Toy Ornithopter","Ginger","MerchantsRug","Bag of Marbles","Bottled Lightning","Cursed Key","TungstenRod","Vajra","Mummified Hand"],"acts_visited":["Exordium","TheCity","TheBeyond","TheEnding"],"potions_floor_usage":[55,55,55],"damage_taken":[{"damage":0.0,"enemies":"Cultist","floor":1.0,"turns":4.0},{"damage":1.0,"enemies":"Jaw Worm","floor":2.0,"turns":4.0},{"damage":0.0,"enemies":"2 Louse","floor":4.0,"turns":3.0},{"damage":5.0,"enemies":"Large Slime","floor":5.0,"turns":6.0},{"damage":0.0,"enemies":"3 Sentries","floor":7.0,"turns":8.0},{"damage":2.0,"enemies":"Gremlin Gang","floor":8.0,"turns":4.0},{"damage":0.0,"enemies":"Looter","floor":10.0,"turns":2.0},{"damage":8.0,"enemies":"Blue Slaver","floor":13.0,"turns":2.0},{"damage":1.0,"enemies":"Large Slime","floor":14.0,"turns":4.0},{"damage":21.0,"enemies":"The Guardian","floor":16.0,"turns":7.0},{"damage":10.0,"enemies":"2 Thieves","floor":18.0,"turns":4.0},{"damage":8.0,"enemies":"Shell Parasite","floor":19.0,"turns":3.0},{"damage":9.0,"enemies":"Snecko","floor":22.0,"turns":3.0},{"damage":19.0,"enemies":"Centurion and Healer","floor":24.0,"turns":6.0},{"damage":16.0,"enemies":"Snake Plant","floor":25.0,"turns":3.0},{"damage":8.0,"enemies":"Snecko","floor":27.0,"turns":3.0},{"damage":23.0,"enemies":"Book of Stabbing","floor":28.0,"turns":4.0},{"damage":6.0,"enemies":"Slavers","floor":30.0,"turns":2.0},{"damage":18.0,"enemies":"Sentry and Sphere","floor":31.0,"turns":5.0},{"damage":49.0,"enemies":"Collector","floor":33.0,"turns":8.0},{"damage":8.0,"enemies":"3 Shapes","floor":35.0,"turns":3.0},{"damage":8.0,"enemies":"Orb Walker","floor":37.0,"turns":3.0},{"damage":23.0,"enemies":"Writhing Mass","floor":39.0,"turns":4.0},{"damage":0.0,"enemies":"Jaw Worm Horde","floor":41.0,"turns":3.0},{"damage":5.0,"enemies":"Maw","floor":42.0,"turns":5.0},{"damage":32.0,"enemies":"Sphere and 2 Shapes","floor":47.0,"turns":4.0},{"damage":144.0,"enemies":"Donu and Deca","floor":50.0,"turns":11.0},{"damage":7,"enemies":"Shield and Spear","floor":54,"turns":4},{"damage":58,"enemies":"The Heart","floor":55,"turns":8}],"seed_played":"8189005130203997797","potions_obtained":[{"floor":1.0,"key":"SpeedPotion"},{"floor":7.0,"key":"Dexterity Potion"},{"floor":8.0,"key":"SpeedPotion"},{"floor":14.0,"key":"Weak Potion"},{"floor":17.0,"key":"DuplicationPotion"},{"floor":25.0,"key":"CultistPotion"},{"floor":28.0,"key":"ColorlessPotion"},{"floor":30.0,"key":"Fire Potion"},{"floor":33.0,"key":"DuplicationPotion"},{"floor":37.0,"key":"SteroidPotion"},{"floor":47.0,"key":"BloodPotion"}],"is_trial":false,"path_per_floor":["M","M","?","M","M","R","E","M","T","M","?","R","M","M","R","B",null,"M","M","$","?","M","R","M","M","T","M","E","R","E","M","R","B",null,"M","?","M","$","M","R","M","M","T","R","?","?","M","?","R","B",null,"R","$","E","B",null],"character_chosen":"IRONCLAD","items_purchased":["PreservedInsect","Body Slam","Bronze Scales","Shrug It Off","Toy Ornithopter","BlessingOfTheForge","MerchantsRug","Matryoshka","TungstenRod","Vajra","Weak Potion","Discovery"],"campfire_rested":0,"item_purchase_floors":[0,0,0,0,0,0,20,20,38,53,53,53],"current_hp_per_floor":[46,51,56,62,63,63,69,78,78,84,67,67,65,70,70,55,90,89,87,87,65,65,65,69,71,71,73,72,77,81,85,85,63,89,93,93,97,97,95,97,101,101,101,101,101,101,90,78,93,17,109,109,109,109,86],"gold":35,"neow_bonus":"","is_daily":false,"chose_seed":false,"campfire_upgraded":9,"win_rate":0.0,"timestamp":1610082612,"path_taken":["M","M","?","M","M","R","E","M","T","M","?","R","M","M","R","BOSS","M","M","$","?","M","R","M","M","T","M","E","R","E","M","R","BOSS","M","?","M","$","?","R","M","M","T","R","?","?","M","?","R","BOSS","R","$","E","BOSS"],"items_purchased_type":["Relic","Card","Relic","Card","Relic","Potion","Relic","Relic","Relic","Relic","Potion","Card"],"build_version":"2020-12-22","purchased_purges":2,"victory":true,"max_hp_per_floor":[80,80,85,85,85,85,85,85,85,85,85,85,85,85,85,85,90,93,93,93,65,65,65,69,73,73,73,77,77,81,85,85,89,89,93,93,97,97,97,97,101,101,101,101,101,101,105,105,105,109,109,109,109,109,109],"card_choices":[{"not_picked":["Clothesline","Cleave","Combust"],"picked":"SKIP","floor":1.0},{"not_picked":["Clash","Disarm"],"picked":"Iron Wave","floor":2.0},{"not_picked":["Heavy Blade","Wild Strike","Twin Strike"],"picked":"SKIP","floor":4.0},{"not_picked":["Cleave","Wild Strike","Thunderclap"],"picked":"SKIP","floor":5.0},{"not_picked":["Entrench","Whirlwind","Reckless Charge"],"picked":"SKIP","floor":7.0},{"not_picked":["Fire Breathing","Seeing Red"],"picked":"Uppercut","floor":8.0},{"not_picked":["Intimidate","Reckless Charge"],"picked":"Offering","floor":10.0},{"not_picked":["Sword Boomerang","True Grit","Perfected Strike"],"picked":"SKIP","floor":13.0},{"not_picked":["Armaments","Body Slam","Clash"],"picked":"SKIP","floor":14.0},{"not_picked":["Reaper","Juggernaut"],"picked":"Feed","floor":16.0},{"not_picked":["Spot Weakness","Shrug It Off"],"picked":"Cleave","floor":17.0},{"not_picked":["Armaments","Combust","Heavy Blade"],"picked":"SKIP","floor":18.0},{"not_picked":["Whirlwind+1","Twin Strike"],"picked":"Seeing Red","floor":19.0},{"not_picked":["Inflame","Bludgeon","Iron Wave"],"picked":"SKIP","floor":22.0},{"not_picked":["Heavy Blade","Pommel Strike","Wild Strike"],"picked":"SKIP","floor":24.0},{"not_picked":["Wild Strike","Ghostly Armor","Flex"],"picked":"SKIP","floor":25.0},{"not_picked":["Reckless Charge","Iron Wave","Twin Strike+1"],"picked":"SKIP","floor":27.0},{"not_picked":["Cleave","Warcry","Body Slam+1"],"picked":"SKIP","floor":28.0},{"not_picked":["Offering","Armaments","Feed"],"picked":"SKIP","floor":30.0},{"not_picked":["Warcry","Shrug It Off+1","Sword Boomerang"],"picked":"SKIP","floor":31.0},{"not_picked":["Fiend Fire","Corruption"],"picked":"Brutality","floor":33.0},{"not_picked":["Wild Strike+1","Clash","Metallicize"],"picked":"SKIP","floor":35.0},{"not_picked":["Dual Wield+1","Evolve"],"picked":"Sword Boomerang+1","floor":37.0},{"not_picked":["Perfected Strike","Havoc+1"],"picked":"Flex+1","floor":39.0},{"not_picked":["Iron Wave+1","Combust+1"],"picked":"Battle Trance+1","floor":41.0},{"not_picked":["Battle Trance","Flex","Thunderclap+1"],"picked":"SKIP","floor":42.0},{"not_picked":["Battle Trance","Twin Strike+1"],"picked":"Rage+1","floor":47.0},{"not_picked":["Power Through","Battle Trance","Infernal Blade"],"picked":"SKIP","floor":54}],"player_experience":1276608,"relics_obtained":[{"floor":7.0,"key":"Ginger"},{"floor":9.0,"key":"Whetstone"},{"floor":26.0,"key":"Bag of Marbles"},{"floor":26.0,"key":"Bottled Lightning"},{"floor":28.0,"key":"Eternal Feather"},{"floor":30.0,"key":"War Paint"},{"floor":43.0,"key":"CeramicFish"},{"floor":54,"key":"Mummified Hand"}],"event_choices":[{"damage_healed":0.0,"max_hp_gain":5.0,"max_hp_loss":0.0,"gold_gain":0.0,"event_name":"Big Fish","player_choice":"Donut","floor":3.0,"gold_loss":0.0,"damage_taken":0.0},{"damage_healed":0.0,"max_hp_gain":0.0,"max_hp_loss":0.0,"gold_gain":0.0,"event_name":"Shining Light","player_choice":"Entered Light","floor":11.0,"gold_loss":0.0,"damage_taken":17.0,"cards_upgraded":["Strike_R","Defend_R"]},{"damage_healed":0.0,"max_hp_gain":0.0,"max_hp_loss":28.0,"gold_gain":0.0,"event_name":"Vampires","player_choice":"Became a vampire","floor":21.0,"gold_loss":0.0,"damage_taken":0.0,"cards_obtained":["Bite","Bite","Bite","Bite","Bite"]},{"damage_healed":0.0,"max_hp_gain":0.0,"max_hp_loss":0.0,"gold_gain":0.0,"cards_transformed":["Defend_R"],"event_name":"Transmorgrifier","player_choice":"Transformed","floor":36.0,"gold_loss":0.0,"damage_taken":0.0,"cards_obtained":["Inflame"]},{"cards_removed":["Defend_R"],"damage_healed":0.0,"max_hp_gain":0.0,"max_hp_loss":0.0,"gold_gain":0.0,"event_name":"Falling","player_choice":"Removed Skill","floor":45.0,"gold_loss":0.0,"damage_taken":0.0},{"damage_healed":0.0,"max_hp_gain":0.0,"max_hp_loss":0.0,"gold_gain":0.0,"event_name":"Tomb of Lord Red Mask","player_choice":"Ignored","floor":46.0,"gold_loss":0.0,"damage_taken":0.0},{"damage_healed":0.0,"max_hp_gain":0.0,"max_hp_loss":0.0,"gold_gain":0.0,"event_name":"Winding Halls","player_choice":"Embrace Madness","floor":48.0,"gold_loss":0.0,"damage_taken":13.0,"cards_obtained":["Madness","Madness"]}],"is_beta":false,"boss_relics":[{"not_picked":["Philosopher\u0027s Stone","Pandora\u0027s Box"],"picked":"Tiny House"},{"not_picked":["Sozu","Empty Cage"],"picked":"Cursed Key"}],"items_purged_floors":[0,53],"is_endless":false,"potions_floor_spawned":[1,7,8,14,18,25,28,30,33,35,37,42,47],"ascension_level":0}}