{"host":"uv231blk40vjdojr","time":1610132861,"event":{"mods":["AchievementEnabler","BaseMod","Bestiary","Minty Spire (QoL Compilation)","Relic Stats"],"gold_per_floor":[112,123,33,33,83,117,131,172,172,137,155,155,176,201,201,299,299,322,341,19,19,69,69,100,100,153,153,153],"floor_reached":27,"playtime":820,"items_purged":["Strike_G"],"score":532,"play_id":"2766e651-dff9-4424-bcaa-049d71383374","local_time":"20210108200741","is_ascension_mode":true,"campfire_choices":[{"floor":15.0,"key":"REST"},{"floor":23,"key":"REST"},{"floor":25,"key":"REST"}],"circlet_count":0,"master_deck":["AscendersBane","Strike_G","Strike_G","Strike_G","Defend_G","Defend_G","Defend_G","Defend_G","Defend_G","Survivor","Neutralize","Sucker Punch","Bane","Noxious Fumes","Poisoned Stab","Catalyst","Terror","Catalyst","Bouncing Flask","Corpse Explosion"],"relics":["Ring of the Snake","NeowsBlessing","Bloody Idol","MealTicket","Bottled Flame","Potion Belt","Busted Crown","Bronze Scales","Molten Egg 2","PreservedInsect"],"acts_visited":["Exordium","TheCity"],"potions_floor_usage":[19,24,27],"damage_taken":[{"damage":0.0,"enemies":"2 Louse","floor":1.0,"turns":1.0},{"damage":0.0,"enemies":"Jaw Worm","floor":2.0,"turns":1.0},{"damage":0.0,"enemies":"Lagavulin","floor":6.0,"turns":2.0},{"damage":3.0,"enemies":"Cultist","floor":7.0,"turns":4.0},{"damage":25.0,"enemies":"3 Sentries","floor":8.0,"turns":7.0},{"damage":24.0,"enemies":"Large Slime","floor":11.0,"turns":5.0},{"damage":13.0,"enemies":"2 Fungi Beasts","floor":13.0,"turns":4.0},{"damage":1.0,"enemies":"Exordium Wildlife","floor":14.0,"turns":3.0},{"damage":14.0,"enemies":"Hexaghost","floor":16.0,"turns":8.0},{"damage":27.0,"enemies":"3 Byrds","floor":18.0,"turns":4.0},{"damage":13,"enemies":"2 Thieves","floor":19,"turns":3},{"damage":45,"enemies":"Book of Stabbing","floor":24,"turns":5},{"damage":48,"enemies":"Gremlin Leader","floor":27,"turns":4}],"seed_played":"-1813206617497896566","potions_obtained":[{"floor":6.0,"key":"AttackPotion"},{"floor":8.0,"key":"PowerPotion"},{"floor":11.0,"key":"Block Potion"},{"floor":16.0,"key":"LiquidMemories"},{"floor":18.0,"key":"CunningPotion"}],"is_trial":false,"path_per_floor":["M","M","$","?","?","E","M","E","T","?","M","?","M","M","R","B",null,"M","M","$","?","?","R","E","R","T","E"],"character_chosen":"THE_SILENT","items_purchased":["Noxious Fumes","Bronze Scales","Regen Potion"],"campfire_rested":3,"item_purchase_floors":[3,20,20],"current_hp_per_floor":[59,59,59,59,59,59,56,31,31,46,22,15,2,1,19,5,46,19,6,21,21,26,44,19,37,42,0,0],"gold":153,"neow_bonus":"THREE_ENEMY_KILL","is_daily":false,"chose_seed":false,"campfire_upgraded":0,"win_rate":0.0,"timestamp":1610132861,"path_taken":["M","M","$","?","?","E","?","E","T","?","M","?","M","M","R","BOSS","M","M","$","?","?","R","E","R","T","E"],"items_purchased_type":["Card","Relic","Potion"],"build_version":"2020-12-22","purchased_purges":1,"victory":false,"max_hp_per_floor":[66,66,66,60,60,60,60,60,60,60,60,60,60,60,60,60,60,60,60,60,60,60,60,60,60,60,60,60],"relic_stats":{"Busted Crown":8,"counters":[13,51],"Bloody Idol":15,"Bronze Scales":[42],"MealTicket":15,"PreservedInsect":49,"obtain_stats":[{"Potion Belt":9,"Bottled Flame":8,"Busted Crown":17,"NeowsBlessing":0,"Golden Idol":4,"Bronze Scales":20,"Bloody Idol":21,"MealTicket":6,"Molten Egg 2":24,"PreservedInsect":26,"Ring of the Snake":0},{"Potion Belt":5,"Bottled Flame":5,"Busted Crown":9,"NeowsBlessing":0,"Golden Idol":2,"Bronze Scales":11,"Bloody Idol":11,"MealTicket":3,"Molten Egg 2":12,"PreservedInsect":12,"Ring of the Snake":0},{"Potion Belt":15,"Bottled Flame":15,"Busted Crown":35,"NeowsBlessing":0,"Golden Idol":2,"Bronze Scales":42,"Bloody Idol":42,"MealTicket":4,"Molten Egg 2":47,"PreservedInsect":47,"Ring of the Snake":0}],"Ring of the Snake":[26]},"card_choices":[{"not_picked":["Leg Sweep","Underhanded Strike"],"picked":"Sucker Punch","floor":1.0},{"not_picked":["Slice","Underhanded Strike"],"picked":"Bane","floor":2.0},{"not_picked":["Cloak And Dagger","Sucker Punch"],"picked":"Poisoned Stab","floor":6.0},{"not_picked":["Underhanded Strike","Cloak And Dagger"],"picked":"Catalyst","floor":7.0},{"not_picked":["Quick Slash","Flying Knee"],"picked":"Terror","floor":8.0},{"not_picked":["Blur","Reflex"],"picked":"Catalyst","floor":11.0},{"not_picked":["Dodge and Roll","Grand Finale"],"picked":"Bouncing Flask","floor":13.0},{"not_picked":["Deadly Poison","Dodge and Roll","Poisoned Stab"],"picked":"SKIP","floor":14.0},{"not_picked":["Tools of the Trade","Bullet Time"],"picked":"Corpse Explosion","floor":16.0},{"not_picked":["Prepared"],"picked":"SKIP","floor":18.0},{"not_picked":["Prepared"],"picked":"SKIP","floor":18.0},{"not_picked":["Sucker Punch"],"picked":"SKIP","floor":19},{"not_picked":["Accuracy"],"picked":"SKIP","floor":24}],"player_experience":608726,"relics_obtained":[{"floor":6.0,"key":"MealTicket"},{"floor":8.0,"key":"Bottled Flame"},{"floor":9.0,"key":"Potion Belt"},{"floor":24,"key":"Molten Egg 2"},{"floor":26,"key":"PreservedInsect"}],"event_choices":[{"damage_healed":0.0,"max_hp_gain":0.0,"max_hp_loss":6.0,"gold_gain":0.0,"event_name":"Golden Idol","player_choice":"Lose Max HP","floor":4.0,"gold_loss":0.0,"damage_taken":0.0,"relics_obtained":["Golden Idol"]},{"damage_healed":0.0,"max_hp_gain":0.0,"max_hp_loss":0.0,"gold_gain":50.0,"event_name":"Golden Shrine","player_choice":"Pray","floor":5.0,"gold_loss":0.0,"damage_taken":0.0},{"damage_healed":15.0,"max_hp_gain":0.0,"max_hp_loss":0.0,"gold_gain":0.0,"event_name":"The Cleric","player_choice":"Healed","floor":10.0,"gold_loss":35.0,"damage_taken":0.0},{"cards_removed":["Strike_G"],"damage_healed":0.0,"max_hp_gain":0.0,"max_hp_loss":0.0,"gold_gain":0.0,"event_name":"Golden Wing","player_choice":"Card Removal","floor":12.0,"gold_loss":0.0,"damage_taken":7.0},{"damage_healed":0,"gold_gain":0,"player_choice":"Gave Idol","damage_taken":0,"relics_obtained":["Bloody Idol"],"max_hp_gain":0,"max_hp_loss":0,"event_name":"Forgotten Altar","floor":21,"relics_lost":["Golden Idol"],"gold_loss":0},{"damage_healed":0,"gold_gain":50,"player_choice":"Stole From Cult","damage_taken":0,"max_hp_gain":0,"max_hp_loss":0,"event_name":"Nest","floor":22,"gold_loss":0}],"is_beta":false,"boss_relics":[{"not_picked":["Philosopher\u0027s Stone","Coffee Dripper"],"picked":"Busted Crown"}],"items_purged_floors":[20],"is_endless":false,"potions_floor_spawned":[6,8,11,16,18],"killed_by":"Gremlin Leader","ascension_level":20}}