{"host":"tw71e6tbbdk6nymt","time":1610147961,"event":{"mods":["Aspiration","BaseMod","Minty Spire (QoL Compilation)","StSLib"],"gold_per_floor":[109,129,145,155,155,187,187,222,248,259,72,72,105,124,124,226,226,240,240,255,327,342,373,373,408,408,335,363,375,387,417,429,543,555,577,639,663,675,700,747,759,787,799,838,863,875,404,435,435,435,435,435,19,52,52],"floor_reached":56,"playtime":4399,"items_purged":[],"score":1601,"play_id":"7b2397d4-c8dc-4059-95ba-0f34c10bc9dc","local_time":"20210109071921","is_ascension_mode":true,"campfire_choices":[{"data":"Flame Barrier","floor":12,"key":"SMITH"},{"floor":15,"key":"REST"},{"data":"Dark Embrace","floor":24,"key":"SMITH"},{"data":"Seeing Red","floor":32,"key":"SMITH"},{"floor":41,"key":"RECALL"},{"data":"Corruption","floor":49,"key":"SMITH"},{"data":"Evolve","floor":52,"key":"SMITH"}],"circlet_count":0,"master_deck":["Strike_R","Strike_R","Strike_R","Strike_R","Defend_R","Defend_R+1","Defend_R","Defend_R","Bash","Havoc+1","Headbutt","Flame Barrier+1","Carnage","Combust","Shrug It Off","Flex","Feel No Pain","Seeing Red+1","Dark Embrace+1","Blood for Blood","Bludgeon","Fire Breathing+1","RitualDagger","Uppercut","Armaments+1","Blood for Blood","Warcry","Pommel Strike","Intimidate+1","Corruption+1","Havoc","Evolve+1","Warcry+1","Anger+1","Rupture+1","Shockwave+1","Disarm+1","Pommel Strike","Dark Embrace+1","Sentinel+1"],"relics":["Burning Blood","aspiration:Nostalgia","PureWater","Bag of Preparation","Self Forming Clay","Centennial Puzzle","aspiration:Lifesprig","aspiration:StickyExplosives_weak","aspiration:PoetsPen_weak","The Courier","Ornamental Fan","MawBank","Oddly Smooth Stone","Mark of Pain","Mango","Unceasing Top","Question Card","aspiration:FetidBarrel","War Paint","Lantern","Bottled Flame","aspiration:HiddenCompartment","Membership Card","Pen Nib","Ginger","Lizard Tail","Nunchaku"],"acts_visited":["Exordium","TheCity","TheBeyond","TheEnding"],"potions_floor_usage":[4,6,8,13,16,18,23,33,33,33,36,36,42,48,50,55],"damage_taken":[{"damage":3,"enemies":"Small Slimes","floor":1,"turns":3},{"damage":2,"enemies":"Jaw Worm","floor":2,"turns":3},{"damage":6,"enemies":"Cultist","floor":3,"turns":3},{"damage":16,"enemies":"Exordium Wildlife","floor":4,"turns":5},{"damage":31,"enemies":"Gremlin Nob","floor":6,"turns":4},{"damage":22,"enemies":"Lagavulin","floor":8,"turns":6},{"damage":0,"enemies":"Blue Slaver","floor":10,"turns":4},{"damage":22,"enemies":"3 Sentries","floor":13,"turns":6},{"damage":0,"enemies":"Looter","floor":14,"turns":1},{"damage":21,"enemies":"Slime Boss","floor":16,"turns":6},{"damage":2,"enemies":"3 Byrds","floor":18,"turns":3},{"damage":6,"enemies":"Spheric Guardian","floor":20,"turns":3},{"damage":0,"enemies":"Centurion and Healer","floor":22,"turns":3},{"damage":17,"enemies":"Gremlin Leader","floor":23,"turns":5},{"damage":13,"enemies":"Book of Stabbing","floor":25,"turns":5},{"damage":0,"enemies":"Snecko","floor":28,"turns":2},{"damage":18,"enemies":"Sentry and Sphere","floor":31,"turns":5},{"damage":5,"enemies":"Automaton","floor":33,"turns":6},{"damage":13,"enemies":"3 Darklings","floor":35,"turns":4},{"damage":29,"enemies":"Mind Bloom Boss Battle","floor":36,"turns":6},{"damage":0,"enemies":"Orb Walker","floor":37,"turns":3},{"damage":6,"enemies":"Maw","floor":39,"turns":7},{"damage":12,"enemies":"Giant Head","floor":40,"turns":6},{"damage":0,"enemies":"Jaw Worm Horde","floor":42,"turns":2},{"damage":4,"enemies":"Reptomancer","floor":44,"turns":4},{"damage":26,"enemies":"Transient","floor":45,"turns":5},{"damage":4,"enemies":"Giant Head","floor":48,"turns":4},{"damage":71,"enemies":"Time Eater","floor":50,"turns":9},{"damage":57,"enemies":"Shield and Spear","floor":54,"turns":5},{"damage":23,"enemies":"The Heart","floor":55,"turns":4}],"seed_played":"-2871316564721911099","potions_obtained":[{"floor":1,"key":"SpeedPotion"},{"floor":2,"key":"ColorlessPotion"},{"floor":6,"key":"Fruit Juice"},{"floor":10,"key":"SpeedPotion"},{"floor":13,"key":"Explosive Potion"},{"floor":16,"key":"DistilledChaos"},{"floor":18,"key":"BloodPotion"},{"floor":22,"key":"AttackPotion"},{"floor":28,"key":"EntropicBrew"},{"floor":36,"key":"CultistPotion"},{"floor":44,"key":"Regen Potion"},{"floor":48,"key":"BlessingOfTheForge"}],"is_trial":false,"path_per_floor":["M","M","M","M","?","E","?","E","T","M","$","R","E","M","R","B",null,"M","?","M","T","M","E","R","E","T","?","M","$","?","M","R","B",null,"M","?","M","$","M","E","R","M","T","E","M","?","$","E","R","B",null,"R","$","E","B",null],"character_chosen":"IRONCLAD","items_purchased":["Seeing Red","aspiration:Lifesprig","War Paint","Lantern","Bottled Flame","Pommel Strike","Membership Card","Pen Nib","Ginger","Lizard Tail"],"campfire_rested":1,"item_purchase_floors":[11,11,47,47,47,47,53,53,53,53],"current_hp_per_floor":[80,80,80,70,70,50,50,34,34,40,40,40,24,30,55,40,85,85,79,79,79,85,74,74,67,67,67,73,73,57,45,45,64,90,83,74,80,80,80,74,74,80,80,82,62,72,72,83,83,18,104,104,104,53,36],"gold":52,"neow_bonus":"NOSTALGIA","is_daily":false,"chose_seed":false,"campfire_upgraded":5,"win_rate":0.0,"timestamp":1610147961,"path_taken":["M","M","M","M","?","E","?","E","T","M","$","R","E","M","R","BOSS","M","?","M","?","M","E","R","E","T","?","M","$","?","M","R","BOSS","M","?","M","$","M","E","R","M","T","E","M","?","$","E","R","BOSS","R","$","E","BOSS"],"items_purchased_type":["Card","Relic","Relic","Relic","Relic","Card","Relic","Relic","Relic","Relic"],"build_version":"2020-12-22","purchased_purges":0,"victory":true,"max_hp_per_floor":[80,80,80,80,80,85,85,85,85,85,85,85,85,85,85,85,85,85,85,85,85,85,85,85,85,85,85,85,85,90,90,90,90,90,90,104,104,104,104,104,104,104,104,104,104,104,104,104,104,104,104,104,104,104,104],"card_choices":[{"not_picked":["Rampage","Hemokinesis"],"picked":"Havoc","floor":1},{"not_picked":["Armaments","Flex"],"picked":"Headbutt","floor":2},{"not_picked":["Battle Trance","Armaments"],"picked":"Flame Barrier","floor":3},{"not_picked":["Anger","Perfected Strike"],"picked":"Carnage","floor":4},{"not_picked":["Battle Trance","Barricade"],"picked":"Combust","floor":6},{"not_picked":["Ghostly Armor","Heavy Blade"],"picked":"Flex","floor":8},{"not_picked":["Warcry","Rampage"],"picked":"Feel No Pain","floor":10},{"not_picked":["Evolve","Sword Boomerang"],"picked":"Dark Embrace","floor":13},{"not_picked":["Armaments","True Grit"],"picked":"Blood for Blood","floor":14},{"not_picked":["Immolate","Barricade"],"picked":"Bludgeon","floor":16},{"not_picked":["Intimidate","True Grit"],"picked":"Fire Breathing+1","floor":18},{"not_picked":["Iron Wave","Flex"],"picked":"Uppercut","floor":20},{"not_picked":["Combust","Thunderclap"],"picked":"Armaments+1","floor":22},{"not_picked":["Warcry","Entrench"],"picked":"Blood for Blood","floor":23},{"not_picked":["Entrench","Wild Strike"],"picked":"Warcry","floor":25},{"not_picked":["Rupture","Dropkick"],"picked":"Pommel Strike","floor":28},{"not_picked":["Pommel Strike","Sever Soul"],"picked":"Intimidate","floor":31},{"not_picked":["Reaper","Fiend Fire"],"picked":"Corruption","floor":33},{"not_picked":["Pummel","Entrench+1"],"picked":"Havoc","floor":35},{"not_picked":["Heavy Blade","Sword Boomerang+1"],"picked":"Evolve","floor":36},{"not_picked":["Body Slam+1","Twin Strike+1","Clash"],"picked":"SKIP","floor":37},{"not_picked":["Dropkick+1","Heavy Blade"],"picked":"Warcry+1","floor":39},{"not_picked":["Body Slam","Seeing Red+1"],"picked":"Anger+1","floor":40},{"not_picked":["Pommel Strike","Flex+1"],"picked":"Rupture+1","floor":42},{"not_picked":["Barricade","Perfected Strike","Searing Blow+1"],"picked":"Shockwave+1","floor":44},{"not_picked":["True Grit+1","Clash+1","Shrug It Off"],"picked":"Disarm+1","floor":45},{"not_picked":["Whirlwind","Armaments","Shockwave+1"],"picked":"Dark Embrace+1","floor":48},{"not_picked":["Barricade","Cleave+1","Pommel Strike+1"],"picked":"Sentinel+1","floor":54}],"player_experience":396955,"relics_obtained":[{"floor":6,"key":"Bag of Preparation"},{"floor":8,"key":"Self Forming Clay"},{"floor":9,"key":"Centennial Puzzle"},{"floor":13,"key":"aspiration:StickyExplosives_weak"},{"floor":23,"key":"The Courier"},{"floor":25,"key":"Ornamental Fan"},{"floor":26,"key":"MawBank"},{"floor":36,"key":"Mango"},{"floor":40,"key":"Unceasing Top"},{"floor":43,"key":"Question Card"},{"floor":44,"key":"aspiration:FetidBarrel"},{"floor":48,"key":"aspiration:HiddenCompartment"},{"floor":54,"key":"Nunchaku"}],"event_choices":[{"damage_healed":0,"gold_gain":0,"player_choice":"Grow","damage_taken":0,"max_hp_gain":0,"max_hp_loss":0,"event_name":"Living Wall","floor":5,"gold_loss":0,"cards_upgraded":["Havoc"]},{"damage_healed":0,"gold_gain":0,"cards_transformed":["Strike_R"],"player_choice":"Transformed","damage_taken":0,"max_hp_gain":0,"max_hp_loss":0,"event_name":"Transmorgrifier","floor":7,"gold_loss":0,"cards_obtained":["Shrug It Off"]},{"damage_healed":0,"gold_gain":0,"player_choice":"Joined the Cult","damage_taken":6,"max_hp_gain":0,"max_hp_loss":0,"event_name":"Nest","floor":19,"gold_loss":0,"cards_obtained":["RitualDagger"]},{"damage_healed":0,"gold_gain":0,"player_choice":"Obtained Relic","damage_taken":0,"relics_obtained":["Oddly Smooth Stone"],"max_hp_gain":0,"max_hp_loss":0,"event_name":"Addict","floor":27,"gold_loss":85},{"damage_healed":0,"gold_gain":0,"player_choice":"Shed Blood","damage_taken":21,"max_hp_gain":5,"max_hp_loss":0,"event_name":"Forgotten Altar","floor":30,"gold_loss":0},{"damage_healed":0,"gold_gain":0,"player_choice":"Fight","damage_taken":0,"max_hp_gain":0,"max_hp_loss":0,"event_name":"MindBloom","floor":36,"gold_loss":0}],"is_beta":false,"boss_relics":[{"not_picked":["Empty Cage","aspiration:SecretTechniqueScroll"],"picked":"aspiration:PoetsPen_weak"},{"not_picked":["Fusion Hammer","Astrolabe"],"picked":"Mark of Pain"}],"items_purged_floors":[],"is_endless":false,"potions_floor_spawned":[1,2,6,10,13,16,18,22,28,36,39,40,44,48],"ascension_level":4}}