{"host":"ds1yr10zonoc6w4a","time":1610135311,"event":{"mods":["BaseMod","Better Match","Better Third Choice","BetterRewards","Minty Spire (QoL Compilation)","StSLib","The Animator"],"gold_per_floor":[121,61,61,61,76,107,122,122,145,145,163,163,33,44,44,134,134,154,154,168,168,168],"floor_reached":21,"playtime":2473,"items_purged":["animator:Strike"],"score":377,"play_id":"808b9dfb-c433-436e-a28f-97d9785e4959","local_time":"20210108124831","is_ascension_mode":true,"campfire_choices":[{"data":"animator:Alexander","floor":8.0,"key":"SMITH"},{"data":"animator:Alexander","floor":15.0,"key":"SMITH"}],"circlet_count":0,"master_deck":["AscendersBane","animator:Strike_Fate","animator:Defend_Fate","animator:Strike","animator:Strike","animator:Defend","animator:Defend","animator:Defend","animator:Alexander+1","animator:Rider","animator:RinTohsaka","animator:AcuraAkari+1","animator:Lancer","animator:Viivi","animator:Arpeggio","animator:Alexander+1","animator:Fredrika","animator:GoblinSlayer","animator:Mitsuba","animator:JeanneDArc"],"relics":["animator:VividPicture","animator:TheMissingPiece","animator:PurgingStone","NeowsBlessing","betterThird:SlimedRelic","Thread and Needle","Eternal Feather","Charon\u0027s Ashes","animator:CursedGlyph"],"acts_visited":["Exordium","TheCity"],"potions_floor_usage":[20,21],"damage_taken":[{"damage":0.0,"enemies":"2 Louse","floor":1.0,"turns":1.0},{"damage":0.0,"enemies":"Jaw Worm","floor":5.0,"turns":1.0},{"damage":0.0,"enemies":"3 Sentries","floor":6.0,"turns":1.0},{"damage":0.0,"enemies":"Cultist","floor":7.0,"turns":4.0},{"damage":1.0,"enemies":"Gremlin Gang","floor":11.0,"turns":5.0},{"damage":5.0,"enemies":"Looter","floor":14.0,"turns":4.0},{"damage":64.0,"enemies":"Hexaghost","floor":16.0,"turns":17.0},{"damage":34,"enemies":"Chosen","floor":18,"turns":7},{"damage":12,"enemies":"2 Thieves","floor":20,"turns":4},{"damage":16,"enemies":"Centurion and Healer","floor":21,"turns":7}],"seed_played":"-3964026655603985684","potions_obtained":[{"floor":1.0,"key":"Fire Potion"},{"floor":6.0,"key":"Regen Potion"},{"floor":14.0,"key":"Swift Potion"},{"floor":16.0,"key":"FearPotion"},{"floor":18,"key":"SpeedPotion"},{"floor":20,"key":"Ancient Potion"}],"is_trial":false,"path_per_floor":["M","?","$","?","M","E","M","R","T","T","M","?","$","M","R","B",null,"M","?","M","M"],"character_chosen":"THE_ANIMATOR","items_purchased":["animator:Alexander"],"campfire_rested":0,"item_purchase_floors":[13],"current_hp_per_floor":[54,43,43,48,48,49,49,49,49,49,48,48,48,43,52,3,50,16,16,4,0,0],"gold":168,"neow_bonus":"THREE_ENEMY_KILL","is_daily":false,"chose_seed":false,"campfire_upgraded":2,"win_rate":0.0,"timestamp":1610135311,"path_taken":["M","?","$","?","M","E","M","R","T","?","?","?","$","M","R","BOSS","M","?","?","M"],"items_purchased_type":["Card"],"build_version":"2020-12-22","purchased_purges":1,"victory":false,"max_hp_per_floor":[60,60,60,65,65,66,66,66,66,66,66,66,66,66,66,66,66,66,66,62,62,62],"card_choices":[{"not_picked":["animator:Emonzaemon","animator:KrulTepes"],"picked":"animator:RinTohsaka","floor":1.0},{"not_picked":["animator:CrowleyEusford","animator:Illya"],"picked":"animator:AcuraAkari","floor":5.0},{"not_picked":["animator:Illya","animator:Archer"],"picked":"animator:Lancer","floor":6.0},{"not_picked":["animator:ChaikaBohdan","animator:Guy"],"picked":"animator:Viivi","floor":7.0},{"not_picked":["animator:Chung","animator:Entoma"],"picked":"animator:Arpeggio","floor":11.0},{"not_picked":["animator:Guy","animator:Megumin"],"picked":"animator:Fredrika","floor":14.0},{"not_picked":["animator:Wiz","animator:Eris"],"picked":"animator:GoblinSlayer","floor":16.0},{"not_picked":["animator:Elsword","animator:ElricEdward"],"picked":"animator:Mitsuba","floor":18},{"not_picked":["animator:EmiyaShirou","animator:Caster"],"picked":"animator:JeanneDArc","floor":20}],"player_experience":694551,"relics_obtained":[{"floor":6.0,"key":"Thread and Needle"},{"floor":10.0,"key":"Eternal Feather"},{"floor":12.0,"key":"Charon\u0027s Ashes"},{"floor":20,"key":"animator:CursedGlyph"}],"event_choices":[{"damage_healed":0.0,"max_hp_gain":0.0,"max_hp_loss":0.0,"gold_gain":0.0,"event_name":"betterThird:BetterGoop","player_choice":"Slimed","floor":2.0,"gold_loss":60.0,"damage_taken":11.0},{"damage_healed":0.0,"max_hp_gain":5.0,"max_hp_loss":0.0,"gold_gain":0.0,"event_name":"Big Fish","player_choice":"Donut","floor":4.0,"gold_loss":0.0,"damage_taken":0.0},{"damage_healed":0.0,"max_hp_gain":0.0,"max_hp_loss":0.0,"gold_gain":0.0,"event_name":"Wheel of Change","player_choice":"Relic","floor":12.0,"gold_loss":0.0,"damage_taken":0.0},{"damage_healed":0,"gold_gain":0,"player_choice":"Forge","damage_taken":0,"max_hp_gain":0,"max_hp_loss":0,"event_name":"Accursed Blacksmith","floor":19,"gold_loss":0,"cards_upgraded":["animator:AcuraAkari"]}],"is_beta":false,"boss_relics":[{"not_picked":["Velvet Choker","Tiny House"],"picked":"animator:VividPicture"}],"items_purged_floors":[13],"is_endless":false,"potions_floor_spawned":[1,6,14,16,18,20],"killed_by":"Centurion and Healer","ascension_level":17}}