{"host":"pszcj3piwl6eu8b1","time":1610141929,"event":{"mods":["2.2 Compatiblity","Act Like it!","Aspiration","BaseMod","Better Altar","Better Match","Better Note","Better Sensory Stone","Better Skull","Better Third Choice","Better Vampires","CCEM","Elementarium","Energized Spire","Gensokyo","GifTheSpireLib","Hallownest","Hubris","Marisa????????","Menagerie","Minty Spire (QoL Compilation)","Permanent Neow","Quarter Circle Forward PUNCH!","Quick Restart","Replay The Spire","Shop Mod","StSLib","Stuff the Spire","The Animator","The Blue Laboratory"],"gold_per_floor":[129,129,129,406,420,420,420],"floor_reached":6,"playtime":573,"items_purged":[],"score":68,"play_id":"2f25caa7-6892-4b5b-b939-7cf26dfd457b","local_time":"20210108133849","is_ascension_mode":true,"campfire_choices":[],"circlet_count":0,"master_deck":["AscendersBane","animator:Strike_HitsugiNoChaika","animator:Defend_HitsugiNoChaika","animator:Strike","animator:Strike","animator:Strike","animator:Defend","animator:Defend","animator:Defend","animator:AcuraAkari","animator:Gillette","Delirium","animator:AcuraShin","animator:Viivi","animator:Entoma+1","animator:YaoHaDucy"],"relics":["animator:LivingPicture","animator:TheMissingPiece","animator:PurgingStone","Strawberry"],"acts_visited":["Gensokyo:Gensokyo"],"potions_floor_usage":[],"damage_taken":[{"damage":13.0,"enemies":"Gensokyo:2_Kodama","floor":1.0,"turns":3.0},{"damage":10.0,"enemies":"Gensokyo:Gryphon","floor":5.0,"turns":3.0},{"damage":0,"enemies":"Gensokyo:Aya","floor":6,"turns":1}],"seed_played":"7721816072444749327","potions_obtained":[],"is_trial":false,"path_per_floor":["M","?","?","?","M","E"],"character_chosen":"THE_ANIMATOR","items_purchased":[],"campfire_rested":0,"item_purchase_floors":[],"current_hp_per_floor":[42,42,35,14,4,4,4],"gold":420,"neow_bonus":"THREE_RARE_CARDS","is_daily":false,"chose_seed":false,"campfire_upgraded":0,"win_rate":0.0,"timestamp":1610141929,"path_taken":["M","?","?","?","?","E"],"items_purchased_type":[],"build_version":"2020-12-22","purchased_purges":0,"victory":false,"max_hp_per_floor":[61,61,68,68,68,68,68],"card_choices":[{"not_picked":["animator:FeridBathory","animator:Shizu"],"picked":"animator:AcuraShin","floor":0.0},{"not_picked":["animator:DolaSchwi","animator:Sebas"],"picked":"animator:Viivi","floor":1.0},{"not_picked":["animator:Gillette","animator:Jibril"],"picked":"animator:YaoHaDucy","floor":5.0}],"player_experience":1363710,"relics_obtained":[],"event_choices":[{"damage_healed":0.0,"max_hp_gain":0.0,"max_hp_loss":0.0,"gold_gain":277.0,"event_name":"betterSkull:BetterSkull","player_choice":"GO GO GO ","floor":4.0,"gold_loss":0.0,"damage_taken":24.0,"cards_upgraded":[],"relics_obtained":[]}],"is_beta":false,"boss_relics":[],"items_purged_floors":[],"is_endless":false,"potions_floor_spawned":[],"killed_by":"Gensokyo:Aya","ascension_level":20}}