{"host":"l97fnvmr74b5xfzs","time":1610131082,"event":{"mods":["100% Spire Juice","AchievementEnabler","Act Like it!","BaseMod","Better Third Choice","Evolution","Hermit","Koishi","Lobotomy","Marisa（霧雨　魔理沙）","Minty Spire (QoL Compilation)","Relic Stats","StSLib","The Marked","The Servant 0.9.4"],"gold_per_floor":[110,121,42,42,59,87,99,99,57,67,84,149,29,49,49,27,27,40,115,130,7,27,27,27,27,96,96,107,35,35,63,63,160,160,174,174,189,189,89,89,114,133,133,163,163,163],"floor_reached":45,"playtime":3197,"items_purged":["Moonworks:Defend","Moonworks:Defend"],"score":543,"play_id":"b736574a-f738-46d9-99fd-b6fa35bfe212","local_time":"20210108133802","is_ascension_mode":false,"campfire_choices":[{"data":"Moonworks:IndiscriminateFireSupport","floor":8,"key":"SMITH"},{"data":"Moonworks:Ambush","floor":15,"key":"SMITH"},{"floor":23,"key":"REST"},{"data":"Moonworks:ShieldCounter","floor":25,"key":"SMITH"},{"floor":27,"key":"REST"},{"data":"Moonworks:RagingMadness","floor":32,"key":"SMITH"},{"data":"Moonworks:IndiscriminateFireSupport","floor":40,"key":"SMITH"}],"circlet_count":0,"master_deck":["Moonworks:Strike","Moonworks:Strike","Moonworks:Strike","Moonworks:Defend","Moonworks:Defend","Moonworks:Ambush+1","Moonworks:LongDistanceShot","MHz","Moonworks:SakisCookie","VoidDream","Moonworks:EvilSpyWorkPreparation","Moonworks:FullSpeedAlicianrone","RedShoes","Moonworks:IndiscriminateFireSupport+1","Moonworks:LulusLuckyEgg","Moonworks:SakisCookie","Moonworks:LulusLuckyEgg","Moonworks:Wanted","Moonworks:ShieldCounter+1","WallGazer","Moonworks:BeyondHell+1","Moonworks:SakisCookie","Moonworks:StiffCrystal+1","Moonworks:DeployBits+1","Moonworks:RagingMadness+1","Moonworks:AwakeningOfTalent+1","LongBird","Moonworks:RocketCannon","Moonworks:IndiscriminateFireSupport+1","Moonworks:DeployBits+1","Moonworks:LuckyCharm","Moonworks:SakisCookie+1","Regret","Moonworks:AngelHand+1"],"relics":["Moonworks:BrokenBomb","Moonworks:Homemark","EVO:Axolotl","CogitoBucket","CaptainsWheel","Pantograph","AdjustmentMirror","Strawberry","Sozu","AspirationHeart","WingedGreaves","Mummified Hand","Incense Burner","Cursed Key","AtMidnight","TreeSap","Molten Egg 2","Meat on the Bone","Anchor"],"acts_visited":["Exordium","TheCity","TheBeyond"],"potions_floor_usage":[6,11,12,16,16],"damage_taken":[{"damage":0,"enemies":"Small Slimes","floor":1,"turns":3},{"damage":1,"enemies":"Cultist","floor":2,"turns":3},{"damage":2,"enemies":"2 Louse","floor":5,"turns":3},{"damage":27,"enemies":"Gremlin Nob","floor":6,"turns":4},{"damage":0,"enemies":"Large Slime","floor":7,"turns":6},{"damage":0,"enemies":"Exordium Thugs","floor":10,"turns":1},{"damage":5,"enemies":"Red Slaver","floor":11,"turns":5},{"damage":20,"enemies":"Lagavulin Event","floor":12,"turns":8},{"damage":0,"enemies":"2 Fungi Beasts","floor":14,"turns":1},{"damage":38,"enemies":"Slime Boss","floor":16,"turns":7},{"damage":46,"enemies":"3 Byrds","floor":18,"turns":5},{"damage":12,"enemies":"Spheric Guardian","floor":20,"turns":3},{"damage":8,"enemies":"3 Cultists","floor":22,"turns":4},{"damage":11,"enemies":"Cultist and Chosen","floor":28,"turns":5},{"damage":38,"enemies":"Book of Stabbing","floor":31,"turns":6},{"damage":13,"enemies":"Champ","floor":33,"turns":7},{"damage":16,"enemies":"Orb Walker","floor":35,"turns":13},{"damage":1,"enemies":"3 Darklings","floor":37,"turns":4},{"damage":21,"enemies":"Nemesis","floor":41,"turns":5},{"damage":26,"enemies":"4 Shapes","floor":42,"turns":2},{"damage":15,"enemies":"Reptomancer","floor":44,"turns":6},{"damage":71,"enemies":"Transient","floor":45,"turns":5}],"seed_played":"-2684435135195980106","potions_obtained":[{"floor":2,"key":"DistilledChaos"},{"floor":5,"key":"Dexterity Potion"},{"floor":6,"key":"DistilledChaos"},{"floor":10,"key":"EssenceOfSteel"},{"floor":12,"key":"Ancient Potion"}],"is_trial":false,"path_per_floor":["M","M","$","?","M","E","M","R","T","M","M","?","$","M","R","B",null,"M","?","M","$","M","R","?","R","T","R","M","$","?","E","R","B",null,"M","?","M","?","$","R","E","M","T","E","M"],"character_chosen":"THE_STARBREAKER","items_purchased":["Moonworks:FullSpeedAlicianrone","Moonworks:SakisCookie","Moonworks:RagingMadness"],"campfire_rested":2,"item_purchase_floors":[3,21,29],"current_hp_per_floor":[60,59,59,59,59,33,35,35,35,41,40,35,35,39,39,29,67,31,24,20,20,24,47,47,47,47,70,68,68,68,42,42,66,77,62,62,61,50,50,50,41,19,19,34,0,0],"gold":163,"neow_bonus":"","is_daily":false,"chose_seed":false,"campfire_upgraded":5,"win_rate":0.0,"timestamp":1610131082,"path_taken":["M","M","$","?","M","E","M","R","T","M","M","?","$","M","R","BOSS","M","?","M","?","M","R","?","R","T","R","M","$","?","E","R","BOSS","M","?","M","?","$","R","E","M","T","E","M"],"items_purchased_type":["Card","Card","Card"],"build_version":"2020-12-22","purchased_purges":2,"victory":false,"max_hp_per_floor":[60,60,60,60,60,60,60,60,60,60,60,67,67,67,67,67,67,77,77,77,77,77,77,77,77,77,77,77,77,77,77,77,77,77,62,62,62,67,67,67,67,67,67,67,67,67],"relic_stats":{"Sozu":6,"counters":[25,109],"Mummified Hand":[16],"Pantograph":50,"Cursed Key":1,"obtain_stats":[{"AspirationHeart":18,"Incense Burner":31,"EVO:Axolotl":0,"AdjustmentMirror":10,"Cursed Key":34,"Sozu":17,"CogitoBucket":0,"CaptainsWheel":6,"Anchor":44,"Mummified Hand":26,"Moonworks:Homemark":0,"Pantograph":9,"Strawberry":12,"TreeSap":35,"AtMidnight":35,"Molten Egg 2":41,"WingedGreaves":24,"Moonworks:BrokenBomb":0,"Meat on the Bone":43},{"AspirationHeart":13,"Incense Burner":17,"EVO:Axolotl":0,"AdjustmentMirror":7,"Cursed Key":18,"Sozu":11,"CogitoBucket":0,"CaptainsWheel":4,"Anchor":24,"Mummified Hand":15,"Moonworks:Homemark":0,"Pantograph":5,"Strawberry":9,"TreeSap":20,"AtMidnight":20,"Molten Egg 2":22,"WingedGreaves":15,"Moonworks:BrokenBomb":0,"Meat on the Bone":23},{"AspirationHeart":48,"Incense Burner":66,"EVO:Axolotl":0,"AdjustmentMirror":21,"Cursed Key":73,"Sozu":42,"CogitoBucket":0,"CaptainsWheel":13,"Anchor":104,"Mummified Hand":55,"Moonworks:Homemark":0,"Pantograph":19,"Strawberry":34,"TreeSap":87,"AtMidnight":87,"Molten Egg 2":96,"WingedGreaves":55,"Moonworks:BrokenBomb":0,"Meat on the Bone":98}],"Meat on the Bone":12},"card_choices":[{"not_picked":["MeatLantern","Variant"],"picked":"MHz","floor":1},{"not_picked":["Moonworks:DeployBits","Moonworks:MiracleRedBeanIceCream"],"picked":"Moonworks:SakisCookie","floor":1},{"not_picked":["OldLady","CherryBlossoms"],"picked":"VoidDream","floor":2},{"not_picked":["Moonworks:ImOnFire","Moonworks:Assault"],"picked":"Moonworks:EvilSpyWorkPreparation","floor":2},{"not_picked":["Scorched","OldLady"],"picked":"RedShoes","floor":5},{"not_picked":["Moonworks:WindyEnchantment","Moonworks:Wanted"],"picked":"Moonworks:IndiscriminateFireSupport","floor":5},{"not_picked":["Moonworks:BindingChains","Moonworks:BigMagnum"],"picked":"Moonworks:LulusLuckyEgg","floor":6},{"not_picked":["Moonworks:CloudOfSeagulls","Moonworks:MiracleRedBeanIceCream"],"picked":"Moonworks:SakisCookie","floor":7},{"not_picked":["Murderer","Wellcheers"],"picked":"UniverseFragment","floor":10},{"not_picked":["Moonworks:CloudOfSeagulls","Moonworks:BigMagnum"],"picked":"Moonworks:LulusLuckyEgg","floor":10},{"not_picked":["Moonworks:SakisCookie","Moonworks:MiracleWalker"],"picked":"Moonworks:Wanted","floor":11},{"not_picked":["Moonworks:EvilSpyWorkPreparation","Moonworks:Dinner","Moonworks:LulusLuckyEgg"],"picked":"SKIP","floor":14},{"not_picked":["Moonworks:HolyNight","Moonworks:Wanted"],"picked":"Moonworks:ShieldCounter","floor":16},{"not_picked":["BlueStar","PunishingBird"],"picked":"WallGazer","floor":18},{"not_picked":["Moonworks:EvilSpyWorkPreparation","Moonworks:BigMagnum","Moonworks:IndiscriminateFireSupport"],"picked":"SKIP","floor":18},{"not_picked":["Moonworks:DeployBits","Moonworks:AngelHand"],"picked":"Moonworks:BeyondHell+1","floor":20},{"not_picked":["Moonworks:EvilSpyWorkPreparation+1","Moonworks:WeAreWaruda"],"picked":"Moonworks:StiffCrystal+1","floor":22},{"not_picked":["Moonworks:IndiscriminateFireSupport","Moonworks:Assault"],"picked":"Moonworks:DeployBits+1","floor":28},{"not_picked":["Moonworks:BigMagnum","Moonworks:DeployBits"],"picked":"Moonworks:AwakeningOfTalent+1","floor":31},{"not_picked":["NakedNest","BodiesMountain"],"picked":"LongBird","floor":33},{"not_picked":["Moonworks:MetallicMonocoque","Moonworks:EvilMastermind"],"picked":"Moonworks:RocketCannon","floor":33},{"not_picked":["Moonworks:WindyEnchantment","Moonworks:BigMagnum+1"],"picked":"Moonworks:IndiscriminateFireSupport","floor":35},{"not_picked":["Moonworks:CastOff","Moonworks:LulusLuckyEgg+1"],"picked":"Moonworks:DeployBits+1","floor":37},{"not_picked":["Moonworks:Wanted","Moonworks:WindyEnchantment"],"picked":"Moonworks:LuckyCharm","floor":41},{"not_picked":["Moonworks:BigMagnum","Moonworks:ScrambledEve"],"picked":"Moonworks:SakisCookie+1","floor":42},{"not_picked":["Moonworks:MiracleWalker","Moonworks:LulusLuckyEgg+1"],"picked":"Moonworks:AngelHand+1","floor":44}],"player_experience":282952,"relics_obtained":[{"floor":6,"key":"CaptainsWheel"},{"floor":9,"key":"Pantograph"},{"floor":12,"key":"Strawberry"},{"floor":26,"key":"Mummified Hand"},{"floor":31,"key":"Incense Burner"},{"floor":35,"key":"AtMidnight"},{"floor":41,"key":"Molten Egg 2"},{"floor":43,"key":"Meat on the Bone"},{"floor":44,"key":"Anchor"}],"event_choices":[{"cards_removed":["Moonworks:Strike"],"damage_healed":0,"gold_gain":0,"player_choice":"Forget","damage_taken":0,"max_hp_gain":0,"max_hp_loss":0,"event_name":"Living Wall","floor":4,"gold_loss":0},{"damage_healed":0,"gold_gain":30,"player_choice":"Searched \u00272\u0027 times","damage_taken":0,"max_hp_gain":0,"max_hp_loss":0,"event_name":"Dead Adventurer","floor":12,"gold_loss":0},{"damage_healed":0,"gold_gain":75,"player_choice":"Touch","damage_taken":7,"max_hp_gain":0,"max_hp_loss":0,"event_name":"FaceTrader","floor":19,"gold_loss":0},{"damage_healed":0,"gold_gain":0,"player_choice":"Stole Relic","damage_taken":0,"relics_obtained":["WingedGreaves"],"max_hp_gain":0,"max_hp_loss":0,"event_name":"Addict","floor":24,"gold_loss":0,"cards_obtained":["Shame"]},{"cards_removed":["Shame"],"damage_healed":0,"gold_gain":0,"player_choice":"Removed Curses","damage_taken":0,"max_hp_gain":0,"max_hp_loss":0,"event_name":"Fountain of Cleansing","floor":30,"gold_loss":0},{"cards_removed":["UniverseFragment"],"damage_healed":0,"gold_gain":0,"player_choice":"Removed Skill","damage_taken":0,"max_hp_gain":0,"max_hp_loss":0,"event_name":"Falling","floor":36,"gold_loss":0},{"damage_healed":0,"gold_gain":0,"player_choice":"Random: Violet","damage_taken":0,"max_hp_gain":0,"max_hp_loss":0,"event_name":"betterThird:BetterPortal","floor":38,"gold_loss":0},{"damage_healed":0,"gold_gain":0,"player_choice":"Shed Blood","damage_taken":16,"max_hp_gain":5,"max_hp_loss":0,"event_name":"Forgotten Altar","floor":38,"gold_loss":0}],"is_beta":false,"boss_relics":[{"not_picked":["Fusion Hammer","Velvet Choker"],"picked":"Sozu"},{"not_picked":["SacredBark","Tiny House"],"picked":"Cursed Key"}],"items_purged_floors":[21,39],"is_endless":false,"potions_floor_spawned":[2,5,6,10,12,20,22,28,33,42,44],"killed_by":"Transient","ascension_level":0}}