{"host":"cbabs5wvj1yqiyjm","time":1610076732,"event":{"mods":["AchievementEnabler","Act Like it!","Bartender","BaseMod","Bestiary","Better Third Choice","BetterRewards","Colored Powertips","Downfall","Friendly Minions","Hallownest","Hermit","Infinite Spire","Kratos Character Expansion","Marisa????????","Minty Spire (QoL Compilation)","Rare Cards Sparkle","Replay The Spire","SOS???????","Spicy Shops","StSLib","Td1madao Mod","The Bladedancer","The Bug Knight","The Cursed","The Disciple","The Forsaken","The Marked","The Necromancer","The Servant 0.9.4","Wandering Minibosses","???Mod??????Boss"],"gold_per_floor":[99,126,126,187,25,75,75,75,75,75,75,111,111,182,220,220,220],"floor_reached":16,"playtime":904,"items_purged":[],"score":92,"play_id":"0e79f930-37c2-4dc4-924f-22134a4c91f9","local_time":"20210107223212","is_ascension_mode":false,"campfire_choices":[{"floor":1,"key":"RECALL"},{"data":"Demonreform","floor":11,"key":"SMITH"},{"floor":13,"key":"REST"}],"circlet_count":0,"master_deck":["Attack_a","Attack_a","Attack_b","Shoot","Shoot","Provocation","Defend_Dante","Defend_Dante","Defend_Dante","Defend_Dante","Redorb+1","Pandora+1","BeastUppercut","Demonreform+1","LucifercomboA","GilgameshcomboA","Pandora","Lucifer","Dash1","Swordmaster","Gunstinger"],"relics":["SSS","Combocheck","Power_Wrist","Golden Idol"],"acts_visited":["Exordium"],"potions_floor_usage":[16,16,16],"damage_taken":[{"damage":0,"enemies":"Small Slimes","floor":2,"turns":3},{"damage":4,"enemies":"Cultist","floor":4,"turns":4},{"damage":0,"enemies":"downfall:FleeingMerchant","floor":5,"turns":4},{"damage":9,"enemies":"Jaw Worm","floor":6,"turns":3},{"damage":28,"enemies":"Blue Slaver","floor":12,"turns":5},{"damage":6,"enemies":"Red Slaver","floor":14,"turns":3},{"damage":59,"enemies":"3 Louse","floor":15,"turns":5},{"damage":24,"enemies":"The Guardian","floor":16,"turns":7}],"seed_played":"957353306654826116","potions_obtained":[{"floor":2,"key":"FearPotion"},{"floor":4,"key":"Dexterity Potion"},{"floor":15,"key":"EssenceOfSteel"}],"is_trial":false,"path_per_floor":["R","M","?","M","$","M","T","?","?","T","R","M","R","M","M","B"],"character_chosen":"DANTE","items_purchased":["LucifercomboA","GilgameshcomboA","Pandora"],"campfire_rested":1,"item_purchase_floors":[5,5,5],"current_hp_per_floor":[80,80,80,76,76,70,70,75,75,75,75,50,73,67,20,0,0],"gold":220,"neow_bonus":"UPGRADE_CARD","is_daily":false,"chose_seed":false,"campfire_upgraded":1,"win_rate":0.0,"timestamp":1610076732,"path_taken":["R","M","?","?","$","M","T","?","?","?","R","?","R","M","M","BOSS"],"items_purchased_type":["Card","Card","Card"],"build_version":"2020-12-22","purchased_purges":0,"victory":false,"max_hp_per_floor":[80,80,80,80,80,80,80,85,79,79,79,79,79,79,79,79,79],"card_choices":[{"not_picked":["EbonyIvory","Chargeshoot2"],"picked":"Pandora","floor":2},{"not_picked":["VitalstarS","Millionstab"],"picked":"BeastUppercut","floor":4},{"not_picked":["CoyoteA","Dash2"],"picked":"Demonreform","floor":5},{"not_picked":["DevilstarS","Whiteorb"],"picked":"Lucifer","floor":6},{"not_picked":["Airhike","Weaponupgrade"],"picked":"Dash1","floor":12},{"not_picked":["Doubleshoot","VitalstarM"],"picked":"Swordmaster","floor":14},{"not_picked":["Dash2","Millionstab"],"picked":"Gunstinger","floor":15}],"player_experience":73012,"relics_obtained":[{"floor":7,"key":"Power_Wrist"}],"event_choices":[{"damage_healed":0,"gold_gain":0,"player_choice":"Upgraded","damage_taken":0,"max_hp_gain":0,"max_hp_loss":0,"event_name":"Upgrade Shrine","floor":3,"gold_loss":0,"cards_upgraded":["Pandora"]},{"damage_healed":0,"gold_gain":0,"player_choice":"Donut","damage_taken":0,"max_hp_gain":5,"max_hp_loss":0,"event_name":"Big Fish","floor":8,"gold_loss":0},{"damage_healed":0,"gold_gain":0,"player_choice":"Lose Max HP","damage_taken":0,"relics_obtained":["Golden Idol"],"max_hp_gain":0,"max_hp_loss":6,"event_name":"Golden Idol","floor":9,"gold_loss":0}],"is_beta":false,"boss_relics":[],"items_purged_floors":[],"is_endless":false,"potions_floor_spawned":[2,4,15],"killed_by":"The Guardian","ascension_level":0}}