{"host":"7c402rm0fqc13zvz","time":1610120028,"event":{"mods":["BaseMod","KomeijiMod","Marisa£®ÏF”Í°°ƒß¿Ì…≥£©","Minty Spire (QoL Compilation)","Reimu£®≤©¿ˆ¡È√Œ£©","StSLib","The Administrix","The Cursed","Youmu£®ªÍ∆«—˝√Œ£©","[π¶ƒ‹]π¶ƒ‹‘ˆ«ø∫Õ–ﬁ∏¥MOD"],"gold_per_floor":[117,133,98,98,68,68,68,68,68,101,111,130,147,147,147,243,243,257,257,1,100,95,114,114,147,196,196,207,207,238,238,238,333,333,346,363,378,390,57,86,104,134,183,183,93,93,112,130,130,130],"floor_reached":51,"playtime":2663,"items_purged":["TheCursedMod:Defend_TheCursed","TheCursedMod:Strike_TheCursed","TheCursedMod:Strike_TheCursed","TheCursedMod:Defend_TheCursed","TheCursedMod:Defend_TheCursed","TheCursedMod:Strike_TheCursed","TheCursedMod:Strike_TheCursed+1","TheCursedMod:Defend_TheCursed+1","TheCursedMod:VitalStrike","TheCursedMod:Stigma+1","TheCursedMod:CursedStaff","TheCursedMod:CursedBlade","TheCursedMod:BlessingInDisguise+1"],"score":1020,"play_id":"37b66acb-840c-4d0c-84de-897b75fbacd8","local_time":"20210108233348","is_ascension_mode":false,"campfire_choices":[{"data":"TheCursedMod:Stigma","floor":6.0,"key":"SMITH"},{"data":"TheCursedMod:CleanUpWorkshop","floor":8.0,"key":"SMITH"},{"data":"TheCursedMod:ReleasedStrength","floor":15.0,"key":"SMITH"},{"data":"Trip","floor":24.0,"key":"SMITH"},{"data":"TheCursedMod:NeowsMight","floor":27.0,"key":"SMITH"},{"data":"Master of Strategy","floor":29.0,"key":"SMITH"},{"data":"TheCursedMod:SpitefulPlan","floor":32.0,"key":"SMITH"},{"data":"TheCursedMod:VoidForm","floor":44,"key":"SMITH"},{"data":"TheCursedMod:WearCloak","floor":46,"key":"SMITH"},{"floor":49,"key":"REST"}],"circlet_count":0,"master_deck":["TheCursedMod:CursedWand+1","TheCursedMod:CleanUpWorkshop+1","TheCursedMod:Dregs","TheCursedMod:CursedSpellbook+1","TheCursedMod:ReleasedStrength+1","TheCursedMod:RavingStaff+1","TheCursedMod:NeowsMight+1","Shame","TheCursedMod:NeowsMight+1","Master of Strategy+1","Trip+1","TheCursedMod:WearCloak+1","TheCursedMod:SpitefulPlan+1","TheCursedMod:VoidForm+1","TheCursedMod:CursedSpellbook+1"],"relics":["TheCursedMod:BlackMagicAdvanced","Chemical X","Oddly Smooth Stone","Anchor","Pantograph","Bag of Preparation","Bronze Scales","The Courier","Bird Faced Urn","Meat on the Bone","Potion Belt","RuthlessExorcism:ReiMu","DollysMirror","HandDrill","Bag of Marbles","Darkstone Periapt","Toxic Egg 2","Orichalcum","War Paint","TentaclePot:ReiMu","Tiny Chest","Ancient Tea Set","TheCursedMod:FourLeafCloverCharm","Mastiff:ReiMu","Calipers","Sling","Eternal Feather","Juzu Bracelet","MealTicket","Whetstone"],"acts_visited":["Exordium","TheCity","TheBeyond"],"potions_floor_usage":[50,50,50,50,50],"damage_taken":[{"damage":1.0,"enemies":"2 Louse","floor":1.0,"turns":3.0},{"damage":0.0,"enemies":"Jaw Worm","floor":2.0,"turns":3.0},{"damage":0.0,"enemies":"Lagavulin","floor":10.0,"turns":4.0},{"damage":0.0,"enemies":"Cultist","floor":11.0,"turns":2.0},{"damage":0.0,"enemies":"Lots of Slimes","floor":12.0,"turns":1.0},{"damage":0.0,"enemies":"Red Slaver","floor":13.0,"turns":2.0},{"damage":25.0,"enemies":"The Guardian","floor":16.0,"turns":6.0},{"damage":0.0,"enemies":"Spheric Guardian","floor":18.0,"turns":2.0},{"damage":0.0,"enemies":"Chosen","floor":23.0,"turns":1.0},{"damage":0.0,"enemies":"Gremlin Leader","floor":25.0,"turns":1.0},{"damage":0.0,"enemies":"Snecko","floor":28.0,"turns":1.0},{"damage":0.0,"enemies":"Book of Stabbing","floor":30.0,"turns":1.0},{"damage":4.0,"enemies":"Collector","floor":33.0,"turns":4.0},{"damage":0,"enemies":"3 Shapes","floor":35,"turns":1},{"damage":0,"enemies":"3 Darklings","floor":36,"turns":1},{"damage":0,"enemies":"Jaw Worm Horde","floor":37,"turns":1},{"damage":0,"enemies":"4 Shapes","floor":38,"turns":1},{"damage":0,"enemies":"Giant Head","floor":40,"turns":1},{"damage":0,"enemies":"Maw","floor":41,"turns":2},{"damage":0,"enemies":"Nemesis","floor":42,"turns":1},{"damage":0,"enemies":"Transient","floor":47,"turns":2},{"damage":0,"enemies":"4 Shapes","floor":48,"turns":1},{"damage":0,"enemies":"Time Eater","floor":50,"turns":4}],"seed_played":"2618378521541179640","potions_obtained":[{"floor":1.0,"key":"Block Potion"},{"floor":1.0,"key":"BlessingOfTheForge"},{"floor":2.0,"key":"Dexterity Potion"},{"floor":23.0,"key":"CultistPotion"},{"floor":25.0,"key":"Block Potion"},{"floor":35,"key":"Dexterity Potion"},{"floor":38,"key":"FearPotion"},{"floor":40,"key":"GrandPatriotsElixir:ReiMu"},{"floor":40,"key":"Block Potion"}],"is_trial":false,"path_per_floor":["M","M","?","?","$","R","?","R","T","E","M","M","M","$","R","B",null,"M","?","$","?","$","M","R","E","T","R","M","R","E","$","R","B",null,"M","M","M","M","$","E","M","E","T","R","?","R","M","M","R","B",null],"character_chosen":"THE_CURSED","items_purchased":["Chemical X","Oddly Smooth Stone","TheCursedMod:VitalStrike","Bag of Preparation","Bronze Scales","TheCursedMod:BlessingInDisguise","Bird Faced Urn","Meat on the Bone","Potion Belt","RuthlessExorcism:ReiMu","DollysMirror","Master of Strategy","Trip","TheCursedMod:WearCloak","HandDrill","Bag of Marbles","Darkstone Periapt","TentaclePot:ReiMu","Tiny Chest","Ancient Tea Set","TheCursedMod:SpitefulPlan","Mastiff:ReiMu","Calipers","Sling","Eternal Feather","Juzu Bracelet"],"campfire_rested":1,"item_purchase_floors":[5,5,5,14,14,14,20,20,20,20,20,22,22,22,22,22,22,31,31,31,31,39,39,39,39,39],"current_hp_per_floor":[74,74,75,60,60,60,60,60,60,60,60,60,60,60,60,50,75,75,75,75,75,75,75,75,75,75,75,75,75,75,75,75,71,75,75,75,75,75,75,75,75,75,75,75,75,75,75,75,75,75],"gold":130,"neow_bonus":"UPGRADE_CARD","is_daily":false,"chose_seed":false,"campfire_upgraded":9,"win_rate":0.0,"timestamp":1610120028,"path_taken":["M","M","?","?","$","R","?","R","T","E","M","?","?","?","R","BOSS","M","?","$","?","?","M","R","E","T","R","M","R","E","$","R","BOSS","M","M","M","M","$","E","M","E","T","R","?","R","M","M","R","BOSS"],"items_purchased_type":["Relic","Relic","Card","Relic","Relic","Card","Relic","Relic","Relic","Relic","Relic","Card","Card","Card","Relic","Relic","Relic","Relic","Relic","Relic","Card","Relic","Relic","Relic","Relic","Relic"],"build_version":"2020-12-22","purchased_purges":13,"victory":true,"max_hp_per_floor":[75,75,75,75,75,75,75,75,75,75,75,75,75,75,75,75,75,75,75,75,75,75,75,75,75,75,75,75,75,75,75,75,75,75,75,75,75,75,75,75,75,75,75,75,75,75,75,75,75,75],"card_choices":[{"not_picked":["TheCursedMod:Wield","TheCursedMod:Mangle"],"picked":"TheCursedMod:Stigma","floor":1.0},{"not_picked":["TheCursedMod:SpitefulStrike","TheCursedMod:Wield"],"picked":"TheCursedMod:CursedSpellbook","floor":2.0},{"not_picked":["TheCursedMod:CursedArmor","TheCursedMod:ManaBullet"],"picked":"TheCursedMod:ReleasedStrength","floor":10.0},{"not_picked":["TheCursedMod:SmokeScreen","TheCursedMod:Evocation"],"picked":"TheCursedMod:CursedBlade","floor":11.0},{"not_picked":["TheCursedMod:Obscuration","TheCursedMod:DarkBarrier"],"picked":"TheCursedMod:RavingStaff","floor":12.0},{"not_picked":["TheCursedMod:SmokeScreen","TheCursedMod:HellsGateOpen","TheCursedMod:HellfireBreathing"],"picked":"SKIP","floor":13.0},{"not_picked":["TheCursedMod:ShockAndAwe","TheCursedMod:OutForBlood"],"picked":"TheCursedMod:NeowsMight","floor":16.0},{"not_picked":["TheCursedMod:BloodBarrier","TheCursedMod:CircleOfCorruption"],"picked":"TheCursedMod:CursedStaff","floor":18.0},{"not_picked":["TheCursedMod:Hemoplague+1","TheCursedMod:CircleOfCorruption","TheCursedMod:CircleOfBlood"],"picked":"SKIP","floor":23.0},{"not_picked":["TheCursedMod:Torture+1","TheCursedMod:OutForBlood","TheCursedMod:RavingStaff"],"picked":"SKIP","floor":25.0},{"not_picked":["TheCursedMod:RapidMovement+1","TheCursedMod:VitalStrike","TheCursedMod:CursedMace"],"picked":"SKIP","floor":28.0},{"not_picked":["TheCursedMod:Stigma+1","TheCursedMod:BlessingInDisguise+1","TheCursedMod:CursedBlade"],"picked":"SKIP","floor":30.0},{"not_picked":["TheCursedMod:AntiAging+1","TheCursedMod:ShockAndAwe"],"picked":"TheCursedMod:VoidForm","floor":33.0},{"not_picked":["TheCursedMod:Evocation+1","TheCursedMod:CircleOfFocus+1"],"picked":"TheCursedMod:CursedSpellbook+1","floor":35},{"not_picked":["TheCursedMod:DoubleShield+1","TheCursedMod:CursedAmulet+1","TheCursedMod:Mangle+1"],"picked":"SKIP","floor":36},{"not_picked":["TheCursedMod:CursedShiv","TheCursedMod:StingEye+1"],"picked":"TheCursedMod:CursedBlade+1","floor":37},{"not_picked":["TheCursedMod:CircleOfCorruption+1","TheCursedMod:VitalStrike","TheCursedMod:CircleOfFlame+1"],"picked":"SKIP","floor":38},{"not_picked":["TheCursedMod:CircleOfFocus+1","TheCursedMod:DemonicPact","TheCursedMod:CircleOfCorruption+1"],"picked":"SKIP","floor":40},{"not_picked":["TheCursedMod:CursedSpellbook+1","TheCursedMod:SaltUponWound+1","TheCursedMod:StingEye+1"],"picked":"SKIP","floor":41},{"not_picked":["TheCursedMod:TroublousMinions+1","TheCursedMod:FleshFromBone+1","TheCursedMod:StingEye+1"],"picked":"SKIP","floor":42},{"not_picked":["TheCursedMod:Stretching+1","TheCursedMod:TacticalStrike+1","TheCursedMod:BloodBarrier+1"],"picked":"SKIP","floor":47},{"not_picked":["TheCursedMod:Stretching+1","TheCursedMod:TacticalStrike+1","TheCursedMod:BloodBarrier+1"],"picked":"SKIP","floor":47},{"not_picked":["TheCursedMod:AbyssShockwave+1","TheCursedMod:CircleOfBlood+1","TheCursedMod:StingEye+1"],"picked":"SKIP","floor":48}],"player_experience":41875,"relics_obtained":[{"floor":9.0,"key":"Anchor"},{"floor":10.0,"key":"Pantograph"},{"floor":25.0,"key":"Toxic Egg 2"},{"floor":26.0,"key":"Orichalcum"},{"floor":30.0,"key":"War Paint"},{"floor":40,"key":"MealTicket"},{"floor":43,"key":"Whetstone"}],"event_choices":[{"damage_healed":18.0,"max_hp_gain":0.0,"max_hp_loss":0.0,"gold_gain":0.0,"event_name":"The Cleric","player_choice":"Healed","floor":3.0,"gold_loss":35.0,"damage_taken":0.0},{"damage_healed":0.0,"max_hp_gain":0.0,"max_hp_loss":0.0,"gold_gain":0.0,"event_name":"Shining Light","player_choice":"Entered Light","floor":4.0,"gold_loss":0.0,"damage_taken":15.0,"cards_upgraded":["TheCursedMod:Strike_TheCursed","TheCursedMod:Defend_TheCursed"]},{"cards_removed":["Iron Wave"],"damage_healed":0.0,"max_hp_gain":0.0,"max_hp_loss":0.0,"gold_gain":0.0,"event_name":"NoteForYourself","player_choice":"Took Card","floor":7.0,"gold_loss":0.0,"damage_taken":0.0,"cards_obtained":["Iron Wave"]},{"damage_healed":0.0,"max_hp_gain":0.0,"max_hp_loss":0.0,"gold_gain":0.0,"event_name":"Addict","player_choice":"Stole Relic","floor":19.0,"gold_loss":0.0,"damage_taken":0.0,"relics_obtained":["The Courier"],"cards_obtained":["Shame"]},{"damage_healed":0.0,"max_hp_gain":0.0,"max_hp_loss":0.0,"gold_gain":99.0,"event_name":"Nest","player_choice":"Stole From Cult","floor":21.0,"gold_loss":0.0,"damage_taken":0.0},{"cards_removed":["TheCursedMod:CursedBlade"],"damage_healed":0,"gold_gain":0,"player_choice":"Upgrade and Remove","damage_taken":0,"max_hp_gain":0,"max_hp_loss":0,"event_name":"Designer","floor":45,"gold_loss":90,"cards_upgraded":["TheCursedMod:CursedSpellbook"]}],"is_beta":false,"boss_relics":[{"not_picked":["Fusion Hammer","Snecko Eye"],"picked":"TheCursedMod:BlackMagicAdvanced"},{"not_picked":["Calling Bell","Coffee Dripper"],"picked":"TheCursedMod:FourLeafCloverCharm"}],"items_purged_floors":[5,5,5,5,5,5,20,20,20,22,39,39,39],"is_endless":false,"potions_floor_spawned":[1,1,2,10,12,13,16,23,25,25,28,30,35,38,40,40,40,42,48],"ascension_level":0}}