{"host":"34l0xwm4k3e7q5n2","time":1610127622,"event":{"mods":["2.2 Compatiblity","BaseMod","Colored Powertips","Conspire","Downfall","Hubris","Infinite Spire","Koishi","Marisa????????","Minty Spire (QoL Compilation)","Prisma Mod","Reimu??????","Replay The Spire","StSLib","SuperFastMode","Td1madao Mod","The Servant 0.9.4","The Wild Card"],"gold_per_floor":[214,3,22,42,59,85,102,102,126,126,151,164,190,205,205,308,308,318,330,8,18,117,117,131,131,131],"floor_reached":25,"playtime":3237,"items_purged":["Defend_P"],"score":228,"play_id":"fa0810fe-2d09-4d7e-b961-ab3113a3f705","local_time":"20210108184022","is_ascension_mode":true,"campfire_choices":[{"data":"Tantrum","floor":8,"key":"SMITH"},{"data":"ClearTheMind","floor":10,"key":"SMITH"},{"data":"DeusExMachina","floor":15,"key":"SMITH"},{"floor":23,"key":"REST"}],"circlet_count":0,"master_deck":["Strike_P","Strike_P","Strike_P","Strike_P","Defend_P","Defend_P","Defend_P","Eruption+1","Vigilance","ClearTheMind+1","EmptyBody","Tantrum+1","Halt","JustLucky","JustLucky","Wireheading","Consecrate+1","DeusExMachina+1","Collect","Consecrate","LessonLearned+1","BowlingBash","ReplayTheSpireMod:IOU","LessonLearned+1","MentalFortress+1","Wireheading"],"relics":["PureWater","Replay:Wax Seal","Blood Vial","conspire:TopHat","Odd Mushroom","hubris:ToyBattleship","Black Star","Membership Card","Replay:Arrowhead"],"acts_visited":["Exordium","TheCity"],"potions_floor_usage":[7,16,16,19,24],"damage_taken":[{"damage":0,"enemies":"conspire:RoseBush","floor":1,"turns":2},{"damage":0,"enemies":"Jaw Worm","floor":3,"turns":2},{"damage":0,"enemies":"Cultist","floor":4,"turns":2},{"damage":0,"enemies":"Looter","floor":5,"turns":2},{"damage":12,"enemies":"Gremlin Nob","floor":6,"turns":3},{"damage":3,"enemies":"Exordium Thugs","floor":7,"turns":4},{"damage":14,"enemies":"The Mushroom Lair","floor":11,"turns":4},{"damage":3,"enemies":"Lots of Slimes","floor":12,"turns":4},{"damage":1,"enemies":"Lagavulin","floor":13,"turns":5},{"damage":2,"enemies":"3 Louse","floor":14,"turns":3},{"damage":42,"enemies":"The Guardian","floor":16,"turns":10},{"damage":12,"enemies":"conspire:FuzzyDice","floor":18,"turns":8},{"damage":34,"enemies":"2 Thieves","floor":19,"turns":4},{"damage":45,"enemies":"Snake Plant","floor":21,"turns":5},{"damage":7,"enemies":"Centurion and Healer","floor":24,"turns":5},{"damage":25,"enemies":"conspire:SneckoGhost","floor":25,"turns":6}],"seed_played":"-4940065914732299415","potions_obtained":[{"floor":1,"key":"Fire Potion"},{"floor":5,"key":"conspire:TimeTravelPotion"},{"floor":11,"key":"Weak Potion"},{"floor":13,"key":"Weak Potion"},{"floor":18,"key":"Fire Potion"},{"floor":21,"key":"sneckomod:MuddlingPotion"}],"is_trial":false,"path_per_floor":["M","$","M","M","M","E","M","R","T","R","?","M","E","M","R","B",null,"M","M","$","M","?","R","M","E"],"character_chosen":"WATCHER","items_purchased":["Replay:Wax Seal","EmptyBody","Tantrum","Membership Card","Replay:Arrowhead","LessonLearned+1","MentalFortress"],"campfire_rested":1,"item_purchase_floors":[2,2,2,20,20,20,20],"current_hp_per_floor":[72,72,72,72,72,60,59,59,59,59,47,46,47,47,47,7,72,60,48,48,5,5,26,21,0,0],"gold":131,"neow_bonus":"HUNDRED_GOLD","is_daily":false,"chose_seed":false,"campfire_upgraded":3,"win_rate":0.0,"timestamp":1610127622,"path_taken":["M","$","M","M","M","E","M","R","T","R","?","M","E","M","R","BOSS","M","M","$","M","?","R","M","E"],"items_purchased_type":["Relic","Card","Card","Relic","Relic","Card","Card"],"build_version":"2020-12-22","purchased_purges":1,"victory":false,"max_hp_per_floor":[72,72,72,72,72,72,72,72,72,72,72,72,72,72,72,72,72,72,72,72,72,72,72,72,72,72],"card_choices":[{"not_picked":["FollowUp","Replay:Battleflow"],"picked":"ClearTheMind","floor":1},{"not_picked":["Meditate","Consecrate"],"picked":"Halt","floor":3},{"not_picked":["Replay:AtTheReady","Vault","SignatureMove"],"picked":"SKIP","floor":4},{"not_picked":["PathToVictory","SashWhip"],"picked":"JustLucky","floor":5},{"not_picked":["ReachHeaven","SashWhip"],"picked":"JustLucky","floor":6},{"not_picked":["ClearTheMind","Consecrate"],"picked":"Wireheading","floor":7},{"not_picked":["BattleHymn","Replay:AtTheReady"],"picked":"Consecrate","floor":11},{"not_picked":["FlyingSleeves","Tantrum"],"picked":"DeusExMachina","floor":12},{"not_picked":["Judgement","Replay:AtTheReady"],"picked":"Collect","floor":13},{"not_picked":["Meditate","Replay:AtTheReady"],"picked":"Consecrate","floor":14},{"not_picked":["Establishment","Blasphemy"],"picked":"LessonLearned","floor":16},{"not_picked":["Protect","JustLucky"],"picked":"BowlingBash","floor":18},{"not_picked":["Replay:ManipulateFuture","Halt","Evaluate"],"picked":"SKIP","floor":19},{"not_picked":["Replay:BluntJabs","Tantrum","JustLucky"],"picked":"SKIP","floor":21},{"not_picked":["Perseverance","Brilliance"],"picked":"Wireheading","floor":24}],"player_experience":573061,"relics_obtained":[{"floor":6,"key":"Blood Vial"},{"floor":9,"key":"conspire:TopHat"},{"floor":11,"key":"Odd Mushroom"},{"floor":13,"key":"hubris:ToyBattleship"}],"event_choices":[{"damage_healed":0,"gold_gain":0,"player_choice":"Fought Mushrooms","damage_taken":0,"max_hp_gain":0,"max_hp_loss":0,"event_name":"Mushrooms","floor":11,"gold_loss":0},{"damage_healed":0,"gold_gain":99,"player_choice":"Stole From Cult","damage_taken":0,"max_hp_gain":0,"max_hp_loss":0,"event_name":"Nest","floor":22,"gold_loss":0}],"is_beta":false,"boss_relics":[{"not_picked":["Replay:Drink Me","Replay:Bronze Core"],"picked":"Black Star"}],"items_purged_floors":[20],"is_endless":false,"potions_floor_spawned":[1,5,11,13,18,21],"killed_by":"conspire:SneckoGhost","ascension_level":1}}