{"host":"5x08nt64u3vxxcfi","time":1610108320,"event":{"mods":["BaseMod","Minty Spire (QoL Compilation)","StSLib","SuperFastMode"],"gold_per_floor":[19,19,33,46,65,65,94,94,140,168,180,180,43,43,43,140,140,159,5,22,40,60,94,94,27,52,71,105,137,149,179,191,303,315,343,373,67,67,87,87,103,77,77,77,90,90,110,120,120,120,120],"floor_reached":50,"playtime":1176,"items_purged":["Dualcast"],"score":702,"play_id":"e1975b1d-c894-4c39-8ee6-3d47082af6c9","local_time":"20210108211840","is_ascension_mode":true,"campfire_choices":[{"data":"Beam Cell","floor":6.0,"key":"SMITH"},{"floor":8.0,"key":"REST"},{"data":"Sunder","floor":12.0,"key":"SMITH"},{"data":"Streamline","floor":15.0,"key":"SMITH"},{"floor":24.0,"key":"REST"},{"floor":30.0,"key":"REST"},{"floor":32.0,"key":"REST"},{"floor":40.0,"key":"REST"},{"floor":44.0,"key":"REST"},{"floor":46,"key":"REST"},{"floor":49,"key":"REST"}],"circlet_count":0,"master_deck":["Strike_B","Strike_B","Strike_B","Strike_B","Defend_B","Defend_B","Defend_B","Defend_B","Beam Cell+1","Scrape","Streamline+1","Streamline","Sunder+1","Stack+1","Hyperbeam+1","Echo Form","Steam+1","Gash","Core Surge","FTL+1","Core Surge","Self Repair","Skim+1","Hologram","Fission","Rip and Tear+1","Reprogram","Sweeping Beam","Machine Learning","Reprogram+1","Rip and Tear","Aggregate","Go for the Eyes","Steam","Rebound","Beam Cell+1","Stack","Hologram+1","Recycle","Stack","FTL+1","Hologram"],"relics":["Cracked Core","Unceasing Top","Pantograph","Vajra","Pen Nib","SacredBark","Medical Kit","Letter Opener","Dream Catcher","Red Mask","MawBank","Cursed Key","War Paint"],"acts_visited":["Exordium","TheCity","TheBeyond"],"potions_floor_usage":[45],"damage_taken":[{"damage":6.0,"enemies":"2 Louse","floor":1.0,"turns":4.0},{"damage":0.0,"enemies":"Cultist","floor":3.0,"turns":2.0},{"damage":3.0,"enemies":"Jaw Worm","floor":4.0,"turns":4.0},{"damage":10.0,"enemies":"Lots of Slimes","floor":5.0,"turns":3.0},{"damage":30.0,"enemies":"Lagavulin","floor":7.0,"turns":4.0},{"damage":16.0,"enemies":"Gremlin Nob","floor":10.0,"turns":3.0},{"damage":0.0,"enemies":"Large Slime","floor":11.0,"turns":4.0},{"damage":42.0,"enemies":"The Guardian","floor":16.0,"turns":5.0},{"damage":3.0,"enemies":"3 Byrds","floor":18.0,"turns":1.0},{"damage":1.0,"enemies":"Chosen","floor":20.0,"turns":3.0},{"damage":8.0,"enemies":"Snake Plant","floor":21.0,"turns":2.0},{"damage":12.0,"enemies":"Chosen and Byrds","floor":22.0,"turns":4.0},{"damage":13.0,"enemies":"Book of Stabbing","floor":23.0,"turns":5.0},{"damage":17.0,"enemies":"3 Cultists","floor":27.0,"turns":4.0},{"damage":0.0,"enemies":"Masked Bandits","floor":28.0,"turns":1.0},{"damage":24.0,"enemies":"Gremlin Leader","floor":29.0,"turns":5.0},{"damage":9.0,"enemies":"Centurion and Healer","floor":31.0,"turns":4.0},{"damage":72.0,"enemies":"Automaton","floor":33.0,"turns":8.0},{"damage":12.0,"enemies":"Orb Walker","floor":35.0,"turns":3.0},{"damage":2.0,"enemies":"3 Darklings","floor":36.0,"turns":2.0},{"damage":30.0,"enemies":"Maw","floor":39.0,"turns":5.0},{"damage":22.0,"enemies":"Jaw Worm Horde","floor":41.0,"turns":3.0},{"damage":33,"enemies":"Writhing Mass","floor":45,"turns":4},{"damage":3,"enemies":"Maw","floor":47,"turns":5},{"damage":8,"enemies":"Transient","floor":48,"turns":5},{"damage":81,"enemies":"Time Eater","floor":50,"turns":7}],"seed_played":"7849293498823413160","potions_obtained":[{"floor":7.0,"key":"GamblersBrew"},{"floor":10.0,"key":"LiquidBronze"},{"floor":18.0,"key":"Dexterity Potion"},{"floor":21.0,"key":"Dexterity Potion"},{"floor":22.0,"key":"Weak Potion"},{"floor":27.0,"key":"BlessingOfTheForge"},{"floor":31.0,"key":"Explosive Potion"},{"floor":36.0,"key":"Explosive Potion"},{"floor":39.0,"key":"Weak Potion"}],"is_trial":false,"path_per_floor":["M","?","M","M","M","R","E","R","T","E","M","R","$","?","R","B",null,"M","$","M","M","M","E","R","$","T","M","?","E","R","M","R","B",null,"M","M","$","?","M","R","M","$","T","R","M","R","M","M","R","B"],"character_chosen":"DEFECT","items_purchased":["Hyperbeam","Medical Kit","Self Repair","Aggregate","Go for the Eyes","War Paint","Stack"],"campfire_rested":8,"item_purchase_floors":[13,19,25,37,37,37,42],"current_hp_per_floor":[62,62,62,59,49,49,19,41,41,25,25,25,25,25,25,8,58,55,55,54,46,34,21,43,43,43,33,33,16,38,29,51,10,59,54,52,52,52,29,51,29,29,29,51,18,40,44,43,65,0,0],"gold":120,"neow_bonus":"ONE_RARE_RELIC","is_daily":false,"chose_seed":false,"campfire_upgraded":3,"win_rate":0.0,"timestamp":1610108320,"path_taken":["M","?","M","M","?","R","E","R","T","E","?","R","$","?","R","BOSS","M","$","M","M","?","E","R","$","T","M","?","E","R","M","R","BOSS","M","M","$","?","M","R","?","$","T","R","M","R","M","M","R","BOSS"],"items_purchased_type":["Card","Relic","Card","Card","Card","Relic","Card"],"build_version":"2020-12-22","purchased_purges":1,"victory":false,"max_hp_per_floor":[75,75,75,75,75,75,75,75,75,75,75,75,75,75,75,75,75,75,75,75,75,75,75,75,75,75,75,75,75,75,75,75,75,75,75,75,75,75,75,75,75,75,75,75,75,75,75,75,75,75,75],"card_choices":[{"not_picked":["Rebound","Hologram"],"picked":"Beam Cell","floor":1.0},{"not_picked":["Rebound","Stack"],"picked":"Scrape","floor":3.0},{"not_picked":["Fusion","Hologram"],"picked":"Streamline","floor":4.0},{"not_picked":["Chill","Compile Driver"],"picked":"Streamline","floor":5.0},{"not_picked":["Hologram","Ball Lightning"],"picked":"Sunder","floor":7.0},{"not_picked":["Electrodynamics","Coolheaded","Cold Snap"],"picked":"SKIP","floor":10.0},{"not_picked":["Fusion","Reinforced Body"],"picked":"Stack","floor":11.0},{"not_picked":["Machine Learning","Thunder Strike"],"picked":"Echo Form","floor":16.0},{"not_picked":["Hello World+1","Redo"],"picked":"Steam","floor":18.0},{"not_picked":["Streamline","Cold Snap+1"],"picked":"Gash","floor":20.0},{"not_picked":["Compile Driver+1","Ball Lightning"],"picked":"Core Surge","floor":21.0},{"not_picked":["Redo","Steam"],"picked":"FTL+1","floor":22.0},{"not_picked":["FTL","Redo"],"picked":"Core Surge","floor":23.0},{"not_picked":["Redo","Undo"],"picked":"Skim+1","floor":27.0},{"not_picked":["Barrage","Turbo+1"],"picked":"Hologram","floor":28.0},{"not_picked":["Beam Cell","Scrape"],"picked":"Fission","floor":29.0},{"not_picked":["Blizzard+1","Doom and Gloom"],"picked":"Rip and Tear+1","floor":30.0},{"not_picked":["Coolheaded+1","Sweeping Beam"],"picked":"Reprogram","floor":31.0},{"not_picked":["Reinforced Body+1","Coolheaded"],"picked":"Sweeping Beam","floor":32.0},{"not_picked":["Thunder Strike","Biased Cognition"],"picked":"Machine Learning","floor":33.0},{"not_picked":["Tempest","Stack+1"],"picked":"Reprogram+1","floor":35.0},{"not_picked":["Barrage","Leap"],"picked":"Rip and Tear","floor":36.0},{"not_picked":["Coolheaded+1","Sunder+1"],"picked":"Steam","floor":39.0},{"not_picked":["Coolheaded","Ball Lightning+1"],"picked":"Rebound","floor":40.0},{"not_picked":["Tempest+1","Turbo"],"picked":"Beam Cell+1","floor":41.0},{"not_picked":["Go for the Eyes","White Noise+1"],"picked":"Hologram+1","floor":44.0},{"not_picked":["Multi-Cast","Leap"],"picked":"Recycle","floor":45},{"not_picked":["Undo+1","Rebound"],"picked":"Stack","floor":46},{"not_picked":["Rebound+1","Redo+1"],"picked":"FTL+1","floor":47},{"not_picked":["Cold Snap+1","Rebound"],"picked":"Hologram","floor":48}],"player_experience":66954,"relics_obtained":[{"floor":7.0,"key":"Pantograph"},{"floor":9.0,"key":"Vajra"},{"floor":10.0,"key":"Pen Nib"},{"floor":23.0,"key":"Letter Opener"},{"floor":26.0,"key":"Dream Catcher"},{"floor":28.0,"key":"Red Mask"},{"floor":29.0,"key":"MawBank"}],"event_choices":[{"cards_removed":["Zap"],"damage_healed":0.0,"max_hp_gain":0.0,"max_hp_loss":0.0,"gold_gain":0.0,"event_name":"Purifier","player_choice":"Purged","floor":2.0,"gold_loss":0.0,"damage_taken":0.0},{"damage_healed":0.0,"max_hp_gain":0.0,"max_hp_loss":0.0,"gold_gain":0.0,"event_name":"Accursed Blacksmith","player_choice":"Forge","floor":14.0,"gold_loss":0.0,"damage_taken":0.0,"cards_upgraded":["Hyperbeam"]},{"damage_healed":0.0,"max_hp_gain":0.0,"max_hp_loss":0.0,"gold_gain":0.0,"event_name":"Masked Bandits","player_choice":"Fought Bandits","floor":28.0,"gold_loss":0.0,"damage_taken":0.0},{"damage_healed":0.0,"max_hp_gain":0.0,"max_hp_loss":0.0,"gold_gain":0.0,"event_name":"Transmorgrifier","player_choice":"Ignored","floor":38.0,"gold_loss":0.0,"damage_taken":0.0}],"is_beta":false,"boss_relics":[{"not_picked":["Velvet Choker","Runic Dome"],"picked":"SacredBark"},{"not_picked":["Calling Bell","Inserter"],"picked":"Cursed Key"}],"items_purged_floors":[37],"is_endless":false,"potions_floor_spawned":[7,10,18,21,22,27,31,36,39],"killed_by":"Time Eater","ascension_level":6}}