{"host":"6p0attdrtjqaih7v","time":1610143290,"event":{"mods":["2.2 Compatiblity","AchievementEnabler","Bard","BaseMod","Better Skull","Better Third Choice","Colored Powertips","Hermit","Highlight Path","Jorbs\u0027s Wanderer Trilogy","Key Reminder","Minty Spire (QoL Compilation)","Permanent Neow","Quick Restart","Random Character Button","Relic Stats","Replay The Spire","Robot Space Explorer","StSLib"],"gold_per_floor":[213,232,15,15,15,42,42,60,60,93,105,151,174,205,217,308,320,347,373,135,145,145,145],"floor_reached":22,"playtime":1408,"items_purged":["bard:Encore"],"score":416,"play_id":"978946c9-b63f-4dd5-a032-f5d103c21f02","local_time":"20210108170130","is_ascension_mode":true,"campfire_choices":[{"data":"bard:Blink","floor":7,"key":"SMITH"},{"data":"bard:Doot","floor":15,"key":"SMITH"}],"circlet_count":0,"master_deck":["AscendersBane","bard:Riposte","bard:Inspire","bard:ViciousMockery","bard:OffKey","bard:Blink+1","bard:ViciousMockery","bard:Doot+1","bard:MagnumOpus","bard:MagnumOpus","bard:Encore","bard:Solo","bard:StudiedStrike","bard:ThickOfTheFight","bard:GreaterMagicWeapon","bard:TinyHut","bard:Encore","bard:Shifting","bard:Balestra","Impatience","bard:Thunderwave","bard:FirstStrike+1"],"relics":["bard:PitchPipe","bard:BagPipes","Oddly Smooth Stone","Replay:Accelerometer","Snack Pack","MawBank","Prayer Wheel","keyreminder:keyreminder","Pandora\u0027s Box"],"acts_visited":["Exordium","TheCity"],"potions_floor_usage":[6,10,12,16],"damage_taken":[{"damage":4,"enemies":"Small Slimes","floor":1,"turns":4},{"damage":0,"enemies":"2 Louse","floor":2,"turns":3},{"damage":3,"enemies":"Gremlin Nob","floor":6,"turns":4},{"damage":0,"enemies":"Jaw Worm","floor":8,"turns":4},{"damage":0,"enemies":"3 Sentries","floor":10,"turns":10},{"damage":2,"enemies":"Lagavulin","floor":12,"turns":9},{"damage":0,"enemies":"2 Fungi Beasts","floor":13,"turns":3},{"damage":3,"enemies":"Exordium Thugs","floor":14,"turns":5},{"damage":6,"enemies":"Hexaghost","floor":16,"turns":16},{"damage":1,"enemies":"2 Thieves","floor":18,"turns":3},{"damage":12,"enemies":"3 Byrds","floor":19,"turns":5},{"damage":31,"enemies":"3 Cultists","floor":21,"turns":5},{"damage":24,"enemies":"Shelled Parasite and Fungi","floor":22,"turns":2}],"seed_played":"-4705670032836002129","potions_obtained":[{"floor":6,"key":"Block Potion"},{"floor":8,"key":"LiquidMemories"},{"floor":13,"key":"Reflective Coating"}],"is_trial":false,"path_per_floor":["M","M","$","?","?","E","R","M","T","E","$","E","M","M","R","B",null,"M","M","$","M","M"],"character_chosen":"BARD","items_purchased":["Oddly Smooth Stone","AttackPotion","bard:Balestra","Impatience"],"campfire_rested":0,"item_purchase_floors":[3,3,20,20],"current_hp_per_floor":[55,55,55,35,35,32,32,32,32,38,38,44,48,51,51,55,63,64,52,52,23,0,0],"gold":145,"neow_bonus":"HUNDRED_GOLD","is_daily":false,"chose_seed":false,"campfire_upgraded":2,"win_rate":0.0,"timestamp":1610143290,"path_taken":["M","M","$","?","?","E","R","M","T","E","$","E","M","M","R","BOSS","M","M","$","M","M"],"items_purchased_type":["Relic","Potion","Card","Card"],"build_version":"2020-12-22","purchased_purges":1,"victory":false,"max_hp_per_floor":[66,66,66,66,66,66,66,66,66,66,66,66,66,66,66,66,66,66,66,66,66,66,66],"relic_stats":{"counters":[13,73],"Prayer Wheel":5,"Pandora\u0027s Box":["bard:Encore","bard:Solo","bard:StudiedStrike","bard:ThickOfTheFight","bard:GreaterMagicWeapon","bard:TinyHut","bard:Encore","bard:Encore"],"MawBank":120,"obtain_stats":[{"keyreminder:keyreminder":12,"bard:BagPipes":0,"Replay:Accelerometer":6,"bard:PitchPipe":0,"Oddly Smooth Stone":3,"Prayer Wheel":12,"Pandora\u0027s Box":17,"Snack Pack":9,"MawBank":10},{"keyreminder:keyreminder":6,"bard:BagPipes":0,"Replay:Accelerometer":3,"bard:PitchPipe":0,"Oddly Smooth Stone":2,"Prayer Wheel":6,"Pandora\u0027s Box":9,"Snack Pack":4,"MawBank":5},{"keyreminder:keyreminder":34,"bard:BagPipes":0,"Replay:Accelerometer":11,"bard:PitchPipe":0,"Oddly Smooth Stone":7,"Prayer Wheel":34,"Pandora\u0027s Box":58,"Snack Pack":15,"MawBank":25}]},"card_choices":[{"not_picked":["bard:Parry","bard:StudiedStrike"],"picked":"bard:ViciousMockery","floor":1},{"not_picked":["bard:PhantasmalForce","bard:EnGarde"],"picked":"bard:OffKey","floor":2},{"not_picked":["bard:InspiringSong","bard:DervishDance"],"picked":"bard:Blink","floor":6},{"not_picked":["bard:CuttingWords","bard:EchoEcho","bard:Sift"],"picked":"SKIP","floor":8},{"not_picked":["bard:PhantasmalForce","bard:SixFourTime"],"picked":"bard:ViciousMockery","floor":10},{"not_picked":["bard:HideousLaughter","bard:Gamble","bard:EchoEcho"],"picked":"SKIP","floor":12},{"not_picked":["bard:StudiedStrike","bard:LocateObject"],"picked":"bard:Doot","floor":13},{"not_picked":["bard:LocateObject","bard:Parry","bard:Gamble"],"picked":"SKIP","floor":13},{"not_picked":["bard:SongBolt","bard:Gamble"],"picked":"bard:MagnumOpus","floor":14},{"not_picked":["bard:Gamble","bard:GlyphOfWarding","bard:Doot"],"picked":"SKIP","floor":14},{"not_picked":["bard:Focused","bard:ReverseGravity"],"picked":"bard:MagnumOpus","floor":16},{"not_picked":["bard:InspiringSong","bard:Gamble","bard:FalseLife"],"picked":"SKIP","floor":18},{"not_picked":["bard:GlyphOfWarding","bard:GreaterMagicWeapon","bard:Parry"],"picked":"SKIP","floor":18},{"not_picked":["bard:EchoEcho","bard:Gamble"],"picked":"bard:Shifting","floor":19},{"not_picked":["bard:LingeringPerformance","bard:SongBolt","bard:StudiedStrike"],"picked":"SKIP","floor":19},{"not_picked":["bard:HarmoniousVoice","bard:BucklerBash"],"picked":"bard:Thunderwave","floor":21},{"not_picked":["bard:SongBolt","bard:SixFourTime"],"picked":"bard:FirstStrike+1","floor":21}],"player_experience":795921,"relics_obtained":[{"floor":6,"key":"Replay:Accelerometer"},{"floor":9,"key":"Snack Pack"},{"floor":10,"key":"MawBank"},{"floor":12,"key":"Prayer Wheel"}],"event_choices":[{"damage_healed":0,"gold_gain":0,"player_choice":"Entered Light","damage_taken":20,"max_hp_gain":0,"max_hp_loss":0,"event_name":"Shining Light","floor":4,"gold_loss":0,"cards_upgraded":["bard:Defend","bard:Defend"]}],"is_beta":false,"boss_relics":[{"not_picked":["Philosopher\u0027s Stone","Ectoplasm"],"picked":"Pandora\u0027s Box"}],"items_purged_floors":[20],"is_endless":false,"potions_floor_spawned":[6,8,13],"killed_by":"Shelled Parasite and Fungi","ascension_level":16}}