{"host":"yiwf5cuj7e45awf3","time":1610096459,"event":{"mods":["BaseMod","Downfall","Hermit","Highlight Path","Hubris","Infinite Spire","Lobotomy","Marisa£®ÏF”Í°°ƒß¿Ì…≥£©","Minty Spire (QoL Compilation)","READ ME - Guardian Mod","Remilia£®¿Ÿ√◊¿Ú—«£©","Replay The Spire","StSLib","The Animator","The Construct","The Cursed","The Disciple","The Hierophant","The Jungle","The Necromancer","The Runesmith","The Servant 0.9.4"],"gold_per_floor":[115,134,45,60,60,60,75,75,151,151,151,161,161,173,173,173,173],"floor_reached":16,"playtime":939,"items_purged":[],"score":92,"play_id":"0f2016f8-32c7-48b7-9d93-46cb72460d17","local_time":"20210108170059","is_ascension_mode":false,"campfire_choices":[{"data":"hermit:Showdown","floor":6,"key":"SMITH"},{"data":"hermit:Snapshot","floor":11,"key":"SMITH"},{"data":"hermit:SprayPray","floor":13,"key":"SMITH"},{"data":"hermit:Vantage","floor":15,"key":"SMITH"}],"circlet_count":0,"master_deck":["hermit:Strike_Hermit","hermit:Strike_Hermit","hermit:Strike_Hermit","hermit:Strike_Hermit","hermit:Defend_Hermit","hermit:Defend_Hermit","hermit:Defend_Hermit","hermit:Defend_Hermit","hermit:Snapshot+1","hermit:Covet","hermit:Showdown+1","hermit:Horror","hermit:GhostlyPresence","hermit:Ricochet","hermit:FlashPowder","hermit:Vantage+1","hermit:SprayPray+1","hermit:Shortfuse"],"relics":["hermit:Momento","Bird Faced Urn","hubris:Icosahedron","InkBottle"],"acts_visited":["Exordium"],"potions_floor_usage":[],"damage_taken":[{"damage":0,"enemies":"Cultist","floor":1,"turns":5},{"damage":0,"enemies":"Small Slimes","floor":2,"turns":2},{"damage":1,"enemies":"Jaw Worm","floor":4,"turns":2},{"damage":0,"enemies":"Blue Slaver","floor":7,"turns":3},{"damage":0,"enemies":"Looter","floor":12,"turns":3},{"damage":12,"enemies":"3 Louse","floor":14,"turns":4},{"damage":75,"enemies":"Fading Forest","floor":16,"turns":9}],"seed_played":"-2070992003896959841","potions_obtained":[{"floor":1,"key":"Dexterity Potion"},{"floor":4,"key":"Flashbang"}],"is_trial":false,"path_per_floor":["M","M","$","M","?","R","M","?","T","?","R","M","R","M","R","B"],"character_chosen":"HERMIT","items_purchased":["hermit:GhostlyPresence","hermit:Ricochet"],"campfire_rested":0,"item_purchase_floors":[3,3],"current_hp_per_floor":[68,68,68,67,55,55,55,55,55,55,55,55,55,43,43,0,0],"gold":173,"neow_bonus":"TWENTY_PERCENT_HP_BONUS","is_daily":false,"chose_seed":false,"campfire_upgraded":4,"win_rate":0.0,"timestamp":1610096459,"path_taken":["M","M","$","M","?","R","M","?","T","?","R","M","R","M","R","BOSS"],"items_purchased_type":["Card","Card"],"build_version":"2020-12-22","purchased_purges":0,"victory":false,"max_hp_per_floor":[89,89,89,89,89,89,89,89,89,89,89,89,89,89,89,89,89],"card_choices":[{"not_picked":["hermit:HighCaliber","hermit:CalledShot"],"picked":"hermit:Showdown","floor":1},{"not_picked":["hermit:Roulette","hermit:WideOpen"],"picked":"hermit:Horror","floor":2},{"not_picked":["hermit:Grudge","hermit:TrackingShot"],"picked":"hermit:FlashPowder","floor":4},{"not_picked":["hermit:Dive","hermit:GhostlyPresence"],"picked":"hermit:Vantage","floor":7},{"not_picked":["hermit:Deadeye","hermit:FlashPowder"],"picked":"hermit:SprayPray","floor":12},{"not_picked":["hermit:Cheat","hermit:Scavenge"],"picked":"hermit:Shortfuse","floor":14}],"player_experience":62566,"relics_obtained":[{"floor":9,"key":"InkBottle"}],"event_choices":[{"damage_healed":0,"gold_gain":0,"player_choice":"Success","damage_taken":12,"relics_obtained":["Bird Faced Urn"],"max_hp_gain":0,"max_hp_loss":0,"event_name":"Scrap Ooze","floor":5,"gold_loss":0}],"is_beta":false,"boss_relics":[],"items_purged_floors":[],"is_endless":false,"potions_floor_spawned":[1,4],"killed_by":"Fading Forest","ascension_level":0}}