{"host":"u4pncpybdtxxvw4r","time":1610071781,"event":{"mods":["AchievementEnabler","BaseMod","Block Reminder","Colored Powertips","Downfall","Marisa£®ÏF”Í°°ƒß¿Ì…≥£©","Minty Spire (QoL Compilation)","Permanent Neow","Potion Indicator Mod","Rare Cards Sparkle","StSLib","SuperFastMode"],"gold_per_floor":[99,199,649,824,844,859,859,879,893,54,72,84,9,84,96,200,200,125,137,137,23,23,23,72,72,82,100,46,46,61,77,93,93,93,93],"floor_reached":33,"playtime":1654,"items_purged":["Doubt"],"score":316,"play_id":"dc960ba8-ebcd-4def-8830-0a6cd56b5363","local_time":"20210108100941","is_ascension_mode":false,"campfire_choices":[{"data":"Guardian:HyperBeam_Guardian","floor":1,"key":"SMITH"},{"floor":13,"key":"RECALL"},{"data":"Guardian:SpikerProtocol","floor":18,"key":"SMITH"},{"data":"Guardian:RevengeProtocol","floor":23,"key":"SMITH"}],"circlet_count":0,"master_deck":["Guardian:Defend_Guardian","Guardian:Defend_Guardian","Guardian:Defend_Guardian","Guardian:Defend_Guardian","Guardian:CurlUp","Guardian:TwinSlam","Guardian:HyperBeam_Guardian+1","Slimebound:Icky","Slimebound:Icky","Slimebound:Icky","Guardian:ChargeCore","Guardian:Preprogram","Guardian:PiercingHide","Guardian:Recover","Guardian:EvasiveProtocol","Guardian:EvasiveProtocol","Guardian:Repulse","Guardian:SpikerProtocol+1","Guardian:ShieldCharger","Bite","Bite","Bite","Bite","Bite","Guardian:ArmoredProtocol","Guardian:Gem_Lightblue","Guardian:Clone","Guardian:RevengeProtocol+1","expansioncontent:SlimeTackle","Guardian:Gem_White","Guardian:Gem_Synthetic","Guardian:Gem_Orange","Guardian:SpikerProtocol","Guardian:Gem_Lightblue","Guardian:Gem_Synthetic","Guardian:Gem_Crimson","Guardian:Gem_White","Guardian:RollAttack"],"relics":["Guardian:ModeShifter","Matryoshka","Mummified Hand","downfall:HeartBlessingBlue","Snecko Eye","downfall:HeartBlessingRed","Nunchaku","Guardian:PickAxe"],"acts_visited":["Exordium","TheCity"],"potions_floor_usage":[32,32,33,33],"damage_taken":[{"damage":0,"enemies":"2 Louse","floor":5,"turns":2},{"damage":0,"enemies":"Small Slimes","floor":6,"turns":1},{"damage":4,"enemies":"Jaw Worm","floor":8,"turns":7},{"damage":0,"enemies":"2 Fungi Beasts","floor":9,"turns":1},{"damage":5,"enemies":"downfall:FleeingMerchant","floor":10,"turns":4},{"damage":7,"enemies":"Red Slaver","floor":11,"turns":5},{"damage":11,"enemies":"Lots of Slimes","floor":12,"turns":4},{"damage":6,"enemies":"Exordium Thugs","floor":15,"turns":6},{"damage":74,"enemies":"downfall:Ironclad","floor":16,"turns":9},{"damage":20,"enemies":"3 Byrds","floor":19,"turns":3},{"damage":0,"enemies":"downfall:FleeingMerchant","floor":21,"turns":4},{"damage":7,"enemies":"Spheric Guardian","floor":26,"turns":4},{"damage":7,"enemies":"Centurion and Healer","floor":27,"turns":6},{"damage":9,"enemies":"downfall:FleeingMerchant","floor":28,"turns":4},{"damage":37,"enemies":"Chosen and Byrds","floor":30,"turns":8},{"damage":10,"enemies":"Snecko","floor":31,"turns":6},{"damage":21,"enemies":"Snake Plant","floor":32,"turns":5},{"damage":31,"enemies":"downfall:Defect","floor":33,"turns":9}],"seed_played":"-2442126096298642906","potions_obtained":[{"floor":6,"key":"Block Potion"},{"floor":8,"key":"DuplicationPotion"},{"floor":14,"key":"downfall:CursedFountainPotion"},{"floor":15,"key":"Slimebound:ThreeZeroPotion"},{"floor":32,"key":"GamblersBrew"}],"is_trial":false,"path_per_floor":["R","?","?","?","M","M","T","M","M","$","M","M","R","?","M","B",null,"R","M","?","$","?","R","T","R","M","M","$","R","M","M","M","B"],"character_chosen":"GUARDIAN","items_purchased":["Matryoshka","Mummified Hand","Guardian:EvasiveProtocol","Guardian:Gem_Synthetic","Guardian:ArmoredProtocol","Guardian:Gem_Lightblue","Guardian:SpikerProtocol"],"campfire_rested":0,"item_purchase_floors":[10,10,10,10,21,21,28],"current_hp_per_floor":[80,80,80,80,80,80,80,76,76,71,64,53,63,90,84,10,90,90,70,62,62,62,62,62,62,55,56,53,53,22,24,11,0,0,0],"gold":93,"neow_bonus":"TRANSFORM_CARD","is_daily":false,"chose_seed":false,"campfire_upgraded":3,"win_rate":0.0,"timestamp":1610071781,"path_taken":["R","?","?","?","M","M","T","M","?","$","M","M","R","?","M","BOSS","R","M","?","$","?","R","T","R","M","?","$","R","M","M","M","BOSS"],"items_purchased_type":["Relic","Relic","Card","Card","Card","Card","Card"],"build_version":"2020-12-22","purchased_purges":1,"victory":false,"max_hp_per_floor":[80,80,80,80,80,80,80,80,80,80,80,80,90,90,90,90,90,90,90,62,62,62,62,62,62,62,62,62,62,62,62,62,62,62,62],"card_choices":[{"not_picked":["Guardian:TimeBomb","Guardian:MultiBeam"],"picked":"Guardian:ChargeCore","floor":5},{"not_picked":["Guardian:Suspension","Guardian:MultiBeam"],"picked":"Guardian:Preprogram","floor":6},{"not_picked":["Guardian:ShieldCharger","Guardian:Gem_Green"],"picked":"Guardian:PiercingHide","floor":8},{"not_picked":["Guardian:WalkerClaw","Guardian:Gem_Cyan"],"picked":"Guardian:Recover","floor":9},{"not_picked":["Guardian:ChargeCore","Guardian:TemporalShield"],"picked":"Guardian:Gem_Red","floor":10},{"not_picked":["Guardian:TemporalStrike","Guardian:Gem_Green"],"picked":"Guardian:EvasiveProtocol","floor":11},{"not_picked":["Guardian:Gem_Green","Guardian:ChargeCore"],"picked":"Guardian:Repulse","floor":12},{"not_picked":["Guardian:ChargeCore","Guardian:StasisField"],"picked":"Guardian:SpikerProtocol","floor":15},{"not_picked":["Guardian:TimeSifter","Guardian:HyperBeam_Guardian"],"picked":"Guardian:Gem_Orange","floor":16},{"not_picked":["Guardian:Gem_Crimson","Guardian:Gem_White"],"picked":"Guardian:ShieldCharger","floor":19},{"not_picked":["Guardian:TemporalShield","Guardian:Suspension"],"picked":"Guardian:Gem_Green","floor":21},{"not_picked":["Guardian:Harden","Guardian:PolyBeam+1","Guardian:MultiBeam"],"picked":"SKIP","floor":26},{"not_picked":["Guardian:PolyBeam","Guardian:Planning+1","Guardian:Incinerate"],"picked":"SKIP","floor":27},{"not_picked":["Guardian:PiercingHide","Guardian:ChargeCore"],"picked":"Guardian:Gem_Orange","floor":28},{"not_picked":["Guardian:SentryBeam","Guardian:Gem_Lightblue"],"picked":"Guardian:Gem_Crimson","floor":30},{"not_picked":["Guardian:CrystalBeam","Guardian:Reroute"],"picked":"Guardian:Gem_White","floor":31},{"not_picked":["Guardian:PiercingHide","Guardian:Suspension+1"],"picked":"Guardian:RollAttack","floor":32}],"player_experience":52206,"relics_obtained":[{"floor":24,"key":"Nunchaku"},{"floor":24,"key":"Guardian:PickAxe"}],"event_choices":[{"damage_healed":0,"gold_gain":0,"player_choice":"Became a vampire","damage_taken":0,"max_hp_gain":0,"max_hp_loss":28,"event_name":"Vampires","floor":20,"gold_loss":0,"cards_obtained":["Bite","Bite","Bite","Bite","Bite"]}],"is_beta":false,"boss_relics":[{"not_picked":["SlaversCollar","Runic Pyramid"],"picked":"Snecko Eye"}],"items_purged_floors":[10],"is_endless":false,"potions_floor_spawned":[6,8,15,16,27,31,32],"killed_by":"downfall:Defect","ascension_level":0}}