{"host":"csp9nt53rootlkah","time":1610087453,"event":{"mods":["Act Like it!","BaseMod","Colored Powertips","Friendly Minions","Gensokyo","Highlight Path","Marisa£®ÏF”Í°°ƒß¿Ì…≥£©","Minty Spire (QoL Compilation)","Quick Restart","Replay The Spire","StSLib","TestMod","The Factory","The Jungle","UnlockEverythingMod","°æ“≈ŒÔø®≈∆°øREMEMod"],"gold_per_floor":[113,132,212,226,240,274,274,305,330,363,71,103,103,114,114,209,209,223,223,238,250,266,266,266],"floor_reached":23,"playtime":1399,"items_purged":[],"score":320,"play_id":"721e23bf-78d3-4549-be2f-f1c43354317e","local_time":"20210108143053","is_ascension_mode":true,"campfire_choices":[{"data":"testmod-Dream","floor":7.0,"key":"SMITH"},{"data":"StarDustReverie","floor":13,"key":"SMITH"},{"data":"MysteriousBeam","floor":15,"key":"SMITH"}],"circlet_count":0,"master_deck":["Strike_MRS","Strike_MRS","Strike_MRS","Defend_MRS","Defend_MRS","Defend_MRS","Defend_MRS","MasterSpark","UpSweep","testmod-Dream+1","IllusionStar","GravityBeat","MysteriousBeam+1","ManaConvection","StarDustReverie+1","CasketOfStar"],"relics":["MiniHakkero","testmod-TestBox","REME_ComplimentaryCards","testmod-CrystalShield","NeowsBlessing","Bronze Scales","Strawberry","Vajra","Regal Pillow","testmod-RealStoneCalender","Replay:Ringing Soul","ReplayTheSpireMod:DimensionalGlitch"],"acts_visited":["Gensokyo:Gensokyo","Gensokyo:Gensokyoer"],"potions_floor_usage":[22],"damage_taken":[{"damage":0.0,"enemies":"Gensokyo:3_Fairies","floor":1.0,"turns":1.0},{"damage":0.0,"enemies":"Gensokyo:Python","floor":2.0,"turns":1.0},{"damage":0.0,"enemies":"Gensokyo:2_Kodama","floor":4.0,"turns":1.0},{"damage":0.0,"enemies":"Gensokyo:2_Rabbits","floor":5.0,"turns":1.0},{"damage":3.0,"enemies":"Gensokyo:Aya","floor":6.0,"turns":4.0},{"damage":0.0,"enemies":"Gensokyo:Cirno","floor":8.0,"turns":4.0},{"damage":30.0,"enemies":"Gensokyo:Aya","floor":10.0,"turns":3.0},{"damage":0,"enemies":"Gensokyo:Mamizou","floor":12,"turns":5},{"damage":0,"enemies":"Gensokyo:Python_and_Kodama","floor":14,"turns":2},{"damage":7,"enemies":"Gensokyo:Yukari","floor":16,"turns":5},{"damage":15,"enemies":"Gensokyo:AngelMirror","floor":18,"turns":2},{"damage":0,"enemies":"Gensokyo:2_Gloops","floor":20,"turns":3},{"damage":29,"enemies":"Gensokyo:Slime_Group","floor":21,"turns":4},{"damage":41,"enemies":"Gensokyo:Swordslinger","floor":22,"turns":4},{"damage":13,"enemies":"Gensokyo:Tenshi","floor":23,"turns":1}],"seed_played":"3743140666605904549","potions_obtained":[{"floor":2.0,"key":"testmod-TimePotion"},{"floor":5.0,"key":"ShroomBrew"},{"floor":10.0,"key":"StarNLove"},{"floor":22,"key":"Fire Potion"}],"is_trial":false,"path_per_floor":["M","M","?","M","M","E","R","E","T","E","$","E","R","M","R","B",null,"M","?","M","M","M","E"],"character_chosen":"MARISA","items_purchased":["testmod-RealStoneCalender"],"campfire_rested":0,"item_purchase_floors":[11],"current_hp_per_floor":[75,75,75,75,75,72,72,79,79,49,49,52,52,52,52,48,88,73,73,73,44,3,0,0],"gold":266,"neow_bonus":"THREE_ENEMY_KILL","is_daily":false,"chose_seed":false,"campfire_upgraded":3,"win_rate":0.0,"timestamp":1610087453,"path_taken":["M","?","?","?","M","E","R","E","T","E","$","E","R","M","R","BOSS","M","?","?","M","M","E"],"items_purchased_type":["Relic"],"build_version":"2020-12-22","purchased_purges":0,"victory":false,"max_hp_per_floor":[75,75,75,75,75,75,75,82,82,82,82,85,85,85,85,88,88,88,88,88,88,88,88,88],"card_choices":[{"not_picked":["EnergyFlow","ChargeUpSpray"],"picked":"IllusionStar","floor":1.0},{"not_picked":["GrandCross","LuminesStrike","FairyDestructionRay"],"picked":"SKIP","floor":2.0},{"not_picked":["IllusionStar","EventHorizon"],"picked":"GravityBeat","floor":4.0},{"not_picked":["StarBarrage","EnergyFlow"],"picked":"MysteriousBeam","floor":5.0},{"not_picked":["GalacticHalo","AsteroidBelt","StarBarrage"],"picked":"SKIP","floor":6.0},{"not_picked":["ShootingEcho","WitchOfGreed","MilkyWay"],"picked":"SKIP","floor":8.0},{"not_picked":["NonDirectionalLaser","LuminesStrike"],"picked":"ManaConvection","floor":10.0},{"not_picked":["SuperPerseids","WitchOfGreed"],"picked":"StarDustReverie","floor":12},{"not_picked":["GravityBeat","DC","SporeBomb"],"picked":"SKIP","floor":14},{"not_picked":["JA","AbsoluteMagnitude"],"picked":"CasketOfStar","floor":16},{"not_picked":["MilkyWay+1","LuminesStrike+1","AsteroidBelt"],"picked":"SKIP","floor":18},{"not_picked":["NonDirectionalLaser","UnstableBomb","DoubleSpark+1"],"picked":"SKIP","floor":20},{"not_picked":["MagicChant","UnstableBomb","PowerUp"],"picked":"SKIP","floor":21},{"not_picked":["DeepEcoloBomb","DoubleSpark+1","ShootingEcho+1"],"picked":"SKIP","floor":22}],"player_experience":125932,"relics_obtained":[{"floor":6.0,"key":"Bronze Scales"},{"floor":8.0,"key":"Strawberry"},{"floor":9.0,"key":"Vajra"},{"floor":10.0,"key":"Regal Pillow"},{"floor":12,"key":"Replay:Ringing Soul"}],"event_choices":[],"is_beta":false,"boss_relics":[{"not_picked":["SlaversCollar","testmod-StringDisintegrator"],"picked":"ReplayTheSpireMod:DimensionalGlitch"}],"items_purged_floors":[],"is_endless":false,"potions_floor_spawned":[2,5,10,16,22],"killed_by":"Gensokyo:Tenshi","ascension_level":4}}