{"host":"2brg86hfzr3u5cix","time":1610122373,"event":{"mods":["AchievementEnabler","Ascension Unlocker","BaseMod","CapriCore","DeckTracker","Highlight Path","Keyboard Shortcuts","Minty Spire (QoL Compilation)","Permanent Neow","Relic Stats","StSLib","The Cursed","Twitch Utils","Uncapped","UnlockEverythingMod"],"gold_per_floor":[109,34,34,54,2,32,32,59,59,59,90,90,90,90],"floor_reached":13,"playtime":274,"items_purged":["Defend_P"],"score":223,"play_id":"1af07d3b-973a-4d54-97f9-416f0ca27510","local_time":"20210109011253","is_ascension_mode":true,"campfire_choices":[{"data":"Eruption","floor":7.0,"key":"SMITH"},{"floor":10.0,"key":"REST"}],"circlet_count":0,"master_deck":["AscendersBane","Strike_P","Strike_P","Strike_P","Defend_P","Defend_P","Defend_P","Eruption+1","Vigilance","ConjureBlade","PathToVictory","PathToVictory","JustLucky","PathToVictory","PathToVictory"],"relics":["PureWater","InkBottle","Shovel","StrikeDummy","Question Card"],"acts_visited":["Exordium"],"potions_floor_usage":[],"damage_taken":[{"damage":4.0,"enemies":"2 Louse","floor":1.0,"turns":4.0},{"damage":4.0,"enemies":"Cultist","floor":4.0,"turns":4.0},{"damage":11.0,"enemies":"Gremlin Nob","floor":6.0,"turns":3.0},{"damage":30.0,"enemies":"Lagavulin","floor":8.0,"turns":3.0},{"damage":16,"enemies":"Gremlin Nob","floor":11,"turns":3},{"damage":10,"enemies":"Lagavulin","floor":13,"turns":2}],"seed_played":"-2106440687282684989","potions_obtained":[{"floor":1.0,"key":"Energy Potion"},{"floor":8.0,"key":"Energy Potion"}],"is_trial":false,"path_per_floor":["M","$","?","M","$","E","R","E","T","R","E","?","E"],"character_chosen":"WATCHER","items_purchased":["JustLucky"],"campfire_rested":1,"item_purchase_floors":[5],"current_hp_per_floor":[57,57,47,43,43,32,32,2,2,22,6,6,0,0],"gold":90,"neow_bonus":"TRANSFORM_CARD","is_daily":false,"chose_seed":false,"campfire_upgraded":1,"win_rate":0.0,"timestamp":1610122373,"path_taken":["M","$","?","?","$","E","R","E","T","R","E","?","E"],"items_purchased_type":["Card"],"build_version":"2020-12-22","purchased_purges":1,"victory":false,"max_hp_per_floor":[68,68,68,68,68,68,68,68,68,68,68,68,68,68],"relic_stats":{"Shovel":0,"counters":[6,19],"Question Card":0,"obtain_stats":[{"Shovel":8,"PureWater":0,"StrikeDummy":9,"Question Card":11,"InkBottle":6},{"Shovel":4,"PureWater":0,"StrikeDummy":4,"Question Card":5,"InkBottle":3},{"Shovel":14,"PureWater":0,"StrikeDummy":14,"Question Card":17,"InkBottle":11}],"InkBottle":[2]},"card_choices":[{"not_picked":["Meditate","PathToVictory","ClearTheMind"],"picked":"SKIP","floor":1.0},{"not_picked":["Meditate","ClearTheMind"],"picked":"PathToVictory","floor":1.0},{"not_picked":["Vengeance","Consecrate"],"picked":"PathToVictory","floor":4.0},{"not_picked":["Pray","FlyingSleeves"],"picked":"PathToVictory","floor":6.0},{"not_picked":["FlyingSleeves","ClearTheMind"],"picked":"PathToVictory","floor":8.0},{"not_picked":["Consecrate","ReachHeaven","BowlingBash"],"picked":"SKIP","floor":11}],"player_experience":332617,"relics_obtained":[{"floor":6.0,"key":"InkBottle"},{"floor":8.0,"key":"Shovel"},{"floor":9.0,"key":"StrikeDummy"},{"floor":11,"key":"Question Card"}],"event_choices":[{"damage_healed":0.0,"max_hp_gain":0.0,"max_hp_loss":0.0,"gold_gain":0.0,"event_name":"Wheel of Change","player_choice":"Damaged","floor":3.0,"gold_loss":0.0,"damage_taken":10.0},{"damage_healed":0,"gold_gain":0,"player_choice":"Ignored","damage_taken":0,"max_hp_gain":0,"max_hp_loss":0,"event_name":"Shining Light","floor":12,"gold_loss":0}],"is_beta":false,"boss_relics":[],"items_purged_floors":[2],"is_endless":false,"potions_floor_spawned":[1,8],"killed_by":"Lagavulin","ascension_level":20}}