{"host":"sav7uxregyirlf69","time":1610116028,"event":{"mods":["AchievementEnabler","BaseMod","Colored Map","DeckTracker","Keyboard Shortcuts","Minty Spire (QoL Compilation)","READ ME - Guardian Mod","StSLib","SuperFastMode"],"gold_per_floor":[109,109,126,126,401,434,139,139,139],"floor_reached":8,"playtime":117,"items_purged":["Regret"],"score":158,"play_id":"690fa7f6-8401-4bbe-96e1-1cf481af3470","local_time":"20210108232708","is_ascension_mode":true,"campfire_choices":[],"circlet_count":0,"master_deck":["AscendersBane","Strike_G","Strike_G","Strike_G","Strike_G","Strike_G","Defend_G","Defend_G","Defend_G","Defend_G","Defend_G","Survivor","Neutralize","Choke","Tactician","Footwork+1","Acrobatics","Acrobatics"],"relics":["Ring of the Snake","NeowsBlessing","Frozen Egg 2","Tough Bandages","DollysMirror"],"acts_visited":["Exordium"],"potions_floor_usage":[],"damage_taken":[{"damage":0.0,"enemies":"Small Slimes","floor":1.0,"turns":1.0},{"damage":0.0,"enemies":"Jaw Worm","floor":3.0,"turns":1.0},{"damage":0.0,"enemies":"Gremlin Nob","floor":6.0,"turns":1.0},{"damage":79,"enemies":"Lagavulin","floor":8,"turns":11}],"seed_played":"-8056108484150637269","potions_obtained":[],"is_trial":false,"path_per_floor":["M","?","M","T","?","E","$","E"],"character_chosen":"THE_SILENT","items_purchased":["Acrobatics","DollysMirror"],"campfire_rested":0,"item_purchase_floors":[7,7],"current_hp_per_floor":[59,64,64,64,64,64,64,0,0],"gold":139,"neow_bonus":"THREE_ENEMY_KILL","is_daily":false,"chose_seed":false,"campfire_upgraded":0,"win_rate":0.0,"timestamp":1610116028,"path_taken":["M","?","M","?","?","E","$","E"],"items_purchased_type":["Card","Relic"],"build_version":"2020-12-22","purchased_purges":1,"victory":false,"max_hp_per_floor":[66,71,71,71,71,71,71,71,71],"card_choices":[{"not_picked":["PiercingWail","Sucker Punch"],"picked":"Choke","floor":1.0},{"not_picked":["Flechettes","Flying Knee"],"picked":"Tactician","floor":3.0},{"not_picked":["Underhanded Strike","Night Terror"],"picked":"Footwork+1","floor":6.0}],"player_experience":1204204,"relics_obtained":[{"floor":4.0,"key":"Frozen Egg 2"},{"floor":6.0,"key":"Tough Bandages"}],"event_choices":[{"damage_healed":0.0,"max_hp_gain":5.0,"max_hp_loss":0.0,"gold_gain":0.0,"event_name":"Big Fish","player_choice":"Donut","floor":2.0,"gold_loss":0.0,"damage_taken":0.0},{"damage_healed":0.0,"max_hp_gain":0.0,"max_hp_loss":0.0,"gold_gain":275.0,"event_name":"Golden Shrine","player_choice":"Desecrate","floor":5.0,"gold_loss":0.0,"damage_taken":0.0,"cards_obtained":["Regret"]}],"is_beta":false,"boss_relics":[],"items_purged_floors":[7],"is_endless":false,"potions_floor_spawned":[],"killed_by":"Lagavulin","ascension_level":20}}