{"host":"1jyvlwrg3lqf29t2","time":1610098449,"event":{"mods":["BaseMod","Colored Powertips","Downfall","Googly Eyes","Hermit","Minty Spire (QoL Compilation)","StSLib","The Blackbeard","The Cursed","The Poker Player","TheBandit"],"gold_per_floor":[112,112,62,137,137,170,186,211,266,35,35,100,100,114,114,235,235,260,87,111,111,86,125,125,138,138,138,152,152,176,201,201,322,322,345,345,369,390,723,723,740,751,776,776,339,339,354,704,704,704],"floor_reached":51,"playtime":1771,"items_purged":["blackbeard:Halberd","blackbeard:BlackbeardStrike","blackbeard:BlackbeardDefend","blackbeard:BlackbeardDefend"],"score":767,"play_id":"02f767eb-aaad-4720-ac30-36b4a15197e3","local_time":"20210108033409","is_ascension_mode":false,"campfire_choices":[{"data":"blackbeard:BeatUp","floor":11.0,"key":"SMITH"},{"floor":13.0,"key":"REST"},{"floor":15.0,"key":"REST"},{"data":"blackbeard:ReapersScythe","floor":27.0,"key":"SMITH"},{"data":"blackbeard:IntimidatingStrike","floor":29.0,"key":"SMITH"},{"data":"blackbeard:Rum","floor":32.0,"key":"SMITH"},{"data":"blackbeard:Rum","floor":40.0,"key":"SMITH"},{"data":"blackbeard:Toast","floor":44.0,"key":"SMITH"},{"data":"blackbeard:BlackbeardStrike","floor":46.0,"key":"SMITH"},{"floor":49,"key":"REST"}],"circlet_count":0,"master_deck":["blackbeard:BlackbeardStrike+1","blackbeard:BlackbeardStrike","blackbeard:IntimidatingStrike+1","blackbeard:BlackbeardDefend","blackbeard:BlackbeardDefend","blackbeard:BeatUp+1","blackbeard:ReapersScythe+1","blackbeard:Toast+1","blackbeard:BoostMorale+1","blackbeard:Rum+1","blackbeard:Rum+1","blackbeard:CaptainsHat+1","blackbeard:Intoxication+1","expansioncontent:CaCaw+1","blackbeard:PirateHook+1","blackbeard:PirateEarring+1","blackbeard:BlindAttacks+1"],"relics":["blackbeard:LoadTheCannons","Happy Flower","Strawberry","Boot","blackbeard:Karategi","blackbeard:CannonballsOfSteel","Frozen Egg 2","Velvet Choker","Pen Nib","Lantern","TheAbacus","Old Coin"],"acts_visited":["Exordium","TheCity","TheBeyond"],"potions_floor_usage":[],"damage_taken":[{"damage":0.0,"enemies":"2 Louse","floor":1.0,"turns":4.0},{"damage":13.0,"enemies":"Lagavulin","floor":6.0,"turns":5.0},{"damage":6.0,"enemies":"Cultist","floor":7.0,"turns":3.0},{"damage":0.0,"enemies":"Small Slimes","floor":8.0,"turns":2.0},{"damage":17.0,"enemies":"3 Sentries","floor":12.0,"turns":6.0},{"damage":0.0,"enemies":"2 Fungi Beasts","floor":14.0,"turns":2.0},{"damage":24.0,"enemies":"The Guardian","floor":16.0,"turns":8.0},{"damage":0.0,"enemies":"3 Byrds","floor":18.0,"turns":4.0},{"damage":10.0,"enemies":"Spheric Guardian","floor":20.0,"turns":4.0},{"damage":4.0,"enemies":"Gremlin Leader","floor":23.0,"turns":4.0},{"damage":10.0,"enemies":"Cultist and Chosen","floor":25.0,"turns":3.0},{"damage":0.0,"enemies":"3 Cultists","floor":28.0,"turns":4.0},{"damage":1.0,"enemies":"Chosen and Byrds","floor":30.0,"turns":3.0},{"damage":0.0,"enemies":"Snecko","floor":31.0,"turns":2.0},{"damage":3.0,"enemies":"Automaton","floor":33.0,"turns":5.0},{"damage":8.0,"enemies":"Orb Walker","floor":35.0,"turns":3.0},{"damage":0.0,"enemies":"3 Darklings","floor":37.0,"turns":5.0},{"damage":7.0,"enemies":"Spire Growth","floor":38.0,"turns":3.0},{"damage":1.0,"enemies":"Transient","floor":41.0,"turns":5.0},{"damage":1.0,"enemies":"Sphere and 2 Shapes","floor":42.0,"turns":4.0},{"damage":0.0,"enemies":"Maw","floor":47.0,"turns":4.0},{"damage":0,"enemies":"Mind Bloom Boss Battle","floor":48,"turns":3},{"damage":0,"enemies":"Donu and Deca","floor":50,"turns":5}],"seed_played":"1180849640425647614","potions_obtained":[{"floor":1.0,"key":"Swift Potion"},{"floor":5.0,"key":"PowerPotion"},{"floor":5.0,"key":"champ:CounterPotion"},{"floor":38.0,"key":"PowerPotion"}],"is_trial":false,"path_per_floor":["M","?","?","?","?","E","M","M","T","$","R","?","R","M","R","B",null,"M","$","M","?","$","E","?","M","T","R","M","R","M","M","R","B",null,"M","?","M","M","?","R","M","M","T","R","$","R","M","?","R","B",null],"character_chosen":"BLACKBEARD_CLASS","items_purchased":["blackbeard:ReapersScythe","blackbeard:Rum","Lantern","TheAbacus"],"campfire_rested":3,"item_purchase_floors":[10,19,45,45],"current_hp_per_floor":[75,57,57,46,46,33,27,27,34,34,34,17,41,41,65,41,82,82,82,72,72,72,68,68,58,58,58,58,58,57,57,57,54,82,74,74,74,67,67,67,66,65,65,65,65,65,65,65,82,82],"gold":704,"neow_bonus":"TRANSFORM_CARD","is_daily":false,"chose_seed":false,"campfire_upgraded":7,"win_rate":0.0,"timestamp":1610098449,"path_taken":["M","?","?","?","?","E","M","?","T","$","R","?","R","M","R","BOSS","M","$","M","?","?","E","?","M","T","R","M","R","M","?","R","BOSS","M","?","M","M","?","R","M","M","T","R","$","R","M","?","R","BOSS"],"items_purchased_type":["Card","Card","Relic","Relic"],"build_version":"2020-12-22","purchased_purges":4,"victory":true,"max_hp_per_floor":[75,75,75,75,75,75,75,75,82,82,82,82,82,82,82,82,82,82,82,82,82,82,82,82,82,82,82,82,82,82,82,82,82,82,82,82,82,82,82,82,82,82,82,82,82,82,82,82,82,82],"card_choices":[{"not_picked":["blackbeard:SmithingHammer","blackbeard:TacticalRetreat"],"picked":"blackbeard:BeatUp","floor":1.0},{"not_picked":["blackbeard:DangerousBlow","blackbeard:Sharpening","blackbeard:VengefulSpirit"],"picked":"SKIP","floor":6.0},{"not_picked":["blackbeard:SmithingHammer","blackbeard:BeatUp","blackbeard:Boarding"],"picked":"SKIP","floor":7.0},{"not_picked":["blackbeard:VengefulSpirit","blackbeard:DoubleCannonball","blackbeard:RearmingStrike"],"picked":"SKIP","floor":8.0},{"not_picked":["blackbeard:BlindAttacks","blackbeard:Provisioning"],"picked":"blackbeard:Toast","floor":14.0},{"not_picked":["blackbeard:Salvager","blackbeard:WeaponMastery"],"picked":"blackbeard:BoostMorale","floor":16.0},{"not_picked":["blackbeard:BuriedTreasure","blackbeard:Revenge","blackbeard:AgileStrike+1"],"picked":"SKIP","floor":18.0},{"not_picked":["blackbeard:Fencing","blackbeard:BeatUp","blackbeard:FieryDefense"],"picked":"SKIP","floor":20.0},{"not_picked":["blackbeard:FishingNets","blackbeard:Shrapnel","blackbeard:Recklessness"],"picked":"SKIP","floor":23.0},{"not_picked":["blackbeard:ChaoticDefense+1","blackbeard:CannonballSupply+1","blackbeard:GoldenDefense+1"],"picked":"SKIP","floor":25.0},{"not_picked":["blackbeard:FieryDefense+1","blackbeard:PiratesWill","blackbeard:FishingNets"],"picked":"SKIP","floor":28.0},{"not_picked":["blackbeard:GoldenStrike","blackbeard:Sword"],"picked":"blackbeard:CaptainsHat+1","floor":30.0},{"not_picked":["blackbeard:FieryDefense","blackbeard:GoldenDefense","blackbeard:RearmingStrike+1"],"picked":"SKIP","floor":31.0},{"not_picked":["blackbeard:GoldenGuillotine","blackbeard:WeaponMastery+1"],"picked":"blackbeard:Intoxication+1","floor":33.0},{"not_picked":["blackbeard:DoubleBottom+1","blackbeard:Fencing","blackbeard:Anchor"],"picked":"SKIP","floor":35.0},{"not_picked":["Metamorphosis","Chrysalis"],"picked":"expansioncontent:CaCaw+1","floor":36.0},{"not_picked":["blackbeard:Bandana+1","blackbeard:WiseDefense","blackbeard:DeadlyArsenal"],"picked":"SKIP","floor":37.0},{"not_picked":["blackbeard:Bandana+1","blackbeard:WiseDefense","blackbeard:DeadlyArsenal"],"picked":"SKIP","floor":37.0},{"not_picked":["blackbeard:Dagger","blackbeard:TacticalRetreat","blackbeard:Sword+1"],"picked":"SKIP","floor":38.0},{"not_picked":["blackbeard:CloakAndCannonball","blackbeard:Murder","blackbeard:GoldenDefense+1"],"picked":"SKIP","floor":41.0},{"not_picked":["blackbeard:GoldenStrike","blackbeard:ChaoticDefense+1"],"picked":"blackbeard:PirateHook+1","floor":42.0},{"not_picked":["blackbeard:PiratesWill+1","blackbeard:Upgrade+1"],"picked":"blackbeard:PirateEarring+1","floor":47.0},{"not_picked":["blackbeard:Dagger","blackbeard:Boarding+1"],"picked":"blackbeard:BlindAttacks+1","floor":48}],"player_experience":408874,"relics_obtained":[{"floor":6.0,"key":"Happy Flower"},{"floor":9.0,"key":"Strawberry"},{"floor":12.0,"key":"Boot"},{"floor":23.0,"key":"blackbeard:CannonballsOfSteel"},{"floor":26.0,"key":"Frozen Egg 2"},{"floor":43.0,"key":"Pen Nib"},{"floor":48,"key":"Old Coin"}],"event_choices":[{"damage_healed":0.0,"max_hp_gain":0.0,"max_hp_loss":0.0,"gold_gain":0.0,"event_name":"Golden Idol","player_choice":"Take Damage","floor":2.0,"gold_loss":0.0,"damage_taken":18.0,"relics_obtained":["Golden Idol"]},{"cards_removed":["blackbeard:BlackbeardStrike"],"damage_healed":0.0,"max_hp_gain":0.0,"max_hp_loss":0.0,"gold_gain":0.0,"event_name":"The Cleric","player_choice":"Card Removal","floor":3.0,"gold_loss":50.0,"damage_taken":0.0},{"damage_healed":0.0,"max_hp_gain":0.0,"max_hp_loss":0.0,"gold_gain":75.0,"event_name":"World of Goop","player_choice":"Gather Gold","floor":4.0,"gold_loss":0.0,"damage_taken":11.0},{"damage_healed":0.0,"max_hp_gain":0.0,"max_hp_loss":0.0,"gold_gain":0.0,"event_name":"Lab","player_choice":"Got Potions","floor":5.0,"gold_loss":0.0,"damage_taken":0.0},{"damage_healed":0.0,"max_hp_gain":0.0,"max_hp_loss":0.0,"gold_gain":30.0,"event_name":"Dead Adventurer","player_choice":"Searched \u00272\u0027 times","floor":12.0,"gold_loss":0.0,"damage_taken":0.0},{"damage_healed":0.0,"max_hp_gain":0.0,"max_hp_loss":0.0,"gold_gain":0.0,"event_name":"Upgrade Shrine","player_choice":"Upgraded","floor":21.0,"gold_loss":0.0,"damage_taken":0.0,"cards_upgraded":["blackbeard:BoostMorale"]},{"damage_healed":0.0,"max_hp_gain":0.0,"max_hp_loss":0.0,"gold_gain":0.0,"event_name":"Duplicator","player_choice":"Copied","floor":24.0,"gold_loss":0.0,"damage_taken":0.0,"cards_obtained":["blackbeard:Rum"]},{"damage_healed":0.0,"max_hp_gain":0.0,"max_hp_loss":0.0,"gold_gain":0.0,"event_name":"SensoryStone","player_choice":"Memory 1","floor":36.0,"gold_loss":0.0,"damage_taken":0.0},{"damage_healed":0.0,"max_hp_gain":0.0,"max_hp_loss":0.0,"gold_gain":333.0,"event_name":"The Moai Head","player_choice":"Gave Idol","floor":39.0,"relics_lost":["Golden Idol"],"gold_loss":0.0,"damage_taken":0.0},{"damage_healed":0,"gold_gain":0,"player_choice":"Fight","damage_taken":0,"max_hp_gain":0,"max_hp_loss":0,"event_name":"MindBloom","floor":48,"gold_loss":0}],"is_beta":false,"boss_relics":[{"not_picked":["Runic Dome","Black Star"],"picked":"blackbeard:Karategi"},{"not_picked":["Coffee Dripper","Snecko Eye"],"picked":"Velvet Choker"}],"items_purged_floors":[10,19,22,45],"is_endless":false,"potions_floor_spawned":[1,6,12,14,18,20,30,31,37,38,47],"ascension_level":0}}