{"host":"jl15pmpb41l0mhji","time":1610079454,"event":{"mods":["2.2 Compatiblity","AchievementEnabler","BaseMod","Better Altar","Better Match","Better Note","Better Sensory Stone","Better Skull","Better Third Choice","Better Vampires","Colored Map","Displayed Cursed Tome","Emptier Cage","Hermit","Highlight Path","Minty Spire (QoL Compilation)","Permanent Neow","Random Character Button","Relic Stats","StSLib","The Hierophant"],"gold_per_floor":[112,127,144,144,160,187,228,248,273,273,273,273,2,2,2,77,77,131,131,185,57,108,177,177,157,180,180,236,295,295,373,373,433,433,495,549,599,647,647,647,706,58,58,136,209,209,287,287,287],"floor_reached":48,"playtime":3805,"items_purged":["hierophant:Defend_Hierophant","hierophant:Defend_Hierophant"],"score":994,"play_id":"ab4a852e-c910-4650-af2e-1c7d3ee91fe1","local_time":"20210107221734","is_ascension_mode":true,"campfire_choices":[{"data":"hierophant:Punish","floor":10,"key":"SMITH"},{"floor":12,"key":"REST"},{"data":"hierophant:Smite","floor":15,"key":"SMITH"},{"data":"hierophant:Sermon","floor":24,"key":"SMITH"},{"data":"hierophant:DisplayOfPower","floor":27,"key":"SMITH"},{"data":"hierophant:Smite","floor":30,"key":"SMITH"},{"floor":32,"key":"REST"},{"data":"hierophant:LocustPlague","floor":40,"key":"SMITH"},{"data":"Enlightenment","floor":46,"key":"SMITH"}],"circlet_count":0,"master_deck":["AscendersBane","hierophant:Punish+1","hierophant:Defend_Hierophant+1","hierophant:Defend_Hierophant","hierophant:ChurchCoffers+1","hierophant:SealAway","hierophant:HolyVerse","hierophant:Shelter","hierophant:PassingBell","hierophant:Doubloon","hierophant:CoinFling","hierophant:Encroach","hierophant:Sermon","hierophant:PassingBell","hierophant:MorningPrayer","hierophant:Smite+1","hierophant:Sermon+1","hierophant:DeathKnell","hierophant:Doubloon","hierophant:Doubloon","hierophant:Endure+1","hierophant:RustyCrate+1","hierophant:AuricForm+1","hierophant:Alms","hierophant:DisplayOfPower+1","hierophant:Doubloon","hierophant:ConvertCurrency","hierophant:Smite+1","hierophant:SolarFlare","hierophant:LocustPlague+1","hierophant:SealAway+1","hierophant:HolyVerse","hierophant:Blessing","hierophant:Alms+1","Enlightenment+1","hierophant:Invocation","hierophant:Determination","hierophant:PristineSoul","hierophant:Bribe"],"relics":["hierophant:PropheticMaskRelic","InkBottle","Centennial Puzzle","Toy Ornithopter","Astrolabe","White Beast Statue","Tiny Chest","Bag of Marbles","Art of War","Coffee Dripper","Letter Opener","Mummified Hand","Happy Flower","Regal Pillow","StoneCalendar","Sundial"],"acts_visited":["Exordium","TheCity","TheBeyond"],"potions_floor_usage":[7,16,16,18,20,23,23,28,29,31,33,33,36,38,44,44,45,47,48],"damage_taken":[{"damage":6,"enemies":"Cultist","floor":1,"turns":3},{"damage":6,"enemies":"Jaw Worm","floor":2,"turns":4},{"damage":3,"enemies":"2 Louse","floor":3,"turns":2},{"damage":5,"enemies":"Red Slaver","floor":5,"turns":3},{"damage":7,"enemies":"Looter","floor":6,"turns":4},{"damage":5,"enemies":"3 Sentries","floor":7,"turns":7},{"damage":5,"enemies":"Gremlin Gang","floor":8,"turns":4},{"damage":48,"enemies":"Hexaghost","floor":16,"turns":10},{"damage":18,"enemies":"Chosen","floor":18,"turns":7},{"damage":0,"enemies":"Spheric Guardian","floor":20,"turns":3},{"damage":22,"enemies":"Shelled Parasite and Fungi","floor":22,"turns":6},{"damage":5,"enemies":"Slavers","floor":23,"turns":4},{"damage":7,"enemies":"Chosen and Byrds","floor":28,"turns":7},{"damage":0,"enemies":"3 Cultists","floor":29,"turns":3},{"damage":19,"enemies":"Gremlin Leader","floor":31,"turns":3},{"damage":50,"enemies":"Collector","floor":33,"turns":9},{"damage":8,"enemies":"3 Shapes","floor":35,"turns":3},{"damage":3,"enemies":"Orb Walker","floor":36,"turns":2},{"damage":6,"enemies":"Maw","floor":37,"turns":6},{"damage":15,"enemies":"Jaw Worm Horde","floor":38,"turns":1},{"damage":0,"enemies":"Sphere and 2 Shapes","floor":41,"turns":2},{"damage":46,"enemies":"Nemesis","floor":44,"turns":7},{"damage":12,"enemies":"Mind Bloom Boss Battle","floor":45,"turns":8},{"damage":9,"enemies":"Reptomancer","floor":47,"turns":3}],"seed_played":"411217264552610556","potions_obtained":[{"floor":2,"key":"Weak Potion"},{"floor":6,"key":"Energy Potion"},{"floor":8,"key":"EssenceOfSteel"},{"floor":14,"key":"Regen Potion"},{"floor":14,"key":"CultistPotion"},{"floor":16,"key":"ColorlessPotion"},{"floor":18,"key":"SpeedPotion"},{"floor":20,"key":"Swift Potion"},{"floor":22,"key":"Block Potion"},{"floor":23,"key":"Strength Potion"},{"floor":25,"key":"GamblersBrew"},{"floor":28,"key":"Dexterity Potion"},{"floor":29,"key":"SkillPotion"},{"floor":31,"key":"PowerPotion"},{"floor":33,"key":"Strength Potion"},{"floor":35,"key":"EssenceOfSteel"},{"floor":36,"key":"GamblersBrew"},{"floor":37,"key":"AttackPotion"},{"floor":38,"key":"LiquidMemories"},{"floor":44,"key":"DuplicationPotion"},{"floor":45,"key":"Fire Potion"},{"floor":47,"key":"ColorlessPotion"}],"is_trial":false,"path_per_floor":["M","M","M","?","M","M","E","M","T","R","?","R","$","?","R","B",null,"M","T","M","$","M","E","R","?","T","R","M","M","R","E","R","B",null,"M","M","M","M","T","R","M","$","T","E","?","R","E","M"],"character_chosen":"HIEROPHANT","items_purchased":["hierophant:MorningPrayer","hierophant:Smite","hierophant:Sermon","Toy Ornithopter","hierophant:DisplayOfPower","Enlightenment","hierophant:Invocation","Mummified Hand","hierophant:Determination"],"campfire_rested":2,"item_purchase_floors":[13,13,13,13,21,42,42,42,42],"current_hp_per_floor":[62,56,53,38,33,26,21,16,16,16,16,38,38,38,38,15,60,47,47,52,52,30,35,35,35,35,35,33,38,38,24,46,6,58,50,52,46,36,36,36,43,43,43,26,33,33,36,0,0],"gold":287,"neow_bonus":"TRANSFORM_CARD","is_daily":false,"chose_seed":false,"campfire_upgraded":7,"win_rate":0.0,"timestamp":1610079454,"path_taken":["M","M","M","?","M","M","E","M","T","R","?","R","$","?","R","BOSS","M","?","M","$","M","E","R","?","T","R","?","M","R","E","R","BOSS","M","M","M","?","?","R","M","$","T","E","?","R","E","M"],"items_purchased_type":["Card","Card","Card","Relic","Card","Card","Card","Relic","Card"],"build_version":"2020-12-22","purchased_purges":2,"victory":false,"max_hp_per_floor":[75,75,75,75,75,75,75,75,75,75,75,75,75,75,75,75,75,75,75,75,75,75,75,75,75,75,75,75,75,75,75,75,75,75,75,75,75,75,75,75,75,75,75,75,75,75,75,75,75],"relic_stats":{"Regal Pillow":0,"Happy Flower":[7],"counters":[25,115],"Astrolabe":["hierophant:Endure","hierophant:RustyCrate","hierophant:AuricForm"],"StoneCalendar":[0],"Letter Opener":[62],"Centennial Puzzle":[41],"Mummified Hand":[8],"Sundial":[0],"Tiny Chest":1,"Art of War":[7],"obtain_stats":[{"Regal Pillow":44,"Happy Flower":43,"hierophant:PropheticMaskRelic":0,"Astrolabe":17,"StoneCalendar":45,"Letter Opener":39,"White Beast Statue":19,"Centennial Puzzle":9,"Mummified Hand":42,"Sundial":47,"Tiny Chest":23,"Bag of Marbles":26,"Art of War":31,"Coffee Dripper":34,"InkBottle":7,"Toy Ornithopter":13},{"Regal Pillow":22,"Happy Flower":21,"hierophant:PropheticMaskRelic":0,"Astrolabe":8,"StoneCalendar":23,"Letter Opener":20,"White Beast Statue":9,"Centennial Puzzle":7,"Mummified Hand":21,"Sundial":24,"Tiny Chest":12,"Bag of Marbles":12,"Art of War":15,"Coffee Dripper":16,"InkBottle":6,"Toy Ornithopter":7},{"Regal Pillow":100,"Happy Flower":93,"hierophant:PropheticMaskRelic":0,"Astrolabe":37,"StoneCalendar":108,"Letter Opener":91,"White Beast Statue":44,"Centennial Puzzle":27,"Mummified Hand":93,"Sundial":111,"Tiny Chest":57,"Bag of Marbles":57,"Art of War":70,"Coffee Dripper":79,"InkBottle":23,"Toy Ornithopter":27}],"InkBottle":[34],"Toy Ornithopter":90},"card_choices":[{"not_picked":["hierophant:ThreeLashes","hierophant:Rebuild"],"picked":"hierophant:HolyVerse","floor":1},{"not_picked":["hierophant:RustyCrate","hierophant:Prophecy"],"picked":"hierophant:Shelter","floor":2},{"not_picked":["hierophant:RustyCrate","hierophant:Refuge"],"picked":"hierophant:PassingBell","floor":3},{"not_picked":["hierophant:FieryStrike","hierophant:Mercenaries"],"picked":"hierophant:CoinFling","floor":5},{"not_picked":["hierophant:SealAway","hierophant:ConvertCurrency"],"picked":"hierophant:Encroach","floor":6},{"not_picked":["hierophant:FieryStrike","hierophant:EyeForCoin"],"picked":"hierophant:Sermon","floor":7},{"not_picked":["hierophant:Prophecy","hierophant:Dazzle"],"picked":"hierophant:PassingBell","floor":8},{"not_picked":["hierophant:WrathOfGod","hierophant:BulkyChest"],"picked":"hierophant:DeathKnell","floor":16},{"not_picked":["hierophant:HammerAndAnvil","hierophant:AuricBeam"],"picked":"hierophant:Alms","floor":18},{"not_picked":["hierophant:Remorse","hierophant:FieryStrike","hierophant:Refuge+1"],"picked":"SKIP","floor":20},{"not_picked":["hierophant:PassingBell","hierophant:AuricBeam"],"picked":"hierophant:ConvertCurrency","floor":22},{"not_picked":["hierophant:Mercenaries","hierophant:Upheaval","hierophant:Levitation"],"picked":"SKIP","floor":23},{"not_picked":["hierophant:Zeal","hierophant:Encroach","hierophant:Empathy"],"picked":"SKIP","floor":28},{"not_picked":["hierophant:ThreeLashes","hierophant:FieryStrike"],"picked":"hierophant:Smite","floor":29},{"not_picked":["hierophant:Purify","hierophant:Remorse"],"picked":"hierophant:SolarFlare","floor":31},{"not_picked":["hierophant:BulkyChest","hierophant:Levitation"],"picked":"hierophant:LocustPlague","floor":33},{"not_picked":["hierophant:RustyCrate","hierophant:AuricBeam+1","hierophant:HammerAndAnvil"],"picked":"SKIP","floor":35},{"not_picked":["hierophant:AuricForm","hierophant:HammerAndAnvil"],"picked":"hierophant:SealAway+1","floor":36},{"not_picked":["hierophant:RepressedViolence","hierophant:Patience"],"picked":"hierophant:HolyVerse","floor":37},{"not_picked":["hierophant:ThreeLashes","hierophant:AuricBeam"],"picked":"hierophant:Blessing","floor":38},{"not_picked":["hierophant:Purify","hierophant:Patience"],"picked":"hierophant:Alms+1","floor":41},{"not_picked":["hierophant:BulkyChest","hierophant:Encroach"],"picked":"hierophant:PristineSoul","floor":44},{"not_picked":["hierophant:Zeal+1","hierophant:PassingBell"],"picked":"hierophant:Bribe","floor":45},{"not_picked":["hierophant:Patience","hierophant:FlamingChariot+1","hierophant:FaithHealing"],"picked":"SKIP","floor":47}],"player_experience":1670809,"relics_obtained":[{"floor":7,"key":"InkBottle"},{"floor":9,"key":"Centennial Puzzle"},{"floor":19,"key":"White Beast Statue"},{"floor":23,"key":"Tiny Chest"},{"floor":26,"key":"Bag of Marbles"},{"floor":31,"key":"Art of War"},{"floor":39,"key":"Letter Opener"},{"floor":43,"key":"Happy Flower"},{"floor":44,"key":"Regal Pillow"},{"floor":45,"key":"StoneCalendar"},{"floor":47,"key":"Sundial"}],"event_choices":[{"damage_healed":53,"gold_gain":0,"player_choice":"Upgrade","damage_taken":15,"max_hp_gain":0,"max_hp_loss":75,"event_name":"betterThird:BetterShining","floor":4,"gold_loss":0,"cards_upgraded":["hierophant:ChurchCoffers","hierophant:Defend_Hierophant"]},{"damage_healed":0,"gold_gain":0,"player_choice":"Ignored","damage_taken":273,"max_hp_gain":0,"max_hp_loss":0,"event_name":"betterThird:BetterSerpent","floor":11,"gold_loss":0},{"damage_healed":0,"gold_gain":0,"player_choice":"Got Potions","damage_taken":0,"max_hp_gain":0,"max_hp_loss":0,"event_name":"Lab","floor":14,"gold_loss":0},{"damage_healed":0,"gold_gain":0,"player_choice":"Bought 1 Potion","damage_taken":0,"max_hp_gain":0,"max_hp_loss":0,"event_name":"The Woman in Blue","floor":25,"gold_loss":0},{"damage_healed":0,"gold_gain":0,"player_choice":"Fight","damage_taken":0,"max_hp_gain":0,"max_hp_loss":0,"event_name":"MindBloom","floor":45,"gold_loss":0}],"is_beta":false,"boss_relics":[{"not_picked":["SlaversCollar","Black Star"],"picked":"Astrolabe"},{"not_picked":["Fusion Hammer","Runic Pyramid"],"picked":"Coffee Dripper"}],"items_purged_floors":[21,42],"is_endless":false,"potions_floor_spawned":[2,6,8,16,18,20,22,23,28,29,31,33,35,36,37,38,41,44,45,47],"killed_by":"Spire Growth","ascension_level":13}}