{"host":"3y2rtlgteqp2nuo3","time":1610110787,"event":{"mods":["2.2 Compatiblity","AchievementEnabler","BaseMod","Colored Map","DeckTracker","Highlight Path","Keyboard Shortcuts","Minty Spire (QoL Compilation)","Permanent Neow","Quick Restart","StSLib","SuperFastMode","everything is the same but u backflip on backflip"],"gold_per_floor":[417,432,447,463,463,463,496,496,521,521,521,521,533,558,558,663,663,682,682,696,133,166,194,194,223,223,237,266,276,310,32,32,129,129,147,147,158,108,124,154,154,376,376,393,406,438,193,204,204,204],"floor_reached":51,"playtime":1618,"items_purged":["Strike_B","Strike_B","Defend_B","Defend_B"],"score":1015,"play_id":"d2a320cb-8a16-4caa-9738-80b9f7036314","local_time":"20210108215947","is_ascension_mode":true,"campfire_choices":[{"data":"Zap","floor":6.0,"key":"SMITH"},{"data":"Coolheaded","floor":8.0,"key":"SMITH"},{"floor":10.0,"key":"REST"},{"data":"Defragment","floor":15.0,"key":"SMITH"},{"data":"Apotheosis","floor":24.0,"key":"SMITH"},{"data":"Hologram","floor":32.0,"key":"SMITH"},{"floor":41.0,"key":"RECALL"},{"floor":49,"key":"REST"}],"circlet_count":0,"master_deck":["Defend_B","Defend_B","Zap+1","Dualcast","Gash+1","Leap","Coolheaded+1","Ball Lightning","Lockon+1","Core Surge","Doom and Gloom","Defragment+1","Biased Cognition","Turbo","Coolheaded","Apotheosis+1","White Noise+1","Chill","Glacier","Hologram+1","Skim","Electrodynamics","Defragment+1","Panacea","Finesse","Thunder Strike"],"relics":["Cracked Core","Old Coin","Blood Vial","Oddly Smooth Stone","PreservedInsect","Potion Belt","Cursed Key","Incense Burner","Red Mask","Smiling Mask","Gambling Chip","Turnip","Vajra","Whetstone","Fusion Hammer","The Courier","Unceasing Top","Pen Nib"],"acts_visited":["Exordium","TheCity","TheBeyond"],"potions_floor_usage":[],"damage_taken":[{"damage":0.0,"enemies":"Cultist","floor":1.0,"turns":3.0},{"damage":5.0,"enemies":"Small Slimes","floor":2.0,"turns":3.0},{"damage":2.0,"enemies":"2 Louse","floor":3.0,"turns":3.0},{"damage":0.0,"enemies":"2 Fungi Beasts","floor":4.0,"turns":5.0},{"damage":16.0,"enemies":"Gremlin Nob","floor":7.0,"turns":4.0},{"damage":0.0,"enemies":"Exordium Wildlife","floor":13.0,"turns":3.0},{"damage":10.0,"enemies":"Lagavulin","floor":14.0,"turns":5.0},{"damage":12.0,"enemies":"The Guardian","floor":16.0,"turns":7.0},{"damage":0.0,"enemies":"Chosen","floor":18.0,"turns":4.0},{"damage":0.0,"enemies":"Shell Parasite","floor":20.0,"turns":4.0},{"damage":1.0,"enemies":"Masked Bandits","floor":22.0,"turns":5.0},{"damage":0.0,"enemies":"Book of Stabbing","floor":23.0,"turns":4.0},{"damage":5.0,"enemies":"Gremlin Leader","floor":25.0,"turns":4.0},{"damage":7.0,"enemies":"Sentry and Sphere","floor":27.0,"turns":4.0},{"damage":0.0,"enemies":"Slavers","floor":28.0,"turns":3.0},{"damage":0.0,"enemies":"Centurion and Healer","floor":29.0,"turns":5.0},{"damage":0.0,"enemies":"Gremlin Leader","floor":30.0,"turns":4.0},{"damage":0.0,"enemies":"Collector","floor":33.0,"turns":8.0},{"damage":0.0,"enemies":"3 Shapes","floor":35.0,"turns":2.0},{"damage":0.0,"enemies":"Orb Walker","floor":37.0,"turns":3.0},{"damage":0.0,"enemies":"Maw","floor":39.0,"turns":4.0},{"damage":0.0,"enemies":"Reptomancer","floor":40.0,"turns":4.0},{"damage":0.0,"enemies":"Transient","floor":44.0,"turns":5.0},{"damage":3.0,"enemies":"Writhing Mass","floor":45.0,"turns":5.0},{"damage":9.0,"enemies":"Giant Head","floor":46.0,"turns":7.0},{"damage":0,"enemies":"Sphere and 2 Shapes","floor":48,"turns":4},{"damage":32,"enemies":"Time Eater","floor":50,"turns":9}],"seed_played":"-8149876967714040639","potions_obtained":[{"floor":2.0,"key":"Regen Potion"},{"floor":4.0,"key":"FocusPotion"},{"floor":13.0,"key":"LiquidMemories"},{"floor":14.0,"key":"Strength Potion"},{"floor":22.0,"key":"Dexterity Potion"},{"floor":23.0,"key":"SpeedPotion"},{"floor":33.0,"key":"AttackPotion"},{"floor":44.0,"key":"FocusPotion"},{"floor":46.0,"key":"FairyPotion"}],"is_trial":false,"path_per_floor":["M","M","M","M","?","R","E","R","T","R","?","?","M","E","R","B",null,"M","?","M","$","?","E","R","E","T","M","E","M","E","$","R","B",null,"M","?","M","$","M","E","R","?","T","M","M","E","$","M","R","B",null],"character_chosen":"DEFECT","items_purchased":["Incense Burner","Apotheosis","Skim","Whetstone","Pen Nib","Finesse"],"campfire_rested":2,"item_purchase_floors":[21,21,31,31,47,47],"current_hp_per_floor":[54,49,47,47,40,40,24,24,24,46,46,46,48,40,40,30,75,75,75,75,75,74,75,75,70,70,65,67,69,71,71,71,73,75,75,65,67,67,69,71,71,71,71,73,72,65,65,67,75,43],"gold":204,"neow_bonus":"ONE_RARE_RELIC","is_daily":false,"chose_seed":false,"campfire_upgraded":5,"win_rate":0.0,"timestamp":1610110787,"path_taken":["M","M","M","M","?","R","E","R","T","R","?","?","?","E","R","BOSS","M","?","M","$","?","E","R","E","T","M","E","M","E","?","R","BOSS","M","?","M","$","M","E","R","?","T","M","M","E","$","M","R","BOSS"],"items_purchased_type":["Relic","Card","Card","Relic","Relic","Card"],"build_version":"2020-12-22","purchased_purges":4,"victory":true,"max_hp_per_floor":[75,75,75,75,75,75,75,75,75,75,75,75,75,75,75,75,75,75,75,75,75,75,75,75,75,75,75,75,75,75,75,75,75,75,75,75,75,75,75,75,75,75,75,75,75,75,75,75,75,75],"card_choices":[{"not_picked":["Steam","Reprogram"],"picked":"Gash","floor":1.0},{"not_picked":["Hologram","Loop"],"picked":"Leap","floor":2.0},{"not_picked":["Aggregate","Chill"],"picked":"Coolheaded","floor":3.0},{"not_picked":["Stack","Double Energy"],"picked":"Ball Lightning","floor":4.0},{"not_picked":["Fission","Sweeping Beam"],"picked":"Lockon","floor":7.0},{"not_picked":["Rebound","Sweeping Beam"],"picked":"Doom and Gloom","floor":13.0},{"not_picked":["Leap","Compile Driver"],"picked":"Defragment","floor":14.0},{"not_picked":["Meteor Strike","Machine Learning"],"picked":"Biased Cognition","floor":16.0},{"not_picked":["Beam Cell","Steam"],"picked":"Turbo","floor":18.0},{"not_picked":["Steam","Rebound","Ball Lightning"],"picked":"SKIP","floor":20.0},{"not_picked":["Chaos","Cold Snap"],"picked":"White Noise+1","floor":22.0},{"not_picked":["Cold Snap","Streamline","Turbo"],"picked":"SKIP","floor":23.0},{"not_picked":["Cold Snap","Streamline","Turbo"],"picked":"SKIP","floor":23.0},{"not_picked":["Stack","Leap"],"picked":"Chill","floor":25.0},{"not_picked":["Capacitor","Redo","Fusion"],"picked":"SKIP","floor":27.0},{"not_picked":["Fission","Echo Form"],"picked":"Glacier","floor":28.0},{"not_picked":["Rebound","Heatsinks","Loop"],"picked":"SKIP","floor":29.0},{"not_picked":["Gash","Fusion+1"],"picked":"Hologram","floor":30.0},{"not_picked":["All For One","Reboot"],"picked":"Electrodynamics","floor":33.0},{"not_picked":["Barrage","Ball Lightning+1"],"picked":"Defragment+1","floor":35.0},{"not_picked":["Discovery","Deep Breath"],"picked":"Panacea","floor":36.0},{"not_picked":["White Noise","Compile Driver","Ball Lightning"],"picked":"SKIP","floor":37.0},{"not_picked":["Rebound","Go for the Eyes","Reprogram+1"],"picked":"SKIP","floor":39.0},{"not_picked":["Capacitor+1","Force Field","Double Energy+1"],"picked":"SKIP","floor":40.0},{"not_picked":["Capacitor+1","Force Field","Double Energy+1"],"picked":"SKIP","floor":40.0},{"not_picked":["Sunder+1","Static Discharge","White Noise+1"],"picked":"SKIP","floor":44.0},{"not_picked":["Streamline+1","Steam","Hologram"],"picked":"SKIP","floor":45.0},{"not_picked":["Sweeping Beam","Doom and Gloom+1","Coolheaded"],"picked":"SKIP","floor":46.0},{"not_picked":["Sweeping Beam+1","Sunder+1"],"picked":"Thunder Strike","floor":48}],"player_experience":639994,"relics_obtained":[{"floor":7.0,"key":"Blood Vial"},{"floor":9.0,"key":"Oddly Smooth Stone"},{"floor":14.0,"key":"Potion Belt"},{"floor":22.0,"key":"Red Mask"},{"floor":23.0,"key":"Smiling Mask"},{"floor":25.0,"key":"Gambling Chip"},{"floor":28.0,"key":"Turnip"},{"floor":30.0,"key":"Vajra"},{"floor":40.0,"key":"The Courier"},{"floor":46.0,"key":"Unceasing Top"}],"event_choices":[{"cards_removed":["Strike_B"],"damage_healed":0.0,"max_hp_gain":0.0,"max_hp_loss":0.0,"gold_gain":0.0,"event_name":"Golden Wing","player_choice":"Card Removal","floor":5.0,"gold_loss":0.0,"damage_taken":7.0},{"damage_healed":0.0,"max_hp_gain":0.0,"max_hp_loss":0.0,"gold_gain":0.0,"cards_transformed":["Strike_B"],"event_name":"Living Wall","player_choice":"Change","floor":11.0,"gold_loss":0.0,"damage_taken":0.0,"cards_obtained":["Core Surge"]},{"damage_healed":0.0,"max_hp_gain":0.0,"max_hp_loss":0.0,"gold_gain":0.0,"event_name":"WeMeetAgain","player_choice":"Gave Potion","floor":12.0,"gold_loss":0.0,"damage_taken":0.0,"relics_obtained":["PreservedInsect"]},{"damage_healed":0.0,"max_hp_gain":0.0,"max_hp_loss":0.0,"gold_gain":0.0,"event_name":"The Library","player_choice":"Read","floor":19.0,"gold_loss":0.0,"damage_taken":0.0,"cards_obtained":["Coolheaded"]},{"damage_healed":0.0,"max_hp_gain":0.0,"max_hp_loss":0.0,"gold_gain":0.0,"event_name":"Masked Bandits","player_choice":"Fought Bandits","floor":22.0,"gold_loss":0.0,"damage_taken":0.0},{"damage_healed":0.0,"max_hp_gain":0.0,"max_hp_loss":0.0,"gold_gain":0.0,"event_name":"SensoryStone","player_choice":"Memory 3","floor":36.0,"gold_loss":0.0,"damage_taken":10.0},{"damage_healed":0.0,"max_hp_gain":0.0,"max_hp_loss":0.0,"gold_gain":222.0,"event_name":"Tomb of Lord Red Mask","player_choice":"Wore Mask","floor":42.0,"gold_loss":0.0,"damage_taken":0.0}],"is_beta":false,"boss_relics":[{"not_picked":["Empty Cage","Nuclear Battery"],"picked":"Cursed Key"},{"not_picked":["Calling Bell","Pandora\u0027s Box"],"picked":"Fusion Hammer"}],"items_purged_floors":[21,31,38,47],"is_endless":false,"potions_floor_spawned":[2,4,13,14,22,23,28,29,33,40,44,45,46],"ascension_level":1}}