{"host":"uqbebr2vlnosvkft","time":1610139634,"event":{"mods":["AchievementEnabler","BaseMod","Minty Spire (QoL Compilation)"],"gold_per_floor":[112,124,47,57,74,74,87,87,87,87,101,26,52,62,62,62,62],"floor_reached":16,"playtime":1149,"items_purged":["Regret"],"score":104,"play_id":"13e8f68c-a2eb-4c0c-8634-0d2133e68d63","local_time":"20210109000034","is_ascension_mode":false,"campfire_choices":[{"data":"Eruption","floor":6,"key":"SMITH"},{"data":"Blasphemy","floor":15,"key":"SMITH"}],"circlet_count":0,"master_deck":["Strike_P","Strike_P","Strike_P","Strike_P","Defend_P","Defend_P","Defend_P","Defend_P","Eruption+1","Vigilance","Halt+1","FollowUp","Tantrum","Indignation","JustLucky","CutThroughFate","ClearTheMind","Blasphemy+1"],"relics":["PureWater","NeowsBlessing","Tiny Chest","Matryoshka","Darkstone Periapt"],"acts_visited":["Exordium"],"potions_floor_usage":[11,13,16,16],"damage_taken":[{"damage":0,"enemies":"Jaw Worm","floor":1,"turns":1},{"damage":0,"enemies":"2 Louse","floor":2,"turns":2},{"damage":0,"enemies":"Cultist","floor":4,"turns":1},{"damage":9,"enemies":"Blue Slaver","floor":5,"turns":3},{"damage":3,"enemies":"Gremlin Gang","floor":7,"turns":4},{"damage":5,"enemies":"Red Slaver","floor":11,"turns":2},{"damage":16,"enemies":"Gremlin Nob","floor":13,"turns":3},{"damage":1,"enemies":"2 Fungi Beasts","floor":14,"turns":2},{"damage":100027,"enemies":"The Guardian","floor":16,"turns":14}],"seed_played":"-1450491038344203498","potions_obtained":[{"floor":1,"key":"GamblersBrew"},{"floor":2,"key":"LiquidMemories"},{"floor":7,"key":"LiquidBronze"},{"floor":13,"key":"Fire Potion"}],"is_trial":false,"path_per_floor":["M","M","$","M","M","R","M","?","T","?","M","$","E","M","R","B"],"character_chosen":"WATCHER","items_purchased":["Tantrum"],"campfire_rested":0,"item_purchase_floors":[3],"current_hp_per_floor":[72,72,72,72,63,63,60,60,60,60,55,55,39,38,38,0,0],"gold":62,"neow_bonus":"THREE_ENEMY_KILL","is_daily":false,"chose_seed":false,"campfire_upgraded":2,"win_rate":0.0,"timestamp":1610139634,"path_taken":["M","M","$","M","M","R","M","?","T","?","M","$","E","?","R","BOSS"],"items_purchased_type":["Card"],"build_version":"2020-12-22","purchased_purges":1,"victory":false,"max_hp_per_floor":[72,72,72,72,72,72,72,72,72,72,72,72,72,72,72,72,72],"card_choices":[{"not_picked":["FearNoEvil","Prostrate"],"picked":"Halt","floor":1},{"not_picked":["SashWhip","ClearTheMind"],"picked":"FollowUp","floor":2},{"not_picked":["DeceiveReality","Prostrate"],"picked":"Indignation","floor":4},{"not_picked":["SignatureMove","Consecrate","Adaptation"],"picked":"SKIP","floor":5},{"not_picked":["SashWhip","FlurryOfBlows"],"picked":"JustLucky","floor":7},{"not_picked":["Crescendo","Vengeance"],"picked":"CutThroughFate","floor":11},{"not_picked":["SashWhip","PathToVictory"],"picked":"ClearTheMind","floor":13},{"not_picked":["ClearTheMind","Evaluate"],"picked":"Blasphemy","floor":14}],"player_experience":245652,"relics_obtained":[{"floor":9,"key":"Matryoshka"},{"floor":13,"key":"Darkstone Periapt"}],"event_choices":[{"damage_healed":0,"gold_gain":0,"player_choice":"Box","damage_taken":0,"relics_obtained":["Tiny Chest"],"max_hp_gain":0,"max_hp_loss":0,"event_name":"Big Fish","floor":8,"gold_loss":0,"cards_obtained":["Regret"]},{"damage_healed":0,"gold_gain":0,"player_choice":"Forge","damage_taken":0,"max_hp_gain":0,"max_hp_loss":0,"event_name":"Accursed Blacksmith","floor":10,"gold_loss":0,"cards_upgraded":["Halt"]}],"is_beta":false,"boss_relics":[],"items_purged_floors":[12],"is_endless":false,"potions_floor_spawned":[1,2,7,13],"killed_by":"The Guardian","ascension_level":0}}