{"host":"hig4mmxcip4vq5ai","time":1610101419,"event":{"mods":["BaseMod","Colored Powertips","Energized Spire","Halation","Infinite Spire","Lobotomy","LobotomyExtend","Minty Spire (QoL Compilation)","Replay The Spire","Small Relic Pack","StSLib"],"gold_per_floor":[112,112,124,73,73,73,84,10,10,10,20,20,54,73,73,174,224,240,250,250,250,262,262,49,83,83,83,15,15,25,25,25,101,101,101,113,131,145,162,162,175,135,135,123,138,40,40,54,54,44,44],"floor_reached":50,"playtime":4285,"items_purged":["Parasite"],"score":489,"play_id":"47db4cce-e585-4daa-8234-ae22abd89bda","local_time":"20210108132339","is_ascension_mode":false,"campfire_choices":[{"data":"Beam Cell","floor":6.0,"key":"SMITH"},{"data":"Sweeping Beam","floor":10.0,"key":"SMITH"},{"data":"Zap","floor":12.0,"key":"SMITH"},{"floor":15.0,"key":"REST"},{"floor":23.0,"key":"REST"},{"floor":32.0,"key":"REST"},{"data":"Vault","floor":40.0,"key":"SMITH"},{"floor":49.0,"key":"REST"}],"circlet_count":0,"master_deck":["Strike_B","Strike_B","Defend_B","Defend_B","Defend_B","Defend_B","Zap+1","Dualcast+1","MeatLantern","Gash","Sweeping Beam+1","Beam Cell+1","Turbo+1","FieryBird","FTL","BeautyBeast","ReplayTheSpireMod:Omega Cannon","Conserve Battery+1","Freischutz","ReplayGash","Scrape+1","Auto Shields+1","ReplayGash","QueenBee","Hologram","relicPack:TruthCard","Vault+1","Reaper","Demon Form","CENSORED","Undo+1","Steam Power","Steam","Beam Cell+1"],"relics":["Cracked Core","CogitoBucket","LetterFromLob","relicPack:DSword","TungstenRod","Replay:Baseball","MealTicket","TreeSap","Tiny House","Painkiller Herb","Lee\u0027s Waffle","Potion Belt","infinitespire:FocusingShard","relicPack:OneForAll","LuminousBracelet","relicPack:EdsArm","Ring of Chaos","infinitespire:ShieldingShard","Nuclear Battery"],"acts_visited":["Exordium","TheCity","TheBeyond"],"potions_floor_usage":[50,50,50],"damage_taken":[{"damage":0.0,"enemies":"Small Slimes","floor":1.0,"turns":3.0},{"damage":0.0,"enemies":"2 Louse","floor":3.0,"turns":3.0},{"damage":0.0,"enemies":"Cultist","floor":7.0,"turns":3.0},{"damage":0.0,"enemies":"2 Fungi Beasts","floor":11.0,"turns":1.0},{"damage":3.0,"enemies":"Replay:BlueRogue","floor":13.0,"turns":3.0},{"damage":28.0,"enemies":"Gremlin Gang","floor":14.0,"turns":5.0},{"damage":9.0,"enemies":"Fading Forest","floor":16.0,"turns":11.0},{"damage":4.0,"enemies":"2 Thieves","floor":18.0,"turns":2.0},{"damage":2.0,"enemies":"Shell Parasite","floor":19.0,"turns":4.0},{"damage":44.0,"enemies":"Snake Plant","floor":22.0,"turns":4.0},{"damage":28.0,"enemies":"Gremlin Leader","floor":25.0,"turns":5.0},{"damage":61.0,"enemies":"Snecko","floor":30.0,"turns":9.0},{"damage":43.0,"enemies":"Collector","floor":33.0,"turns":8.0},{"damage":0.0,"enemies":"Orb Walker","floor":36.0,"turns":3.0},{"damage":7.0,"enemies":"3 Shapes","floor":37.0,"turns":2.0},{"damage":30.0,"enemies":"Transient","floor":38.0,"turns":5.0},{"damage":178.0,"enemies":"Maw","floor":39.0,"turns":9.0},{"damage":23.0,"enemies":"4 Shapes","floor":41.0,"turns":6.0},{"damage":13.0,"enemies":"Writhing Mass","floor":44.0,"turns":6.0},{"damage":14.0,"enemies":"Maw","floor":45.0,"turns":8.0},{"damage":67.0,"enemies":"3 Darklings","floor":48.0,"turns":3.0},{"damage":191,"enemies":"FixerMidnight","floor":50,"turns":5}],"seed_played":"-9120895716539924176","potions_obtained":[{"floor":1.0,"key":"Fire Potion"},{"floor":7.0,"key":"ColorlessPotion"},{"floor":16.0,"key":"ColorlessPotion"},{"floor":17.0,"key":"LifebloodPotion"},{"floor":19.0,"key":"Strength Potion"},{"floor":25.0,"key":"SteroidPotion"},{"floor":38.0,"key":"FocusPotion"},{"floor":39.0,"key":"Elixir"},{"floor":41.0,"key":"SkillPotion"}],"is_trial":false,"path_per_floor":["M","?","M","$","?","R","M","?","T","R","M","R","E","M","R","B",null,"M","M","AVR","?","?","T","T","E","T","?","T","?","?","?","T","B",null,"?","?","?","?","?","T","?","?","T","?","?","T","AVR","?","T","B"],"character_chosen":"DEFECT","items_purchased":["Beam Cell","Auto Shields+1","Lee\u0027s Waffle","ReplayGash","ColorlessPotion","AttackPotion"],"campfire_rested":4,"item_purchase_floors":[4,24,24,28,46,46],"current_hp_per_floor":[75,40,40,40,45,45,45,45,45,45,45,45,42,14,36,27,80,76,74,74,74,30,54,87,59,59,59,74,74,28,28,57,15,97,97,97,97,80,90,90,97,97,97,96,92,97,94,64,92,0,0],"gold":44,"neow_bonus":"","is_daily":false,"chose_seed":false,"campfire_upgraded":4,"win_rate":0.0,"timestamp":1610101419,"path_taken":["M","?","M","$","?","R","?","?","T","R","?","R","E","M","R","BOSS","M","M","AVR","?","?","T","?","E","T","?","T","?","?","?","T","BOSS","?","?","?","?","?","T","?","?","T","?","?","?","AVR","?","T","BOSS"],"items_purchased_type":["Card","Card","Relic","Card","Potion","Potion"],"build_version":"2020-12-22","purchased_purges":1,"victory":false,"max_hp_per_floor":[75,75,75,75,75,75,75,75,75,75,75,75,75,75,75,75,80,80,80,80,80,80,80,87,87,87,87,87,87,102,97,97,97,97,97,97,97,97,97,97,97,97,97,97,97,97,94,94,94,94,94],"card_choices":[{"not_picked":["SpiderBud","BigBird","OldLady"],"picked":"Singing Bowl","floor":1.0},{"not_picked":["Laetitia","DreamingCurrent"],"picked":"MeatLantern","floor":1.0},{"not_picked":["Stack","Melter"],"picked":"Gash","floor":1.0},{"not_picked":["Rudolta","ShyLook","OSAHOGD"],"picked":"Singing Bowl","floor":3.0},{"not_picked":["WhiteNight","LittlePrince"],"picked":"OldLady","floor":3.0},{"not_picked":["Steam","Go for the Eyes"],"picked":"Sweeping Beam","floor":3.0},{"not_picked":["Scorched","Bloodbath","LongBird"],"picked":"Singing Bowl","floor":7.0},{"not_picked":["SpiderBud","FairyFestival"],"picked":"Scorched","floor":7.0},{"not_picked":["Reinforced Body","ReplaySolidLightProjector"],"picked":"Turbo","floor":7.0},{"not_picked":["DreamingCurrent","NakedNest"],"picked":"FieryBird","floor":11.0},{"not_picked":["Capacitor","BasicCrystalCard","Force Field"],"picked":"SKIP","floor":11.0},{"not_picked":["Alriune","OSAHOGD","FairyFestival"],"picked":"Singing Bowl","floor":13.0},{"not_picked":["Wellcheers","Murderer"],"picked":"OldLady","floor":13.0},{"not_picked":["Melter","Reinforced Body"],"picked":"FTL","floor":13.0},{"not_picked":["GreedKing","WallGazer","OSAHOGD"],"picked":"Singing Bowl","floor":14.0},{"not_picked":["Scarecrow","PunishingBird"],"picked":"BeautyBeast","floor":14.0},{"not_picked":["ReplayTheSpireMod:Calculation Training","ReplaySort","Lockon"],"picked":"SKIP","floor":14.0},{"not_picked":["WallGazer","FairyFestival"],"picked":"SnowQueen","floor":16.0},{"not_picked":["Meteor Strike","Electrodynamics"],"picked":"ReplayTheSpireMod:Omega Cannon","floor":16.0},{"not_picked":["Panic Button","Streamline"],"picked":"Auto Shields","floor":17.0},{"not_picked":["PunishingBird","SpiderBud","MHz"],"picked":"Singing Bowl","floor":18.0},{"not_picked":["Ball Lightning","Sunder"],"picked":"Conserve Battery+1","floor":18.0},{"not_picked":["Yin","Mercenary","Wellcheers"],"picked":"Singing Bowl","floor":19.0},{"not_picked":["WhitesApple","CrumblingArmor"],"picked":"Freischutz","floor":19.0},{"not_picked":["Panic Button","Electrodynamics"],"picked":"ReplayGash","floor":19.0},{"not_picked":["PunishingBird","SpiderBud","Bloodbath"],"picked":"Singing Bowl","floor":22.0},{"not_picked":["Barrage+1","Heatsinks"],"picked":"Scrape+1","floor":22.0},{"not_picked":["GreedKing","SilentOrchestra","CrumblingArmor"],"picked":"Singing Bowl","floor":25.0},{"not_picked":["Chaos+1","Compile Driver","Cold Snap"],"picked":"SKIP","floor":25.0},{"not_picked":["BigBird","ShyLook"],"picked":"QueenBee","floor":30.0},{"not_picked":["Cold Snap","Blizzard"],"picked":"Hologram","floor":30.0},{"not_picked":["FairyFestival","SilentOrchestra","UniverseFragment"],"picked":"Singing Bowl","floor":33.0},{"not_picked":["LongBird","OSAHOGD","CrumblingArmor"],"picked":"Singing Bowl","floor":36.0},{"not_picked":["Variant","HeroicMonk"],"picked":"CENSORED","floor":36.0},{"not_picked":["Panic Button","Steam","Turbo"],"picked":"SKIP","floor":36.0},{"not_picked":["Yin","SnowQueen","QueenOfHatred"],"picked":"Singing Bowl","floor":37.0},{"not_picked":["Compile Driver","Gash"],"picked":"Undo+1","floor":37.0},{"not_picked":["DreamingCurrent","Funeral","NakedNest"],"picked":"Singing Bowl","floor":38.0},{"not_picked":["BootSequence","Streamline"],"picked":"Steam Power","floor":38.0},{"not_picked":["Woodsman","Alriune","WallGazer"],"picked":"Singing Bowl","floor":39.0},{"not_picked":["BasicCrystalCard+1","Auto Shields"],"picked":"Steam","floor":39.0},{"not_picked":["Steam Power+1","Steam"],"picked":"Beam Cell+1","floor":41.0},{"not_picked":["MeltingLove","BlackSwan","Yin"],"picked":"Singing Bowl","floor":44.0},{"not_picked":["Fusion","Reinforced Body","Go for the Eyes"],"picked":"SKIP","floor":44.0},{"not_picked":["DespairKnight","Scarecrow","HeroicMonk"],"picked":"Singing Bowl","floor":45.0},{"not_picked":["ReplayTheSpireMod:Reroute Power","Rainbow","Redo+1"],"picked":"SKIP","floor":45.0},{"not_picked":["HappyTeddy","LittlePrince","QueenOfHatred"],"picked":"Singing Bowl","floor":48.0},{"not_picked":["Glacier+1","FIFO Queue+1","BasicCrystalCard+1"],"picked":"SKIP","floor":48.0}],"player_experience":424562,"relics_obtained":[{"floor":1.0,"key":"LetterFromLob"},{"floor":9.0,"key":"Replay:Baseball"},{"floor":13.0,"key":"MealTicket"},{"floor":25.0,"key":"Potion Belt"},{"floor":26.0,"key":"infinitespire:FocusingShard"},{"floor":43.0,"key":"infinitespire:ShieldingShard"}],"event_choices":[{"cards_removed":["OldLady"],"damage_healed":5.0,"max_hp_gain":0.0,"max_hp_loss":0.0,"gold_gain":0.0,"event_name":"Bonfire Elementals","player_choice":"Offered Common","floor":5.0,"gold_loss":0.0,"damage_taken":0.0},{"cards_removed":["OldLady"],"damage_healed":5.0,"max_hp_gain":0.0,"max_hp_loss":0.0,"gold_gain":0.0,"event_name":"Bonfire Elementals","player_choice":"Offered Special","floor":5.0,"gold_loss":0.0,"damage_taken":0.0},{"damage_healed":0.0,"max_hp_gain":0.0,"max_hp_loss":0.0,"gold_gain":0.0,"event_name":"WeMeetAgain","player_choice":"Paid Gold","floor":8.0,"gold_loss":74.0,"damage_taken":0.0,"relics_obtained":["TungstenRod"]},{"damage_healed":0.0,"max_hp_gain":0.0,"max_hp_loss":0.0,"gold_gain":0.0,"event_name":"N\u0027loth","player_choice":"Ignored","floor":21.0,"gold_loss":0.0,"damage_taken":0.0},{"damage_healed":0.0,"max_hp_gain":0.0,"max_hp_loss":0.0,"gold_gain":0.0,"event_name":"Designer","player_choice":"Upgrade","floor":42.0,"gold_loss":40.0,"damage_taken":0.0,"cards_upgraded":["Turbo"]}],"is_beta":false,"boss_relics":[{"not_picked":["halation:PlatinumPhoenix","ReplayTheSpireMod:DimensionalGlitch"],"picked":"Tiny House"},{"not_picked":["FrozenCore","energizedSpire:UnstableMolecules"],"picked":"Ring of Chaos"}],"items_purged_floors":[47],"is_endless":false,"potions_floor_spawned":[1,7,16,19,25,38,39,41],"killed_by":"FixerMidnight","ascension_level":0}}