{"host":"Kdaddybrian","time":1610137114,"event":{"mods":["AchievementEnabler","BaseMod","Bestiary","Colored Powertips","Minty Spire (QoL Compilation)","Potion Indicator Mod","Quick Restart","Rare Cards Sparkle","Relic Stats","StSLib","Uncapped"],"gold_per_floor":[115,128,128,139,150,150,74,100,100,100,133,148,148,199,199,325,325,345,345,345,359,60,60,60,86,98,110,137,168,211,183,195,309,321,353,381,408,96,146,179,179,195,195,195,195,45,56,76,76,76,76,76,42,74,74],"floor_reached":56,"playtime":2560,"items_purged":["Strike_G","Strike_G"],"score":1688,"play_id":"e42e3b34-0424-4d3d-8a98-79c746d31f69","local_time":"20210108151834","is_ascension_mode":true,"campfire_choices":[{"data":"Terror","floor":6,"key":"SMITH"},{"floor":10,"key":"REST"},{"data":"Footwork","floor":15,"key":"SMITH"},{"data":"Wraith Form v2","floor":24,"key":"SMITH"},{"floor":27,"key":"REST"},{"data":"Adrenaline","floor":32,"key":"SMITH"},{"floor":41,"key":"RECALL"},{"data":"Night Terror","floor":45,"key":"SMITH"},{"data":"After Image","floor":49,"key":"SMITH"},{"data":"Footwork","floor":52,"key":"SMITH"}],"circlet_count":0,"master_deck":["AscendersBane","Strike_G","Strike_G+1","Defend_G","Defend_G","Defend_G","Defend_G","Defend_G","Survivor","Neutralize","Predator","Sucker Punch+1","Poisoned Stab","Terror+1","Footwork+1","Backstab","Blade Dance","Wraith Form v2+1","After Image+1","RitualDagger","Catalyst+1","Blur+1","Escape Plan","Prepared","Adrenaline+1","Night Terror+1","Crippling Poison","Footwork+1","Purity","Catalyst+1","Die Die Die","PiercingWail+1","Noxious Fumes","Tools of the Trade"],"relics":["Ring of the Snake","NeowsBlessing","Bag of Marbles","Anchor","Singing Bowl","Bloody Idol","Runic Pyramid","TwistedFunnel","MawBank","InkBottle","Nunchaku","Coffee Dripper","CaptainsWheel","Unceasing Top","ClockworkSouvenir","White Beast Statue"],"acts_visited":["Exordium","TheCity","TheBeyond","TheEnding"],"potions_floor_usage":[5,8,16,18,25,33,33,33,37,55],"damage_taken":[{"damage":0,"enemies":"Small Slimes","floor":1,"turns":1},{"damage":0,"enemies":"2 Louse","floor":2,"turns":1},{"damage":0,"enemies":"Jaw Worm","floor":4,"turns":1},{"damage":1,"enemies":"Red Slaver","floor":5,"turns":3},{"damage":21,"enemies":"3 Sentries","floor":8,"turns":10},{"damage":15,"enemies":"Lagavulin","floor":11,"turns":5},{"damage":0,"enemies":"Large Slime","floor":12,"turns":2},{"damage":39,"enemies":"Hexaghost","floor":16,"turns":12},{"damage":3,"enemies":"2 Thieves","floor":18,"turns":5},{"damage":6,"enemies":"Spheric Guardian","floor":21,"turns":5},{"damage":23,"enemies":"Slavers","floor":25,"turns":7},{"damage":0,"enemies":"Centurion and Healer","floor":28,"turns":6},{"damage":0,"enemies":"Snecko","floor":29,"turns":5},{"damage":23,"enemies":"Book of Stabbing","floor":30,"turns":5},{"damage":23,"enemies":"Champ","floor":33,"turns":16},{"damage":2,"enemies":"3 Shapes","floor":35,"turns":4},{"damage":12,"enemies":"3 Darklings","floor":36,"turns":4},{"damage":0,"enemies":"Jaw Worm Horde","floor":37,"turns":3},{"damage":0,"enemies":"Mind Bloom Boss Battle","floor":39,"turns":7},{"damage":1,"enemies":"Reptomancer","floor":40,"turns":5},{"damage":0,"enemies":"4 Shapes","floor":42,"turns":4},{"damage":0,"enemies":"3 Darklings","floor":47,"turns":2},{"damage":0,"enemies":"Writhing Mass","floor":48,"turns":5},{"damage":18,"enemies":"Time Eater","floor":50,"turns":2},{"damage":15,"enemies":"Shield and Spear","floor":54,"turns":8},{"damage":83,"enemies":"The Heart","floor":55,"turns":8}],"seed_played":"-6252784802294335882","potions_obtained":[{"floor":1,"key":"EssenceOfSteel"},{"floor":4,"key":"SteroidPotion"},{"floor":5,"key":"ColorlessPotion"},{"floor":11,"key":"Fire Potion"},{"floor":12,"key":"Regen Potion"},{"floor":16,"key":"EntropicBrew"},{"floor":21,"key":"DuplicationPotion"},{"floor":25,"key":"AttackPotion"},{"floor":28,"key":"FairyPotion"},{"floor":35,"key":"Weak Potion"},{"floor":36,"key":"LiquidMemories"},{"floor":40,"key":"Ancient Potion"}],"is_trial":false,"path_per_floor":["M","M","?","M","M","R","$","E","T","R","E","M","?","?","R","B",null,"M","?","?","M","$","?","R","E","T","R","M","M","E","?","R","B",null,"M","M","M","$","?","E","R","M","T","?","R","$","M","M","R","B",null,"R","$","E","B",null],"character_chosen":"THE_SILENT","items_purchased":["Footwork","TwistedFunnel","Catalyst","Footwork","FairyPotion","Purity","ClockworkSouvenir","Noxious Fumes"],"campfire_rested":2,"item_purchase_floors":[7,22,22,38,38,38,46,53],"current_hp_per_floor":[63,63,49,49,48,48,48,27,27,48,33,33,33,33,33,9,51,50,44,44,45,45,45,45,27,32,57,69,71,53,58,63,50,67,73,68,75,75,77,77,77,79,79,79,79,79,79,81,81,63,77,77,77,67,11],"gold":74,"neow_bonus":"THREE_ENEMY_KILL","is_daily":false,"chose_seed":false,"campfire_upgraded":7,"win_rate":0.0,"timestamp":1610137114,"path_taken":["M","M","?","M","M","R","$","E","T","R","E","M","?","?","R","BOSS","M","?","?","M","$","?","R","E","T","R","M","?","E","?","R","BOSS","M","?","M","$","?","E","R","M","T","?","R","$","?","M","R","BOSS","R","$","E","BOSS"],"items_purchased_type":["Card","Relic","Card","Card","Potion","Card","Relic","Card"],"build_version":"2020-12-18","purchased_purges":2,"victory":true,"max_hp_per_floor":[70,70,70,70,70,70,70,70,70,70,70,70,65,65,65,65,65,67,67,67,69,69,69,69,69,69,69,71,71,71,71,71,71,71,73,75,75,75,77,77,77,79,79,79,79,79,79,81,81,81,81,81,81,81,81],"relic_stats":{"Nunchaku":[14],"Singing Bowl":16,"counters":[26,136],"Bloody Idol":86,"MawBank":156,"obtain_stats":[{"TwistedFunnel":22,"NeowsBlessing":0,"Singing Bowl":11,"Golden Idol":13,"MawBank":25,"White Beast Statue":54,"ClockworkSouvenir":46,"Anchor":9,"Nunchaku":30,"CaptainsWheel":39,"Bloody Idol":20,"Bag of Marbles":8,"Coffee Dripper":34,"InkBottle":26,"Unceasing Top":40,"Ring of the Snake":0,"Runic Pyramid":17},{"TwistedFunnel":10,"NeowsBlessing":0,"Singing Bowl":6,"Golden Idol":7,"MawBank":11,"White Beast Statue":25,"ClockworkSouvenir":21,"Anchor":5,"Nunchaku":14,"CaptainsWheel":19,"Bloody Idol":9,"Bag of Marbles":5,"Coffee Dripper":15,"InkBottle":11,"Unceasing Top":20,"Ring of the Snake":0,"Runic Pyramid":8},{"TwistedFunnel":45,"NeowsBlessing":0,"Singing Bowl":21,"Golden Idol":23,"MawBank":52,"White Beast Statue":128,"ClockworkSouvenir":111,"Anchor":16,"Nunchaku":68,"CaptainsWheel":102,"Bloody Idol":40,"Bag of Marbles":16,"Coffee Dripper":84,"InkBottle":52,"Unceasing Top":107,"Ring of the Snake":0,"Runic Pyramid":35}],"InkBottle":[38],"Unceasing Top":[0],"Ring of the Snake":[52]},"card_choices":[{"not_picked":["Finisher","Dagger Spray"],"picked":"Predator","floor":1},{"not_picked":["Underhanded Strike","Catalyst"],"picked":"Sucker Punch","floor":2},{"not_picked":["Dodge and Roll","Prepared"],"picked":"Poisoned Stab","floor":4},{"not_picked":["Deflect","Backflip"],"picked":"Terror","floor":5},{"not_picked":["Underhanded Strike","Slice"],"picked":"Backstab","floor":8},{"not_picked":["Backflip","Quick Slash"],"picked":"Blade Dance","floor":11},{"not_picked":["Skewer","Finisher"],"picked":"Wraith Form v2","floor":12},{"not_picked":["Adrenaline","Malaise"],"picked":"After Image","floor":16},{"not_picked":["Slice","Flechettes","Distraction"],"picked":"Singing Bowl","floor":18},{"not_picked":["Flechettes+1","Outmaneuver","Acrobatics"],"picked":"Singing Bowl","floor":21},{"not_picked":["Infinite Blades","Outmaneuver"],"picked":"Escape Plan","floor":25},{"not_picked":["Backflip","Dagger Throw","Underhanded Strike"],"picked":"Singing Bowl","floor":28},{"not_picked":["Outmaneuver","Acrobatics"],"picked":"Prepared","floor":29},{"not_picked":["Caltrops","Distraction+1"],"picked":"Adrenaline","floor":30},{"not_picked":["Venomology","Doppelganger"],"picked":"Night Terror","floor":33},{"not_picked":["Prepared","Bane","Cloak And Dagger+1"],"picked":"Singing Bowl","floor":35},{"not_picked":["Backflip+1","Deadly Poison","Storm of Steel"],"picked":"Singing Bowl","floor":36},{"not_picked":["Flechettes","Deadly Poison+1"],"picked":"Crippling Poison","floor":37},{"not_picked":["Heel Hook+1","Prepared+1","Bane+1"],"picked":"Singing Bowl","floor":39},{"not_picked":["Flying Knee+1","Footwork+1"],"picked":"Catalyst+1","floor":40},{"not_picked":["Acrobatics+1","Slice","Dodge and Roll+1"],"picked":"Singing Bowl","floor":42},{"not_picked":["Flying Knee","Prepared"],"picked":"PiercingWail+1","floor":47},{"not_picked":["Poisoned Stab","Sucker Punch","Endless Agony"],"picked":"Singing Bowl","floor":48},{"not_picked":["Bane+1","All Out Attack+1"],"picked":"Tools of the Trade","floor":54}],"player_experience":2942075,"relics_obtained":[{"floor":8,"key":"Bag of Marbles"},{"floor":9,"key":"Anchor"},{"floor":11,"key":"Singing Bowl"},{"floor":25,"key":"MawBank"},{"floor":26,"key":"InkBottle"},{"floor":30,"key":"Nunchaku"},{"floor":39,"key":"CaptainsWheel"},{"floor":40,"key":"Unceasing Top"},{"floor":54,"key":"White Beast Statue"}],"event_choices":[{"damage_healed":0,"gold_gain":0,"player_choice":"Entered Light","damage_taken":14,"max_hp_gain":0,"max_hp_loss":0,"event_name":"Shining Light","floor":3,"gold_loss":0,"cards_upgraded":["Sucker Punch","Strike_G"]},{"damage_healed":0,"gold_gain":0,"player_choice":"Lose Max HP","damage_taken":0,"relics_obtained":["Golden Idol"],"max_hp_gain":0,"max_hp_loss":5,"event_name":"Golden Idol","floor":13,"gold_loss":0},{"damage_healed":0,"gold_gain":51,"player_choice":"Gained Gold","damage_taken":0,"max_hp_gain":0,"max_hp_loss":0,"event_name":"Golden Wing","floor":14,"gold_loss":0},{"damage_healed":0,"gold_gain":0,"player_choice":"Joined the Cult","damage_taken":6,"max_hp_gain":0,"max_hp_loss":0,"event_name":"Nest","floor":19,"gold_loss":0,"cards_obtained":["RitualDagger"]},{"damage_healed":0,"gold_gain":0,"player_choice":"Gave Idol","damage_taken":0,"relics_obtained":["Bloody Idol"],"max_hp_gain":0,"max_hp_loss":0,"event_name":"Forgotten Altar","floor":20,"relics_lost":["Golden Idol"],"gold_loss":0},{"damage_healed":0,"gold_gain":0,"cards_transformed":["Strike_G"],"player_choice":"Transformed","damage_taken":0,"max_hp_gain":0,"max_hp_loss":0,"event_name":"Transmorgrifier","floor":23,"gold_loss":0,"cards_obtained":["Blur"]},{"damage_healed":0,"gold_gain":0,"player_choice":"Upgraded Two","damage_taken":0,"max_hp_gain":0,"max_hp_loss":0,"event_name":"Designer","floor":31,"gold_loss":40,"cards_upgraded":["Catalyst","Blur"]},{"damage_healed":0,"gold_gain":0,"player_choice":"Fight","damage_taken":0,"max_hp_gain":0,"max_hp_loss":0,"event_name":"MindBloom","floor":39,"gold_loss":0},{"damage_healed":0,"gold_gain":0,"player_choice":"1 cards matched","damage_taken":0,"max_hp_gain":0,"max_hp_loss":0,"event_name":"Match and Keep!","floor":44,"gold_loss":0,"cards_obtained":["Die Die Die"]}],"is_beta":true,"boss_relics":[{"not_picked":["Ring of the Serpent","HoveringKite"],"picked":"Runic Pyramid"},{"not_picked":["Runic Dome","Empty Cage"],"picked":"Coffee Dripper"}],"items_purged_floors":[22,38],"is_endless":false,"potions_floor_spawned":[1,4,5,11,12,16,21,25,28,35,36,40],"ascension_level":10}}