{"host":"8by3m8mve9y2rhh4","time":1610064296,"event":{"mods":["BaseMod","Minty Spire (QoL Compilation)","Quick Restart"],"gold_per_floor":[115,115,115,130,55,83,83,102,102,132,143,178,197,214,214,316,316,300,45,60,72,72,84,96,96],"floor_reached":24,"playtime":788,"items_purged":["Strike_R"],"score":229,"play_id":"20b85193-1a54-4b08-afef-fa7e0fb874b5","local_time":"20210108000456","is_ascension_mode":true,"campfire_choices":[{"floor":7,"key":"REST"},{"floor":15,"key":"REST"},{"floor":23,"key":"REST"}],"circlet_count":0,"master_deck":["Strike_R","Strike_R","Strike_R","Defend_R","Defend_R","Defend_R","Defend_R","Bash","Immolate","Flame Barrier","Metallicize","Seeing Red","Uppercut","Fire Breathing","Metallicize","Berserk","Spot Weakness+1","Shrug It Off","Writhe"],"relics":["Burning Blood","Du-Vu Doll","Mango","Ice Cream","Tiny Chest","Black Star","Gremlin Horn","MawBank"],"acts_visited":["Exordium","TheCity"],"potions_floor_usage":[10,14,14,16,24,24],"damage_taken":[{"damage":0,"enemies":"Cultist","floor":1,"turns":3},{"damage":0,"enemies":"Small Slimes","floor":4,"turns":3},{"damage":31,"enemies":"Gremlin Nob","floor":6,"turns":6},{"damage":0,"enemies":"2 Louse","floor":8,"turns":1},{"damage":44,"enemies":"Lagavulin","floor":10,"turns":10},{"damage":1,"enemies":"Lots of Slimes","floor":11,"turns":2},{"damage":31,"enemies":"Gremlin Nob","floor":12,"turns":6},{"damage":0,"enemies":"2 Fungi Beasts","floor":13,"turns":3},{"damage":0,"enemies":"Exordium Thugs","floor":14,"turns":2},{"damage":26,"enemies":"The Guardian","floor":16,"turns":16},{"damage":24,"enemies":"2 Thieves","floor":18,"turns":4},{"damage":12,"enemies":"Shell Parasite","floor":20,"turns":9},{"damage":55,"enemies":"3 Cultists","floor":21,"turns":5},{"damage":49,"enemies":"Gremlin Leader","floor":24,"turns":4}],"seed_played":"-2527238908718014587","potions_obtained":[{"floor":4,"key":"Swift Potion"},{"floor":10,"key":"LiquidMemories"},{"floor":11,"key":"LiquidBronze"},{"floor":13,"key":"PowerPotion"},{"floor":20,"key":"CultistPotion"},{"floor":21,"key":"Block Potion"}],"is_trial":false,"path_per_floor":["M","?","?","M","$","E","R","M","T","E","M","E","M","M","R","B",null,"M","$","M","M","?","R","E"],"character_chosen":"IRONCLAD","items_purchased":["Gremlin Horn"],"campfire_rested":3,"item_purchase_floors":[19],"current_hp_per_floor":[62,44,44,50,50,25,49,55,69,31,36,11,17,23,51,31,94,76,76,70,21,21,49,0,0],"gold":96,"neow_bonus":"THREE_RARE_CARDS","is_daily":false,"chose_seed":false,"campfire_upgraded":0,"win_rate":0.0,"timestamp":1610064296,"path_taken":["M","?","?","M","$","E","R","?","T","E","M","E","M","M","R","BOSS","M","$","M","M","?","R","E"],"items_purchased_type":["Relic"],"build_version":"2020-12-22","purchased_purges":1,"victory":false,"max_hp_per_floor":[80,80,80,80,80,80,80,80,94,94,94,94,94,94,94,94,94,94,94,94,94,94,94,94,94],"card_choices":[{"not_picked":["Double Tap","Brutality"],"picked":"Immolate","floor":0},{"not_picked":["Warcry","Perfected Strike"],"picked":"Flame Barrier","floor":1},{"not_picked":["Cleave","Ghostly Armor"],"picked":"Metallicize","floor":4},{"not_picked":["Dropkick","Heavy Blade","Flex"],"picked":"SKIP","floor":6},{"not_picked":["Rupture","Sword Boomerang"],"picked":"Seeing Red","floor":8},{"not_picked":["Twin Strike","True Grit"],"picked":"Uppercut","floor":10},{"not_picked":["Dual Wield","Body Slam"],"picked":"Fire Breathing","floor":11},{"not_picked":["Battle Trance","Power Through"],"picked":"Metallicize","floor":12},{"not_picked":["Clothesline","Wild Strike","Havoc"],"picked":"SKIP","floor":13},{"not_picked":["Pommel Strike","True Grit","Combust"],"picked":"SKIP","floor":14},{"not_picked":["Limit Break","Exhume"],"picked":"Berserk","floor":16},{"not_picked":["Infernal Blade","Flex","Sever Soul"],"picked":"SKIP","floor":18},{"not_picked":["Heavy Blade","Ghostly Armor"],"picked":"Spot Weakness+1","floor":20},{"not_picked":["Evolve","Heavy Blade"],"picked":"Shrug It Off","floor":21}],"player_experience":668223,"relics_obtained":[{"floor":9,"key":"Mango"},{"floor":10,"key":"Ice Cream"},{"floor":12,"key":"Tiny Chest"}],"event_choices":[{"damage_healed":0,"gold_gain":0,"player_choice":"Success","damage_taken":18,"relics_obtained":["Du-Vu Doll"],"max_hp_gain":0,"max_hp_loss":0,"event_name":"Scrap Ooze","floor":2,"gold_loss":0},{"cards_removed":["Strike_R"],"damage_healed":0,"gold_gain":0,"player_choice":"Offered Basic","damage_taken":0,"max_hp_gain":0,"max_hp_loss":0,"event_name":"Bonfire Elementals","floor":3,"gold_loss":0},{"damage_healed":0,"gold_gain":0,"player_choice":"Opened","damage_taken":0,"relics_obtained":["MawBank"],"max_hp_gain":0,"max_hp_loss":0,"event_name":"The Mausoleum","floor":22,"gold_loss":0,"cards_obtained":["Writhe"]}],"is_beta":false,"boss_relics":[{"not_picked":["Runic Dome","SacredBark"],"picked":"Black Star"}],"items_purged_floors":[5],"is_endless":false,"potions_floor_spawned":[4,10,11,13,20,21],"killed_by":"Gremlin Leader","ascension_level":1}}