{"host":"oeotdbd679q6m6vu","time":1610130835,"event":{"mods":["Act Like it!","BaseMod","Colored Map","Friendly Minions","Gensokyo","GifTheSpireLib","Highlight Path","HololiveMod","Kiyohime£®«Âºß£©","Lobotomy","Marisa£®ÏF”Í°°ƒß¿Ì…≥£©","Minty Spire (QoL Compilation)","Prisma Mod","READ ME - Guardian Mod","Rare Cards Sparkle","Reimu£®≤©¿ˆ¡È√Œ£©","StSLib","The Animator","Youmu£®ªÍ∆«—˝√Œ£©"],"gold_per_floor":[116,116,131,0,16,43,43,43,66,66,99,99,45,125,125,125,125],"floor_reached":16,"playtime":688,"items_purged":[],"score":106,"play_id":"4ffe14b7-2fdc-4d69-bfa2-045dc588dd36","local_time":"20210108133355","is_ascension_mode":false,"campfire_choices":[{"floor":7,"key":"REST"},{"floor":15,"key":"REST"}],"circlet_count":0,"master_deck":["Strike_MRS","Strike_MRS","Strike_MRS","Strike_MRS","Defend_MRS","Defend_MRS","Defend_MRS","Defend_MRS","MasterSpark","UpSweep","PowerUp","Gensokyo:BlemishedSteel","ShootingEcho","StarBarrage","WitchLeyline","Gensokyo:CrescentMoonSlash","WitchLeyline"],"relics":["MiniHakkero","Unceasing Top","Gensokyo:CelestialsFlawlessClothing","Bag of Marbles","Vajra","Eternal Feather","Toy Ornithopter"],"acts_visited":["Exordium"],"potions_floor_usage":[6,16],"damage_taken":[{"damage":7,"enemies":"Gensokyo:Gryphon","floor":1,"turns":4},{"damage":0,"enemies":"Gensokyo:3_Fairies","floor":3,"turns":4},{"damage":6,"enemies":"Gensokyo:Python","floor":5,"turns":3},{"damage":32,"enemies":"Gensokyo:Cirno","floor":6,"turns":6},{"damage":13,"enemies":"Gensokyo:Mamizou","floor":11,"turns":8},{"damage":10,"enemies":"Gensokyo:Reimu","floor":16,"turns":4}],"seed_played":"-7363392860301006054","potions_obtained":[{"floor":1,"key":"ZuzhouPotion:ReiMu"},{"floor":3,"key":"Dexterity Potion"},{"floor":11,"key":"Ancient Potion"}],"is_trial":false,"path_per_floor":["M","?","M","COS","M","E","R","$","T","?","E","?","$","?","R","B"],"character_chosen":"MARISA","items_purchased":["WitchLeyline"],"campfire_rested":2,"item_purchase_floors":[13],"current_hp_per_floor":[61,44,44,44,38,6,26,26,26,26,13,3,3,3,32,27,27],"gold":125,"neow_bonus":"ONE_RARE_RELIC","is_daily":false,"chose_seed":false,"campfire_upgraded":0,"win_rate":0.0,"timestamp":1610130835,"path_taken":["M","?","?","COS","M","E","R","$","T","?","E","?","$","?","R","BOSS"],"items_purchased_type":["Card"],"build_version":"2020-12-22","purchased_purges":0,"victory":false,"max_hp_per_floor":[68,68,68,68,68,68,68,68,68,68,68,68,68,68,68,68,68],"card_choices":[{"not_picked":["OpenUniverse","MilkyWay","ShootTheMoon"],"picked":"SKIP","floor":1},{"not_picked":["LuminesStrike","NonDirectionalLaser"],"picked":"PowerUp","floor":3},{"not_picked":["WitchOfGreed","SporeBomb"],"picked":"ShootingEcho","floor":5},{"not_picked":["LuminesStrike","AlicesGift"],"picked":"StarBarrage","floor":6},{"not_picked":["Occultation","AbsoluteMagnitude"],"picked":"WitchLeyline","floor":11}],"player_experience":327351,"relics_obtained":[{"floor":6,"key":"Bag of Marbles"},{"floor":9,"key":"Vajra"},{"floor":11,"key":"Toy Ornithopter"}],"event_choices":[],"is_beta":false,"boss_relics":[],"items_purged_floors":[],"is_endless":false,"potions_floor_spawned":[1,3,11],"killed_by":"Gensokyo:Reimu","ascension_level":0}}