{"host":"tn4vcbjll0ykc2jj","time":1610100190,"event":{"mods":["ATMod(°¢èªMod)","Act Like it!","BaseMod","Colored Powertips","Gensokyo","Lobotomy","LobotomyExtend","Minty Spire (QoL Compilation)","MostiFishMod","Quick Restart","StSLib","TestMod","Yakumo Yukari mod","¡¾ÒÅÎï¿¨ÅÆ¡¿REMEMod"],"gold_per_floor":[13,13,13,13,27,27,61,61,111,42,42,42,442,461,461,561,586,712,712,712,879,964,964,1049,1049,1049,1074,1130,1322,1322,1438,1438,1639,1639,1799,1961,1961,1961,2205,2205,2205,2230,2281,2367,2367,2472,2586,2805,2805,2830],"floor_reached":51,"playtime":3041,"items_purged":[],"score":1282,"play_id":"013f6a93-b03d-4056-9e4c-67833a23e074","local_time":"20210108180310","is_ascension_mode":true,"campfire_choices":[],"circlet_count":0,"master_deck":["SpecialBullet","InformationCode","CentralCode","ExtractionCode","AT_FamilyPortrait","SpecialBullet","CherryBlossom","Pleasure","Penitence","Hypocrisy","BloodyDesire","SomewhereSpear","Twilight","Wingbeat","OSAHOGD","SolemnVow","OldLady","Hypocrisy","ParadiseLost","Gaze","BlackSwan","GoldRush+1","GoldRush+1","WristCuter+1","WristCuter+1","CherryBlossoms","Adoration+1","Penitence+1","MeatLantern","RapturousDream+1","BigBird","Hypocrisy+1","TodaysExpression+1","Pinks+1","DaCapo+1","Night Terror+1","WristCuter+1","Gaze+1","LifeForTheDareDevil+1","Wellcheers","ScreamingWedge+1","SomewhereSpear+1","PunishingBird","Twilight+1","FieryBird","RecordCode","Galaxy+1","DaCapo+1","ShyLook","Variant","Spore+1","DaCapo+1","Spore+1","Gaze+1","RedEyes+1","MHz","WelfareCode","SoundOfStar+1","Galaxy+1","ScreamingWedge+1","CUTE+1","SomewhereSpear+1","Gaze+1","SomewhereSpear+1","Diffraction+1","Regret_ego+1"],"relics":["CogitoBucket","AT_ATBox","testmod-TestBox","REME_ComplimentaryCards","Prayer Wheel","BionicSphere","testmod-SaigiyounoYou","SynthV:TestCard","LetterFromLob","testmod-Hope","Lantern","Happy Flower","MostiFishMod:Hod","RedMistMask","ChangeAnything","testmod-TurbochargingSystem","Gensokyo:MosesMiracle","Bottled Tornado","Letter Opener","AT_MibuBalloonWealth","TreeSap","testmod-NegativeEmotionEnhancer","Gensokyo:DualWield","BackwardClock","Dream Catcher","AT_GuinsooRageblade"],"acts_visited":["Gensokyo:Gensokyo","Gensokyo:Gensokyoer","Gensokyo:Gensokyoest"],"potions_floor_usage":[7,48,48,51,51,51],"damage_taken":[{"damage":0,"enemies":"Gensokyo:3_Fairies","floor":1,"turns":3},{"damage":0,"enemies":"Gensokyo:2_Kodama","floor":5,"turns":3},{"damage":13,"enemies":"Gensokyo:Aya","floor":7,"turns":7},{"damage":0,"enemies":"Gensokyo:Python","floor":14,"turns":3},{"damage":0,"enemies":"Gensokyo:Reimu","floor":16,"turns":6},{"damage":6,"enemies":"Gensokyo:2_Gloops","floor":18,"turns":4},{"damage":0,"enemies":"Gensokyo:CosmicMonolith","floor":21,"turns":2},{"damage":0,"enemies":"Gensokyo:Slime_Group","floor":22,"turns":2},{"damage":0,"enemies":"Gensokyo:Koishi","floor":24,"turns":3},{"damage":0,"enemies":"Gensokyo:Tenshi","floor":28,"turns":2},{"damage":0,"enemies":"Gensokyo:Chomper_and_Gloop","floor":29,"turns":4},{"damage":0,"enemies":"Gensokyo:Swordslinger","floor":31,"turns":1},{"damage":0,"enemies":"Gensokyo:Eiki","floor":33,"turns":1},{"damage":0,"enemies":"Gensokyo:3_Boulders","floor":35,"turns":1},{"damage":0,"enemies":"Gensokyo:3_Bats","floor":36,"turns":1},{"damage":0,"enemies":"Gensokyo:AtlasGolem","floor":39,"turns":2},{"damage":0,"enemies":"Gensokyo:Rafflesia","floor":44,"turns":2},{"damage":0,"enemies":"Gensokyo:Doremy","floor":46,"turns":1},{"damage":0,"enemies":"Gensokyo:SeedOfUnknown","floor":47,"turns":1},{"damage":0,"enemies":"Gensokyo:4_Bats","floor":48,"turns":1},{"damage":1,"enemies":"Gensokyo:Scarlet_Devils","floor":50,"turns":3},{"damage":2,"enemies":"Malkuth","floor":51,"turns":3},{"damage":0,"enemies":"Yesod","floor":51,"turns":5},{"damage":154,"enemies":"Chesed","floor":51,"turns":5},{"damage":0,"enemies":"Binah","floor":51,"turns":5},{"damage":35,"enemies":"Angela","floor":51,"turns":2}],"seed_played":"7983418940972555487","potions_obtained":[{"floor":5,"key":"testmod-SpacePotion"},{"floor":18,"key":"Regen Potion"},{"floor":22,"key":"DuplicationPotion"},{"floor":29,"key":"testmod-TestPotion"},{"floor":31,"key":"PowerPotion"},{"floor":44,"key":"REME_GoldPotion"},{"floor":47,"key":"testmod-SpacePotion"}],"is_trial":false,"path_per_floor":["M","?","?","T","M","R","E","R","T","$","?","R","?","M","R","B",null,"M","?","?","M","M","R","E","R","T","?","E","M","R","M","R","B",null,"M","M","?","?","M","R","?","R","T","M","R","E","M","M","R","B",null],"character_chosen":"Angela","items_purchased":["SolemnVow"],"campfire_rested":0,"item_purchase_floors":[10],"current_hp_per_floor":[70,70,70,70,70,70,61,61,61,61,61,61,61,67,67,70,70,66,65,65,65,65,65,65,65,65,59,65,65,65,69,69,73,73,78,83,83,83,88,88,75,75,75,89,89,90,91,92,92,92],"gold":3130,"neow_bonus":"ONE_RARE_RELIC","is_daily":false,"chose_seed":false,"campfire_upgraded":0,"win_rate":0.0,"timestamp":1610100190,"path_taken":["M","?","?","?","?","R","E","R","T","$","?","R","?","M","R","BOSS","M","?","?","M","M","R","E","R","T","?","E","M","R","?","R","BOSS","M","M","?","?","M","R","?","R","T","M","R","E","?","M","R","BOSS"],"items_purchased_type":["Card"],"build_version":"2020-12-22","purchased_purges":0,"victory":true,"max_hp_per_floor":[70,70,70,70,70,70,70,70,70,70,70,70,70,70,70,70,70,70,65,65,65,65,65,65,65,65,65,65,65,65,69,69,73,73,78,83,83,83,88,88,88,88,88,89,89,90,91,92,92,93],"card_choices":[{"not_picked":["Bloodbath","CrumblingArmor"],"picked":"OldLady","floor":1},{"not_picked":["WristCuter"],"picked":"CherryBlossom","floor":1},{"not_picked":["Harvest"],"picked":"Pleasure","floor":1},{"not_picked":["Beak"],"picked":"Penitence","floor":1},{"not_picked":["Beak","CUTE","Harmony"],"picked":"Hypocrisy","floor":5},{"not_picked":["BlueScar","Noise","Horn"],"picked":"BloodyDesire","floor":5},{"not_picked":["RapturousDream","Horn","Noise"],"picked":"SomewhereSpear","floor":5},{"not_picked":["Soda","Justitia","Tough"],"picked":"Twilight","floor":7},{"not_picked":["Lamp","ShedSkin","BearPaw"],"picked":"Wingbeat","floor":7},{"not_picked":["QueenOfHatred","Funeral"],"picked":"OSAHOGD","floor":7},{"not_picked":["Alriune","MeatLantern"],"picked":"OldLady","floor":14},{"not_picked":["FourthMatchFlame","CUTE","Penitence","Moonlight"],"picked":"Hypocrisy","floor":14},{"not_picked":["Penitence","Harmony","BloodyDesire","CherryBlossom"],"picked":"ParadiseLost","floor":14},{"not_picked":["Loneliness","CUTE","Horn","Pleasure"],"picked":"Gaze","floor":14},{"not_picked":["UniverseFragment","SpiderBud"],"picked":"BlackSwan","floor":16},{"not_picked":["CENSORED_ego+1","ParadiseLost+1","Pinks+1","Twilight+1"],"picked":"GoldRush+1","floor":16},{"not_picked":["Pinks+1","Adoration+1","Justitia+1","SoundOfStar+1"],"picked":"GoldRush+1","floor":16},{"not_picked":["Christmas+1","CUTE+1","Noise+1","Beak+1"],"picked":"WristCuter+1","floor":18},{"not_picked":["CrimsonScar+1","Soda+1","Beak+1","RedEyes+1"],"picked":"WristCuter+1","floor":18},{"not_picked":["Wellcheers","CrumblingArmor"],"picked":"CherryBlossoms","floor":18},{"not_picked":["Amita+1","CUTE+1","GreenStem+1","SwordSharpenedByTears+1"],"picked":"Adoration+1","floor":18},{"not_picked":["Harmony+1","CrimsonScar+1","Christmas+1","Horn+1"],"picked":"Penitence+1","floor":21},{"not_picked":["Freischutz","CENSORED"],"picked":"MeatLantern","floor":21},{"not_picked":["FourthMatchFlame+1","Penitence+1","Discord+1","Loneliness+1"],"picked":"RapturousDream+1","floor":21},{"not_picked":["CrumblingArmor","FairyFestival"],"picked":"BigBird","floor":22},{"not_picked":["CherryBlossom+1","WristCuter+1","Tough+1","RedEyes+1"],"picked":"Hypocrisy+1","floor":22},{"not_picked":["Horn+1","Discord+1","WristCuter+1","Loneliness+1"],"picked":"TodaysExpression+1","floor":22},{"not_picked":["Logging+1","CherryBlossom+1","FourthMatchFlame+1","CUTE+1"],"picked":"Pinks+1","floor":24},{"not_picked":["Diffraction+1","Hornet+1","Penitence+1","FeatherOfHonor+1"],"picked":"DaCapo+1","floor":24},{"not_picked":["Horn+1","Noise+1","Harmony+1","Reverberation+1"],"picked":"WristCuter+1","floor":28},{"not_picked":["Harmony+1","FrostShard+1","Moonlight+1","TodaysExpression+1"],"picked":"Gaze+1","floor":29},{"not_picked":["CherryBlossom+1","TheSmile+1","Tough+1","RapturousDream+1"],"picked":"LifeForTheDareDevil+1","floor":29},{"not_picked":["CrumblingArmor","SpiderBud"],"picked":"Wellcheers","floor":29},{"not_picked":["Horn+1","Noise+1","BearPaw+1","WristCuter+1"],"picked":"ScreamingWedge+1","floor":31},{"not_picked":["Lantern+1","Ecstasy+1","Amita+1","Wingbeat+1"],"picked":"SomewhereSpear+1","floor":31},{"not_picked":["BeautyBeast","WhitesApple"],"picked":"PunishingBird","floor":31},{"not_picked":["CENSORED_ego+1","ParadiseLost+1","Mimicry+1","TheSmile+1"],"picked":"Twilight+1","floor":33},{"not_picked":["LittleHelper","Bloodbath"],"picked":"FieryBird","floor":33},{"not_picked":["Pleasure+1","BlueScar+1","Harvest+1","Noise+1"],"picked":"Galaxy+1","floor":35},{"not_picked":["Tough+1","RapturousDream+1","CUTE+1","WristCuter+1"],"picked":"DaCapo+1","floor":35},{"not_picked":["WhitesApple","LittleHelper"],"picked":"ShyLook","floor":35},{"not_picked":["WallGazer","UniverseFragment"],"picked":"Variant","floor":36},{"not_picked":["Soda+1","LifeForTheDareDevil+1","Lamp+1","WristCuter+1"],"picked":"Spore+1","floor":36},{"not_picked":["Diffraction+1","Penitence+1","Christmas+1","Amita+1"],"picked":"DaCapo+1","floor":36},{"not_picked":["Horn+1","CUTE+1","Soda+1","Discord+1"],"picked":"Spore+1","floor":39},{"not_picked":["Lamp+1","Discord+1","Justitia+1","BlueScar+1"],"picked":"Gaze+1","floor":39},{"not_picked":["WristCuter+1","Lantern+1","Horn+1","Tough+1"],"picked":"RedEyes+1","floor":39},{"not_picked":["UniverseFragment","GalaxyChild"],"picked":"MHz","floor":39},{"not_picked":["Horn+1","FourthMatchFlame+1","Harvest+1","TodaysExpression+1"],"picked":"SoundOfStar+1","floor":44},{"not_picked":["BearPaw+1","Lantern+1","Wingbeat+1","SwordSharpenedByTears+1"],"picked":"Galaxy+1","floor":44},{"not_picked":["BloodyDesire+1","Lantern+1","Soda+1","Mimicry+1"],"picked":"ScreamingWedge+1","floor":46},{"not_picked":["FourthMatchFlame+1","CherryBlossom+1","TheSmile+1","GreenStem+1"],"picked":"CUTE+1","floor":47},{"not_picked":["LifeForTheDareDevil+1","FourthMatchFlame+1","Horn+1","Lantern+1"],"picked":"SomewhereSpear+1","floor":47},{"not_picked":["Penitence+1","TodaysExpression+1","FourthMatchFlame+1","Tough+1"],"picked":"Gaze+1","floor":47},{"not_picked":["Hornet+1","Tough+1","RapturousDream+1","Loneliness+1"],"picked":"SomewhereSpear+1","floor":48},{"not_picked":["InTheNameOfLoveAndHate+1","Penitence+1","Gaze+1","Horn+1"],"picked":"Diffraction+1","floor":48},{"not_picked":["Penitence+1","CherryBlossom+1","BlackSwan_ego+1","RedEyes+1"],"picked":"Regret_ego+1","floor":48}],"player_experience":116586,"relics_obtained":[{"floor":1,"key":"SynthV:TestCard"},{"floor":1,"key":"LetterFromLob"},{"floor":7,"key":"testmod-Hope"},{"floor":9,"key":"Lantern"},{"floor":18,"key":"RedMistMask"},{"floor":24,"key":"Gensokyo:MosesMiracle"},{"floor":24,"key":"Bottled Tornado"},{"floor":26,"key":"Letter Opener"},{"floor":28,"key":"AT_MibuBalloonWealth"},{"floor":43,"key":"Dream Catcher"},{"floor":46,"key":"AT_GuinsooRageblade"}],"event_choices":[{"damage_healed":0,"gold_gain":400,"player_choice":"Sell","damage_taken":0,"max_hp_gain":0,"max_hp_loss":0,"event_name":"¶÷ÂåË¹µÄÅÌ×Ó","floor":13,"relics_lost":["DaveBox"],"gold_loss":0}],"is_beta":false,"boss_relics":[{"not_picked":["RhineFirstAidKit","testmod-Recursion"],"picked":"MostiFishMod:Hod"},{"not_picked":["SacredBark","TakeMeEscape"],"picked":"testmod-NegativeEmotionEnhancer"}],"items_purged_floors":[],"is_endless":false,"potions_floor_spawned":[5,18,22,29,31,36,44,47],"ascension_level":1}}