{"host":"c6u7e77myxvw4d0m","time":1610132225,"event":{"mods":["AchievementEnabler","BaseMod","Bestiary","Colored Map","Colored Powertips","Minty Spire (QoL Compilation)","Rare Cards Sparkle","Relic Stats","everything is the same but u backflip on backflip"],"gold_per_floor":[118,133,308,319,333,333,368,368,447,447,462,240,275,275,275,370,370,389,389,389],"floor_reached":19,"playtime":8661,"items_purged":["Doubt"],"score":266,"play_id":"da768a8a-ada8-457d-b531-dcec0578a397","local_time":"20210108205705","is_ascension_mode":true,"campfire_choices":[{"data":"Predator","floor":6,"key":"SMITH"},{"data":"Neutralize","floor":8,"key":"SMITH"},{"floor":15,"key":"REST"}],"circlet_count":0,"master_deck":["AscendersBane","Strike_G","Strike_G","Defend_G","Defend_G","Defend_G","Defend_G","Defend_G","Survivor","Neutralize+1","Deadly Poison+1","Catalyst+1","Reflex+1","Well Laid Plans","PiercingWail","Predator+1","Backstab","Envenom","Noxious Fumes","Outmaneuver","PiercingWail","Corpse Explosion","Deadly Poison+1"],"relics":["Astrolabe","Peace Pipe","Snake Skull","Philosopher\u0027s Stone"],"acts_visited":["Exordium","TheCity"],"potions_floor_usage":[5,13,16,19],"damage_taken":[{"damage":3,"enemies":"Small Slimes","floor":1,"turns":4},{"damage":2,"enemies":"Jaw Worm","floor":2,"turns":3},{"damage":1,"enemies":"2 Louse","floor":4,"turns":4},{"damage":16,"enemies":"Exordium Thugs","floor":5,"turns":5},{"damage":17,"enemies":"Lagavulin","floor":7,"turns":4},{"damage":5,"enemies":"Lots of Slimes","floor":11,"turns":5},{"damage":26,"enemies":"3 Sentries","floor":13,"turns":9},{"damage":10,"enemies":"The Guardian","floor":16,"turns":8},{"damage":54,"enemies":"3 Byrds","floor":18,"turns":3},{"damage":12,"enemies":"Shell Parasite","floor":19,"turns":2}],"seed_played":"-5202497621262924496","potions_obtained":[{"floor":4,"key":"Explosive Potion"},{"floor":5,"key":"Weak Potion"},{"floor":7,"key":"EssenceOfSteel"},{"floor":11,"key":"CultistPotion"},{"floor":18,"key":"Dexterity Potion"}],"is_trial":false,"path_per_floor":["M","M","?","M","M","R","E","R","T","?","M","$","E","?","R","B",null,"M","M"],"character_chosen":"THE_SILENT","items_purchased":["Noxious Fumes","Outmaneuver","PiercingWail"],"campfire_rested":1,"item_purchase_floors":[12,12,12],"current_hp_per_floor":[60,58,58,57,41,41,24,24,24,47,42,42,16,16,37,27,59,5,0,0],"gold":389,"neow_bonus":"BOSS_RELIC","is_daily":false,"chose_seed":false,"campfire_upgraded":2,"win_rate":0.0,"timestamp":1610132225,"path_taken":["M","M","?","M","M","R","E","R","T","?","M","$","E","?","R","BOSS","M","M"],"items_purchased_type":["Card","Card","Card"],"build_version":"2020-12-22","purchased_purges":1,"victory":false,"max_hp_per_floor":[70,70,70,70,70,70,70,70,70,70,70,70,70,70,70,70,70,70,70,70],"relic_stats":{"Peace Pipe":0,"counters":[10,47],"Astrolabe":["Deadly Poison","Catalyst","Reflex"],"Snake Skull":[12],"obtain_stats":[{"Peace Pipe":7,"Astrolabe":0,"Philosopher\u0027s Stone":17,"Snake Skull":13,"Ring of the Snake":0},{"Peace Pipe":5,"Astrolabe":0,"Philosopher\u0027s Stone":8,"Snake Skull":7,"Ring of the Snake":0},{"Peace Pipe":20,"Astrolabe":0,"Philosopher\u0027s Stone":42,"Snake Skull":34,"Ring of the Snake":0}]},"card_choices":[{"not_picked":["Blade Dance","Deflect"],"picked":"Well Laid Plans","floor":1},{"not_picked":["Blade Dance","Poisoned Stab","Cloak And Dagger"],"picked":"SKIP","floor":2},{"not_picked":["Masterful Stab","Dagger Spray"],"picked":"PiercingWail","floor":4},{"not_picked":["Dodge and Roll","Dagger Throw"],"picked":"Predator","floor":5},{"not_picked":["Dagger Throw","Blade Dance"],"picked":"Backstab","floor":7},{"not_picked":["Eviscerate","Infinite Blades"],"picked":"Envenom","floor":11},{"not_picked":["Dagger Throw","Distraction","Underhanded Strike"],"picked":"SKIP","floor":13},{"not_picked":["Die Die Die","Wraith Form v2"],"picked":"Corpse Explosion","floor":16},{"not_picked":["Predator","Choke+1"],"picked":"Deadly Poison+1","floor":18}],"player_experience":291684,"relics_obtained":[{"floor":7,"key":"Peace Pipe"},{"floor":13,"key":"Snake Skull"}],"event_choices":[{"damage_healed":0,"gold_gain":175,"player_choice":"AGREE","damage_taken":0,"max_hp_gain":0,"max_hp_loss":0,"event_name":"Liars Game","floor":3,"gold_loss":0,"cards_obtained":["Doubt"]},{"damage_healed":23,"gold_gain":0,"player_choice":"Banana","damage_taken":0,"max_hp_gain":0,"max_hp_loss":0,"event_name":"Big Fish","floor":10,"gold_loss":0},{"damage_healed":0,"gold_gain":0,"player_choice":"Ignored","damage_taken":0,"max_hp_gain":0,"max_hp_loss":0,"event_name":"Golden Idol","floor":14,"gold_loss":0}],"is_beta":false,"boss_relics":[{"not_picked":["Fusion Hammer","SacredBark"],"picked":"Philosopher\u0027s Stone"}],"items_purged_floors":[12],"is_endless":false,"potions_floor_spawned":[4,5,7,11,18],"killed_by":"Shell Parasite","ascension_level":10}}