{"host":"qhn6g0owdgjb77rz","time":1610107194,"event":{"mods":["BaseMod","BetterRewards","Colored Map","Minty Spire (QoL Compilation)","Relic Sorter","Replay The Spire","StSLib"],"gold_per_floor":[109,109,109,109,124,124,158,171,198,198,41,75,86,111,111,185,185,200,200,216,216,232,259,259,259,259,259,259,259,279,293,318,335,335,409,409,426,426,426],"floor_reached":40,"playtime":2638,"items_purged":[],"score":1567,"play_id":"fd3569d0-9902-4314-af96-b5abb9f7a41f","local_time":"20210108205954","is_ascension_mode":true,"campfire_choices":[{"data":"Dark Embrace","floor":6.0,"key":"SMITH"},{"data":"True Grit","floor":10.0,"key":"SMITH"},{"data":"Abandon","floor":15.0,"key":"SMITH"},{"data":"ReplayTheSpireMod:Strike From Hell","floor":24.0,"key":"SMITH"},{"data":"Pot Of Greed","floor":27.0,"key":"SMITH"},{"data":"Pot Of Greed","floor":29.0,"key":"SMITH"},{"data":"Seeing Red","floor":34.0,"key":"SMITH"}],"circlet_count":0,"master_deck":["AscendersBane","Strike_R+1","Strike_R+1","Strike_R+1","Strike_R+1","Strike_R+1","Defend_R+1","Defend_R+1","Defend_R+1","Defend_R+1","Bash","Intimidate","Pot Of Greed+1","Feel No Pain","True Grit+1","Sentinel","Dark Embrace+1","Feel No Pain","True Grit+1","Regret","Demon Form+1","Burning Pact","ReplayTheSpireMod:Strike From Hell+1","Abandon+1","Pot Of Greed+1","Seeing Red+1","Fiend Fire"],"relics":["Burning Blood","Grinning Jar","Chemical X","King of Hearts","FossilizedHelix","Whetstone","Thread and Needle","DollysMirror","Ancient Tea Set","Matryoshka","ReplayTheSpireMod:TigerMarble","Blood Vial","ClockworkSouvenir","HornCleat","Pen Nib","Black Star","StrikeDummy","ReplayTheSpireMod:Lightbulb","Replay:Multitool","Omamori","The Courier","Red Skull","Incense Burner","Busted Crown"],"acts_visited":["Exordium","TheCity","TheBeyond"],"potions_floor_usage":[39,39],"damage_taken":[{"damage":0.0,"enemies":"2 Louse","floor":1.0,"turns":3.0},{"damage":0.0,"enemies":"Jaw Worm","floor":5.0,"turns":5.0},{"damage":0.0,"enemies":"Gremlin Nob","floor":7.0,"turns":5.0},{"damage":10.0,"enemies":"Cultist","floor":8.0,"turns":6.0},{"damage":0.0,"enemies":"Lagavulin","floor":12.0,"turns":9.0},{"damage":1.0,"enemies":"Large Slime","floor":13.0,"turns":7.0},{"damage":17.0,"enemies":"Gremlin Nob","floor":14.0,"turns":6.0},{"damage":6.0,"enemies":"Hexaghost","floor":16.0,"turns":9.0},{"damage":0.0,"enemies":"Spheric Guardian","floor":18.0,"turns":5.0},{"damage":0.0,"enemies":"Chosen","floor":20.0,"turns":4.0},{"damage":6.0,"enemies":"3 Cultists","floor":22.0,"turns":7.0},{"damage":0.0,"enemies":"Replay:Snechameleon","floor":23.0,"turns":9.0},{"damage":0.0,"enemies":"Shelled Parasite and Fungi","floor":30.0,"turns":3.0},{"damage":0.0,"enemies":"Centurion and Healer","floor":31.0,"turns":5.0},{"damage":25.0,"enemies":"Gremlin Leader","floor":32.0,"turns":6.0},{"damage":0.0,"enemies":"Snecko","floor":33.0,"turns":4.0},{"damage":8.0,"enemies":"Automaton","floor":35.0,"turns":9.0},{"damage":0.0,"enemies":"3 Darklings","floor":37.0,"turns":6.0},{"damage":14,"enemies":"Donu and Deca","floor":39,"turns":5}],"seed_played":"9000687823087422048","potions_obtained":[{"floor":5.0,"key":"Elixir"},{"floor":8.0,"key":"BlessingOfTheForge"},{"floor":14.0,"key":"Death Potion"},{"floor":16.0,"key":"AttackPotion"},{"floor":18.0,"key":"Adrenaline Potion"},{"floor":30.0,"key":"Elixir"},{"floor":31.0,"key":"Venom Potion"},{"floor":35.0,"key":"Adrenaline Potion"}],"is_trial":false,"path_per_floor":["M","?","?","?","M","R","E","M","T","R","$","E","M","E","R","B",null,"M","?","M","?","M","E","R","PTL","PTL","R","T","R","M","M","E","M","R","B",null,"M","?","B",null],"character_chosen":"IRONCLAD","items_purchased":["Grinning Jar","Chemical X","Intimidate","True Grit","Feel No Pain","King of Hearts","True Grit","Sentinel","Dark Embrace","Whetstone","DollysMirror","GamblersBrew","ClockworkSouvenir"],"campfire_rested":0,"item_purchase_floors":[0,0,0,0,0,0,0,0,0,0,0,0,11],"current_hp_per_floor":[74,74,74,74,75,75,75,71,71,71,71,75,75,64,64,66,73,75,75,75,75,75,75,75,75,75,75,75,75,75,75,56,64,64,64,72,75,75,67],"gold":426,"neow_bonus":"","is_daily":false,"chose_seed":false,"campfire_upgraded":7,"win_rate":0.0,"timestamp":1610107194,"path_taken":["M","?","?","?","M","R","E","M","T","R","$","E","M","E","R","BOSS","M","?","?","?","M","E","R","PTL","PTL","R","T","R","M","M","E","M","R","BOSS","M","?","BOSS"],"items_purchased_type":["Relic","Relic","Card","Card","Card","Relic","Card","Card","Card","Relic","Relic","Potion","Relic"],"build_version":"2020-12-22","purchased_purges":0,"victory":true,"max_hp_per_floor":[75,75,75,75,75,75,75,75,75,75,75,75,75,75,75,75,75,75,75,75,75,75,75,75,75,75,75,75,75,75,75,75,75,75,75,75,75,75,75],"card_choices":[{"not_picked":["Thunderclap","Metallicize"],"picked":"True Grit","floor":1.0},{"not_picked":["Anger","Combust"],"picked":"Burning Pact","floor":5.0},{"not_picked":["Clash","Body Slam","ReplayTheSpireMod:Limb From Limb"],"picked":"SKIP","floor":7.0},{"not_picked":["Thunderclap","Wild Strike","Dropkick"],"picked":"SKIP","floor":8.0},{"not_picked":["Wild Strike","Headbutt"],"picked":"ReplayTheSpireMod:Strike From Hell","floor":12.0},{"not_picked":["Sword Boomerang","Cleave"],"picked":"Abandon","floor":13.0},{"not_picked":["Wild Strike","Hemogenesis","Sever Soul"],"picked":"SKIP","floor":14.0},{"not_picked":["Pommel Strike","Replay:Undeath\u0027s Touch","Headbutt"],"picked":"SKIP","floor":18.0},{"not_picked":["True Grit","Shrug It Off","Burning Pact"],"picked":"SKIP","floor":20.0},{"not_picked":["Sword Boomerang","Cleave","Life Link"],"picked":"SKIP","floor":22.0},{"not_picked":["Anger","Sever Soul"],"picked":"Seeing Red","floor":23.0},{"not_picked":["Iron Wave","Perfected Strike","Battle Trance"],"picked":"SKIP","floor":30.0},{"not_picked":["Battle Trance","Run Through","Replay:Undeath\u0027s Touch"],"picked":"SKIP","floor":31.0},{"not_picked":["Clash","Flex","Wild Strike"],"picked":"SKIP","floor":32.0},{"not_picked":["ReplayReversal","Thunderclap+1","Fire Breathing"],"picked":"SKIP","floor":33.0},{"not_picked":["Immolate","Hemogenesis"],"picked":"Fiend Fire","floor":35.0},{"not_picked":["Clash"],"picked":"SKIP","floor":37.0}],"player_experience":432956,"relics_obtained":[{"floor":7.0,"key":"Matryoshka"},{"floor":9.0,"key":"ReplayTheSpireMod:TigerMarble"},{"floor":9.0,"key":"Blood Vial"},{"floor":12.0,"key":"HornCleat"},{"floor":14.0,"key":"Pen Nib"},{"floor":23.0,"key":"ReplayTheSpireMod:Lightbulb"},{"floor":23.0,"key":"Replay:Multitool"},{"floor":28.0,"key":"Omamori"},{"floor":28.0,"key":"The Courier"},{"floor":32.0,"key":"Red Skull"},{"floor":32.0,"key":"Incense Burner"}],"event_choices":[{"damage_healed":0.0,"max_hp_gain":0.0,"max_hp_loss":0.0,"gold_gain":0.0,"event_name":"Big Fish","player_choice":"Box","floor":2.0,"gold_loss":0.0,"damage_taken":0.0,"relics_obtained":["Ancient Tea Set"],"cards_obtained":["Regret"]},{"damage_healed":0.0,"max_hp_gain":0.0,"max_hp_loss":0.0,"gold_gain":0.0,"event_name":"Living Wall","player_choice":"Grow","floor":4.0,"gold_loss":0.0,"damage_taken":0.0,"cards_upgraded":["True Grit"]},{"cards_removed":["Pot Of Greed"],"damage_healed":0.0,"max_hp_gain":0.0,"max_hp_loss":0.0,"gold_gain":0.0,"event_name":"WeMeetAgain","player_choice":"Gave Card","floor":19.0,"gold_loss":0.0,"damage_taken":0.0,"relics_obtained":["StrikeDummy"]},{"damage_healed":0.0,"max_hp_gain":0.0,"max_hp_loss":0.0,"gold_gain":0.0,"event_name":"Back to Basics","player_choice":"Simplicity","floor":21.0,"gold_loss":0.0,"damage_taken":0.0,"cards_upgraded":["Strike_R","Strike_R","Strike_R","Defend_R","Defend_R","Defend_R","Defend_R"]},{"damage_healed":0.0,"max_hp_gain":0.0,"max_hp_loss":0.0,"gold_gain":0.0,"event_name":"SecretPortal","player_choice":"Took Portal","floor":38.0,"gold_loss":0.0,"damage_taken":0.0}],"is_beta":false,"boss_relics":[{"not_picked":["Electric Blood","Replay:Grab Bag"],"picked":"Black Star"},{"not_picked":["Tiny House","Ooze Armor"],"picked":"Busted Crown"}],"items_purged_floors":[],"is_endless":false,"potions_floor_spawned":[5,8,14,16,18,30,31,35,37],"ascension_level":15}}