{"host":"51mqhfpmwwd4kxyt","time":1610129584,"event":{"mods":["BaseMod","Downfall","Googly Eyes","Highlight Path","Minty Spire (QoL Compilation)","READ ME - Guardian Mod","StSLib","The Cursed","The Servant 0.9.4"],"gold_per_floor":[99,99,99,99,99,99,147,175,205,217,247,269,281,308,331,447,459,471,507,536,548,584,615,673,685,708,742,754,766,778,810,841,964,976,988,1013,1025,1062,1096,1108,1146,920,940,386,386,444,444,472,486,486],"floor_reached":51,"playtime":3963,"items_purged":["hexamod:Defend+1","hexamod:Defend+1"],"score":695,"play_id":"eb7252c6-243a-4a4a-a280-4d4016cf2109","local_time":"20210108131304","is_ascension_mode":false,"campfire_choices":[{"data":"hexamod:Float","floor":1,"key":"SMITH"},{"data":"hexamod:WildfireWeapon","floor":18,"key":"SMITH"},{"floor":25,"key":"REST"},{"floor":29,"key":"REST"},{"data":"hexamod:HexaLevel","floor":35,"key":"SMITH"},{"floor":40,"key":"REST"},{"data":"hexamod:RecurringNightmare","floor":45,"key":"SMITH"}],"circlet_count":0,"master_deck":["hexamod:Strike+1","hexamod:Defend+1","hexamod:Sear+1","hexamod:Float+1","hexamod:InspiringFlames+1","hexamod:AdvancingGuard+1","hexamod:CatchUp+1","hexamod:EmpoweringStance+1","hexamod:FastForward+1","hexamod:FirstSeal","hexamod:SixthSeal","hexamod:WildfireWeapon+1","hexamod:TimeOfNeed+1","hexamod:SpectersWail+1","hexamod:SecondSeal","hexamod:Hexaguard+1","hexamod:TimeWarp+1","hexamod:ExtraCrispy+1","hexamod:GhostOfSpirePast+1","hexamod:NightmareGuise+1","hexamod:HexaLevel+1","hexamod:SpectersWail+1","hexamod:PhantomCloak+1","hexamod:SoulSteal+1","hexamod:Hexaguard+1","hexamod:ThirdSeal","hexamod:Rewind+1","hexamod:TimeOfNeed+1","hexamod:GhostOfSpirePast+1","hexamod:RecurringNightmare+1","hexamod:ThirdSeal","hexamod:SpectralAdrenaline+1","hexamod:FourthSeal","hexamod:SearingWound+1"],"relics":["hexamod:SpiritBrand","downfall:HeartsMalice","Bag of Preparation","MawBank","Astrolabe","downfall:RedIOU","hexamod:IceCube","Regal Pillow","Orrery","Anchor","Toolbox","Bird Faced Urn"],"acts_visited":["Exordium","TheCity","TheBeyond"],"potions_floor_usage":[15,16,16,23,27,32,33,33,48,49,49],"damage_taken":[{"damage":0,"enemies":"Small Slimes","floor":2,"turns":1},{"damage":0,"enemies":"Jaw Worm","floor":3,"turns":1},{"damage":0,"enemies":"Cultist","floor":4,"turns":1},{"damage":14,"enemies":"2 Fungi Beasts","floor":8,"turns":5},{"damage":9,"enemies":"Exordium Wildlife","floor":9,"turns":4},{"damage":1,"enemies":"Lots of Slimes","floor":11,"turns":5},{"damage":6,"enemies":"Blue Slaver","floor":12,"turns":3},{"damage":6,"enemies":"Large Slime","floor":14,"turns":7},{"damage":4,"enemies":"Exordium Thugs","floor":15,"turns":5},{"damage":26,"enemies":"downfall:Silent","floor":16,"turns":12},{"damage":23,"enemies":"Chosen","floor":19,"turns":11},{"damage":8,"enemies":"Shell Parasite","floor":20,"turns":7},{"damage":8,"enemies":"Snake Plant","floor":22,"turns":8},{"damage":31,"enemies":"Centurion and Healer","floor":23,"turns":14},{"damage":9,"enemies":"Snecko","floor":26,"turns":7},{"damage":0,"enemies":"Shelled Parasite and Fungi","floor":27,"turns":5},{"damage":8,"enemies":"Snake Plant","floor":31,"turns":5},{"damage":4,"enemies":"3 Cultists","floor":32,"turns":7},{"damage":40,"enemies":"downfall:Defect","floor":33,"turns":11},{"damage":23,"enemies":"3 Darklings","floor":36,"turns":5},{"damage":11,"enemies":"Orb Walker","floor":38,"turns":5},{"damage":0,"enemies":"Spire Growth","floor":39,"turns":6},{"damage":0,"enemies":"downfall:FleeingMerchant","floor":42,"turns":4},{"damage":11,"enemies":"Sphere and 2 Shapes","floor":43,"turns":6},{"damage":0,"enemies":"downfall:FleeingMerchant","floor":44,"turns":4},{"damage":12,"enemies":"Mind Bloom Boss Battle","floor":46,"turns":6},{"damage":0,"enemies":"Maw","floor":48,"turns":7},{"damage":77,"enemies":"Transient","floor":49,"turns":5},{"damage":0,"enemies":"downfall:Watcher","floor":50,"turns":6}],"seed_played":"2847938055295988534","potions_obtained":[{"floor":8,"key":"Weak Potion"},{"floor":9,"key":"Regen Potion"},{"floor":14,"key":"Fire Potion"},{"floor":15,"key":"SneckoOil"},{"floor":16,"key":"Weak Potion"},{"floor":20,"key":"SkillPotion"},{"floor":23,"key":"ColorlessPotion"},{"floor":31,"key":"Regen Potion"},{"floor":39,"key":"SkillPotion"},{"floor":43,"key":"AttackPotion"},{"floor":46,"key":"Weak Potion"},{"floor":48,"key":"AttackPotion"},{"floor":49,"key":"AttackPotion"},{"floor":49,"key":"champ:CounterPotion"}],"is_trial":false,"path_per_floor":["R","M","M","M","?","?","T","M","M","?","M","M","?","M","M","B",null,"R","M","M","?","M","M","T","R","M","M","?","R","?","M","M","B",null,"R","M","?","M","M","R","T","$","M","$","R","?","?","M","M","B",null],"character_chosen":"THE_SPIRIT","items_purchased":["Orrery","Anchor","Toolbox","hexamod:RecurringNightmare","hexamod:ThirdSeal"],"campfire_rested":3,"item_purchase_floors":[42,44,44,44,44],"current_hp_per_floor":[70,70,70,70,70,67,67,53,44,44,43,37,30,24,27,16,70,70,47,39,39,38,14,14,35,33,33,33,54,54,46,64,24,70,70,54,54,50,57,70,70,70,66,70,70,65,65,70,8,45],"gold":486,"neow_bonus":"THREE_ENEMY_KILL","is_daily":false,"chose_seed":false,"campfire_upgraded":4,"win_rate":0.0,"timestamp":1610129584,"path_taken":["R","M","M","M","?","?","T","M","?","?","?","M","?","M","M","BOSS","R","M","M","?","?","M","T","R","M","M","?","R","?","M","M","BOSS","R","M","?","M","M","R","T","?","M","$","R","?","?","M","M","BOSS"],"items_purchased_type":["Relic","Relic","Relic","Card","Card"],"build_version":"2020-12-22","purchased_purges":2,"victory":true,"max_hp_per_floor":[70,70,70,70,70,70,70,70,70,70,70,70,70,70,70,70,70,70,70,70,70,70,70,70,70,70,70,70,70,70,70,70,70,70,70,70,70,70,70,70,70,70,70,70,70,70,70,70,70,70],"card_choices":[{"not_picked":["hexamod:ShieldOfDarkness","hexamod:GhostShield"],"picked":"hexamod:InspiringFlames","floor":2},{"not_picked":["hexamod:HauntingEcho","hexamod:NightmareStrike","hexamod:Firestarter"],"picked":"SKIP","floor":3},{"not_picked":["hexamod:SwordOfDarkness","hexamod:PhantomFireball"],"picked":"hexamod:AdvancingGuard","floor":4},{"not_picked":["hexamod:RainOfEmbers","hexamod:ChargedBarrage"],"picked":"hexamod:CatchUp","floor":8},{"not_picked":["hexamod:NightmareGuise","hexamod:ChargedBarrage"],"picked":"hexamod:EmpoweringStance","floor":9},{"not_picked":["hexamod:ThermalTransfer","hexamod:ShieldOfDarkness"],"picked":"hexamod:FastForward","floor":11},{"not_picked":["hexamod:NightmareStrike","hexamod:InspiringFlames","hexamod:ThermalTransfer"],"picked":"SKIP","floor":12},{"not_picked":["hexamod:BacktrackSmack","hexamod:RainOfEmbers","hexamod:ShieldOfDarkness"],"picked":"SKIP","floor":14},{"not_picked":["hexamod:NecessarySacrifice","hexamod:EmpoweredFlame"],"picked":"hexamod:SixthSeal","floor":15},{"not_picked":["hexamod:SixthSeal","hexamod:EmpoweringStance"],"picked":"hexamod:WildfireWeapon","floor":16},{"not_picked":["hexamod:SwordOfDarkness+1","hexamod:InspiringFlames","hexamod:BurningTouch"],"picked":"SKIP","floor":19},{"not_picked":["hexamod:FastForward+1","hexamod:RainOfEmbers","hexamod:SwordOfDarkness"],"picked":"SKIP","floor":20},{"not_picked":["hexamod:PhantomFireball","hexamod:NightmareGuise"],"picked":"hexamod:Hexaguard","floor":22},{"not_picked":["hexamod:Hexaguard","hexamod:ShieldOfDarkness"],"picked":"hexamod:TimeWarp","floor":23},{"not_picked":["hexamod:InspiringFlames","hexamod:GhostShield+1"],"picked":"hexamod:ExtraCrispy","floor":26},{"not_picked":["hexamod:BacktrackSmack","hexamod:GhostShield+1"],"picked":"hexamod:GhostOfSpirePast+1","floor":27},{"not_picked":["hexamod:SwordOfDarkness","hexamod:RainOfEmbers"],"picked":"hexamod:NightmareGuise+1","floor":31},{"not_picked":["hexamod:AdvancingGuard","hexamod:NightmareStrike","hexamod:GhostShield"],"picked":"SKIP","floor":32},{"not_picked":["hexamod:TurnItUp","hexamod:WildfireWeapon"],"picked":"hexamod:HexaLevel","floor":33},{"not_picked":["hexamod:BurningTouch+1","hexamod:SwordOfDarkness"],"picked":"hexamod:SpectersWail+1","floor":36},{"not_picked":["hexamod:GhostShield","hexamod:NightmareStrike+1","hexamod:ShieldOfDarkness"],"picked":"SKIP","floor":38},{"not_picked":["hexamod:CatchUp","hexamod:GhostShield+1"],"picked":"hexamod:PhantomCloak","floor":39},{"not_picked":["hexamod:BacktrackSmack+1","hexamod:GhostShield+1","hexamod:Firestarter"],"picked":"SKIP","floor":42},{"not_picked":["hexamod:GhostOfSpireFuture","hexamod:TimeWarp"],"picked":"hexamod:SoulSteal+1","floor":42},{"not_picked":["hexamod:SpectersWail+1","hexamod:HauntingEcho+1"],"picked":"hexamod:Hexaguard+1","floor":42},{"not_picked":["hexamod:FastForward+1","hexamod:ThermalTransfer+1"],"picked":"hexamod:ThirdSeal","floor":42},{"not_picked":["hexamod:RainOfEmbers","hexamod:BurningTouch"],"picked":"hexamod:Rewind","floor":42},{"not_picked":["hexamod:Hexaguard+1","hexamod:BurningTouch+1"],"picked":"hexamod:TimeOfNeed","floor":43},{"not_picked":["hexamod:RainOfEmbers","hexamod:ExtraCrispy+1"],"picked":"hexamod:GhostOfSpirePast","floor":43},{"not_picked":["hexamod:ThermalTransfer+1","hexamod:AdvancingGuard+1","hexamod:GhostShield+1"],"picked":"SKIP","floor":44},{"not_picked":["hexamod:GhostflameBarrier+1","hexamod:ThermalTransfer","hexamod:BurningTouch"],"picked":"SKIP","floor":44},{"not_picked":["hexamod:RainOfEmbers+1","hexamod:NightmareGuise+1"],"picked":"hexamod:SpectralAdrenaline+1","floor":46},{"not_picked":["hexamod:NightmareStrike+1","hexamod:ShieldOfDarkness+1"],"picked":"hexamod:FourthSeal","floor":46},{"not_picked":["hexamod:ThermalTransfer+1","hexamod:BacktrackSmack"],"picked":"hexamod:SearingWound","floor":48},{"not_picked":["hexamod:HauntingEcho+1","hexamod:GhostShield","hexamod:AdvancingGuard+1"],"picked":"SKIP","floor":48},{"not_picked":["hexamod:GhostLash","hexamod:InspiringFlames+1","hexamod:Incineration+1"],"picked":"SKIP","floor":48},{"not_picked":["hexamod:InspiringFlames","hexamod:ShieldOfDarkness+1","hexamod:GhostLash+1"],"picked":"SKIP","floor":49},{"not_picked":["hexamod:FastForward+1","hexamod:BurningTouch","hexamod:NightmareStrike"],"picked":"SKIP","floor":49},{"not_picked":["hexamod:BurningTouch","hexamod:NightmareStrike","hexamod:NightmareGuise"],"picked":"SKIP","floor":49}],"player_experience":352148,"relics_obtained":[{"floor":7,"key":"MawBank"},{"floor":24,"key":"Boot"},{"floor":41,"key":"Regal Pillow"},{"floor":46,"key":"Bird Faced Urn"}],"event_choices":[{"damage_healed":0,"gold_gain":0,"player_choice":"Success","damage_taken":3,"relics_obtained":["Bag of Preparation"],"max_hp_gain":0,"max_hp_loss":0,"event_name":"Scrap Ooze","floor":6,"gold_loss":0},{"cards_removed":["Regret"],"damage_healed":0,"gold_gain":0,"player_choice":"Purged","damage_taken":0,"max_hp_gain":0,"max_hp_loss":0,"event_name":"Purifier","floor":10,"gold_loss":0},{"cards_removed":["hexamod:Defend"],"damage_healed":0,"gold_gain":0,"player_choice":"Card Removal","damage_taken":0,"max_hp_gain":0,"max_hp_loss":0,"event_name":"Wheel of Change","floor":21,"gold_loss":0},{"damage_healed":0,"gold_gain":0,"player_choice":"Ignored","damage_taken":0,"max_hp_gain":0,"max_hp_loss":0,"event_name":"Vampires","floor":30,"gold_loss":0},{"damage_healed":0,"gold_gain":0,"player_choice":"Ignored","damage_taken":0,"max_hp_gain":0,"max_hp_loss":0,"event_name":"NoteForYourself","floor":37,"gold_loss":0},{"damage_healed":0,"gold_gain":0,"player_choice":"Upgraded","damage_taken":0,"max_hp_gain":0,"max_hp_loss":0,"event_name":"Upgrade Shrine","floor":47,"gold_loss":0,"cards_upgraded":["hexamod:Rewind"]}],"is_beta":false,"boss_relics":[{"not_picked":["Fusion Hammer","SacredBark"],"picked":"Astrolabe"},{"not_picked":["Tiny House","Sozu"],"picked":"hexamod:IceCube"}],"items_purged_floors":[42,44],"is_endless":false,"potions_floor_spawned":[8,9,14,15,16,20,23,31,39,43,46,49],"ascension_level":0}}