{"host":"2lwi2ixq0ydygjd0","time":1610065677,"event":{"mods":["BaseMod","Colored Powertips","Downfall","Friendly Minions","Minty Spire (QoL Compilation)","StSLib"],"gold_per_floor":[99,99,113,288,302,318,343,363,379,379,379,379],"floor_reached":10,"playtime":748,"items_purged":[],"score":60,"play_id":"66c64507-262a-4a7b-bddb-e566454af3e4","local_time":"20210107192757","is_ascension_mode":false,"campfire_choices":[{"floor":1,"key":"RECALL"}],"circlet_count":0,"master_deck":["Slimebound:Strike_Slimebound","Slimebound:Strike_Slimebound","Slimebound:Strike_Slimebound","Slimebound:Tackle","Slimebound:Defend_Slimebound","Slimebound:Defend_Slimebound","Slimebound:Defend_Slimebound","Slimebound:Defend_Slimebound","Slimebound:Split","Slimebound:CorrosiveSpit","Slimebound:MassFeed","Slimebound:FirmFortitude","Doubt","Slimebound:SpikyOuterGoop","Slimebound:ForwardTackle","Slimebound:SplitMire","Slimebound:ComboTackle"],"relics":["Slimebound:AbsorbEndCombat","downfall:BrokenWingStatue"],"acts_visited":["Exordium"],"potions_floor_usage":[10,10,10],"damage_taken":[{"damage":21,"enemies":"Small Slimes","floor":3,"turns":3},{"damage":16,"enemies":"Jaw Worm","floor":5,"turns":4},{"damage":9,"enemies":"2 Louse","floor":6,"turns":3},{"damage":25,"enemies":"Exordium Thugs","floor":8,"turns":5},{"damage":10,"enemies":"Red Slaver","floor":9,"turns":3},{"damage":2,"enemies":"3 Sentries","floor":10,"turns":3}],"seed_played":"-2804612857492578389","potions_obtained":[{"floor":3,"key":"Guardian:BlockOnCardUsePotion"},{"floor":5,"key":"PowerPotion"},{"floor":8,"key":"BlessingOfTheForge"}],"is_trial":false,"path_per_floor":["R","?","M","?","M","M","T","M","M","E"],"character_chosen":"SLIMEBOUND","items_purchased":[],"campfire_rested":0,"item_purchase_floors":[],"current_hp_per_floor":[60,60,48,48,42,42,42,26,22,20,null,20],"gold":379,"neow_bonus":"ONE_RANDOM_RARE_CARD","is_daily":false,"chose_seed":false,"campfire_upgraded":0,"win_rate":0.0,"timestamp":1610065677,"path_taken":["R","?","M","?","M","M","T","M","M","E"],"items_purchased_type":[],"build_version":"2020-12-22","purchased_purges":0,"victory":false,"max_hp_per_floor":[60,60,63,63,63,66,66,69,69,69,69,69],"card_choices":[{"not_picked":["Slimebound:ComboTackle","Slimebound:SamplingLick"],"picked":"Slimebound:FirmFortitude","floor":3},{"not_picked":["Slimebound:SamplingLick","Slimebound:TongueLash"],"picked":"Slimebound:SpikyOuterGoop","floor":5},{"not_picked":["Slimebound:LeechingTouch","Slimebound:SlimeBrawl"],"picked":"Slimebound:ForwardTackle","floor":6},{"not_picked":["Slimebound:GoopSpray","Slimebound:LeechEnergy"],"picked":"Slimebound:SplitMire","floor":8},{"not_picked":["Slimebound:SplitBruiser","Slimebound:SlimeSpikes"],"picked":"Slimebound:ComboTackle","floor":9}],"player_experience":14298,"relics_obtained":[],"event_choices":[],"is_beta":false,"boss_relics":[],"items_purged_floors":[],"is_endless":false,"potions_floor_spawned":[3,5,8,9],"killed_by":"3 Sentries","ascension_level":0}}