{"host":"by3dnjj711vo194a","time":1610090581,"event":{"mods":["2.2 Compatiblity","AchievementEnabler","BaseMod","Colored Map","DeckTracker","KOR Keyword Fix","Keyboard Shortcuts","Minty Spire (QoL Compilation)","Permanent Neow","Quick Restart","StSLib","SuperFastMode","everything is the same but u backflip on backflip"],"gold_per_floor":[117,129,79,79,95,122,122,102,102,102,121,53,53,63,63,159,159,179,129,54,65,79,112,112,131,131,150,50,75,86,111,111,216,216,227,102,116,116,135,135,165,165,213,63,87,105,121,149,149,149],"floor_reached":51,"playtime":2041,"items_purged":["Defend_G","Strike_G","Defend_G","Strike_G"],"score":1162,"play_id":"8274a4ed-162b-4886-8f25-361750306911","local_time":"20210108162301","is_ascension_mode":true,"campfire_choices":[{"data":"Neutralize","floor":7.0,"key":"SMITH"},{"floor":10.0,"key":"REST"},{"data":"Acrobatics","floor":13.0,"key":"SMITH"},{"data":"Tactician","floor":15.0,"key":"SMITH"},{"floor":24.0,"key":"REST"},{"data":"Prepared","floor":32,"key":"SMITH"},{"data":"Adrenaline","floor":40,"key":"SMITH"},{"data":"Concentrate","floor":42,"key":"SMITH"},{"data":"Calculated Gamble","floor":49,"key":"SMITH"}],"circlet_count":0,"master_deck":["Strike_G","Defend_G+1","Survivor","Neutralize+1","Acrobatics+1","Poisoned Stab","Dagger Throw","Tactician+1","Grand Finale","Quick Slash","Backflip","Concentrate+1","Calculated Gamble+1","Prepared+1","Adrenaline+1","After Image","Backflip+1","Acrobatics+1"],"relics":["Ring of the Snake","Sundial","War Paint","Empty Cage","Bronze Scales","HornCleat","Matryoshka","Shuriken","Runic Pyramid","Blue Candle","Anchor","Boot","Meat on the Bone","MealTicket","Bag of Preparation"],"acts_visited":["Exordium","TheCity","TheBeyond"],"potions_floor_usage":[33,50,50,50,50,50,50],"damage_taken":[{"damage":1.0,"enemies":"Cultist","floor":1.0,"turns":3.0},{"damage":2.0,"enemies":"Jaw Worm","floor":2.0,"turns":4.0},{"damage":2.0,"enemies":"Small Slimes","floor":5.0,"turns":4.0},{"damage":53.0,"enemies":"Gremlin Nob","floor":6.0,"turns":5.0},{"damage":3.0,"enemies":"Looter","floor":11.0,"turns":4.0},{"damage":0.0,"enemies":"Red Slaver","floor":14.0,"turns":4.0},{"damage":4.0,"enemies":"Hexaghost","floor":16.0,"turns":10.0},{"damage":0.0,"enemies":"Chosen","floor":18.0,"turns":3.0},{"damage":9.0,"enemies":"3 Byrds","floor":21.0,"turns":7.0},{"damage":49.0,"enemies":"Shelled Parasite and Fungi","floor":22.0,"turns":5.0},{"damage":20.0,"enemies":"Book of Stabbing","floor":23.0,"turns":6.0},{"damage":0.0,"enemies":"3 Cultists","floor":25.0,"turns":3.0},{"damage":18.0,"enemies":"Centurion and Healer","floor":27.0,"turns":5.0},{"damage":0.0,"enemies":"Gremlin Leader","floor":29.0,"turns":7.0},{"damage":0.0,"enemies":"Sentry and Sphere","floor":30.0,"turns":3.0},{"damage":0,"enemies":"Slavers","floor":31,"turns":1},{"damage":0,"enemies":"Collector","floor":33,"turns":5},{"damage":0,"enemies":"3 Darklings","floor":35,"turns":1},{"damage":0,"enemies":"Orb Walker","floor":37,"turns":1},{"damage":6,"enemies":"Spire Growth","floor":39,"turns":3},{"damage":0,"enemies":"Giant Head","floor":41,"turns":1},{"damage":0,"enemies":"3 Darklings","floor":46,"turns":1},{"damage":0,"enemies":"Sphere and 2 Shapes","floor":47,"turns":1},{"damage":0,"enemies":"Nemesis","floor":48,"turns":1},{"damage":0,"enemies":"Time Eater","floor":50,"turns":5}],"seed_played":"-3005342895809790896","potions_obtained":[{"floor":1.0,"key":"Explosive Potion"},{"floor":2.0,"key":"Swift Potion"},{"floor":8.0,"key":"EssenceOfSteel"},{"floor":14.0,"key":"LiquidMemories"},{"floor":21.0,"key":"Regen Potion"},{"floor":25.0,"key":"Block Potion"},{"floor":29.0,"key":"Fruit Juice"},{"floor":33,"key":"AttackPotion"},{"floor":37,"key":"SteroidPotion"},{"floor":41,"key":"EntropicBrew"}],"is_trial":false,"path_per_floor":["M","M","?","?","M","E","R","?","T","R","M","$","R","M","R","B",null,"M","?","$","M","M","E","R","M","T","M","$","E","M","E","R","B",null,"M","$","M","?","M","R","E","R","T","$","T","M","M","E","R","B",null],"character_chosen":"THE_SILENT","items_purchased":["Grand Finale"],"campfire_rested":2,"item_purchase_floors":[12],"current_hp_per_floor":[69,67,67,67,65,12,12,12,12,33,30,30,30,30,30,26,70,70,70,70,61,12,7,28,28,28,10,10,10,10,10,10,15,75,75,75,75,75,69,69,69,69,69,69,69,69,69,69,69,69],"gold":149,"neow_bonus":"ONE_RANDOM_RARE_CARD","is_daily":false,"chose_seed":false,"campfire_upgraded":7,"win_rate":0.0,"timestamp":1610090581,"path_taken":["M","?","?","?","M","E","R","?","T","R","?","$","R","M","R","BOSS","M","?","$","M","M","E","R","M","T","M","$","E","?","E","R","BOSS","M","$","?","?","M","R","E","R","T","$","?","M","?","E","R","BOSS"],"items_purchased_type":["Card"],"build_version":"2020-12-22","purchased_purges":4,"victory":true,"max_hp_per_floor":[70,70,70,70,70,70,70,70,70,70,70,70,70,70,70,70,70,70,70,70,70,70,70,70,70,70,70,70,70,70,70,70,75,75,75,75,75,75,75,75,75,75,75,75,75,75,75,75,75,75],"card_choices":[{"not_picked":["Escape Plan","Reflex"],"picked":"Acrobatics","floor":1.0},{"not_picked":["Dagger Throw","Endless Agony"],"picked":"Poisoned Stab","floor":2.0},{"not_picked":["Acrobatics","Deflect","Slice"],"picked":"SKIP","floor":5.0},{"not_picked":["Infinite Blades","Bullet Time"],"picked":"Dagger Throw","floor":6.0},{"not_picked":["Riddle With Holes","Blade Dance"],"picked":"Tactician","floor":11.0},{"not_picked":["Poisoned Stab","Blade Dance"],"picked":"Quick Slash","floor":14.0},{"not_picked":["Flying Knee+1","Poisoned Stab"],"picked":"Backflip","floor":18.0},{"not_picked":["Dagger Spray","Deadly Poison"],"picked":"Concentrate","floor":21.0},{"not_picked":["Flying Knee","Dodge and Roll","All Out Attack"],"picked":"SKIP","floor":22.0},{"not_picked":["Noxious Fumes+1","Setup","Masterful Stab+1"],"picked":"SKIP","floor":23.0},{"not_picked":["Tactician","Outmaneuver","Choke"],"picked":"SKIP","floor":25.0},{"not_picked":["Bane+1","Masterful Stab"],"picked":"Calculated Gamble","floor":27.0},{"not_picked":["Deadly Poison","Acrobatics"],"picked":"Prepared","floor":29.0},{"not_picked":["Glass Knife","Blade Dance+1","Deflect"],"picked":"SKIP","floor":30.0},{"not_picked":["Deflect","Caltrops"],"picked":"Adrenaline","floor":31},{"not_picked":["Unload","Tools of the Trade"],"picked":"After Image","floor":33},{"not_picked":["Masterful Stab","Deflect","Noxious Fumes"],"picked":"SKIP","floor":35},{"not_picked":["Eviscerate","Deflect"],"picked":"Backflip+1","floor":37},{"not_picked":["Sucker Punch","Deflect"],"picked":"Acrobatics+1","floor":39},{"not_picked":["Outmaneuver","Poisoned Stab+1","Finisher+1"],"picked":"SKIP","floor":41},{"not_picked":["PiercingWail","Poisoned Stab","Sucker Punch+1"],"picked":"SKIP","floor":46},{"not_picked":["Deadly Poison","Poisoned Stab","All Out Attack"],"picked":"SKIP","floor":47},{"not_picked":["Bullet Time","Dash+1","PiercingWail+1"],"picked":"SKIP","floor":48}],"player_experience":149504,"relics_obtained":[{"floor":6.0,"key":"Sundial"},{"floor":9.0,"key":"War Paint"},{"floor":23.0,"key":"Bronze Scales"},{"floor":26.0,"key":"HornCleat"},{"floor":29.0,"key":"Matryoshka"},{"floor":31,"key":"Shuriken"},{"floor":41,"key":"Blue Candle"},{"floor":43,"key":"Anchor"},{"floor":43,"key":"Boot"},{"floor":45,"key":"Meat on the Bone"},{"floor":45,"key":"MealTicket"},{"floor":48,"key":"Bag of Preparation"}],"event_choices":[{"cards_removed":["Strike_G"],"damage_healed":0.0,"max_hp_gain":0.0,"max_hp_loss":0.0,"gold_gain":0.0,"event_name":"The Cleric","player_choice":"Card Removal","floor":3.0,"gold_loss":50.0,"damage_taken":0.0},{"cards_removed":["Defend_G"],"damage_healed":0.0,"max_hp_gain":0.0,"max_hp_loss":0.0,"gold_gain":0.0,"event_name":"Living Wall","player_choice":"Forget","floor":4.0,"gold_loss":0.0,"damage_taken":0.0},{"damage_healed":0.0,"max_hp_gain":0.0,"max_hp_loss":0.0,"gold_gain":0.0,"event_name":"The Woman in Blue","player_choice":"Bought 1 Potion","floor":8.0,"gold_loss":0.0,"damage_taken":0.0},{"damage_healed":0.0,"max_hp_gain":0.0,"max_hp_loss":0.0,"gold_gain":0.0,"event_name":"The Joust","player_choice":"Bet on Murderer","floor":19.0,"gold_loss":50.0,"damage_taken":0.0},{"cards_removed":["Defend_G"],"damage_healed":0,"gold_gain":0,"player_choice":"Purged","damage_taken":0,"max_hp_gain":0,"max_hp_loss":0,"event_name":"Purifier","floor":38,"gold_loss":0}],"is_beta":false,"boss_relics":[{"not_picked":["SacredBark","WristBlade"],"picked":"Empty Cage"},{"not_picked":["Tiny House","SlaversCollar"],"picked":"Runic Pyramid"}],"items_purged_floors":[20,28,36,44],"is_endless":false,"potions_floor_spawned":[1,2,14,21,25,29,33,37,41,46,48],"ascension_level":3}}