{"host":"w3x3n9s6mrz4xpf0","time":1610086462,"event":{"mods":["BaseMod","Minty Spire (QoL Compilation)","StSLib","SuperFastMode"],"gold_per_floor":[111,111,111,123,138,165,180,207,207,222,233,250,281,296,296,374,374,387,407,424,424,424,457,457,489,515,531,545,555,555,555,555,626,626,636,661,601,612,630,657,657,687,711,740,91,111,139,152,152,152,152,152,152,7,39,39],"floor_reached":57,"playtime":4361,"items_purged":["Defend_G","Regret","Dagger Throw+1"],"score":3530,"play_id":"689e1186-c50a-43fd-b24b-9d840f6bb01c","local_time":"20210108151422","is_ascension_mode":true,"campfire_choices":[{"data":"Adrenaline","floor":15.0,"key":"SMITH"},{"data":"A Thousand Cuts","floor":24.0,"key":"SMITH"},{"floor":32.0,"key":"REST"},{"floor":41.0,"key":"RECALL"},{"data":"1","floor":49,"key":"LIFT"},{"floor":53,"key":"REST"}],"circlet_count":0,"master_deck":["AscendersBane","Defend_G","Defend_G+1","Survivor","Neutralize","Apotheosis+1","Calculated Gamble+1","Adrenaline+1","Blade Dance","Acrobatics","A Thousand Cuts+1","Tactician","Backflip","Glass Knife","Night Terror+1","Concentrate+1","Prepared","Expertise","Dodge and Roll","Escape Plan+1","Venomology"],"relics":["Ring of the Snake","Oddly Smooth Stone","Ginger","TungstenRod","CaptainsWheel","Astrolabe","Dream Catcher","The Courier","War Paint","Cursed Key","Girya","Sundial","MealTicket","Incense Burner","Medical Kit","Paper Crane","Shuriken","Centennial Puzzle","Bottled Flame"],"acts_visited":["Exordium","TheCity","TheBeyond","TheEnding"],"potions_floor_usage":[46,47,48,50,50,51,55,55,56,56,56,56,56],"damage_taken":[{"damage":1.0,"enemies":"Small Slimes","floor":1.0,"turns":5.0},{"damage":1.0,"enemies":"Jaw Worm","floor":4.0,"turns":6.0},{"damage":0.0,"enemies":"Cultist","floor":5.0,"turns":3.0},{"damage":0.0,"enemies":"Lagavulin","floor":6.0,"turns":7.0},{"damage":3.0,"enemies":"2 Fungi Beasts","floor":7.0,"turns":4.0},{"damage":11.0,"enemies":"3 Sentries","floor":8.0,"turns":4.0},{"damage":0.0,"enemies":"Large Slime","floor":10.0,"turns":5.0},{"damage":0.0,"enemies":"Looter","floor":11.0,"turns":3.0},{"damage":0.0,"enemies":"3 Louse","floor":12.0,"turns":2.0},{"damage":0.0,"enemies":"Lagavulin","floor":13.0,"turns":5.0},{"damage":0.0,"enemies":"Blue Slaver","floor":14.0,"turns":3.0},{"damage":0.0,"enemies":"Slime Boss","floor":16.0,"turns":6.0},{"damage":1.0,"enemies":"2 Thieves","floor":18.0,"turns":3.0},{"damage":0.0,"enemies":"Spheric Guardian","floor":19.0,"turns":3.0},{"damage":0.0,"enemies":"Cultist and Chosen","floor":20.0,"turns":3.0},{"damage":0.0,"enemies":"Gremlin Leader","floor":23.0,"turns":6.0},{"damage":0.0,"enemies":"Book of Stabbing","floor":25.0,"turns":5.0},{"damage":0.0,"enemies":"Snake Plant","floor":27.0,"turns":3.0},{"damage":4.0,"enemies":"Shelled Parasite and Fungi","floor":28.0,"turns":5.0},{"damage":0.0,"enemies":"Chosen and Byrds","floor":29.0,"turns":4.0},{"damage":0.0,"enemies":"Sentry and Sphere","floor":30.0,"turns":2.0},{"damage":1.0,"enemies":"Collector","floor":33.0,"turns":4.0},{"damage":0.0,"enemies":"3 Darklings","floor":35.0,"turns":2.0},{"damage":0.0,"enemies":"Mind Bloom Boss Battle","floor":36.0,"turns":4.0},{"damage":0.0,"enemies":"3 Shapes","floor":38.0,"turns":2.0},{"damage":0.0,"enemies":"Spire Growth","floor":39.0,"turns":1.0},{"damage":0.0,"enemies":"Giant Head","floor":40.0,"turns":2.0},{"damage":4.0,"enemies":"Nemesis","floor":42.0,"turns":5.0},{"damage":0.0,"enemies":"Reptomancer","floor":44.0,"turns":2.0},{"damage":0,"enemies":"Transient","floor":46,"turns":2},{"damage":0,"enemies":"Nemesis","floor":47,"turns":3},{"damage":0,"enemies":"Maw","floor":48,"turns":3},{"damage":19,"enemies":"Donu and Deca","floor":50,"turns":3},{"damage":20,"enemies":"Time Eater","floor":51,"turns":8},{"damage":0,"enemies":"Shield and Spear","floor":55,"turns":3},{"damage":0,"enemies":"The Heart","floor":56,"turns":7}],"seed_played":"8683498187768983213","potions_obtained":[{"floor":4.0,"key":"SteroidPotion"},{"floor":6.0,"key":"GamblersBrew"},{"floor":10.0,"key":"FearPotion"},{"floor":11.0,"key":"Dexterity Potion"},{"floor":16.0,"key":"SmokeBomb"},{"floor":38.0,"key":"Fire Potion"},{"floor":39.0,"key":"BlessingOfTheForge"},{"floor":40.0,"key":"ColorlessPotion"},{"floor":47,"key":"CunningPotion"},{"floor":55,"key":"SmokeBomb"}],"is_trial":false,"path_per_floor":["M","?","?","M","M","E","M","E","T","M","M","M","E","M","R","B",null,"M","M","M","?","?","E","R","E","T","M","M","M","M","?","R","B",null,"M","?","$","M","M","E","R","E","T","E","$","M","E","M","R","B","B",null,"R","$","E","B",null],"character_chosen":"THE_SILENT","items_purchased":["Medical Kit","Paper Crane","Shuriken","SkillPotion"],"campfire_rested":2,"item_purchase_floors":[45,45,45,54],"current_hp_per_floor":[43,43,43,42,42,42,39,28,28,28,28,28,28,28,28,28,57,56,56,56,56,56,56,56,56,56,56,52,52,52,52,66,65,66,66,66,66,66,66,66,66,62,62,62,66,66,66,66,66,47,27,56,66,66,66,66],"gold":39,"neow_bonus":"RANDOM_COLORLESS_2","is_daily":false,"chose_seed":false,"campfire_upgraded":2,"win_rate":0.0,"timestamp":1610086462,"path_taken":["M","?","?","M","M","E","M","E","T","M","M","M","E","M","R","BOSS","M","M","?","?","?","E","R","E","T","M","M","M","M","?","R","BOSS","M","?","$","M","M","E","R","E","T","E","$","M","E","M","R","BOSS","BOSS","R","$","E","BOSS"],"items_purchased_type":["Relic","Relic","Relic","Potion"],"build_version":"2020-12-22","purchased_purges":3,"victory":true,"max_hp_per_floor":[66,66,66,66,66,66,66,66,66,66,66,66,66,66,66,66,66,66,66,66,66,66,66,66,66,66,66,66,66,66,66,66,66,66,66,66,66,66,66,66,66,66,66,66,66,66,66,66,66,66,66,66,66,66,66,66],"card_choices":[{"not_picked":["Sadistic Nature","Thinking Ahead"],"picked":"Apotheosis","floor":0.0},{"not_picked":["Poisoned Stab","Outmaneuver"],"picked":"Calculated Gamble","floor":1.0},{"not_picked":["Sucker Punch","Quick Slash"],"picked":"Blade Dance","floor":4.0},{"not_picked":["Well Laid Plans","Dagger Spray"],"picked":"Acrobatics","floor":5.0},{"not_picked":["Riddle With Holes","Blade Dance"],"picked":"A Thousand Cuts","floor":6.0},{"not_picked":["Blade Dance","Outmaneuver","Slice"],"picked":"SKIP","floor":7.0},{"not_picked":["Distraction","Sucker Punch","Outmaneuver"],"picked":"SKIP","floor":8.0},{"not_picked":["Blade Dance","PiercingWail"],"picked":"Tactician","floor":10.0},{"not_picked":["Dash","Choke","Footwork"],"picked":"SKIP","floor":11.0},{"not_picked":["Poisoned Stab","Outmaneuver"],"picked":"Backflip","floor":12.0},{"not_picked":["Bullet Time","Terror","Bouncing Flask"],"picked":"SKIP","floor":13.0},{"not_picked":["Slice","Dodge and Roll","Endless Agony"],"picked":"SKIP","floor":14.0},{"not_picked":["Corpse Explosion","Tools of the Trade"],"picked":"Glass Knife","floor":16.0},{"not_picked":["Flechettes","Dagger Spray+1","Finisher+1"],"picked":"SKIP","floor":18.0},{"not_picked":["Dagger Throw","Tactician","Eviscerate"],"picked":"SKIP","floor":19.0},{"not_picked":["Bane","Backstab","Outmaneuver"],"picked":"SKIP","floor":20.0},{"not_picked":["Bane","Deflect","Dagger Spray+1"],"picked":"SKIP","floor":23.0},{"not_picked":["All Out Attack+1","Leg Sweep","Setup"],"picked":"SKIP","floor":25.0},{"not_picked":["Choke","Cloak And Dagger","All Out Attack"],"picked":"SKIP","floor":27.0},{"not_picked":["Dagger Spray","Backstab","Poisoned Stab"],"picked":"SKIP","floor":28.0},{"not_picked":["Prepared","Tools of the Trade","Poisoned Stab+1"],"picked":"SKIP","floor":29.0},{"not_picked":["Tools of the Trade","Poisoned Stab+1"],"picked":"Prepared","floor":29.0},{"not_picked":["Dagger Throw+1","Acrobatics","Bouncing Flask"],"picked":"SKIP","floor":35.0},{"not_picked":["Deflect","Acrobatics","Underhanded Strike+1"],"picked":"SKIP","floor":38.0},{"not_picked":["Expertise+1","Deadly Poison"],"picked":"Escape Plan+1","floor":39.0},{"not_picked":["PiercingWail","Catalyst","Envenom"],"picked":"SKIP","floor":40.0},{"not_picked":["Terror+1","Noxious Fumes","Tactician"],"picked":"SKIP","floor":42.0},{"not_picked":["Acrobatics+1","Distraction"],"picked":"Venomology","floor":44.0},{"not_picked":["Sucker Punch","Eviscerate","Escape Plan+1"],"picked":"SKIP","floor":46},{"not_picked":["Backflip+1","Slice","Night Terror"],"picked":"SKIP","floor":47},{"not_picked":["Cloak And Dagger+1","Setup","Slice"],"picked":"SKIP","floor":48},{"not_picked":["Accuracy","Riddle With Holes","Sucker Punch+1"],"picked":"SKIP","floor":55}],"player_experience":120450,"relics_obtained":[{"floor":6.0,"key":"Oddly Smooth Stone"},{"floor":8.0,"key":"Ginger"},{"floor":9.0,"key":"TungstenRod"},{"floor":13.0,"key":"CaptainsWheel"},{"floor":23.0,"key":"Dream Catcher"},{"floor":25.0,"key":"The Courier"},{"floor":26.0,"key":"War Paint"},{"floor":36.0,"key":"Girya"},{"floor":40.0,"key":"Sundial"},{"floor":42.0,"key":"MealTicket"},{"floor":44.0,"key":"Incense Burner"},{"floor":47,"key":"Centennial Puzzle"},{"floor":55,"key":"Bottled Flame"}],"event_choices":[{"damage_healed":0.0,"max_hp_gain":0.0,"max_hp_loss":0.0,"gold_gain":0.0,"event_name":"Living Wall","player_choice":"Grow","floor":2.0,"gold_loss":0.0,"damage_taken":0.0,"cards_upgraded":["Apotheosis"]},{"damage_healed":0.0,"max_hp_gain":0.0,"max_hp_loss":0.0,"gold_gain":0.0,"cards_transformed":["Strike_G"],"event_name":"Transmorgrifier","player_choice":"Transformed","floor":3.0,"gold_loss":0.0,"damage_taken":0.0,"cards_obtained":["Adrenaline"]},{"damage_healed":0.0,"max_hp_gain":0.0,"max_hp_loss":0.0,"gold_gain":0.0,"event_name":"Vampires","player_choice":"Ignored","floor":21.0,"gold_loss":0.0,"damage_taken":0.0},{"cards_removed":["Strike_G"],"damage_healed":0.0,"max_hp_gain":0.0,"max_hp_loss":0.0,"gold_gain":0.0,"event_name":"Back to Basics","player_choice":"Elegance","floor":22.0,"gold_loss":0.0,"damage_taken":0.0},{"damage_healed":0.0,"max_hp_gain":0.0,"max_hp_loss":0.0,"gold_gain":0.0,"cards_transformed":["Strike_G","Defend_G"],"event_name":"Drug Dealer","player_choice":"Became Test Subject","floor":31.0,"gold_loss":0.0,"damage_taken":0.0,"cards_obtained":["Expertise","Dodge and Roll"]},{"damage_healed":0.0,"max_hp_gain":0.0,"max_hp_loss":0.0,"gold_gain":0.0,"event_name":"MindBloom","player_choice":"Fight","floor":36.0,"gold_loss":0.0,"damage_taken":0.0}],"is_beta":false,"boss_relics":[{"not_picked":["Sozu","SacredBark"],"picked":"Astrolabe"},{"not_picked":["Pandora\u0027s Box","WristBlade"],"picked":"Cursed Key"}],"items_purged_floors":[37,45,54],"is_endless":false,"potions_floor_spawned":[4,5,6,10,11,16,18,19,28,29,30,38,39,40,44,47,48,55],"ascension_level":20}}