{"host":"zxkjcgzis4pm3za5","time":1610114246,"event":{"mods":["AchievementEnabler","BaseMod","Colored Map","Colored Powertips","Minty Spire (QoL Compilation)","Quick Restart","RNG Fix","Random Character Button","StSLib"],"gold_per_floor":[115,178,188,188,36,36,68,85,85,85,105,139,139,158,158,234,234,252,252,214,233,197,225,237,237,288,314,168,168,168],"floor_reached":29,"playtime":847,"items_purged":[],"score":488,"play_id":"5fd679ac-4bb5-49e4-aa7b-bf3ff9234b74","local_time":"20210108192726","is_ascension_mode":true,"campfire_choices":[{"data":"Fusion","floor":6.0,"key":"SMITH"},{"data":"Zap","floor":10.0,"key":"SMITH"},{"data":"Biased Cognition","floor":13.0,"key":"SMITH"},{"data":"Coolheaded","floor":15,"key":"SMITH"},{"floor":25,"key":"REST"}],"circlet_count":0,"master_deck":["AscendersBane","Strike_B","Strike_B","Strike_B","Strike_B","Defend_B","Defend_B","Defend_B","Defend_B","Zap+1","Dualcast+1","Sunder+1","Fusion+1","Glacier","Coolheaded+1","Biased Cognition+1","Compile Driver","Meteor Strike","Sweeping Beam+1","Undo","Leap","Melter","Biased Cognition+1"],"relics":["Cracked Core","NeowsBlessing","Runic Capacitor","Nunchaku","Singing Bowl","Anchor","Sozu","Toy Ornithopter","Happy Flower","Kunai","DollysMirror"],"acts_visited":["Exordium","TheCity"],"potions_floor_usage":[],"damage_taken":[{"damage":0.0,"enemies":"2 Louse","floor":1.0,"turns":1.0},{"damage":0.0,"enemies":"Small Slimes","floor":3.0,"turns":1.0},{"damage":0.0,"enemies":"Gremlin Nob","floor":7.0,"turns":1.0},{"damage":1.0,"enemies":"Cultist","floor":8.0,"turns":3.0},{"damage":18.0,"enemies":"Gremlin Gang","floor":11.0,"turns":4.0},{"damage":21.0,"enemies":"3 Sentries","floor":12.0,"turns":5.0},{"damage":0.0,"enemies":"Looter","floor":14.0,"turns":2.0},{"damage":3,"enemies":"Hexaghost","floor":16,"turns":9},{"damage":0,"enemies":"Chosen","floor":18,"turns":4},{"damage":5,"enemies":"Spheric Guardian","floor":21,"turns":3},{"damage":30,"enemies":"Book of Stabbing","floor":23,"turns":7},{"damage":2,"enemies":"Chosen and Byrds","floor":24,"turns":4},{"damage":50,"enemies":"Gremlin Leader","floor":27,"turns":7}],"seed_played":"-3536060956542832895","potions_obtained":[{"floor":8.0,"key":"Weak Potion"},{"floor":12.0,"key":"Ancient Potion"}],"is_trial":false,"path_per_floor":["M","?","M","?","$","R","E","M","T","R","M","E","R","M","R","B",null,"M","?","$","M","$","E","M","R","T","E","$","?"],"character_chosen":"DEFECT","items_purchased":["Runic Capacitor","Undo","Melter","DollysMirror"],"campfire_rested":1,"item_purchase_floors":[5,20,22,28],"current_hp_per_floor":[68,68,68,53,53,53,53,52,52,52,36,15,15,15,15,12,61,61,61,61,56,56,28,28,52,52,4,4,0,0],"gold":168,"neow_bonus":"THREE_ENEMY_KILL","is_daily":false,"chose_seed":false,"campfire_upgraded":4,"win_rate":0.0,"timestamp":1610114246,"path_taken":["M","?","M","?","$","R","E","M","T","R","M","E","R","M","R","BOSS","M","?","$","M","$","E","M","R","T","E","$","?"],"items_purchased_type":["Relic","Card","Card","Relic"],"build_version":"2020-12-22","purchased_purges":0,"victory":false,"max_hp_per_floor":[75,75,75,75,75,75,75,75,75,75,77,77,77,77,77,77,77,77,77,77,77,77,79,81,81,81,83,83,88,88],"card_choices":[{"not_picked":["Go for the Eyes","Coolheaded"],"picked":"Sunder","floor":1.0},{"not_picked":["Cold Snap","Gash"],"picked":"Fusion","floor":3.0},{"not_picked":["Sweeping Beam","Double Energy"],"picked":"Glacier","floor":7.0},{"not_picked":["Leap","Loop"],"picked":"Coolheaded","floor":8.0},{"not_picked":["Streamline","Double Energy","Steam"],"picked":"Singing Bowl","floor":11.0},{"not_picked":["Multi-Cast","Capacitor"],"picked":"Biased Cognition","floor":12.0},{"not_picked":["Double Energy","Streamline"],"picked":"Compile Driver","floor":14},{"not_picked":["Thunder Strike","Multi-Cast"],"picked":"Meteor Strike","floor":16},{"not_picked":["Go for the Eyes","Redo"],"picked":"Sweeping Beam+1","floor":18},{"not_picked":["Compile Driver","Turbo"],"picked":"Leap","floor":21},{"not_picked":["FTL","Multi-Cast","Stack"],"picked":"Singing Bowl","floor":23},{"not_picked":["Storm","Rip and Tear","Conserve Battery"],"picked":"Singing Bowl","floor":24},{"not_picked":["Barrage","Undo+1","Stack"],"picked":"Singing Bowl","floor":27}],"player_experience":194938,"relics_obtained":[{"floor":7.0,"key":"Nunchaku"},{"floor":9.0,"key":"Singing Bowl"},{"floor":12.0,"key":"Anchor"},{"floor":23,"key":"Toy Ornithopter"},{"floor":26,"key":"Happy Flower"},{"floor":27,"key":"Kunai"}],"event_choices":[{"damage_healed":0.0,"max_hp_gain":0.0,"max_hp_loss":0.0,"gold_gain":63.0,"event_name":"Golden Wing","player_choice":"Gained Gold","floor":2.0,"gold_loss":0.0,"damage_taken":0.0},{"damage_healed":0.0,"max_hp_gain":0.0,"max_hp_loss":0.0,"gold_gain":0.0,"event_name":"Shining Light","player_choice":"Entered Light","floor":4.0,"gold_loss":0.0,"damage_taken":15.0,"cards_upgraded":["Sunder","Dualcast"]},{"damage_healed":0,"gold_gain":0,"player_choice":"Ignored","damage_taken":0,"max_hp_gain":0,"max_hp_loss":0,"event_name":"N\u0027loth","floor":19,"gold_loss":0}],"is_beta":false,"boss_relics":[{"not_picked":["SacredBark","Inserter"],"picked":"Sozu"}],"items_purged_floors":[],"is_endless":false,"potions_floor_spawned":[8,12,14,21,24],"ascension_level":13}}