{"host":"amk01rs45492rldv","time":1610122211,"event":{"mods":["Act Like it!","Arknights The Spire","BaseMod","Gensokyo","GifTheSpireLib","KinomotoSakuraMod(ƒæ÷Æ±æ”£)","Marisa£®ÏF”Í°°ƒß¿Ì…≥£©","Minty Spire (QoL Compilation)","Quick Restart","Reimu£®≤©¿ˆ¡È√Œ£©","Remilia£®¿Ÿ√◊¿Ú—«£©","Replay The Spire","StSLib","The Administrix","The Servant 0.9.4","vexMod"],"gold_per_floor":[119,13,13,28,28,28,28,56,79,79,126,126,145,159,159,264,264,275,289,301,316,23,23,57,57,57,57,57,57,57,57,57,160,160,173,185,110,125,125,125,125,135,161,161,136,155,165,176,176,176],"floor_reached":51,"playtime":1830,"items_purged":["Lust_TH"],"score":765,"play_id":"904b7125-b921-42fc-96f5-8a5a91035bde","local_time":"20210109001011","is_ascension_mode":false,"campfire_choices":[{"data":"ats:Burning Ground","floor":6,"key":"SMITH"},{"floor":10,"key":"REST"},{"data":"ats:Emotion Absorption","floor":12,"key":"SMITH"},{"data":"ats:Ambush","floor":15,"key":"SMITH"},{"data":"ats:Dogmatic Field","floor":23,"key":"SMITH"},{"data":"Pot Of Greed","floor":25,"key":"SMITH"},{"data":"Pot Of Greed","floor":29,"key":"SMITH"},{"data":"Pot Of Greed","floor":32,"key":"SMITH"},{"data":"ats:Durian","floor":40,"key":"SMITH"},{"data":"ats:Disruption Kick","floor":44,"key":"SMITH"},{"floor":49,"key":"REST"}],"circlet_count":0,"master_deck":["ats:Strike C","ats:Strike G","ats:Strike S","ats:Strike V","ats:Armor Crushing Shot","ats:Defend+1","ats:Defend","ats:Defend","ats:Defend","ats:Emotion Absorption+1","ats:Nebulous Foxfire","ats:Flexible Camouflage","ats:Burning Ground+1","ats:Burning Ground+1","ats:Ignite","ats:Assault Order","ats:Ignite","ats:Apocalypse","ats:Directed Diagnosis","ats:Ignite","ats:Ambush+1","ats:Wolf Pack+1","ats:Thorns","ats:Poison Spread+1","ats:Poison Spread","ats:Leaping Hammer","Pot Of Greed+1","Pot Of Greed+1","Pot Of Greed+1","ats:Dogmatic Field+1","ats:Rat Pack+1","Delirium","Gensokyo:AllTheWorldsEvil","ats:Durian+1","ats:Song Of Battle","ats:Neurotoxin","ats:Explosion Area Strengthen","ats:Disruption Kick+1","Pot Of Greed","ats:Magnetic Hammer","ats:Thermite Blade+1"],"relics":["ats:Sanity","vexMod:CardConverter","ats:Originium","Replay:WaspNest","Regal Pillow","Mummified Hand","Runic Dome","Grinning Jar","Garlic","Bottled Tornado","Ring of Peace","ats:Ability Aura","Ring of Chaos","Replay:Wax Seal"],"acts_visited":["Exordium","TheCity","TheBeyond"],"potions_floor_usage":[16,33,35,36,36,38,46,50],"damage_taken":[{"damage":10,"enemies":"2 Louse","floor":1,"turns":3},{"damage":7,"enemies":"Small Slimes","floor":4,"turns":3},{"damage":11,"enemies":"Gremlin Nob","floor":8,"turns":4},{"damage":3,"enemies":"Jaw Worm","floor":13,"turns":3},{"damage":2,"enemies":"Looter","floor":14,"turns":2},{"damage":19,"enemies":"Fading Forest","floor":16,"turns":11},{"damage":19,"enemies":"Shell Parasite","floor":18,"turns":5},{"damage":14,"enemies":"Chosen","floor":19,"turns":6},{"damage":8,"enemies":"Centurion and Healer","floor":20,"turns":4},{"damage":12,"enemies":"Snecko","floor":21,"turns":6},{"damage":10,"enemies":"Gremlin Leader","floor":24,"turns":6},{"damage":88,"enemies":"Automaton","floor":33,"turns":12},{"damage":0,"enemies":"3 Shapes","floor":35,"turns":3},{"damage":34,"enemies":"3 Darklings","floor":36,"turns":5},{"damage":5,"enemies":"Sphere and 2 Shapes","floor":38,"turns":3},{"damage":36,"enemies":"Maw","floor":42,"turns":9},{"damage":13,"enemies":"3 Darklings","floor":46,"turns":5},{"damage":2,"enemies":"Spire Growth","floor":47,"turns":5},{"damage":25,"enemies":"Jaw Worm Horde","floor":48,"turns":5},{"damage":97,"enemies":"Donu and Deca","floor":50,"turns":10}],"seed_played":"6239470218075062312","potions_obtained":[{"floor":8,"key":"PowerPotion"},{"floor":14,"key":"Reflective Coating"},{"floor":16,"key":"Strength Potion"},{"floor":19,"key":"Strength Potion"},{"floor":24,"key":"Energy Potion"},{"floor":33,"key":"SkillPotion"},{"floor":35,"key":"Languid Potion"},{"floor":36,"key":"DuplicationPotion"},{"floor":48,"key":"AttackPotion"}],"is_trial":false,"path_per_floor":["M","$","?","M","?","R","$","E","T","R","?","R","M","M","R","B",null,"M","M","M","M","$","R","E","R","T","?","$","R","?","?","R","B",null,"M","M","$","M","?","R","?","M","T","R","?","M","M","M","R","B",null],"character_chosen":"DOCTOR_CLASS","items_purchased":["ats:Burning Ground","ats:Ignite","Grinning Jar","ats:Dogmatic Field"],"campfire_rested":2,"item_purchase_floors":[2,2,22,22],"current_hp_per_floor":[64,64,50,46,43,43,43,37,37,74,60,60,61,65,65,70,84,74,71,73,68,76,76,76,76,76,78,78,78,80,82,82,14,110,112,86,86,90,90,90,90,69,69,69,69,64,68,46,96,6],"gold":176,"neow_bonus":"ONE_RANDOM_RARE_CARD","is_daily":false,"chose_seed":false,"campfire_upgraded":9,"win_rate":0.0,"timestamp":1610122211,"path_taken":["M","$","?","M","?","R","$","E","T","R","?","R","?","M","R","BOSS","M","M","?","M","$","R","E","R","T","?","$","R","?","?","R","BOSS","M","?","$","M","?","R","?","?","T","R","?","M","M","M","R","BOSS"],"items_purchased_type":["Card","Card","Relic","Card"],"build_version":"2020-12-22","purchased_purges":1,"victory":true,"max_hp_per_floor":[72,72,72,72,72,72,72,74,74,74,78,78,80,82,82,84,84,86,88,90,92,100,100,102,102,102,104,104,104,106,108,108,110,110,112,114,114,116,110,110,110,114,114,114,114,116,118,118,118,118],"card_choices":[{"not_picked":["ats:Steam Pump","ats:Collapsing Strike"],"picked":"ats:Flexible Camouflage","floor":1},{"not_picked":["ats:Childhood Dance","ats:Blood Oath"],"picked":"ats:Assault Order","floor":4},{"not_picked":["ats:Explosion Area Strengthen","ats:Powerful Strike"],"picked":"ats:Ignite","floor":8},{"not_picked":["ats:Flexible Camouflage","ats:Assault Order"],"picked":"ats:Apocalypse","floor":11},{"not_picked":["ats:Apocalypse","ats:Cat Scratch"],"picked":"ats:Directed Diagnosis","floor":11},{"not_picked":["ats:Cat Scratch","ats:Assault Order"],"picked":"ats:Ignite","floor":13},{"not_picked":["ats:Blood Oath","ats:Apocalypse"],"picked":"ats:Ambush","floor":14},{"not_picked":["ats:Nebulous Foxfire","ats:Volcano"],"picked":"ats:Wolf Pack","floor":16},{"not_picked":["ats:Powerful Strike","ats:Poison Spread"],"picked":"ats:Thorns","floor":18},{"not_picked":["ats:Burning Ground","ats:Childhood Dance"],"picked":"ats:Poison Spread+1","floor":19},{"not_picked":["ats:Part Time Job","ats:Childhood Dance"],"picked":"ats:Poison Spread","floor":20},{"not_picked":["ats:Hammer On","ats:Shell Defense"],"picked":"ats:Leaping Hammer","floor":21},{"not_picked":["ats:Sunburst","ats:Assault Order"],"picked":"ats:Rat Pack","floor":24},{"not_picked":["ats:Dogmatic Field","ats:Fractured Body"],"picked":"ats:Durian","floor":33},{"not_picked":["ats:Automatic Cover","ats:Childhood Dance"],"picked":"ats:Song Of Battle","floor":35},{"not_picked":["ats:Leaping Hammer+1","ats:Red Shift+1"],"picked":"ats:Neurotoxin","floor":36},{"not_picked":["ats:Assault Order+1","ats:Hammer On"],"picked":"ats:Explosion Area Strengthen","floor":38},{"not_picked":["ats:Assault Order","ats:Apocalypse+1"],"picked":"ats:Disruption Kick","floor":42},{"not_picked":["ats:Cat Scratch","ats:Collapsing Strike"],"picked":"ats:Magnetic Hammer","floor":46},{"not_picked":["ats:LN2 Cannon+1","ats:Consecutive Shot Auto+1"],"picked":"ats:Thermite Blade+1","floor":47},{"not_picked":["ats:Demon Strength","ats:Consecutive Shot Auto+1","ats:Guardian Obelisk+1"],"picked":"SKIP","floor":48}],"player_experience":933138,"relics_obtained":[{"floor":8,"key":"ats:Originium"},{"floor":8,"key":"Replay:WaspNest"},{"floor":9,"key":"Regal Pillow"},{"floor":11,"key":"Mummified Hand"},{"floor":24,"key":"ats:Originium"},{"floor":24,"key":"Garlic"},{"floor":26,"key":"Bottled Tornado"},{"floor":30,"key":"Ring of Peace"},{"floor":43,"key":"Replay:Wax Seal"}],"event_choices":[{"damage_healed":0,"gold_gain":0,"player_choice":"Entered Light","damage_taken":14,"max_hp_gain":0,"max_hp_loss":0,"event_name":"Shining Light","floor":3,"gold_loss":0,"cards_upgraded":["ats:Defend","ats:Burning Ground"]},{"damage_healed":0,"gold_gain":0,"player_choice":"Success","damage_taken":3,"relics_obtained":["vexMod:CardConverter"],"max_hp_gain":0,"max_hp_loss":0,"event_name":"Scrap Ooze","floor":5,"gold_loss":0},{"damage_healed":0,"gold_gain":0,"player_choice":"Max HP","damage_taken":0,"max_hp_gain":0,"max_hp_loss":6,"event_name":"Winding Halls","floor":39,"gold_loss":0},{"damage_healed":0,"gold_gain":0,"player_choice":"Ignored","damage_taken":0,"max_hp_gain":0,"max_hp_loss":0,"event_name":"SecretPortal","floor":41,"gold_loss":0}],"is_beta":false,"boss_relics":[{"not_picked":["vexMod:NewClearReactor","vexMod:DeviousBotling"],"picked":"Runic Dome"},{"not_picked":["Sozu","vexMod:RockOfEvil"],"picked":"Ring of Chaos"}],"items_purged_floors":[37],"is_endless":false,"potions_floor_spawned":[8,14,16,19,24,33,35,36,48],"ascension_level":0}}