{"host":"niv6bi8ufjzyofbf","time":1610116363,"event":{"mods":["ATMod(∞¢Ë™Mod)","Act Like it!","BaseMod","Colored Powertips","Conspire","Downfall","Gensokyo","Hermit","Mad Scientist","Marisa£®ÏF”Í°°ƒß¿Ì…≥£©","Minty Spire (QoL Compilation)","Quick Restart","Rare Cards Sparkle","Reimu£®≤©¿ˆ¡È√Œ£©","Replay The Spire","Ryuuou¡˙Õı","Shop Mod","Spicy Shops","StSLib","SuperFastMode","The Cursed","The Servant 0.9.4","Youmu£®ªÍ∆«—˝√Œ£©","°æ“≈ŒÔø®≈∆°øREMEMod","≤–¡Ù÷ÆŒÔ"],"gold_per_floor":[12333,11441,11441,10857,10876,10909,10928,10954,10954,10964,10999,11010,11028,11028,11028,11126,11126,11136,10481,10500,10518,9856,9891,9891,9908,9908,9908,9936,9936,9956,9985,9985,10087,10087,10104,10119,10135,9430,9447,9447,9472,8673,8698,8790,8790,8790,8148,8341,8341,8471],"floor_reached":51,"playtime":2929,"items_purged":["hermit:Defend_Hermit","hermit:Defend_Hermit","hermit:Defend_Hermit","hermit:Defend_Hermit","Regret","hermit:Strike_Hermit","Pot Of Greed","hermit:Roughhouse+1"],"score":1320,"play_id":"dc84dd7e-1f40-4a59-b898-fc8af116e111","local_time":"20210108223243","is_ascension_mode":true,"campfire_choices":[{"data":"hermit:CursedWeapon","floor":15,"key":"SMITH"},{"floor":27,"key":"DIG"},{"floor":29,"key":"DIG"},{"floor":32,"key":"DIG"},{"floor":40,"key":"DIG"},{"floor":49,"key":"DIG"}],"circlet_count":0,"master_deck":["hermit:Strike_Hermit+1","hermit:Strike_Hermit+1","hermit:Strike_Hermit+1","hermit:Snapshot+1","hermit:Covet+1","REME_EyeOfCthun+1","hermit:Determination+1","hermit:Showdown+1","hermit:Malice+1","hermit:BigShot+1","REME_ProfessionalPlagiarism+1","hermit:CalledShot+1","hermit:TrackingShot+1","hermit:Combo+1","hermit:BigShot+1","hermit:FullyLoaded+1","hermit:CursedWeapon+1","hermit:HighNoon+1","hermit:Roulette+1","hermit:SprayPray+1","Panache+1","hermit:Malice+1","hermit:TakeAim+1","Pot Of Greed+1","Pot Of Greed+1","hermit:OverwhelmingPower+1","hermit:Combo+1","hermit:LuckOfTheDraw+1","hermit:Cheat+1","hermit:LuckOfTheDraw+1","REME_WheelOfFate+1","Panache+1"],"relics":["hermit:Momento","REME_ComplimentaryCards","AT_ATBox","NeowsBlessing","Membership Card","Bag of Marbles","HandDrill","StrikeDummy","Counterbalance","MerchantsRug","Medical Kit","BargainBundle","ReplayTheSpireMod:Lightbulb","White Beast Statue","PreservedInsect","Durian","Akabeko","conspire:DeflatedDodgeball","AT_RedTearstoneRing","AT_BladeRuinedKing","AT_TrinityForce","Centennial Puzzle","Strange Spoon","Shovel","ClockworkSouvenir","Unceasing Top","WingedGreaves","TentaclePot:ReiMu","REME_CardOfGreed","Ornamental Fan","AT_SilvercatRing","Grinning Jar","Replay:PocketPolymizer","Dead Branch","REME_PuzzleBoxRelic","AT_SpeedBoots","RuthlessExorcism:ReiMu","Lantern","PlaceholderMod:LiveLive","Chemical X","Replay:Arrowhead","Whetstone","conspire:Flyswatter","Bronze Scales","Frozen Eye","PlaceholderMod:DaolothFragment","AT_ArchangelStaff","AT_MibuBalloonWealth","Incense Burner","Orrery","TheAbacus","Iron Hammer","Mirror","Orichalcum","Bottled Lightning","Mark of the Bloom","PlaceholderMod:FlatBlood","CeramicFish","Regal Pillow","Mastiff:ReiMu","Toolbox","Replay:Towering Pillar of Hats"],"acts_visited":["Exordium","TheCity","TheBeyond"],"potions_floor_usage":[7,7,10,11,11,12,12,16,16,18,21,23,25,35,37,50],"damage_taken":[{"damage":0,"enemies":"Cultist","floor":1,"turns":1},{"damage":0,"enemies":"Jaw Worm","floor":5,"turns":1},{"damage":0,"enemies":"3 Sentries","floor":6,"turns":1},{"damage":6,"enemies":"conspire:RoseBush","floor":7,"turns":1},{"damage":0,"enemies":"Lagavulin","floor":8,"turns":2},{"damage":0,"enemies":"Exordium Wildlife","floor":10,"turns":3},{"damage":0,"enemies":"Gremlin Nob","floor":11,"turns":1},{"damage":10,"enemies":"Lots of Slimes","floor":12,"turns":2},{"damage":6,"enemies":"3 Louse","floor":13,"turns":2},{"damage":44,"enemies":"The Guardian","floor":16,"turns":6},{"damage":20,"enemies":"conspire:FuzzyDice","floor":18,"turns":3},{"damage":2,"enemies":"Shell Parasite","floor":20,"turns":1},{"damage":9,"enemies":"conspire:HollyBat","floor":21,"turns":5},{"damage":0,"enemies":"REME_1_Revenger","floor":23,"turns":1},{"damage":14,"enemies":"Cultist and Chosen","floor":25,"turns":3},{"damage":29,"enemies":"Slavers","floor":28,"turns":2},{"damage":10,"enemies":"Centurion and Healer","floor":30,"turns":2},{"damage":0,"enemies":"conspire:Head Lice","floor":31,"turns":1},{"damage":14,"enemies":"Pondfish","floor":33,"turns":6},{"damage":0,"enemies":"Orb Walker","floor":35,"turns":1},{"damage":5,"enemies":"3 Shapes","floor":36,"turns":2},{"damage":5,"enemies":"Jaw Worm Horde","floor":37,"turns":1},{"damage":0,"enemies":"3 Darklings","floor":39,"turns":1},{"damage":1,"enemies":"Reptomancer","floor":41,"turns":1},{"damage":0,"enemies":"Sphere and 2 Shapes","floor":44,"turns":1},{"damage":0,"enemies":"4 Shapes","floor":48,"turns":1},{"damage":22,"enemies":"Donu and Deca","floor":50,"turns":2}],"seed_played":"-4492959608406425371","potions_obtained":[{"floor":1,"key":"Reflective Coating"},{"floor":7,"key":"Block Potion"},{"floor":10,"key":"Fire Potion"},{"floor":11,"key":"Block Potion"},{"floor":12,"key":"REME_GoldPotion"},{"floor":13,"key":"conspire:TimeTravelPotion"},{"floor":16,"key":"BlessingOfTheForge"},{"floor":18,"key":"Weak Potion"},{"floor":25,"key":"Swift Potion"},{"floor":35,"key":"Fire Potion"},{"floor":37,"key":"REME_GoldPotion"},{"floor":39,"key":"champ:CounterPotion"}],"is_trial":false,"path_per_floor":["M","$","?","$","M","E","M","E","T","M","E","M","M","?","R","B",null,"M","$","M","M","$","E","?","M","T","R","E","R","M","E","R","B",null,"M","M","M","$","M","R","E","$","T","M","T","?","$","M","R","B",null],"character_chosen":"HERMIT","items_purchased":["Membership Card","Bag of Marbles","HandDrill","StrikeDummy","Counterbalance","MerchantsRug","Adrenaline Potion","ZuzhouPotion:ReiMu","REME_EyeOfCthun","hermit:Determination","hermit:Showdown","Medical Kit","BargainBundle","ReplayTheSpireMod:Lightbulb","White Beast Statue","PreservedInsect","Durian","hermit:Malice","hermit:BigShot","REME_ProfessionalPlagiarism","BlessingOfTheForge","SkillPotion","hermit:SprayPray","Panache","Centennial Puzzle","Strange Spoon","Shovel","ClockworkSouvenir","Unceasing Top","Adrenaline Potion","Explosive Potion","WingedGreaves","TentaclePot:ReiMu","REME_CardOfGreed","Ornamental Fan","AT_SilvercatRing","hermit:TakeAim+1","Swift Potion","AttackPotion","Chemical X","Replay:Arrowhead","Whetstone","conspire:Flyswatter","Bronze Scales","Frozen Eye","Adrenaline Potion","AT_MibuBalloonWealth","Incense Burner","Orrery","TheAbacus","Iron Hammer","Mirror","REME_WheelOfFate","Panache","PlaceholderMod:FlatBlood","CeramicFish","Regal Pillow","Mastiff:ReiMu","Toolbox"],"campfire_rested":0,"item_purchase_floors":[2,2,2,2,2,2,2,2,2,2,2,4,4,4,4,4,4,4,4,4,4,4,19,19,19,19,19,19,19,19,19,22,22,22,22,22,22,22,22,38,38,38,38,38,38,38,42,42,42,42,42,42,42,47,47,47,47,47,47],"current_hp_per_floor":[75,75,75,80,80,80,74,74,74,74,74,64,58,58,58,16,80,60,60,58,49,49,49,49,35,35,35,99,99,89,89,89,75,80,80,75,70,70,70,70,69,69,69,69,69,80,80,80,80,58],"gold":8471,"neow_bonus":"THREE_ENEMY_KILL","is_daily":false,"chose_seed":false,"campfire_upgraded":1,"win_rate":0.0,"timestamp":1610116363,"path_taken":["M","$","?","$","M","E","M","E","T","M","E","M","?","?","R","BOSS","M","$","M","M","$","E","?","M","T","R","E","R","M","E","R","BOSS","M","?","M","$","M","R","E","$","T","M","?","?","?","?","R","BOSS"],"items_purchased_type":["Relic","Relic","Relic","Relic","Relic","Relic","Potion","Potion","Card","Card","Card","Relic","Relic","Relic","Relic","Relic","Relic","Card","Card","Card","Potion","Potion","Card","Card","Relic","Relic","Relic","Relic","Relic","Potion","Potion","Relic","Relic","Relic","Relic","Relic","Card","Potion","Potion","Relic","Relic","Relic","Relic","Relic","Relic","Potion","Relic","Relic","Relic","Relic","Relic","Relic","Card","Card","Relic","Relic","Relic","Relic","Relic"],"build_version":"2020-12-22","purchased_purges":8,"victory":true,"max_hp_per_floor":[75,75,75,80,80,80,80,80,80,80,80,80,80,80,80,80,80,80,80,80,80,80,80,80,80,80,80,80,80,80,80,80,80,80,80,80,80,80,80,80,80,80,80,80,80,80,80,80,80,80],"card_choices":[{"not_picked":["hermit:Scavenge","hermit:LowProfile","hermit:Maintenance"],"picked":"SKIP","floor":1},{"not_picked":["hermit:Glare","hermit:HoleUp"],"picked":"hermit:CalledShot","floor":5},{"not_picked":["hermit:Ricochet","hermit:BodyArmor"],"picked":"hermit:TrackingShot","floor":6},{"not_picked":["hermit:Dive","hermit:LuckOfTheDraw"],"picked":"hermit:Combo","floor":7},{"not_picked":["hermit:Glare","hermit:Vantage"],"picked":"hermit:BigShot","floor":8},{"not_picked":["hermit:LowProfile","hermit:NoHoldsBarred","hermit:FlashPowder"],"picked":"SKIP","floor":10},{"not_picked":["hermit:Snipe","hermit:TrackingShot"],"picked":"hermit:FullyLoaded","floor":11},{"not_picked":["hermit:Manifest","hermit:Spite"],"picked":"hermit:CursedWeapon","floor":12},{"not_picked":["hermit:PistolWhip","hermit:Quickdraw","hermit:Misfire"],"picked":"SKIP","floor":13},{"not_picked":["hermit:FinalCanter","hermit:BlackWind"],"picked":"hermit:HighNoon","floor":16},{"not_picked":["hermit:SprayPray","hermit:ItchyTrigger"],"picked":"hermit:Roulette","floor":18},{"not_picked":["hermit:Quickdraw+1","hermit:SprayPray","hermit:WideOpen"],"picked":"SKIP","floor":20},{"not_picked":["hermit:FlashPowder+1","hermit:LowProfile"],"picked":"hermit:Malice+1","floor":21},{"not_picked":["hermit:Dive+1","hermit:Shortfuse","hermit:CalledShot"],"picked":"SKIP","floor":23},{"not_picked":["hermit:BigShot","hermit:Headshot","hermit:Ricochet"],"picked":"SKIP","floor":25},{"not_picked":["hermit:Ricochet","hermit:Adapt","hermit:SprayPray"],"picked":"SKIP","floor":28},{"not_picked":["hermit:Manifest","hermit:CalledShot","hermit:SprayPray"],"picked":"SKIP","floor":30},{"not_picked":["hermit:BodyArmor","hermit:Headshot","hermit:PistolWhip"],"picked":"SKIP","floor":31},{"not_picked":["hermit:DeadOrAlive","hermit:Roughhouse"],"picked":"hermit:OverwhelmingPower","floor":33},{"not_picked":["hermit:Desperado","hermit:HoleUp"],"picked":"hermit:Combo+1","floor":35},{"not_picked":["hermit:BodyArmor+1","hermit:Quickdraw","hermit:FlashPowder+1"],"picked":"SKIP","floor":36},{"not_picked":["hermit:Determination+1","hermit:Desperado+1"],"picked":"hermit:LuckOfTheDraw","floor":37},{"not_picked":["hermit:FlashPowder+1","hermit:Headshot+1","hermit:PistolWhip"],"picked":"SKIP","floor":39},{"not_picked":["hermit:GhostlyPresence","hermit:Scavenge+1","hermit:FullyLoaded+1"],"picked":"SKIP","floor":41},{"not_picked":["hermit:Coalescence","hermit:Grudge"],"picked":"hermit:Cheat","floor":42},{"not_picked":["hermit:Glare+1","hermit:CursedWeapon"],"picked":"hermit:LuckOfTheDraw+1","floor":42},{"not_picked":["hermit:BigShot+1","hermit:Shortfuse+1","hermit:CursedWeapon"],"picked":"SKIP","floor":44},{"not_picked":["hermit:Feint","hermit:Desperado+1","hermit:Dive"],"picked":"SKIP","floor":48}],"player_experience":621936,"relics_obtained":[{"floor":6,"key":"Akabeko"},{"floor":8,"key":"conspire:DeflatedDodgeball"},{"floor":9,"key":"AT_RedTearstoneRing"},{"floor":11,"key":"AT_BladeRuinedKing"},{"floor":23,"key":"Grinning Jar"},{"floor":26,"key":"Replay:PocketPolymizer"},{"floor":27,"key":"Dead Branch"},{"floor":28,"key":"REME_PuzzleBoxRelic"},{"floor":29,"key":"AT_SpeedBoots"},{"floor":31,"key":"RuthlessExorcism:ReiMu"},{"floor":32,"key":"Lantern"},{"floor":40,"key":"PlaceholderMod:DaolothFragment"},{"floor":41,"key":"AT_ArchangelStaff"},{"floor":43,"key":"Orichalcum"},{"floor":45,"key":"Bottled Lightning"},{"floor":49,"key":"Replay:Towering Pillar of Hats"}],"event_choices":[{"damage_healed":0,"gold_gain":0,"player_choice":"Forge","damage_taken":0,"max_hp_gain":0,"max_hp_loss":0,"event_name":"Accursed Blacksmith","floor":3,"gold_loss":0,"cards_upgraded":["REME_EyeOfCthun"]},{"damage_healed":0,"gold_gain":0,"player_choice":"1 cards matched","damage_taken":0,"max_hp_gain":0,"max_hp_loss":0,"event_name":"Match and Keep!","floor":14,"gold_loss":0,"cards_obtained":["hermit:Roughhouse"]},{"damage_healed":0,"gold_gain":0,"player_choice":"1 cards matched","damage_taken":0,"max_hp_gain":0,"max_hp_loss":0,"event_name":"Match and Keep!","floor":14,"gold_loss":0,"cards_obtained":["hermit:Roughhouse"]},{"cards_removed":["Clumsy"],"damage_healed":0,"gold_gain":0,"player_choice":"Removed Curses","damage_taken":0,"max_hp_gain":0,"max_hp_loss":0,"event_name":"Fountain of Cleansing","floor":24,"gold_loss":0},{"damage_healed":0,"gold_gain":0,"player_choice":"Upgrade","damage_taken":0,"relics_obtained":["Mark of the Bloom"],"max_hp_gain":0,"max_hp_loss":0,"event_name":"MindBloom","floor":46,"gold_loss":0,"cards_upgraded":["hermit:Strike_Hermit","hermit:Strike_Hermit","hermit:Snapshot","hermit:Covet","hermit:Determination","hermit:Malice","hermit:BigShot","REME_ProfessionalPlagiarism","hermit:CalledShot","hermit:TrackingShot","hermit:Combo","hermit:BigShot","hermit:FullyLoaded","hermit:Roughhouse","hermit:Roulette","hermit:SprayPray","Panache","hermit:LuckOfTheDraw","hermit:Cheat","REME_WheelOfFate"]}],"is_beta":false,"boss_relics":[{"not_picked":["RedLine:ReiMu","Ectoplasm"],"picked":"AT_TrinityForce"},{"not_picked":["Replay:Wanted Poster","Tiny House"],"picked":"PlaceholderMod:LiveLive"}],"items_purged_floors":[2,2,4,19,22,38,42,47],"is_endless":false,"potions_floor_spawned":[1,5,6,7,8,10,11,12,13,16,18,20,21,23,25,28,30,31,33,35,36,37,39,41,44,48],"ascension_level":2}}