{"host":"96dqtlax74dz00hw","time":1610131792,"event":{"mods":["Bard","BaseMod","Colored Powertips","Minty Spire (QoL Compilation)","Permanent Neow","Rare Cards Sparkle","StSLib","The Cursed","The Disciple","The IronCluck","The Problem Sleuth"],"gold_per_floor":[364,375,375,375,325,351,351,369,417,429,441,469,481,524,536,648,660,691,703,732,763,476,476,476,504,504,15,48,58,58,58,58,160,160,170,170,189,120,120,120,140,140,165,195,195,228,0,10,10,10,10,10,10,36,36],"floor_reached":56,"playtime":3435,"items_purged":["theSleuth:Strike","theSleuth:Strike"],"score":1324,"play_id":"b3682862-571a-44db-80c4-517d1087e297","local_time":"20210108104952","is_ascension_mode":false,"campfire_choices":[{"data":"theSleuth:TakeInventory","floor":7,"key":"SMITH"},{"data":"theSleuth:Taze","floor":11,"key":"SMITH"},{"data":"theSleuth:KeyHandgun","floor":15,"key":"SMITH"},{"data":"theSleuth:Supermassive","floor":23,"key":"SMITH"},{"data":"theSleuth:Parry","floor":30,"key":"SMITH"},{"data":"theSleuth:FairShake","floor":32,"key":"SMITH"},{"data":"Apotheosis","floor":40,"key":"SMITH"},{"data":"Mayhem","floor":42,"key":"SMITH"},{"floor":45,"key":"DIG"},{"floor":49,"key":"RECALL"},{"floor":52,"key":"DIG"}],"circlet_count":0,"master_deck":["theSleuth:Defend","theSleuth:Defend","theSleuth:KeyHandgun+1","theSleuth:TakeInventory+1","theSleuth:Diplomacy","theSleuth:Taze+1","theSleuth:FairShake+1","theSleuth:TruffleShuffle","theSleuth:GummyWormZombie","theSleuth:BenStillerBust","theSleuth:TruffleShuffle","theSleuth:Ignore","theSleuth:Supermassive+1","theSleuth:Parry+1","theSleuth:Tootshotgun","theSleuth:FudgeDeck","theSleuth:Tootshotgun","theSleuth:KingpinBust+1","theSleuth:WeirdPuzzleShit","Mayhem+1","Apotheosis+1","Mayhem","theSleuth:TruffleTrouble","theSleuth:TruffleTrouble","theSleuth:Embarrass+1","theSleuth:SpadeDig+1","theSleuth:BellyOTheWhale+1"],"relics":["theSleuth:Typewriter","Akabeko","MawBank","TungstenRod","Sozu","MutagenicStrength","PreservedInsect","Lizard Tail","Shovel","Bronze Scales","Anchor","Sundial","Black Star","Strawberry","Toxic Egg 2","Lantern","CaptainsWheel","Red Mask","Letter Opener","theSleuth:BowenStilsonDogg","Ginger"],"acts_visited":["Exordium","TheCity","TheBeyond","TheEnding"],"potions_floor_usage":[16,16],"damage_taken":[{"damage":4,"enemies":"Jaw Worm","floor":1,"turns":4},{"damage":0,"enemies":"2 Louse","floor":2,"turns":3},{"damage":29,"enemies":"Gremlin Nob","floor":6,"turns":7},{"damage":0,"enemies":"Small Slimes","floor":8,"turns":3},{"damage":0,"enemies":"2 Fungi Beasts","floor":12,"turns":4},{"damage":9,"enemies":"Lagavulin","floor":14,"turns":9},{"damage":0,"enemies":"The Guardian","floor":16,"turns":15},{"damage":4,"enemies":"2 Thieves","floor":18,"turns":4},{"damage":0,"enemies":"Shell Parasite","floor":20,"turns":5},{"damage":1,"enemies":"Cultist and Chosen","floor":21,"turns":6},{"damage":0,"enemies":"Book of Stabbing","floor":25,"turns":4},{"damage":0,"enemies":"Slavers","floor":28,"turns":4},{"damage":0,"enemies":"Centurion and Healer","floor":29,"turns":3},{"damage":14,"enemies":"Collector","floor":33,"turns":12},{"damage":0,"enemies":"Orb Walker","floor":35,"turns":3},{"damage":16,"enemies":"3 Darklings","floor":37,"turns":4},{"damage":5,"enemies":"Transient","floor":41,"turns":5},{"damage":12,"enemies":"Reptomancer","floor":44,"turns":5},{"damage":6,"enemies":"Nemesis","floor":46,"turns":5},{"damage":0,"enemies":"Sphere and 2 Shapes","floor":48,"turns":4},{"damage":13,"enemies":"Time Eater","floor":50,"turns":11},{"damage":11,"enemies":"Shield and Spear","floor":54,"turns":4},{"damage":53,"enemies":"The Heart","floor":55,"turns":9}],"seed_played":"1367656922484616190","potions_obtained":[{"floor":8,"key":"theSleuth:Depotion"},{"floor":14,"key":"BlessingOfTheForge"}],"is_trial":false,"path_per_floor":["M","M","?","?","?","E","R","M","T","?","R","M","$","E","R","B",null,"M","?","M","M","$","R","?","E","T","$","E","M","R","?","R","B",null,"M","?","M","$","?","R","M","R","T","E","R","E","?","M","R","B",null,"R","$","E","B",null],"character_chosen":"THE_sleuth","items_purchased":["theSleuth:Supermassive","PreservedInsect","Bronze Scales","Anchor","theSleuth:Tootshotgun","theSleuth:FudgeDeck","theSleuth:TruffleTrouble"],"campfire_rested":0,"item_purchase_floors":[22,22,27,27,27,27,38],"current_hp_per_floor":[48,48,53,53,53,24,24,24,24,24,24,24,24,15,15,15,78,74,74,74,73,73,73,73,73,73,73,73,73,73,73,73,59,78,78,69,53,53,53,53,48,48,48,43,43,37,37,37,37,24,81,81,81,70,17],"gold":36,"neow_bonus":"TWO_FIFTY_GOLD","is_daily":false,"chose_seed":false,"campfire_upgraded":8,"win_rate":0.0,"timestamp":1610131792,"path_taken":["M","M","?","?","?","E","R","M","T","?","R","M","$","E","R","BOSS","M","?","M","M","$","R","?","E","T","$","E","M","R","?","R","BOSS","M","?","M","$","?","R","M","R","T","E","R","E","?","M","R","BOSS","R","$","E","BOSS"],"items_purchased_type":["Card","Relic","Relic","Relic","Card","Card","Card"],"build_version":"2020-12-22","purchased_purges":2,"victory":true,"max_hp_per_floor":[73,73,78,78,78,78,78,78,78,78,78,78,78,78,78,78,78,78,78,78,78,78,78,78,78,78,78,78,78,78,78,78,78,78,78,78,78,78,74,74,74,74,74,81,81,81,81,81,81,81,81,81,81,81,81],"card_choices":[{"not_picked":["theSleuth:ThinkAhead","theSleuth:FlaskOfWhiskey"],"picked":"theSleuth:Taze","floor":1},{"not_picked":["theSleuth:SpadeDig","theSleuth:FoolPlate","theSleuth:Fortify"],"picked":"SKIP","floor":2},{"not_picked":["theSleuth:RollBoxcars","theSleuth:Joust","theSleuth:Ogle"],"picked":"SKIP","floor":6},{"not_picked":["theSleuth:FlaskOfWhiskey","theSleuth:Taze"],"picked":"theSleuth:FairShake","floor":8},{"not_picked":["theSleuth:Unscale","theSleuth:BenStillerBust"],"picked":"theSleuth:TruffleShuffle","floor":12},{"not_picked":["theSleuth:Frijolaegis","theSleuth:RetainReturn","theSleuth:Fortune"],"picked":"SKIP","floor":14},{"not_picked":["theSleuth:Supermassive","theSleuth:TheZillyhammer"],"picked":"theSleuth:GummyWormZombie","floor":16},{"not_picked":["theSleuth:ThinkAhead","theSleuth:VictoryPose"],"picked":"theSleuth:BenStillerBust","floor":18},{"not_picked":["theSleuth:Distill","theSleuth:CandyCorn+1"],"picked":"theSleuth:TruffleShuffle","floor":20},{"not_picked":["theSleuth:Taze","theSleuth:BellyOTheWhale"],"picked":"theSleuth:Ignore","floor":21},{"not_picked":["theSleuth:HandCannon","theSleuth:WilsonBust"],"picked":"theSleuth:Parry","floor":25},{"not_picked":["theSleuth:Treaty","theSleuth:Embarrass"],"picked":"theSleuth:Tootshotgun","floor":28},{"not_picked":["theSleuth:CharismaBlast+1","theSleuth:Ogle"],"picked":"theSleuth:KingpinBust+1","floor":29},{"not_picked":["theSleuth:GummyWormZombie","theSleuth:TootsieRollFrankenstein"],"picked":"theSleuth:WeirdPuzzleShit","floor":33},{"not_picked":["theSleuth:FlaskOfWhiskey","theSleuth:Treaty","theSleuth:VictoryPose"],"picked":"SKIP","floor":35},{"not_picked":["Dark Shackles","Deep Breath"],"picked":"Mayhem","floor":36},{"not_picked":["Secret Weapon","Mayhem"],"picked":"Apotheosis","floor":36},{"not_picked":["Madness","Flash of Steel"],"picked":"Mayhem","floor":36},{"not_picked":["theSleuth:ThinkAhead+1","theSleuth:Unscale"],"picked":"theSleuth:TruffleTrouble","floor":37},{"not_picked":["theSleuth:FairShake+1","theSleuth:SpadeDig+1","theSleuth:Pepperminthryl"],"picked":"SKIP","floor":41},{"not_picked":["theSleuth:Treaty+1","theSleuth:Unscale+1","theSleuth:WizardSudoku+1"],"picked":"SKIP","floor":44},{"not_picked":["theSleuth:FudgeDeck","theSleuth:FlaskOfWhiskey+1"],"picked":"theSleuth:Embarrass+1","floor":46},{"not_picked":["theSleuth:Tootshotgun+1","theSleuth:BenStillerBust+1"],"picked":"theSleuth:SpadeDig+1","floor":48},{"not_picked":["theSleuth:Treaty+1","theSleuth:Diabeatdown"],"picked":"theSleuth:BellyOTheWhale+1","floor":54}],"player_experience":864978,"relics_obtained":[{"floor":6,"key":"Akabeko"},{"floor":9,"key":"MawBank"},{"floor":14,"key":"TungstenRod"},{"floor":25,"key":"Lizard Tail"},{"floor":26,"key":"Shovel"},{"floor":28,"key":"Sundial"},{"floor":44,"key":"Strawberry"},{"floor":44,"key":"Toxic Egg 2"},{"floor":45,"key":"Lantern"},{"floor":46,"key":"CaptainsWheel"},{"floor":52,"key":"Letter Opener"},{"floor":54,"key":"theSleuth:BowenStilsonDogg"},{"floor":54,"key":"Ginger"}],"event_choices":[{"damage_healed":0,"gold_gain":0,"player_choice":"Donut","damage_taken":0,"max_hp_gain":5,"max_hp_loss":0,"event_name":"Big Fish","floor":3,"gold_loss":0},{"damage_healed":0,"gold_gain":0,"player_choice":"Ignored","damage_taken":0,"max_hp_gain":0,"max_hp_loss":0,"event_name":"Liars Game","floor":4,"gold_loss":0},{"cards_removed":["theSleuth:Strike"],"damage_healed":0,"gold_gain":0,"player_choice":"Card Removal","damage_taken":0,"max_hp_gain":0,"max_hp_loss":0,"event_name":"The Cleric","floor":5,"gold_loss":50},{"cards_removed":["theSleuth:Strike"],"damage_healed":0,"gold_gain":0,"player_choice":"Forget","damage_taken":0,"max_hp_gain":0,"max_hp_loss":0,"event_name":"Living Wall","floor":10,"gold_loss":0},{"damage_healed":0,"gold_gain":0,"player_choice":"Inject Mutagens","damage_taken":0,"relics_obtained":["MutagenicStrength"],"max_hp_gain":0,"max_hp_loss":0,"event_name":"Drug Dealer","floor":19,"gold_loss":0},{"damage_healed":0,"gold_gain":0,"player_choice":"Ignored","damage_taken":0,"max_hp_gain":0,"max_hp_loss":0,"event_name":"Ghosts","floor":24,"gold_loss":0},{"cards_removed":["theSleuth:Defend"],"damage_healed":0,"gold_gain":0,"player_choice":"Elegance","damage_taken":0,"max_hp_gain":0,"max_hp_loss":0,"event_name":"Back to Basics","floor":31,"gold_loss":0},{"damage_healed":0,"gold_gain":0,"player_choice":"Memory 3","damage_taken":10,"max_hp_gain":0,"max_hp_loss":0,"event_name":"SensoryStone","floor":36,"gold_loss":0},{"damage_healed":0,"gold_gain":0,"player_choice":"Max HP","damage_taken":0,"max_hp_gain":0,"max_hp_loss":4,"event_name":"Winding Halls","floor":39,"gold_loss":0},{"damage_healed":0,"gold_gain":0,"player_choice":"Paid","damage_taken":0,"relics_obtained":["Red Mask"],"max_hp_gain":0,"max_hp_loss":0,"event_name":"Tomb of Lord Red Mask","floor":47,"gold_loss":228}],"is_beta":false,"boss_relics":[{"not_picked":["Cursed Key","Empty Cage"],"picked":"Sozu"},{"not_picked":["Fusion Hammer","SacredBark"],"picked":"Black Star"}],"items_purged_floors":[22,27],"is_endless":false,"potions_floor_spawned":[8,14,18,21,28,41,44,48],"ascension_level":0}}