{"host":"w4k767hitkqtifhw","time":1610114325,"event":{"mods":["AchievementEnabler","Act Like it!","AlwaysNeverKeys","BaseMod","BetterRewards","Colored Map","Colored Powertips","GifTheSpireLib","Hallownest","Minty Spire (QoL Compilation)","Quick Restart","Rare Cards Sparkle","Replay The Spire","StSLib","The Animator","The Bug Knight","Waifu the Spire","WarShipGirlsR/????R mod"],"gold_per_floor":[114,114,114,114,128,128,155,155,227,227,97,132,146,156,156,259,309,326,326,346,358,358,358,358,358],"floor_reached":24,"playtime":2660,"items_purged":["Languid"],"score":319,"play_id":"ef0afcf8-adb5-4fd3-b2d7-356661b9c1f2","local_time":"20210108145845","is_ascension_mode":false,"campfire_choices":[{"floor":6,"key":"REST"},{"data":"HollowMod:FocusHealStart","floor":8,"key":"SMITH"},{"floor":15,"key":"REST"},{"floor":23,"key":"REST"}],"circlet_count":0,"master_deck":["HollowMod:NailStrikeStart","HollowMod:NailStrikeStart","HollowMod:NailStrikeStart","HollowMod:NailStrikeStart","HollowMod:FocusHealStart+1","HollowMod:PogoStrike","HollowMod:SoulVessel","animator:Curse_GriefSeed","HollowMod:NewJinnsSoul","Writhe","Hallownest:skillSlugHide","Hallownest:skillSlugHide","Hallownest:skillSlugHide","Hallownest:skillSlugHide","Hallownest:skillSlugHide","HollowMod:VengefulSpirit","HollowMod:HuntersJournal+1","HollowMod:CornifersMapStart","HollowMod:SoulShaman","HollowMod:CycloneSlash+1","HollowMod:Hiveblood","HollowMod:GoodIntentions","HollowMod:ChannelNail","HollowMod:MylasSalvation","HollowMod:ShapeofUnn","HollowMod:SoulStrike"],"relics":["HollowMod:VesselMask","Lizard Tail","Ring of Searing","ReplayTheSpireMod:Ring of Addiction","White Beast Statue","Toy Ornithopter","HollowMod:MillibellesNoteRelic","Onion Ring","Bag of Marbles","Tiny House","Red Mask"],"acts_visited":["Hallownest:Greenpath","Hallownest:CityofTears"],"potions_floor_usage":[5,16,16,20,21,24,24,24],"damage_taken":[{"damage":6,"enemies":"2_ Uuma","floor":1,"turns":6},{"damage":33,"enemies":"Hallownest:monsterHuskGuard","floor":5,"turns":5},{"damage":42,"enemies":"Hallownest:eliteMossKnight","floor":12,"turns":14},{"damage":0,"enemies":"Hallownest:monsterHuskWarrior","floor":13,"turns":4},{"damage":9,"enemies":"Hallownest:Wandering_and_Horned","floor":14,"turns":5},{"damage":65,"enemies":"Hallownest:BossFalseKnight","floor":16,"turns":11},{"damage":53,"enemies":"Hallownest:3_Youths","floor":18,"turns":9},{"damage":49,"enemies":"Hallownest:Flukemon_and_Top","floor":20,"turns":6},{"damage":33,"enemies":"Hallownest:2_Husk_Sentries","floor":21,"turns":8},{"damage":115,"enemies":"Hallownest:3_Mistakes","floor":24,"turns":19}],"seed_played":"-6414538656109678345","potions_obtained":[{"floor":1,"key":"FearPotion"},{"floor":3,"key":"Energy Potion"},{"floor":3,"key":"Block Potion"},{"floor":5,"key":"FearPotion"},{"floor":12,"key":"DistilledChaos"},{"floor":16,"key":"Adrenaline Potion"},{"floor":17,"key":"DuplicationPotion"},{"floor":20,"key":"Weak Potion"},{"floor":21,"key":"Block Potion"}],"is_trial":false,"path_per_floor":["M","?","?","?","M","R","T","R","T","?","$","E","M","M","R","B",null,"M","?","M","M","?","R","M"],"character_chosen":"THE_BUGKNIGHT","items_purchased":["HollowMod:SoulVessel","HollowMod:HuntersJournal+1"],"campfire_rested":3,"item_purchase_floors":[0,11],"current_hp_per_floor":[69,78,78,78,56,81,81,81,81,81,81,50,56,57,78,35,83,51,51,29,7,7,31,0,0],"gold":358,"neow_bonus":"","is_daily":false,"chose_seed":false,"campfire_upgraded":1,"win_rate":0.0,"timestamp":1610114325,"path_taken":["M","?","?","?","M","R","?","R","T","?","$","E","M","M","R","BOSS","M","?","?","M","?","R","M"],"items_purchased_type":["Card","Card"],"build_version":"2020-12-22","purchased_purges":1,"victory":false,"max_hp_per_floor":[75,84,84,84,84,84,84,84,82,82,82,80,80,80,78,78,83,83,83,81,81,81,81,81,81],"card_choices":[{"not_picked":["HollowMod:HeavyBlow","HollowMod:DescendingDark"],"picked":"HollowMod:NewJinnsSoul","floor":1},{"not_picked":["HollowMod:SoulStrike","HollowMod:GrimmsGift"],"picked":"HollowMod:VengefulSpirit","floor":5},{"not_picked":["HollowMod:QuirrelsAssistance","HollowMod:VengefulSpirit"],"picked":"HollowMod:CornifersMapStart","floor":12},{"not_picked":["HollowMod:ChannelNail","HollowMod:SoulVessel"],"picked":"HollowMod:SoulShaman","floor":13},{"not_picked":["HollowMod:CornifersMapStart","HollowMod:InfectionAssault"],"picked":"HollowMod:CycloneSlash","floor":14},{"not_picked":["HollowMod:MidwifesHunger","HollowMod:theNailsmith"],"picked":"HollowMod:Hiveblood","floor":16},{"not_picked":["HollowMod:SoulStrike","HollowMod:InfectionAssault"],"picked":"HollowMod:GoodIntentions","floor":17},{"not_picked":["HollowMod:BlackTendrils","HollowMod:LifebloodCocoon"],"picked":"HollowMod:ChannelNail","floor":18},{"not_picked":["HollowMod:GreatSlash","HollowMod:AbyssShriek"],"picked":"HollowMod:ShapeofUnn","floor":20},{"not_picked":["HollowMod:HeavyBlow","HollowMod:ShadowDash"],"picked":"HollowMod:SoulStrike","floor":21}],"player_experience":50733,"relics_obtained":[{"floor":3,"key":"Ring of Searing"},{"floor":3,"key":"ReplayTheSpireMod:Ring of Addiction"},{"floor":3,"key":"White Beast Statue"},{"floor":3,"key":"Toy Ornithopter"},{"floor":7,"key":"HollowMod:MillibellesNoteRelic"},{"floor":9,"key":"Onion Ring"},{"floor":12,"key":"Bag of Marbles"}],"event_choices":[],"is_beta":false,"boss_relics":[{"not_picked":["Snecko Eye","Fusion Hammer"],"picked":"Tiny House"}],"items_purged_floors":[11],"is_endless":false,"potions_floor_spawned":[1,5,12,13,14,16,18,20,21],"killed_by":"Hallownest:3_Mistakes","ascension_level":0}}