{"host":"oiw60b5ins9fyx34","time":1610110116,"event":{"mods":["BaseMod","Colored Powertips","Minty Spire (QoL Compilation)","Permanent Neow","Quick Restart","Relic Stats","StSLib"],"gold_per_floor":[119,133,208,208,224,251,251,271,271,271,170,170,5,5,5,104,104,104,104,104,104,29,29,29,29,29,29,29,29,29,29,29,29,29,29,29,29,29,29,29,29,29,29,29,29,29,29,29,29,29,29],"floor_reached":50,"playtime":4068,"items_purged":["Strike_P"],"score":558,"play_id":"ba223edf-b713-47f6-9ec5-e4e743d4dd88","local_time":"20210108214836","is_ascension_mode":false,"campfire_choices":[{"data":"TalkToTheHand","floor":7,"key":"SMITH"},{"floor":12,"key":"REST"},{"floor":15,"key":"REST"},{"data":"Eruption","floor":24,"key":"SMITH"},{"data":"Scrawl","floor":29,"key":"SMITH"},{"data":"Meditate","floor":32,"key":"SMITH"},{"data":"WaveOfTheHand","floor":40,"key":"SMITH"},{"data":"Bite","floor":45,"key":"SMITH"},{"data":"Bite","floor":47,"key":"SMITH"},{"floor":49,"key":"RECALL"}],"circlet_count":0,"master_deck":["Defend_P","Defend_P","Defend_P","Defend_P","Eruption+1","Vigilance","EmptyFist","TalkToTheHand+1","FlyingSleeves","FlyingSleeves","InnerPeace","CutThroughFate+1","Consecrate","Scrawl+1","Tantrum+1","Meditate+1","WaveOfTheHand+1","FlurryOfBlows","Bite+1","Bite+1","Bite","Bite","Weave+1","Tantrum+1","FlurryOfBlows"],"relics":["HolyWater","Torii","Darkstone Periapt","Pantograph","Membership Card","Ectoplasm","Toy Ornithopter","Matryoshka","Juzu Bracelet","Bag of Marbles","Smiling Mask","InkBottle","Dream Catcher","Damaru"],"acts_visited":["Exordium","TheCity","TheBeyond"],"potions_floor_usage":[23,33,33,33,33,33,41,44,50],"damage_taken":[{"damage":0,"enemies":"Small Slimes","floor":1,"turns":2},{"damage":1,"enemies":"2 Louse","floor":2,"turns":3},{"damage":2,"enemies":"Jaw Worm","floor":5,"turns":4},{"damage":25,"enemies":"3 Sentries","floor":6,"turns":12},{"damage":9,"enemies":"3 Louse","floor":8,"turns":3},{"damage":24,"enemies":"The Guardian","floor":16,"turns":13},{"damage":2,"enemies":"Chosen","floor":18,"turns":5},{"damage":1,"enemies":"Spheric Guardian","floor":19,"turns":3},{"damage":0,"enemies":"Centurion and Healer","floor":21,"turns":4},{"damage":9,"enemies":"Slavers","floor":23,"turns":4},{"damage":12,"enemies":"Snake Plant","floor":25,"turns":4},{"damage":0,"enemies":"Shelled Parasite and Fungi","floor":27,"turns":3},{"damage":14,"enemies":"Centurion and Healer","floor":28,"turns":6},{"damage":1,"enemies":"Book of Stabbing","floor":31,"turns":3},{"damage":55,"enemies":"Automaton","floor":33,"turns":10},{"damage":23,"enemies":"3 Darklings","floor":35,"turns":4},{"damage":10,"enemies":"3 Shapes","floor":38,"turns":3},{"damage":11,"enemies":"Reptomancer","floor":41,"turns":6},{"damage":1,"enemies":"3 Darklings","floor":44,"turns":2},{"damage":29,"enemies":"Jaw Worm Horde","floor":48,"turns":5},{"damage":75,"enemies":"Donu and Deca","floor":50,"turns":9}],"seed_played":"-4183631870318689914","potions_obtained":[{"floor":2,"key":"LiquidMemories"},{"floor":6,"key":"LiquidBronze"},{"floor":18,"key":"SkillPotion"},{"floor":31,"key":"EntropicBrew"},{"floor":33,"key":"BottledMiracle"},{"floor":38,"key":"Ancient Potion"},{"floor":41,"key":"Weak Potion"},{"floor":44,"key":"Fruit Juice"},{"floor":48,"key":"CultistPotion"}],"is_trial":false,"path_per_floor":["M","M","?","?","M","E","R","M","T","?","$","R","$","?","R","B",null,"M","M","$","M","$","E","R","M","T","M","M","R","?","E","R","B",null,"M","$","?","M","?","R","E","?","T","M","R","T","R","M","R","B"],"character_chosen":"WATCHER","items_purchased":["CutThroughFate","Membership Card","Consecrate","Toy Ornithopter"],"campfire_rested":2,"item_purchase_floors":[11,13,13,22],"current_hp_per_floor":[65,64,53,53,51,26,26,17,17,5,5,24,24,24,43,41,65,63,62,62,62,62,56,56,44,44,44,30,30,30,35,35,31,45,27,27,27,27,27,27,33,33,33,44,44,44,44,29,29,0,0],"gold":29,"neow_bonus":"ONE_RARE_RELIC","is_daily":false,"chose_seed":false,"campfire_upgraded":7,"win_rate":0.0,"timestamp":1610110116,"path_taken":["M","M","?","?","M","E","R","M","T","?","$","R","$","?","R","BOSS","M","M","$","M","$","E","R","M","T","M","M","R","?","E","R","BOSS","M","$","?","M","?","R","E","?","T","M","R","?","R","M","R","BOSS"],"items_purchased_type":["Card","Relic","Card","Relic"],"build_version":"2020-12-22","purchased_purges":1,"victory":false,"max_hp_per_floor":[65,65,65,65,65,65,65,65,65,65,65,65,65,65,65,65,65,65,65,65,65,65,65,65,65,65,65,65,65,45,45,45,45,45,45,45,45,45,45,45,45,45,45,50,50,50,50,50,50,50,50],"relic_stats":{"Darkstone Periapt":0,"Dream Catcher":0,"Torii":64,"counters":[21,108],"Pantograph":53,"Ectoplasm":475,"Juzu Bracelet":1,"Smiling Mask":0,"obtain_stats":[{"Darkstone Periapt":6,"Torii":0,"Damaru":46,"Juzu Bracelet":26,"Smiling Mask":41,"Dream Catcher":43,"Matryoshka":23,"Pantograph":9,"HolyWater":34,"Ectoplasm":17,"Bag of Marbles":31,"Membership Card":13,"PureWater":0,"Toy Ornithopter":22,"InkBottle":43},{"Darkstone Periapt":4,"Torii":0,"Damaru":19,"Juzu Bracelet":11,"Smiling Mask":18,"Dream Catcher":18,"Matryoshka":10,"Pantograph":5,"HolyWater":15,"Ectoplasm":6,"Bag of Marbles":14,"Membership Card":5,"PureWater":0,"Toy Ornithopter":9,"InkBottle":18},{"Darkstone Periapt":21,"Torii":0,"Damaru":94,"Juzu Bracelet":57,"Smiling Mask":92,"Dream Catcher":92,"Matryoshka":53,"Pantograph":24,"HolyWater":79,"Ectoplasm":37,"Bag of Marbles":69,"Membership Card":24,"PureWater":0,"Toy Ornithopter":49,"InkBottle":92}],"Toy Ornithopter":41,"InkBottle":[10]},"card_choices":[{"not_picked":["PathToVictory","DeceiveReality"],"picked":"EmptyFist","floor":1},{"not_picked":["Sanctity","CarveReality"],"picked":"TalkToTheHand","floor":2},{"not_picked":["SashWhip","EmptyFist"],"picked":"FlyingSleeves","floor":5},{"not_picked":["EmptyFist","Halt"],"picked":"FlyingSleeves","floor":6},{"not_picked":["SashWhip","Fasting2"],"picked":"InnerPeace","floor":8},{"not_picked":["Wish","Omniscience"],"picked":"Scrawl","floor":16},{"not_picked":["Nirvana","CarveReality"],"picked":"Tantrum+1","floor":18},{"not_picked":["Protect","EmptyBody"],"picked":"Meditate","floor":19},{"not_picked":["Consecrate","FlyingSleeves+1"],"picked":"WaveOfTheHand","floor":21},{"not_picked":["FollowUp+1","ClearTheMind","Prostrate"],"picked":"SKIP","floor":23},{"not_picked":["FollowUp","Crescendo","ForeignInfluence"],"picked":"SKIP","floor":25},{"not_picked":["CutThroughFate","WheelKick"],"picked":"FlurryOfBlows","floor":27},{"not_picked":["WaveOfTheHand","Indignation","PathToVictory"],"picked":"SKIP","floor":28},{"not_picked":["LessonLearned","PathToVictory+1"],"picked":"Weave+1","floor":31},{"not_picked":["SashWhip","Protect","Study+1"],"picked":"SKIP","floor":35},{"not_picked":["JustLucky","SashWhip+1","WaveOfTheHand"],"picked":"SKIP","floor":38},{"not_picked":["Omniscience","ClearTheMind+1"],"picked":"Tantrum+1","floor":41},{"not_picked":["CutThroughFate","Vengeance+1","FlyingSleeves"],"picked":"SKIP","floor":44},{"not_picked":["ForeignInfluence+1","WaveOfTheHand+1"],"picked":"FlurryOfBlows","floor":48}],"player_experience":557384,"relics_obtained":[{"floor":6,"key":"Darkstone Periapt"},{"floor":9,"key":"Pantograph"},{"floor":23,"key":"Matryoshka"},{"floor":26,"key":"Juzu Bracelet"},{"floor":31,"key":"Bag of Marbles"},{"floor":41,"key":"Smiling Mask"},{"floor":43,"key":"InkBottle"},{"floor":43,"key":"Dream Catcher"},{"floor":46,"key":"Damaru"}],"event_choices":[{"damage_healed":0,"gold_gain":75,"player_choice":"Gather Gold","damage_taken":11,"max_hp_gain":0,"max_hp_loss":0,"event_name":"World of Goop","floor":3,"gold_loss":0},{"damage_healed":0,"gold_gain":0,"player_choice":"Ignored","damage_taken":0,"max_hp_gain":0,"max_hp_loss":0,"event_name":"Golden Idol","floor":4,"gold_loss":0},{"damage_healed":0,"gold_gain":0,"player_choice":"Fled","damage_taken":12,"max_hp_gain":0,"max_hp_loss":0,"event_name":"Scrap Ooze","floor":10,"gold_loss":0},{"damage_healed":0,"gold_gain":0,"player_choice":"Ignored","damage_taken":0,"max_hp_gain":0,"max_hp_loss":0,"event_name":"Liars Game","floor":14,"gold_loss":0},{"damage_healed":0,"gold_gain":0,"player_choice":"Became a vampire","damage_taken":0,"max_hp_gain":0,"max_hp_loss":20,"event_name":"Vampires","floor":30,"gold_loss":0,"cards_obtained":["Bite","Bite","Bite","Bite","Bite"]},{"damage_healed":0,"gold_gain":0,"player_choice":"Ignored","damage_taken":0,"max_hp_gain":0,"max_hp_loss":0,"event_name":"Mysterious Sphere","floor":37,"gold_loss":0},{"cards_removed":["Bite"],"damage_healed":0,"gold_gain":0,"player_choice":"Removed Attack","damage_taken":0,"max_hp_gain":0,"max_hp_loss":0,"event_name":"Falling","floor":39,"gold_loss":0},{"damage_healed":0,"gold_gain":0,"player_choice":"Forge","damage_taken":0,"max_hp_gain":0,"max_hp_loss":0,"event_name":"Accursed Blacksmith","floor":42,"gold_loss":0,"cards_upgraded":["CutThroughFate"]}],"is_beta":false,"boss_relics":[{"not_picked":["SacredBark","Calling Bell"],"picked":"Ectoplasm"},{"not_picked":["Tiny House","SlaversCollar"],"picked":"HolyWater"}],"items_purged_floors":[11],"is_endless":false,"potions_floor_spawned":[2,6,18,19,21,31,33,38,41,44,48],"killed_by":"Donu and Deca","ascension_level":0}}