{"host":"2okas1s8lto464g9","time":1610099171,"event":{"mods":["BaseMod","Marisa£®ÏF”Í°°ƒß¿Ì…≥£©","Minty Spire (QoL Compilation)","StSLib","The Construct","The Servant 0.9.4"],"gold_per_floor":[111,130,149,149,30,30,50,81,106,106,106,39,50,65,65,65,65],"floor_reached":16,"playtime":498,"items_purged":[],"score":112,"play_id":"c2a1aae4-c637-4189-b035-30bebf9bd780","local_time":"20210108174611","is_ascension_mode":true,"campfire_choices":[{"data":"Acrobatics","floor":6.0,"key":"SMITH"},{"data":"Deep Breath","floor":11,"key":"SMITH"},{"data":"Concentrate","floor":15,"key":"SMITH"}],"circlet_count":0,"master_deck":["Strike_G","Strike_G","Strike_G","Strike_G","Strike_G","Defend_G","Defend_G","Defend_G","Defend_G","Defend_G","Survivor","Neutralize+1","Flechettes","Acrobatics+1","Crippling Poison","Deep Breath+1","Bouncing Flask","Corpse Explosion","Concentrate+1","Backflip"],"relics":["Ring of the Snake","Juzu Bracelet","Tiny Chest","Pen Nib"],"acts_visited":["Exordium"],"potions_floor_usage":[14,16,16],"damage_taken":[{"damage":7.0,"enemies":"Small Slimes","floor":1.0,"turns":5.0},{"damage":0.0,"enemies":"Cultist","floor":2.0,"turns":3.0},{"damage":0.0,"enemies":"2 Louse","floor":3.0,"turns":3.0},{"damage":4.0,"enemies":"Exordium Thugs","floor":7.0,"turns":4.0},{"damage":19.0,"enemies":"Gremlin Nob","floor":8.0,"turns":4.0},{"damage":2,"enemies":"3 Louse","floor":13,"turns":2},{"damage":9,"enemies":"Gremlin Gang","floor":14,"turns":4},{"damage":38,"enemies":"Slime Boss","floor":16,"turns":8}],"seed_played":"-8369783009942689932","potions_obtained":[{"floor":1.0,"key":"Explosive Potion"},{"floor":3.0,"key":"Fire Potion"},{"floor":7.0,"key":"PowerPotion"},{"floor":13,"key":"PowerPotion"}],"is_trial":false,"path_per_floor":["M","M","M","?","$","R","M","E","T","?","R","$","M","M","R","B"],"character_chosen":"THE_SILENT","items_purchased":["Crippling Poison","Deep Breath","Concentrate"],"campfire_rested":0,"item_purchase_floors":[5,5,12],"current_hp_per_floor":[63,63,63,63,63,63,59,40,40,40,40,40,38,29,29,0,0],"gold":65,"neow_bonus":"UPGRADE_CARD","is_daily":false,"chose_seed":false,"campfire_upgraded":3,"win_rate":0.0,"timestamp":1610099171,"path_taken":["M","M","M","?","$","R","M","E","T","?","R","$","M","M","R","BOSS"],"items_purchased_type":["Card","Card","Card"],"build_version":"2020-12-22","purchased_purges":0,"victory":false,"max_hp_per_floor":[70,70,70,70,70,70,70,70,70,70,70,70,70,70,70,70,70],"card_choices":[{"not_picked":["Outmaneuver","Deflect"],"picked":"Flechettes","floor":1.0},{"not_picked":["Dagger Throw","Underhanded Strike"],"picked":"Acrobatics","floor":2.0},{"not_picked":["Acrobatics","Storm of Steel"],"picked":"Backflip","floor":3.0},{"not_picked":["Quick Slash","Slice"],"picked":"Bouncing Flask","floor":7.0},{"not_picked":["Skewer","Acrobatics"],"picked":"Corpse Explosion","floor":8.0},{"not_picked":["Noxious Fumes","Terror","Cloak And Dagger"],"picked":"SKIP","floor":13},{"not_picked":["Eviscerate","Poisoned Stab"],"picked":"Backflip","floor":14}],"player_experience":517372,"relics_obtained":[{"floor":8.0,"key":"Tiny Chest"},{"floor":9.0,"key":"Pen Nib"}],"event_choices":[{"cards_removed":["Backflip"],"damage_healed":0.0,"max_hp_gain":0.0,"max_hp_loss":0.0,"gold_gain":0.0,"event_name":"WeMeetAgain","player_choice":"Gave Card","floor":4.0,"gold_loss":0.0,"damage_taken":0.0,"relics_obtained":["Juzu Bracelet"]},{"damage_healed":0,"gold_gain":0,"player_choice":"Ignored","damage_taken":0,"max_hp_gain":0,"max_hp_loss":0,"event_name":"Shining Light","floor":10,"gold_loss":0}],"is_beta":false,"boss_relics":[],"items_purged_floors":[],"is_endless":false,"potions_floor_spawned":[1,3,7,13],"killed_by":"Slime Boss","ascension_level":2}}