{"host":"d8hh7rr4yzitjeuj","time":1610086100,"event":{"mods":["2.2 Compatiblity","AchievementEnabler","Act Like it!","BaseMod","Colored Map","Colored Powertips","Highlight Path","Keyboard Shortcuts","Minty Spire (QoL Compilation)","Permanent Neow","Quick Restart","StSLib","SuperFastMode"],"gold_per_floor":[116,116,136,148,162,190,190,22,46,58,58,68,85,95,95,172,172,182,197,197,216,216,216],"floor_reached":22,"playtime":670,"items_purged":[],"score":384,"play_id":"eeb8b802-ecbe-4401-b61c-a3ee23d88e9a","local_time":"20210108150820","is_ascension_mode":true,"campfire_choices":[{"data":"Reprogram","floor":7.0,"key":"SMITH"},{"floor":15.0,"key":"REST"}],"circlet_count":0,"master_deck":["AscendersBane","Strike_B+1","Strike_B+1","Defend_B","Defend_B","Defend_B","Zap","Dualcast","Beam Cell+1","Sweeping Beam","Gash","Reprogram+1","Seek","FTL","Skim","Go for the Eyes","Leap","Rebound","Hello World","Thunder Strike","Streamline+1","White Noise+1","Biased Cognition+1","Hologram+1","Fusion","Seek","Leap"],"relics":["Cracked Core","Whetstone","MealTicket","Vajra","Astrolabe"],"acts_visited":["Exordium","TheCity"],"potions_floor_usage":[21],"damage_taken":[{"damage":4.0,"enemies":"Jaw Worm","floor":1.0,"turns":3.0},{"damage":4.0,"enemies":"2 Louse","floor":3.0,"turns":2.0},{"damage":0.0,"enemies":"Cultist","floor":4.0,"turns":2.0},{"damage":5.0,"enemies":"Exordium Wildlife","floor":5.0,"turns":3.0},{"damage":39.0,"enemies":"Gremlin Nob","floor":6.0,"turns":4.0},{"damage":10.0,"enemies":"3 Louse","floor":10.0,"turns":2.0},{"damage":0.0,"enemies":"Exordium Thugs","floor":12.0,"turns":3.0},{"damage":8.0,"enemies":"Lots of Slimes","floor":13.0,"turns":3.0},{"damage":8.0,"enemies":"Blue Slaver","floor":14.0,"turns":2.0},{"damage":3,"enemies":"The Guardian","floor":16,"turns":10},{"damage":37,"enemies":"Shell Parasite","floor":18,"turns":7},{"damage":21,"enemies":"Spheric Guardian","floor":19,"turns":5},{"damage":1,"enemies":"Centurion and Healer","floor":21,"turns":6},{"damage":8,"enemies":"Snake Plant","floor":22,"turns":2}],"seed_played":"-8786641288799627236","potions_obtained":[{"floor":5.0,"key":"Swift Potion"},{"floor":10.0,"key":"LiquidMemories"},{"floor":14.0,"key":"PowerPotion"},{"floor":16,"key":"Fire Potion"}],"is_trial":false,"path_per_floor":["M","?","M","M","M","E","R","$","T","M","?","M","M","M","R","B",null,"M","M","?","M","M"],"character_chosen":"DEFECT","items_purchased":["FTL","Skim"],"campfire_rested":1,"item_purchase_floors":[8,8],"current_hp_per_floor":[60,60,56,56,51,12,12,27,27,17,40,40,32,24,45,42,64,27,6,6,5,0,0],"gold":216,"neow_bonus":"RANDOM_COMMON_RELIC","is_daily":false,"chose_seed":false,"campfire_upgraded":1,"win_rate":0.0,"timestamp":1610086100,"path_taken":["M","?","M","M","M","E","R","$","T","M","?","M","M","M","R","BOSS","M","M","?","?","M"],"items_purchased_type":["Card","Card"],"build_version":"2020-12-22","purchased_purges":0,"victory":false,"max_hp_per_floor":[71,71,71,71,71,71,71,71,71,71,71,71,71,71,71,71,71,71,71,71,71,71,71],"card_choices":[{"not_picked":["Leap","Undo"],"picked":"Beam Cell","floor":1.0},{"not_picked":["Aggregate","Redo"],"picked":"Sweeping Beam","floor":3.0},{"not_picked":["Hologram","Turbo"],"picked":"Gash","floor":4.0},{"not_picked":["Turbo","Genetic Algorithm"],"picked":"Reprogram","floor":5.0},{"not_picked":["Aggregate","BootSequence"],"picked":"Seek","floor":6.0},{"not_picked":["Streamline","Storm"],"picked":"Go for the Eyes","floor":10.0},{"not_picked":["Streamline","Cold Snap"],"picked":"Leap","floor":12.0},{"not_picked":["Conserve Battery","Leap"],"picked":"Rebound","floor":13.0},{"not_picked":["Barrage","Chaos"],"picked":"Hello World","floor":14.0},{"not_picked":["Biased Cognition","Electrodynamics"],"picked":"Thunder Strike","floor":16},{"not_picked":["Steam","Sweeping Beam"],"picked":"Hologram+1","floor":18},{"not_picked":["Go for the Eyes","Coolheaded"],"picked":"Fusion","floor":19},{"not_picked":["Beam Cell","Cold Snap"],"picked":"Leap","floor":21}],"player_experience":1429625,"relics_obtained":[{"floor":6.0,"key":"MealTicket"},{"floor":9.0,"key":"Vajra"}],"event_choices":[{"damage_healed":0.0,"max_hp_gain":0.0,"max_hp_loss":0.0,"gold_gain":0.0,"event_name":"Living Wall","player_choice":"Grow","floor":2.0,"gold_loss":0.0,"damage_taken":0.0,"cards_upgraded":["Beam Cell"]},{"damage_healed":23.0,"max_hp_gain":0.0,"max_hp_loss":0.0,"gold_gain":0.0,"event_name":"Big Fish","player_choice":"Banana","floor":11.0,"gold_loss":0.0,"damage_taken":0.0},{"damage_healed":0,"gold_gain":0,"player_choice":"Copied","damage_taken":0,"max_hp_gain":0,"max_hp_loss":0,"event_name":"Duplicator","floor":20,"gold_loss":0,"cards_obtained":["Seek"]}],"is_beta":false,"boss_relics":[{"not_picked":["Pandora\u0027s Box","Tiny House"],"picked":"Astrolabe"}],"items_purged_floors":[],"is_endless":false,"potions_floor_spawned":[5,10,14,16,18],"killed_by":"Snake Plant","ascension_level":20}}