{"host":"6ct3sqwo9phh600z","time":1610084615,"event":{"mods":["AchievementEnabler","BaseMod","Colored Map","Custom Start","Minty Spire (QoL Compilation)","Quick Restart","StSLib","SuperFastMode"],"gold_per_floor":[115,290,303,303,2,2,28,28,28,56,75,93,93,106,106,208,208,224,224,242,90,90,122,140,152,175,208,208,39,39,59,59,159,159,172,0,19,69,69,69,81,81,81,81,100,100,114,114,114,114,114],"floor_reached":50,"playtime":1717,"items_purged":["Doubt","Strike_G+1"],"score":915,"play_id":"ff77662e-3968-4c6a-88e7-2b18d1c4c24b","local_time":"20210108144335","is_ascension_mode":true,"campfire_choices":[{"data":"Infinite Blades","floor":6.0,"key":"SMITH"},{"data":"Accuracy","floor":8.0,"key":"SMITH"},{"data":"Strike_G","floor":13.0,"key":"PURGE"},{"data":"After Image","floor":15.0,"key":"SMITH"},{"floor":28.0,"key":"REST"},{"floor":32,"key":"REST"},{"floor":40,"key":"REST"},{"data":"Strike_G+1","floor":42,"key":"PURGE"},{"floor":46,"key":"DIG"},{"floor":49,"key":"DIG"}],"circlet_count":0,"master_deck":["AscendersBane","Defend_G+1","Defend_G+1","Defend_G+1","Defend_G+1","Defend_G+1","Survivor","Neutralize+1","Accuracy+1","Backflip","Infinite Blades+1","After Image+1","Acrobatics","Storm of Steel","Escape Plan","Cloak And Dagger","Burst","Acrobatics+1","Infinite Blades+1","Reflex","A Thousand Cuts+1","PiercingWail+1"],"relics":["Ring of the Snake","NeowsBlessing","Bag of Preparation","Peace Pipe","StrikeDummy","Akabeko","Busted Crown","DollysMirror","Snake Skull","Letter Opener","Vajra","Frozen Egg 2","Fusion Hammer","Red Mask","Thread and Needle","Shovel","Whetstone","Nunchaku"],"acts_visited":["Exordium","TheCity","TheBeyond"],"potions_floor_usage":[33,33,50],"damage_taken":[{"damage":0.0,"enemies":"2 Louse","floor":1.0,"turns":1.0},{"damage":0.0,"enemies":"Cultist","floor":3.0,"turns":1.0},{"damage":0.0,"enemies":"Lagavulin","floor":7.0,"turns":1.0},{"damage":11.0,"enemies":"3 Sentries","floor":10.0,"turns":7.0},{"damage":3.0,"enemies":"Small Slimes","floor":11.0,"turns":3.0},{"damage":4.0,"enemies":"Blue Slaver","floor":12.0,"turns":3.0},{"damage":0.0,"enemies":"Exordium Thugs","floor":14.0,"turns":3.0},{"damage":0.0,"enemies":"Hexaghost","floor":16.0,"turns":6.0},{"damage":8.0,"enemies":"Spheric Guardian","floor":18.0,"turns":5.0},{"damage":2.0,"enemies":"2 Thieves","floor":20.0,"turns":3.0},{"damage":0.0,"enemies":"Gremlin Leader","floor":23.0,"turns":5.0},{"damage":5.0,"enemies":"Cultist and Chosen","floor":24.0,"turns":4.0},{"damage":17.0,"enemies":"Shelled Parasite and Fungi","floor":25.0,"turns":4.0},{"damage":18.0,"enemies":"Slavers","floor":27.0,"turns":5.0},{"damage":0,"enemies":"Snake Plant","floor":31,"turns":5},{"damage":23,"enemies":"Champ","floor":33,"turns":9},{"damage":12,"enemies":"3 Darklings","floor":35,"turns":3},{"damage":0,"enemies":"Orb Walker","floor":37,"turns":4},{"damage":0,"enemies":"Mind Bloom Boss Battle","floor":38,"turns":4},{"damage":0,"enemies":"Maw","floor":41,"turns":5},{"damage":0,"enemies":"4 Shapes","floor":45,"turns":3},{"damage":0,"enemies":"Sphere and 2 Shapes","floor":47,"turns":3},{"damage":37,"enemies":"Time Eater","floor":50,"turns":12}],"seed_played":"-8481251990127374517","potions_obtained":[{"floor":7.0,"key":"Energy Potion"},{"floor":12.0,"key":"SkillPotion"},{"floor":23.0,"key":"GamblersBrew"},{"floor":27.0,"key":"DistilledChaos"},{"floor":31,"key":"LiquidBronze"},{"floor":38,"key":"SteroidPotion"}],"is_trial":false,"path_per_floor":["M","?","M","?","$","R","E","R","T","E","M","M","R","M","R","B",null,"M","?","M","$","?","E","M","M","T","E","R","$","?","M","R","B",null,"M","?","M","?","?","R","M","R","T","$","M","R","M","?","R","B"],"character_chosen":"THE_SILENT","items_purchased":["Infinite Blades","Bag of Preparation","DollysMirror","Reflex"],"campfire_rested":3,"item_purchase_floors":[5,5,21,29],"current_hp_per_floor":[63,63,63,63,63,63,63,63,63,52,49,45,45,45,45,45,64,56,56,54,54,54,54,49,32,32,14,35,35,35,35,56,33,61,49,49,49,49,49,70,70,70,70,70,70,70,70,70,70,33,33],"gold":114,"neow_bonus":"THREE_ENEMY_KILL","is_daily":false,"chose_seed":false,"campfire_upgraded":3,"win_rate":0.0,"timestamp":1610084615,"path_taken":["M","?","M","?","$","R","E","R","T","E","M","?","R","M","R","BOSS","M","?","M","$","?","E","M","M","T","E","R","$","?","M","R","BOSS","M","?","M","?","?","R","M","R","T","$","M","R","M","?","R","BOSS"],"items_purchased_type":["Card","Relic","Relic","Card"],"build_version":"2020-12-22","purchased_purges":2,"victory":false,"max_hp_per_floor":[70,70,70,70,70,70,70,70,70,70,70,70,70,70,70,70,70,70,70,70,70,70,70,70,70,70,70,70,70,70,70,70,70,70,70,70,70,70,70,70,70,70,70,70,70,70,70,70,70,70,70],"card_choices":[{"not_picked":["Outmaneuver","Bane"],"picked":"Accuracy","floor":1.0},{"not_picked":["Distraction","Poisoned Stab"],"picked":"Backflip","floor":3.0},{"not_picked":["Prepared","Leg Sweep"],"picked":"After Image","floor":7.0},{"not_picked":["Dash","Bane"],"picked":"Acrobatics","floor":10.0},{"not_picked":["Dagger Throw","Prepared"],"picked":"Storm of Steel","floor":11.0},{"not_picked":["Slice","Eviscerate"],"picked":"Escape Plan","floor":12.0},{"not_picked":["Dagger Throw","Slice"],"picked":"Cloak And Dagger","floor":14.0},{"not_picked":["Night Terror","Glass Knife"],"picked":"Burst","floor":16.0},{"not_picked":[],"picked":"Acrobatics+1","floor":18.0},{"not_picked":["All Out Attack+1"],"picked":"SKIP","floor":20.0},{"not_picked":["Wraith Form v2"],"picked":"SKIP","floor":23.0},{"not_picked":["Prepared"],"picked":"SKIP","floor":24.0},{"not_picked":["All Out Attack+1"],"picked":"SKIP","floor":25.0},{"not_picked":["Poisoned Stab"],"picked":"SKIP","floor":27.0},{"not_picked":["Well Laid Plans+1"],"picked":"SKIP","floor":31},{"not_picked":[],"picked":"A Thousand Cuts+1","floor":33},{"not_picked":["Heel Hook+1"],"picked":"SKIP","floor":35},{"not_picked":["Outmaneuver+1"],"picked":"SKIP","floor":37},{"not_picked":["Poisoned Stab"],"picked":"SKIP","floor":41},{"not_picked":["Heel Hook"],"picked":"SKIP","floor":45},{"not_picked":[],"picked":"PiercingWail+1","floor":47}],"player_experience":224025,"relics_obtained":[{"floor":7.0,"key":"Peace Pipe"},{"floor":9.0,"key":"StrikeDummy"},{"floor":10.0,"key":"Akabeko"},{"floor":23.0,"key":"Letter Opener"},{"floor":26.0,"key":"Vajra"},{"floor":27.0,"key":"Frozen Egg 2"},{"floor":38,"key":"Thread and Needle"},{"floor":43,"key":"Shovel"},{"floor":46,"key":"Whetstone"},{"floor":49,"key":"Nunchaku"}],"event_choices":[{"damage_healed":0.0,"max_hp_gain":0.0,"max_hp_loss":0.0,"gold_gain":175.0,"event_name":"Liars Game","player_choice":"AGREE","floor":2.0,"gold_loss":0.0,"damage_taken":0.0,"cards_obtained":["Doubt"]},{"damage_healed":0.0,"max_hp_gain":0.0,"max_hp_loss":0.0,"gold_gain":0.0,"event_name":"Upgrade Shrine","player_choice":"Upgraded","floor":4.0,"gold_loss":0.0,"damage_taken":0.0,"cards_upgraded":["Neutralize"]},{"damage_healed":0.0,"max_hp_gain":0.0,"max_hp_loss":0.0,"gold_gain":0.0,"event_name":"Back to Basics","player_choice":"Simplicity","floor":19.0,"gold_loss":0.0,"damage_taken":0.0,"cards_upgraded":["Strike_G","Strike_G","Strike_G","Strike_G","Defend_G","Defend_G","Defend_G","Defend_G","Defend_G"]},{"damage_healed":0.0,"max_hp_gain":0.0,"max_hp_loss":0.0,"gold_gain":0.0,"event_name":"The Mausoleum","player_choice":"Opened","floor":22.0,"gold_loss":0.0,"damage_taken":0.0,"relics_obtained":["Snake Skull"]},{"damage_healed":0.0,"max_hp_gain":0.0,"max_hp_loss":0.0,"gold_gain":0.0,"event_name":"Cursed Tome","player_choice":"Ignored","floor":30.0,"gold_loss":0.0,"damage_taken":0.0},{"damage_healed":0,"gold_gain":0,"player_choice":"Paid","damage_taken":0,"relics_obtained":["Red Mask"],"max_hp_gain":0,"max_hp_loss":0,"event_name":"Tomb of Lord Red Mask","floor":36,"gold_loss":172},{"damage_healed":0,"gold_gain":0,"player_choice":"Fight","damage_taken":0,"max_hp_gain":0,"max_hp_loss":0,"event_name":"MindBloom","floor":38,"gold_loss":0},{"cards_removed":["Strike_G"],"damage_healed":0,"gold_gain":0,"player_choice":"Removed Attack","damage_taken":0,"max_hp_gain":0,"max_hp_loss":0,"event_name":"Falling","floor":39,"gold_loss":0},{"cards_removed":["Strike_G"],"damage_healed":0,"gold_gain":0,"player_choice":"Purged","damage_taken":0,"max_hp_gain":0,"max_hp_loss":0,"event_name":"Purifier","floor":48,"gold_loss":0}],"is_beta":false,"boss_relics":[{"not_picked":["Philosopher\u0027s Stone","SacredBark"],"picked":"Busted Crown"},{"not_picked":["Tiny House","Ring of the Serpent"],"picked":"Fusion Hammer"}],"items_purged_floors":[5,29],"is_endless":false,"potions_floor_spawned":[7,12,23,27,31,38],"killed_by":"Time Eater","ascension_level":11}}