{"host":"qfskrnw3pl1q86j0","time":1610100294,"event":{"mods":["BaseMod","Block Reminder","Hermit","Marisa????????","Minty Spire (QoL Compilation)","Quick Restart","Random Character Button","Relic Stats","StSLib","The Poker Player","slay the spire mod where everything is the same but ironclad has a cowboy hat"],"gold_per_floor":[115,127,138,156,81,81,44,44,123,134,34,34,53,53,53,53,53],"floor_reached":16,"playtime":292,"items_purged":["Strike_P","Strike_P"],"score":92,"play_id":"e74e1ea2-a981-492e-8573-91acd74990ba","local_time":"20210108110454","is_ascension_mode":false,"campfire_choices":[{"data":"Eruption","floor":6,"key":"SMITH"},{"data":"Consecrate","floor":8,"key":"SMITH"},{"data":"Vigilance","floor":12,"key":"SMITH"},{"data":"ThirdEye","floor":15,"key":"SMITH"}],"circlet_count":0,"master_deck":["Strike_P","Strike_P","Defend_P","Defend_P","Defend_P","Defend_P","Eruption+1","Vigilance+1","Consecrate+1","Vengeance","BowlingBash","Tantrum","ThirdEye+1"],"relics":["PureWater","Lantern","Eternal Feather"],"acts_visited":["Exordium"],"potions_floor_usage":[],"damage_taken":[{"damage":0,"enemies":"Cultist","floor":1,"turns":2},{"damage":0,"enemies":"Small Slimes","floor":2,"turns":2},{"damage":0,"enemies":"Jaw Worm","floor":3,"turns":2},{"damage":7,"enemies":"3 Louse","floor":4,"turns":2},{"damage":0,"enemies":"Blue Slaver","floor":10,"turns":2},{"damage":0,"enemies":"Exordium Wildlife","floor":13,"turns":2},{"damage":55,"enemies":"Hexaghost","floor":16,"turns":3}],"seed_played":"-342280249740757909","potions_obtained":[{"floor":4,"key":"CultistPotion"},{"floor":10,"key":"BottledMiracle"},{"floor":13,"key":"Ancient Potion"}],"is_trial":false,"path_per_floor":["M","M","M","M","$","R","$","R","T","M","$","R","M","?","R","B"],"character_chosen":"WATCHER","items_purchased":["Tantrum"],"campfire_rested":0,"item_purchase_floors":[7],"current_hp_per_floor":[72,72,72,65,65,65,65,65,65,65,65,71,71,71,72,17,17],"gold":53,"neow_bonus":"RANDOM_COMMON_RELIC","is_daily":false,"chose_seed":false,"campfire_upgraded":4,"win_rate":0.0,"timestamp":1610100294,"path_taken":["M","?","M","M","$","R","?","R","T","M","$","R","M","?","R","BOSS"],"items_purchased_type":["Card"],"build_version":"2020-12-22","purchased_purges":2,"victory":false,"max_hp_per_floor":[72,72,72,72,72,72,72,72,72,72,72,72,72,72,72,72,72],"relic_stats":{"counters":[7,15],"Eternal Feather":7,"obtain_stats":[{"Lantern":0,"Eternal Feather":9,"PureWater":0},{"Lantern":0,"Eternal Feather":4,"PureWater":0},{"Lantern":0,"Eternal Feather":8,"PureWater":0}]},"card_choices":[{"not_picked":["Prostrate","ThirdEye"],"picked":"Consecrate","floor":1},{"not_picked":["Crescendo","SignatureMove","Study"],"picked":"SKIP","floor":2},{"not_picked":["Collect","Weave"],"picked":"Vengeance","floor":3},{"not_picked":["WheelKick","Study"],"picked":"BowlingBash","floor":4},{"not_picked":["ReachHeaven","Crescendo","Brilliance"],"picked":"SKIP","floor":10},{"not_picked":["FlurryOfBlows","Crescendo"],"picked":"ThirdEye","floor":13}],"player_experience":931487,"relics_obtained":[{"floor":9,"key":"Eternal Feather"}],"event_choices":[{"damage_healed":0,"gold_gain":0,"player_choice":"Bought 0 Potions","damage_taken":0,"max_hp_gain":0,"max_hp_loss":0,"event_name":"The Woman in Blue","floor":14,"gold_loss":0}],"is_beta":false,"boss_relics":[],"items_purged_floors":[5,11],"is_endless":false,"potions_floor_spawned":[4,10,13],"killed_by":"Hexaghost","ascension_level":0}}