{"host":"78zdngn0u28jm0pp","time":1610141869,"event":{"mods":["BaseMod","Jorbs\u0027s Wanderer Trilogy","Minty Spire (QoL Compilation)","Permanent Neow","Quick Restart","Relic Stats","StSLib","Unceasing Turn Reminder"],"gold_per_floor":[114,264,264,284,52,52,73,108,108,122,122,23,41,91,91,91,91],"floor_reached":16,"playtime":502,"items_purged":["Doubt"],"score":200,"play_id":"11d37652-84dd-4c7a-9268-763949b1d83f","local_time":"20210108143749","is_ascension_mode":true,"campfire_choices":[{"data":"Neutralize","floor":6,"key":"SMITH"},{"floor":11,"key":"REST"},{"data":"Crippling Poison","floor":15,"key":"SMITH"}],"circlet_count":0,"master_deck":["AscendersBane","Strike_G","Strike_G","Strike_G","Strike_G","Strike_G","Defend_G","Defend_G","Defend_G","Defend_G","Defend_G","Survivor","Neutralize+1","Dagger Spray","Concentrate","Footwork","Crippling Poison+1","Dash","Tactician"],"relics":["Runic Pyramid","Golden Idol","ClockworkSouvenir","Ninja Scroll","Gremlin Horn","Oddly Smooth Stone"],"acts_visited":["Exordium"],"potions_floor_usage":[8,16],"damage_taken":[{"damage":0,"enemies":"2 Louse","floor":1,"turns":3},{"damage":4,"enemies":"Jaw Worm","floor":4,"turns":5},{"damage":3,"enemies":"Small Slimes","floor":7,"turns":3},{"damage":24,"enemies":"Gremlin Nob","floor":8,"turns":5},{"damage":0,"enemies":"Gremlin Gang","floor":10,"turns":3},{"damage":0,"enemies":"2 Fungi Beasts","floor":13,"turns":3},{"damage":28,"enemies":"Slime Boss","floor":16,"turns":11}],"seed_played":"-6047978086419737117","potions_obtained":[{"floor":4,"key":"ColorlessPotion"},{"floor":13,"key":"Ancient Potion"}],"is_trial":false,"path_per_floor":["M","?","?","M","$","R","M","E","T","M","R","?","M","?","R","B"],"character_chosen":"THE_SILENT","items_purchased":["ClockworkSouvenir"],"campfire_rested":1,"item_purchase_floors":[5],"current_hp_per_floor":[59,59,59,55,55,55,52,28,28,28,46,46,46,46,46,18,18],"gold":91,"neow_bonus":"BOSS_RELIC","is_daily":false,"chose_seed":false,"campfire_upgraded":2,"win_rate":0.0,"timestamp":1610141869,"path_taken":["M","?","?","M","$","R","M","E","T","M","R","?","?","?","R","BOSS"],"items_purchased_type":["Relic"],"build_version":"2020-12-22","purchased_purges":1,"victory":false,"max_hp_per_floor":[66,66,60,60,60,60,60,60,60,60,60,60,60,60,60,60,60],"relic_stats":{"Gremlin Horn":[4,4],"counters":[7,33],"Golden Idol":22,"obtain_stats":[{"Gremlin Horn":9,"Golden Idol":3,"Ninja Scroll":8,"Oddly Smooth Stone":12,"Ring of the Snake":0,"Runic Pyramid":0,"ClockworkSouvenir":5},{"Gremlin Horn":4,"Golden Idol":1,"Ninja Scroll":4,"Oddly Smooth Stone":5,"Ring of the Snake":0,"Runic Pyramid":0,"ClockworkSouvenir":2},{"Gremlin Horn":16,"Golden Idol":3,"Ninja Scroll":16,"Oddly Smooth Stone":19,"Ring of the Snake":0,"Runic Pyramid":0,"ClockworkSouvenir":8}]},"card_choices":[{"not_picked":["Well Laid Plans","Quick Slash"],"picked":"Dagger Spray","floor":1},{"not_picked":["Dodge and Roll","Dagger Throw"],"picked":"Concentrate","floor":4},{"not_picked":["Dagger Throw","Poisoned Stab"],"picked":"Footwork","floor":7},{"not_picked":["Heel Hook","Backstab"],"picked":"Crippling Poison","floor":8},{"not_picked":["Footwork","Dagger Throw"],"picked":"Dash","floor":10},{"not_picked":["PiercingWail","Blur"],"picked":"Tactician","floor":13}],"player_experience":766133,"relics_obtained":[{"floor":8,"key":"Ninja Scroll"},{"floor":9,"key":"Gremlin Horn"}],"event_choices":[{"damage_healed":0,"gold_gain":150,"player_choice":"AGREE","damage_taken":0,"max_hp_gain":0,"max_hp_loss":0,"event_name":"Liars Game","floor":2,"gold_loss":0,"cards_obtained":["Doubt"]},{"damage_healed":0,"gold_gain":0,"player_choice":"Lose Max HP","damage_taken":0,"relics_obtained":["Golden Idol"],"max_hp_gain":0,"max_hp_loss":6,"event_name":"Golden Idol","floor":3,"gold_loss":0},{"damage_healed":0,"gold_gain":0,"player_choice":"Paid Gold","damage_taken":0,"relics_obtained":["Oddly Smooth Stone"],"max_hp_gain":0,"max_hp_loss":0,"event_name":"WeMeetAgain","floor":12,"gold_loss":99},{"damage_healed":0,"gold_gain":50,"player_choice":"Pray","damage_taken":0,"max_hp_gain":0,"max_hp_loss":0,"event_name":"Golden Shrine","floor":14,"gold_loss":0}],"is_beta":false,"boss_relics":[],"items_purged_floors":[5],"is_endless":false,"potions_floor_spawned":[4,13],"killed_by":"Slime Boss","ascension_level":20}}