{"host":"qq27suot6m8koe0b","time":1610095527,"event":{"mods":["Act Like it!","BaseMod","CapriCore","Chen","Gensokyo","GifTheSpireLib","Koishi","Marisa（霧雨　魔理沙）","Minty Spire (QoL Compilation)","Onozuka Komachi Mod","Reimu（博??梦）","StSLib","The Immortal","The Servant 0.9.4","Yakumo Yukari mod","Youmu（魂魄妖梦）","Yuyuko"],"gold_per_floor":[133,133,133,17,32,59,78,78,78,97,132,150,166,176,176,281,281,300,300,16,28,28,28,28,43,69,84,101,101,101,101],"floor_reached":30,"playtime":1369,"items_purged":[],"score":294,"play_id":"662c6e4f-158a-4ffb-9bd0-7a8a5587932d","local_time":"20210108164527","is_ascension_mode":false,"campfire_choices":[{"data":"Observe_purple_2","floor":8,"key":"SMITH"},{"floor":15,"key":"RECALL"},{"data":"Human_Monster_Realm_purple","floor":23,"key":"SMITH"}],"circlet_count":0,"master_deck":["AT_purpleEX","AT_purpleEX","AT_purpleEX","AT_purpleEX","Defend_purpleEX","Defend_purpleEX","Defend_purpleEX","Defend_purpleEX","Observe_purple_1","Observe_purple_2+1","OmniscientAndOmnipotent_Monster_purple","Charmbait_purple","CommonSense_AntiCommonSense_purple","OmniscientAndOmnipotent_Monster_purple","StateErode_purple","Umbrella_purple","DimensionStaggered_purple","OmniscientAndOmnipotent_Monster_purple","WeekHit_purple","Shallow_ocean_purpleEX","Human_Monster_Realm_purple+1","Bait_HighSpeedFlying_purple","Gensokyo:LockedMedkit","Gensokyo:BlemishedSteel","Worldmountain_purple","Worldmountain_purple+1","Gensokyo:FourOfAKind","Gensokyo:FourOfAKind","Gensokyo:FourOfAKind","Gensokyo:FourOfAKind"],"relics":["Boundary_crack","Memoryfragments_purpleEX","NeowsBlessing","Mummified Hand","Blood Vial","Meat on the Bone","Turnip","Calipers","Sozu","Gensokyo:RedStar","HandDrill","Gensokyo:ChorusOfJoy","RuthlessExorcism:ReiMu"],"acts_visited":["Gensokyo:Gensokyo","Gensokyo:Gensokyoer"],"potions_floor_usage":[16,16,25],"damage_taken":[{"damage":0,"enemies":"Gensokyo:3_Fairies","floor":1,"turns":2},{"damage":0,"enemies":"Gensokyo:Python","floor":5,"turns":1},{"damage":18,"enemies":"Gensokyo:Aya","floor":6,"turns":1},{"damage":10,"enemies":"Gensokyo:Gryphon","floor":7,"turns":3},{"damage":7,"enemies":"Gensokyo:2_Rabbits","floor":10,"turns":3},{"damage":36,"enemies":"Gensokyo:Cirno","floor":11,"turns":6},{"damage":6,"enemies":"Gensokyo:3_Kodama","floor":12,"turns":3},{"damage":0,"enemies":"Gensokyo:VengefulSpirit","floor":13,"turns":2},{"damage":9,"enemies":"Gensokyo:Gryphon_and_Rabbit","floor":14,"turns":3},{"damage":14,"enemies":"Gensokyo:Reimu","floor":16,"turns":7},{"damage":12,"enemies":"Gensokyo:CosmicMonolith","floor":18,"turns":3},{"damage":10,"enemies":"Gensokyo:AngelMirror","floor":21,"turns":4},{"damage":49,"enemies":"Gensokyo:Slime_Group","floor":25,"turns":4},{"damage":19,"enemies":"Gensokyo:Chomper_and_Gloop","floor":27,"turns":4},{"damage":6,"enemies":"Gensokyo:Monolith_and_Dog","floor":28,"turns":2},{"damage":51,"enemies":"Gensokyo:Swordslinger","floor":30,"turns":2}],"seed_played":"-8437080137529239721","potions_obtained":[{"floor":1,"key":"Strength Potion"},{"floor":6,"key":"Swift Potion"},{"floor":11,"key":"FearPotion"},{"floor":14,"key":"Block Potion"}],"is_trial":false,"path_per_floor":["M","T","?","$","M","E","M","R","T","M","E","M","M","M","R","B",null,"M","?","COS","M","?","R","$","M","T","M","M","?","M"],"character_chosen":"Youkari","items_purchased":["Charmbait_purple","CommonSense_AntiCommonSense_purple"],"campfire_rested":0,"item_purchase_floors":[4,4],"current_hp_per_floor":[70,70,56,56,58,42,47,47,47,44,27,38,43,41,41,43,70,61,61,61,57,57,57,57,24,24,24,33,33,0,0],"gold":101,"neow_bonus":"THREE_ENEMY_KILL","is_daily":false,"chose_seed":false,"campfire_upgraded":2,"win_rate":0.0,"timestamp":1610095527,"path_taken":["M","?","?","$","?","E","M","R","T","M","E","M","M","M","R","BOSS","M","?","COS","?","?","R","?","?","T","M","M","?","M"],"items_purchased_type":["Card","Card"],"build_version":"2020-12-22","purchased_purges":0,"victory":false,"max_hp_per_floor":[70,70,70,70,70,70,70,70,70,70,70,70,70,70,70,70,70,70,70,70,70,70,70,70,70,70,70,70,49,49,49],"card_choices":[{"not_picked":["WeekHit_purple","DarkRealmRedLine_purple"],"picked":"OmniscientAndOmnipotent_Monster_purple","floor":1},{"not_picked":["WatchEChange_purple","StateDuplicate_purple"],"picked":"OmniscientAndOmnipotent_Monster_purple","floor":5},{"not_picked":["Mirror_FormAndEmptin_purple","Realm_recovery_purpleEX"],"picked":"StateErode_purple","floor":6},{"not_picked":["Boundary_LightAndDark_purple","Yakumo_Ran_purple"],"picked":"Umbrella_purple","floor":7},{"not_picked":["ExistenceContinue_purple","SfantasyHide_purple"],"picked":"DimensionStaggered_purple","floor":10},{"not_picked":["RuptureOfTimeAndSpace_purple","WingOfChimera_purple"],"picked":"OmniscientAndOmnipotent_Monster_purple","floor":11},{"not_picked":["OmniscientAndOmnipotent_Monster_purple","WingOfChimera_purple"],"picked":"WeekHit_purple","floor":12},{"not_picked":["MeetDecomposer_purple","PositiveMatter_Antimatter_Universe_purple"],"picked":"Shallow_ocean_purpleEX","floor":13},{"not_picked":["AdvanceAttack_purple","Bait_Toxicbait_purple","ExistenceContinue_purple"],"picked":"SKIP","floor":14},{"not_picked":["ContainerChange_purple","Monsters_DoubleDeathButterfly_purple"],"picked":"Human_Monster_Realm_purple","floor":16},{"not_picked":["SfantasyHide_purple","Mirror_FourBoundary_purple"],"picked":"Bait_HighSpeedFlying_purple","floor":18},{"not_picked":["Umbrella_purple+1","MeetDecomposer_purple"],"picked":"Worldmountain_purple","floor":21},{"not_picked":["Umbrella_purple","RuleDissolution_purple"],"picked":"Worldmountain_purple+1","floor":25},{"not_picked":["Worldmountain_purple","SharpContractionReality_purple","WatchEChange_purple"],"picked":"SKIP","floor":27},{"not_picked":["PositiveMatter_Antimatter_Universe_purple+1","Mirror_FormAndEmptin_purple","Umbrella_purple+1"],"picked":"SKIP","floor":28}],"player_experience":331710,"relics_obtained":[{"floor":2,"key":"Mummified Hand"},{"floor":6,"key":"Meat on the Bone"},{"floor":9,"key":"Turnip"},{"floor":11,"key":"Calipers"},{"floor":26,"key":"RuthlessExorcism:ReiMu"}],"event_choices":[],"is_beta":false,"boss_relics":[{"not_picked":["Seventeenyearold_girl_Forever","Ectoplasm"],"picked":"Sozu"}],"items_purged_floors":[],"is_endless":false,"potions_floor_spawned":[1,6,11,14,21,25,28],"killed_by":"Gensokyo:Swordslinger","ascension_level":0}}