{"host":"56ghxnzsglgdq727","time":1610112601,"event":{"mods":["AchievementEnabler","BaseMod","Downfall","Duelist Mod","Hermit","Minty Spire (QoL Compilation)","Rare Cards Sparkle","SOS???????","StSLib","The Bug Knight","The Senshi","The Servant 0.9.4","The Wild Card","Yuri Mod"],"gold_per_floor":[110,110,123,88,106,106,181,193,219,219,73,99,113,83,83,83,83],"floor_reached":16,"playtime":351,"items_purged":[],"score":90,"play_id":"4762937d-0f56-4a27-b754-92b72f89eb82","local_time":"20210108083001","is_ascension_mode":false,"campfire_choices":[{"data":"hermit:Snapshot","floor":6,"key":"SMITH"},{"data":"hermit:GoldenBullet","floor":10,"key":"SMITH"},{"floor":15,"key":"REST"}],"circlet_count":0,"master_deck":["hermit:Strike_Hermit","hermit:Strike_Hermit","hermit:Strike_Hermit+1","hermit:Strike_Hermit","hermit:Defend_Hermit+1","hermit:Defend_Hermit","hermit:Defend_Hermit","hermit:Defend_Hermit","hermit:Snapshot+1","hermit:Covet","hermit:Deadeye","hermit:Misfire","hermit:GoldenBullet+1","hermit:TrackingShot"],"relics":["hermit:Momento","NeowsBlessing","Boot","HandDrill","Odd Mushroom"],"acts_visited":["Exordium"],"potions_floor_usage":[12,16,16],"damage_taken":[{"damage":0,"enemies":"Jaw Worm","floor":1,"turns":1},{"damage":0,"enemies":"2 Louse","floor":3,"turns":1},{"damage":0,"enemies":"Small Slimes","floor":5,"turns":1},{"damage":5,"enemies":"Looter","floor":8,"turns":2},{"damage":24,"enemies":"The Mushroom Lair","floor":12,"turns":3},{"damage":10,"enemies":"3 Louse","floor":13,"turns":3},{"damage":35,"enemies":"Slime Boss","floor":16,"turns":5}],"seed_played":"-656880685125408546","potions_obtained":[{"floor":3,"key":"sneckomod:MuddlingPotion"},{"floor":8,"key":"LiquidMemories"},{"floor":14,"key":"LiquidBronze"},{"floor":14,"key":"SmokeBomb"}],"is_trial":false,"path_per_floor":["M","?","M","?","M","R","?","M","T","R","$","?","M","?","R","B"],"character_chosen":"HERMIT","items_purchased":["HandDrill"],"campfire_rested":1,"item_purchase_floors":[11],"current_hp_per_floor":[75,60,60,75,75,75,64,59,59,59,59,35,25,25,47,12,12],"gold":83,"neow_bonus":"THREE_ENEMY_KILL","is_daily":false,"chose_seed":false,"campfire_upgraded":2,"win_rate":0.0,"timestamp":1610112601,"path_taken":["M","?","M","?","M","R","?","M","T","R","$","?","M","?","R","BOSS"],"items_purchased_type":["Relic"],"build_version":"2020-12-22","purchased_purges":0,"victory":false,"max_hp_per_floor":[75,75,75,75,75,75,75,75,75,75,75,75,75,75,75,75,75],"card_choices":[{"not_picked":["hermit:Vantage","hermit:Feint"],"picked":"hermit:Deadeye","floor":1},{"not_picked":["hermit:BodyArmor","hermit:Feint","hermit:HoleUp"],"picked":"SKIP","floor":3},{"not_picked":["hermit:GhostlyPresence","hermit:Snipe"],"picked":"hermit:Misfire","floor":5},{"not_picked":["hermit:Magnum","hermit:WideOpen"],"picked":"hermit:GoldenBullet","floor":8},{"not_picked":["hermit:ItchyTrigger","hermit:LowProfile"],"picked":"hermit:TrackingShot","floor":12},{"not_picked":["hermit:TrackingShot","hermit:Coalescence","hermit:WideOpen"],"picked":"SKIP","floor":13}],"player_experience":192970,"relics_obtained":[{"floor":9,"key":"Boot"},{"floor":12,"key":"Odd Mushroom"}],"event_choices":[{"damage_healed":0,"gold_gain":0,"player_choice":"Entered Light","damage_taken":15,"max_hp_gain":0,"max_hp_loss":0,"event_name":"Shining Light","floor":2,"gold_loss":0,"cards_upgraded":["hermit:Strike_Hermit","hermit:Defend_Hermit"]},{"damage_healed":18,"gold_gain":0,"player_choice":"Healed","damage_taken":0,"max_hp_gain":0,"max_hp_loss":0,"event_name":"The Cleric","floor":4,"gold_loss":35},{"damage_healed":0,"gold_gain":75,"player_choice":"Gather Gold","damage_taken":11,"max_hp_gain":0,"max_hp_loss":0,"event_name":"World of Goop","floor":7,"gold_loss":0},{"damage_healed":0,"gold_gain":0,"player_choice":"Fought Mushrooms","damage_taken":0,"max_hp_gain":0,"max_hp_loss":0,"event_name":"Mushrooms","floor":12,"gold_loss":0},{"damage_healed":0,"gold_gain":0,"player_choice":"Bought 2 Potions","damage_taken":0,"max_hp_gain":0,"max_hp_loss":0,"event_name":"The Woman in Blue","floor":14,"gold_loss":0}],"is_beta":false,"boss_relics":[],"items_purged_floors":[],"is_endless":false,"potions_floor_spawned":[3,8],"killed_by":"Slime Boss","ascension_level":0}}