{"host":"g01l53quoe6lrer0","time":1610066335,"event":{"mods":["2.2 Compatiblity","AchievementEnabler","BaseMod","Colored Map","Highlight Path","Keyboard Shortcuts","Minty Spire (QoL Compilation)","Permanent Neow","StSLib","SuperFastMode","everything is the same but u backflip on backflip"],"gold_per_floor":[111,111,121,134,84,84,117,117,140,140,165,182,32,67,67,145,145,156,256,272,285,296,296,331,331,410,445,445,471,486,340,340,415,415,425,436,451,469,320,320,320,333,333,333,82,96,96,108,108,108],"floor_reached":51,"playtime":1114,"items_purged":["Strike_R","Defend_R"],"score":1332,"play_id":"1c3ce5ea-7d2d-44e7-98f7-fa32583d6a2c","local_time":"20210108093855","is_ascension_mode":true,"campfire_choices":[{"data":"Whirlwind","floor":6.0,"key":"SMITH"},{"data":"Inflame","floor":10.0,"key":"SMITH"},{"data":"Bloodletting","floor":15.0,"key":"SMITH"},{"data":"Heavy Blade","floor":23.0,"key":"SMITH"},{"data":"Inflame","floor":25.0,"key":"SMITH"},{"floor":28.0,"key":"REST"},{"data":"Limit Break","floor":32.0,"key":"SMITH"},{"floor":40.0,"key":"REST"},{"data":"Bloodletting","floor":44,"key":"SMITH"},{"data":"Flex","floor":47,"key":"SMITH"},{"floor":49,"key":"REST"}],"circlet_count":0,"master_deck":["AscendersBane","Strike_R","Defend_R","Defend_R","Defend_R","Bash","Whirlwind+1","Inflame+1","Clothesline","Flex+1","Bloodletting+1","Battle Trance","Inflame+1","Heavy Blade+1","Bloodletting+1","Limit Break+1","Parasite","Burning Pact+1"],"relics":["Burning Blood","Bag of Marbles","Lantern","Nunchaku","Brimstone","Centennial Puzzle","Runic Pyramid","Mercury Hourglass","Matryoshka","PreservedInsect","Meat on the Bone","Empty Cage","Regal Pillow","Kunai","Paper Frog"],"acts_visited":["Exordium","TheCity","TheBeyond"],"potions_floor_usage":[50,50],"damage_taken":[{"damage":0.0,"enemies":"2 Louse","floor":1.0,"turns":2.0},{"damage":1.0,"enemies":"Cultist","floor":3.0,"turns":3.0},{"damage":0.0,"enemies":"Small Slimes","floor":4.0,"turns":3.0},{"damage":21.0,"enemies":"Gremlin Nob","floor":7.0,"turns":4.0},{"damage":6.0,"enemies":"Lagavulin","floor":11.0,"turns":4.0},{"damage":0.0,"enemies":"Exordium Thugs","floor":12.0,"turns":1.0},{"damage":11.0,"enemies":"3 Sentries","floor":14.0,"turns":2.0},{"damage":0.0,"enemies":"Slime Boss","floor":16.0,"turns":4.0},{"damage":3.0,"enemies":"Shell Parasite","floor":18.0,"turns":1.0},{"damage":20.0,"enemies":"3 Byrds","floor":20.0,"turns":3.0},{"damage":3.0,"enemies":"Centurion and Healer","floor":21.0,"turns":1.0},{"damage":0.0,"enemies":"3 Cultists","floor":22.0,"turns":1.0},{"damage":18.0,"enemies":"Gremlin Leader","floor":24.0,"turns":3.0},{"damage":25.0,"enemies":"Slavers","floor":27.0,"turns":2.0},{"damage":3.0,"enemies":"Book of Stabbing","floor":29.0,"turns":1.0},{"damage":3.0,"enemies":"Snake Plant","floor":30.0,"turns":1.0},{"damage":32.0,"enemies":"Champ","floor":33.0,"turns":3.0},{"damage":8.0,"enemies":"3 Darklings","floor":35.0,"turns":3.0},{"damage":10.0,"enemies":"3 Shapes","floor":36.0,"turns":1.0},{"damage":12.0,"enemies":"Writhing Mass","floor":37.0,"turns":3.0},{"damage":40.0,"enemies":"4 Shapes","floor":38.0,"turns":2.0},{"damage":3,"enemies":"Spire Growth","floor":42,"turns":2},{"damage":3,"enemies":"3 Darklings","floor":46,"turns":2},{"damage":20,"enemies":"Writhing Mass","floor":48,"turns":3},{"damage":44,"enemies":"Time Eater","floor":50,"turns":3}],"seed_played":"6884763384554822170","potions_obtained":[{"floor":3.0,"key":"EntropicBrew"},{"floor":7.0,"key":"Block Potion"},{"floor":12.0,"key":"Energy Potion"},{"floor":14.0,"key":"Dexterity Potion"},{"floor":20.0,"key":"Weak Potion"},{"floor":30.0,"key":"Strength Potion"},{"floor":33.0,"key":"AttackPotion"},{"floor":35.0,"key":"Ancient Potion"},{"floor":36.0,"key":"AttackPotion"}],"is_trial":false,"path_per_floor":["M","?","M","M","?","R","E","?","T","R","E","M","$","E","R","B",null,"M","?","M","M","M","R","E","R","T","E","R","E","M","$","R","B",null,"M","M","M","M","$","R","?","M","T","R","$","M","R","M","R","B",null],"character_chosen":"IRONCLAD","items_purchased":["Brimstone","Limit Break","Strength Potion","Paper Frog"],"campfire_rested":3,"item_purchase_floors":[13,31,39,45],"current_hp_per_floor":[78,78,80,80,80,80,65,65,65,65,65,71,71,66,66,72,78,80,80,66,69,75,75,63,63,63,44,68,71,74,74,74,48,72,70,66,60,38,38,62,62,65,65,65,65,68,68,54,80,54],"gold":108,"neow_bonus":"THREE_CARDS","is_daily":false,"chose_seed":false,"campfire_upgraded":8,"win_rate":0.0,"timestamp":1610066335,"path_taken":["M","?","M","?","?","R","E","?","T","R","E","M","$","E","R","BOSS","M","?","?","M","M","R","E","R","T","E","R","E","?","$","R","BOSS","M","M","M","M","$","R","?","M","T","R","$","M","R","M","R","BOSS"],"items_purchased_type":["Relic","Card","Potion","Relic"],"build_version":"2020-12-22","purchased_purges":2,"victory":true,"max_hp_per_floor":[80,80,80,80,80,80,80,80,80,80,80,80,80,80,80,80,80,80,80,80,80,80,80,80,80,80,80,80,80,80,80,80,80,80,80,80,80,80,80,80,80,80,80,80,80,80,80,80,80,80],"card_choices":[{"not_picked":["Dark Embrace","Warcry"],"picked":"Whirlwind","floor":0.0},{"not_picked":["Perfected Strike","Twin Strike"],"picked":"Inflame","floor":1.0},{"not_picked":["Pommel Strike","Wild Strike"],"picked":"Clothesline","floor":3.0},{"not_picked":["Clash","Second Wind","True Grit"],"picked":"SKIP","floor":4.0},{"not_picked":["Dark Embrace","Pommel Strike","Heavy Blade"],"picked":"SKIP","floor":7.0},{"not_picked":["Cleave","Rage","Fiend Fire"],"picked":"SKIP","floor":11.0},{"not_picked":["Twin Strike","Perfected Strike"],"picked":"Flex","floor":12.0},{"not_picked":["Dropkick","Ghostly Armor"],"picked":"Bloodletting","floor":14.0},{"not_picked":["Sever Soul","Clothesline"],"picked":"Battle Trance","floor":18.0},{"not_picked":["Thunderclap","Body Slam+1"],"picked":"Inflame","floor":20.0},{"not_picked":["Wild Strike","Havoc"],"picked":"Heavy Blade","floor":21.0},{"not_picked":["Battle Trance","Armaments","Entrench"],"picked":"SKIP","floor":22.0},{"not_picked":["Heavy Blade","Armaments+1"],"picked":"Bloodletting","floor":24.0},{"not_picked":["Heavy Blade","Body Slam","Feel No Pain"],"picked":"SKIP","floor":27.0},{"not_picked":["Evolve","Dark Embrace","Rampage"],"picked":"SKIP","floor":29.0},{"not_picked":["Thunderclap","True Grit","Heavy Blade"],"picked":"SKIP","floor":30.0},{"not_picked":["Clothesline","Dark Embrace","Power Through"],"picked":"SKIP","floor":35.0},{"not_picked":["Heavy Blade","Perfected Strike+1","Wild Strike"],"picked":"SKIP","floor":36.0},{"not_picked":["Dual Wield","Havoc"],"picked":"Burning Pact+1","floor":37.0},{"not_picked":["Infernal Blade","Thunderclap","Havoc"],"picked":"SKIP","floor":38.0},{"not_picked":["Entrench+1","Burning Pact","Body Slam"],"picked":"SKIP","floor":42},{"not_picked":["Flex+1","Battle Trance","Fire Breathing"],"picked":"SKIP","floor":46},{"not_picked":["Havoc+1","Headbutt","Dual Wield"],"picked":"SKIP","floor":48}],"player_experience":82009,"relics_obtained":[{"floor":7.0,"key":"Bag of Marbles"},{"floor":9.0,"key":"Lantern"},{"floor":11.0,"key":"Nunchaku"},{"floor":14.0,"key":"Centennial Puzzle"},{"floor":24.0,"key":"Mercury Hourglass"},{"floor":26.0,"key":"Matryoshka"},{"floor":27.0,"key":"PreservedInsect"},{"floor":29.0,"key":"Meat on the Bone"},{"floor":43,"key":"Regal Pillow"},{"floor":43,"key":"Kunai"}],"event_choices":[{"damage_healed":0.0,"max_hp_gain":0.0,"max_hp_loss":0.0,"gold_gain":0.0,"event_name":"Match and Keep!","player_choice":"0 cards matched","floor":2.0,"gold_loss":0.0,"damage_taken":0.0,"cards_obtained":[]},{"cards_removed":["Strike_R"],"damage_healed":0.0,"max_hp_gain":0.0,"max_hp_loss":0.0,"gold_gain":0.0,"event_name":"The Cleric","player_choice":"Card Removal","floor":5.0,"gold_loss":50.0,"damage_taken":0.0},{"damage_healed":0.0,"max_hp_gain":0.0,"max_hp_loss":0.0,"gold_gain":0.0,"event_name":"Liars Game","player_choice":"Ignored","floor":8.0,"gold_loss":0.0,"damage_taken":0.0},{"damage_healed":0.0,"max_hp_gain":0.0,"max_hp_loss":0.0,"gold_gain":100.0,"event_name":"Golden Shrine","player_choice":"Pray","floor":19.0,"gold_loss":0.0,"damage_taken":0.0},{"damage_healed":0,"gold_gain":0,"player_choice":"Ignored","damage_taken":0,"max_hp_gain":0,"max_hp_loss":0,"event_name":"Mysterious Sphere","floor":41,"gold_loss":0}],"is_beta":false,"boss_relics":[{"not_picked":["Philosopher\u0027s Stone","Astrolabe"],"picked":"Runic Pyramid"},{"not_picked":["Black Star","Black Blood"],"picked":"Empty Cage"}],"items_purged_floors":[31,39],"is_endless":false,"potions_floor_spawned":[3,7,12,14,20,21,24,30,33,35,36,46],"ascension_level":13}}