{"host":"z9mq1tf06lkrncmk","time":1610134456,"event":{"mods":["Aspiration","BaseMod","Conspire","GifTheSpireLib","Hermit","Hubris","Minty Spire (QoL Compilation)","RatMod","Remilia??????","Replay The Spire","Robot Space Explorer","Shade Mod","StSLib","Td1madao Mod","The Cursed","The Disciple","The Dragon Tamer","The Hierophant","The Jungle","The Marked","The Necromancer","The Senshi","The Servant 0.9.4"],"gold_per_floor":[110,121,121,70,84,84,96,28,54,64,64,64,64,95,95,190,190,209,209,224,242,0,0,0,17,17,117,117,146,146,159,159,254,254,264,264,264,278,383,383,396,396,396,396,464,482,201,201,201,201,201],"floor_reached":50,"playtime":1954,"items_purged":["RobotSpaceExplorer:Strike"],"score":483,"play_id":"62c49098-986a-487f-9cd5-c71a654b7eff","local_time":"20210108143416","is_ascension_mode":false,"campfire_choices":[{"data":"RobotSpaceExplorer:Counterblock","floor":6,"key":"SMITH"},{"data":"RobotSpaceExplorer:FreezeRay","floor":11,"key":"SMITH"},{"data":"RobotSpaceExplorer:MetalStrike","floor":13,"key":"SMITH"},{"data":"RobotSpaceExplorer:StarDust","floor":15,"key":"SMITH"},{"data":"RobotSpaceExplorer:GearShield","floor":23,"key":"SMITH"},{"data":"RobotSpaceExplorer:Scan","floor":28,"key":"SMITH"},{"floor":32,"key":"REST"},{"floor":40,"key":"REST"},{"floor":42,"key":"REST"},{"floor":44,"key":"REST"},{"data":"RobotSpaceExplorer:PlasmaMissile","floor":49,"key":"SMITH"}],"circlet_count":0,"master_deck":["RobotSpaceExplorer:Strike","RobotSpaceExplorer:Strike","RobotSpaceExplorer:Strike","RobotSpaceExplorer:Defend","RobotSpaceExplorer:Defend","RobotSpaceExplorer:Defend","RobotSpaceExplorer:Defend","RobotSpaceExplorer:Scan+1","RobotSpaceExplorer:MiniLasers","RobotSpaceExplorer:Pulsar+1","RobotSpaceExplorer:Counterblock+1","RobotSpaceExplorer:MetalStrike","RobotSpaceExplorer:StunGrenade","RobotSpaceExplorer:FreezeRay+1","RobotSpaceExplorer:MetalStrike+1","RobotSpaceExplorer:StarDust+1","RobotSpaceExplorer:Comet+1","RobotSpaceExplorer:GearShield+1","RobotSpaceExplorer:GlueShot+1","RobotSpaceExplorer:GlueShot","RobotSpaceExplorer:PlasmaMissile+1","RobotSpaceExplorer:PowerCollector+1","RobotSpaceExplorer:PlasmaMissile+1"],"relics":["RobotSpaceExplorer:RoboCore","MealTicket","Torii","Sozu","conspire:Dentures","aspiration:RitualStick","Toy Ornithopter","Calipers","conspire:DecoderRing","Gremlin Horn","hubris:HollowSoul","hubris:Towel","Bottled Flame","Bottled Tornado","aspiration:Nostalgia","Iron Core"],"acts_visited":["Exordium","TheCity","TheBeyond"],"potions_floor_usage":[14,27,27,27],"damage_taken":[{"damage":0,"enemies":"Cultist","floor":1,"turns":3},{"damage":0,"enemies":"Small Slimes","floor":2,"turns":3},{"damage":0,"enemies":"Jaw Worm","floor":5,"turns":4},{"damage":0,"enemies":"Large Slime","floor":7,"turns":7},{"damage":0,"enemies":"Exordium Wildlife","floor":10,"turns":3},{"damage":7,"enemies":"Gremlin Nob","floor":14,"turns":3},{"damage":29,"enemies":"The Guardian","floor":16,"turns":9},{"damage":8,"enemies":"Spheric Guardian","floor":18,"turns":4},{"damage":1,"enemies":"Chosen","floor":20,"turns":3},{"damage":0,"enemies":"conspire:HollyBat","floor":21,"turns":6},{"damage":8,"enemies":"Shelled Parasite and Fungi","floor":25,"turns":5},{"damage":0,"enemies":"Colosseum Slavers","floor":27,"turns":3},{"damage":1,"enemies":"Colosseum Nobs","floor":27,"turns":3},{"damage":1,"enemies":"conspire:Head Lice","floor":29,"turns":6},{"damage":3,"enemies":"Snake Plant","floor":31,"turns":4},{"damage":27,"enemies":"conspire:MysteriousRune","floor":33,"turns":7},{"damage":10,"enemies":"3 Shapes","floor":35,"turns":3},{"damage":13,"enemies":"3 Darklings","floor":38,"turns":5},{"damage":42,"enemies":"Spire Growth","floor":41,"turns":6},{"damage":0,"enemies":"Maw","floor":46,"turns":6},{"damage":16,"enemies":"hubris:GrandSnecko","floor":50,"turns":1}],"seed_played":"5868648079680046667","potions_obtained":[{"floor":2,"key":"LiquidBronze"},{"floor":7,"key":"Dexterity Potion"},{"floor":10,"key":"FearPotion"},{"floor":14,"key":"Fire Potion"}],"is_trial":false,"path_per_floor":["M","M","?","$","M","R","M","$","T","M","R","$","R","E","R","B",null,"M","?","M","M","$","R","?","M","T","?","R","E","?","M","R","B",null,"M","?","?","M","?","R","M","R","T","R","T","M","$","?","R","B"],"character_chosen":"RobotSpaceExplorer","items_purchased":["RobotSpaceExplorer:MetalStrike","RobotSpaceExplorer:FreezeRay","conspire:Dentures","RobotSpaceExplorer:PlasmaMissile+1","aspiration:Nostalgia"],"campfire_rested":4,"item_purchase_floors":[4,8,22,47,47],"current_hp_per_floor":[82,82,82,82,82,82,82,82,82,82,82,82,82,75,75,46,82,74,74,73,73,82,82,66,58,58,72,72,71,71,68,82,55,82,72,72,72,59,28,51,9,32,32,55,55,55,70,70,70,0,0],"gold":201,"neow_bonus":"TEN_PERCENT_HP_BONUS","is_daily":false,"chose_seed":false,"campfire_upgraded":7,"win_rate":0.0,"timestamp":1610134456,"path_taken":["M","?","?","?","M","R","M","$","T","M","R","?","R","E","R","BOSS","M","?","?","M","$","R","?","M","T","?","R","E","?","M","R","BOSS","M","?","?","M","?","R","M","R","T","R","?","?","$","?","R","BOSS"],"items_purchased_type":["Card","Card","Relic","Card","Relic"],"build_version":"2020-12-22","purchased_purges":1,"victory":false,"max_hp_per_floor":[82,82,82,82,82,82,82,82,82,82,82,82,82,82,82,82,82,82,82,82,82,82,82,82,82,82,82,82,82,82,82,82,82,82,82,78,78,78,78,78,78,78,78,78,78,78,78,78,78,78,78],"card_choices":[{"not_picked":["RobotSpaceExplorer:Ammunition","RobotSpaceExplorer:StunGrenade"],"picked":"RobotSpaceExplorer:Pulsar","floor":1},{"not_picked":["RobotSpaceExplorer:Electropulse","RobotSpaceExplorer:Smokescreen"],"picked":"RobotSpaceExplorer:Counterblock","floor":2},{"not_picked":["RobotSpaceExplorer:HighVoltage","RobotSpaceExplorer:ScrapMissile","RobotSpaceExplorer:SurgingStrike"],"picked":"SKIP","floor":5},{"not_picked":["RobotSpaceExplorer:FranticSearch","RobotSpaceExplorer:ShockKick"],"picked":"RobotSpaceExplorer:StunGrenade","floor":7},{"not_picked":["RobotSpaceExplorer:MiniDrones","RobotSpaceExplorer:ImprovisedAttack"],"picked":"RobotSpaceExplorer:MetalStrike","floor":10},{"not_picked":["RobotSpaceExplorer:DroneSwarm","RobotSpaceExplorer:TurboDodge"],"picked":"RobotSpaceExplorer:StarDust","floor":14},{"not_picked":["RobotSpaceExplorer:Scanner","RobotSpaceExplorer:Asteroid"],"picked":"RobotSpaceExplorer:Comet","floor":16},{"not_picked":["RobotSpaceExplorer:DoubleBlock","RobotSpaceExplorer:ScrapToss","RobotSpaceExplorer:ShockKick"],"picked":"SKIP","floor":18},{"not_picked":["RobotSpaceExplorer:Probe","RobotSpaceExplorer:FrostMissile","RobotSpaceExplorer:StunGrenade+1"],"picked":"SKIP","floor":20},{"not_picked":["RobotSpaceExplorer:ToxicBomb","RobotSpaceExplorer:RigExplosive"],"picked":"RobotSpaceExplorer:GearShield","floor":21},{"not_picked":["RobotSpaceExplorer:Smokescreen+1","RobotSpaceExplorer:DualCore"],"picked":"RobotSpaceExplorer:GlueShot+1","floor":25},{"not_picked":["RobotSpaceExplorer:Pulsar+1","RobotSpaceExplorer:Electropulse","RobotSpaceExplorer:Multitool"],"picked":"SKIP","floor":29},{"not_picked":["RobotSpaceExplorer:ImprovisedAttack","RobotSpaceExplorer:ScrapMissile","RobotSpaceExplorer:MetalStrike"],"picked":"SKIP","floor":31},{"not_picked":["RobotSpaceExplorer:ImprovisedAttack","RobotSpaceExplorer:ExhaustFan+1","RobotSpaceExplorer:Reload+1"],"picked":"SKIP","floor":35},{"not_picked":["RobotSpaceExplorer:MiniDrones","RobotSpaceExplorer:SwiftStep","RobotSpaceExplorer:JunkDive+1"],"picked":"SKIP","floor":38},{"not_picked":["RobotSpaceExplorer:ScrapToss+1","RobotSpaceExplorer:SurgingShield"],"picked":"RobotSpaceExplorer:GlueShot","floor":39},{"not_picked":["RobotSpaceExplorer:Electropulse+1","RobotSpaceExplorer:ScrapMissile"],"picked":"RobotSpaceExplorer:PlasmaMissile","floor":39},{"not_picked":["RobotSpaceExplorer:Pulsar","RobotSpaceExplorer:SwiftStep","RobotSpaceExplorer:MetalStrike+1"],"picked":"SKIP","floor":41},{"not_picked":["RobotSpaceExplorer:FranticSearch","RobotSpaceExplorer:ScrapMissile+1"],"picked":"RobotSpaceExplorer:PowerCollector+1","floor":46}],"player_experience":398404,"relics_obtained":[{"floor":9,"key":"MealTicket"},{"floor":14,"key":"Torii"},{"floor":26,"key":"Toy Ornithopter"},{"floor":27,"key":"Calipers"},{"floor":27,"key":"conspire:DecoderRing"},{"floor":29,"key":"Gremlin Horn"},{"floor":43,"key":"Bottled Flame"},{"floor":45,"key":"Bottled Tornado"}],"event_choices":[{"damage_healed":0,"gold_gain":0,"player_choice":"Grow","damage_taken":0,"max_hp_gain":0,"max_hp_loss":0,"event_name":"Living Wall","floor":3,"gold_loss":0,"cards_upgraded":["RobotSpaceExplorer:Pulsar"]},{"damage_healed":0,"gold_gain":0,"player_choice":"Upgraded","damage_taken":0,"max_hp_gain":0,"max_hp_loss":0,"event_name":"Upgrade Shrine","floor":19,"gold_loss":0,"cards_upgraded":["RobotSpaceExplorer:Comet"]},{"damage_healed":0,"gold_gain":0,"player_choice":"Fight","damage_taken":0,"max_hp_gain":0,"max_hp_loss":0,"event_name":"Colosseum","floor":27,"gold_loss":0},{"damage_healed":0,"gold_gain":0,"player_choice":"Fought Nobs","damage_taken":0,"max_hp_gain":0,"max_hp_loss":0,"event_name":"Colosseum","floor":27,"gold_loss":0},{"damage_healed":0,"gold_gain":0,"player_choice":"Bought 0 Potions","damage_taken":0,"max_hp_gain":0,"max_hp_loss":0,"event_name":"The Woman in Blue","floor":30,"gold_loss":0},{"damage_healed":0,"gold_gain":0,"player_choice":"Max HP","damage_taken":0,"max_hp_gain":0,"max_hp_loss":4,"event_name":"Winding Halls","floor":36,"gold_loss":0},{"damage_healed":0,"gold_gain":0,"player_choice":"Leave","damage_taken":0,"max_hp_gain":0,"max_hp_loss":0,"event_name":"conspire:Investor","floor":48,"gold_loss":0}],"is_beta":false,"boss_relics":[{"not_picked":["Velvet Choker","Fusion Hammer"],"picked":"Sozu"},{"not_picked":["aspiration:ServantSkillbook","Abe\u0027s Treasure"],"picked":"hubris:HollowSoul"}],"items_purged_floors":[47],"is_endless":false,"potions_floor_spawned":[2,7,10,14,18,21,25,29,41],"killed_by":"hubris:GrandSnecko","ascension_level":0}}