{"host":"m1168lp3vv5pgdep","time":1610112631,"event":{"mods":["Act Like it!","Aspiration","BaseMod","Better Altar","Better Match","Better Sensory Stone","Better Skull","Better Third Choice","Block Reminder","CCEM","Curses Come First","Elementarium","Gensokyo","GungeonMod","Hallownest","Hermit","Hubris","Menagerie","Minty Spire (QoL Compilation)","Pale of the Ancients","Permanent Neow","Quick Restart","Small Relic Pack","Spicy Shops","StSLib","The Bug Knight","The Forsaken","The Marked","Wandering Minibosses","WarShipGirlsR/????R mod"],"gold_per_floor":[110,110,123,139,27,27,43,171,196,161,161,161],"floor_reached":11,"playtime":1111,"items_purged":["Strike_R"],"score":75,"play_id":"209c6264-f826-427c-88e0-2729198feaf9","local_time":"20210108133031","is_ascension_mode":false,"campfire_choices":[{"data":"DemoMod:WhiteBlade","floor":6,"key":"SMITH"}],"circlet_count":0,"master_deck":["Strike_R","Strike_R","Strike_R","Strike_R","Defend_R","Defend_R","Defend_R","Defend_R","Bash","Armaments","DemoMod:WhiteBlade+1","DemoMod:BlackBlade","Uppercut","Shrug It Off","DemoMod:WhiteBlade"],"relics":["Burning Blood","hubris:Icosahedron","Gremlin Horn","Vajra"],"acts_visited":["Exordium"],"potions_floor_usage":[8],"damage_taken":[{"damage":6,"enemies":"Jaw Worm","floor":1,"turns":4},{"damage":5,"enemies":"Cultist","floor":3,"turns":4},{"damage":0,"enemies":"Small Slimes","floor":4,"turns":3},{"damage":15,"enemies":"Looter","floor":7,"turns":3},{"damage":47,"enemies":"HollowMod:MossKnight","floor":8,"turns":17},{"damage":13,"enemies":"Blue Slaver","floor":10,"turns":4},{"damage":35,"enemies":"Gremlin Nob","floor":11,"turns":3}],"seed_played":"830338170004361313","potions_obtained":[{"floor":7,"key":"PowerPotion"}],"is_trial":false,"path_per_floor":["M","?","M","M","$","R","M","E","T","M","E"],"character_chosen":"IRONCLAD","items_purchased":["Uppercut"],"campfire_rested":0,"item_purchase_floors":[5],"current_hp_per_floor":[88,88,88,88,88,88,79,38,38,31,0,0],"gold":161,"neow_bonus":"TEN_PERCENT_HP_BONUS","is_daily":false,"chose_seed":false,"campfire_upgraded":1,"win_rate":0.0,"timestamp":1610112631,"path_taken":["M","?","M","M","$","R","M","E","T","M","E"],"items_purchased_type":["Card"],"build_version":"2020-12-22","purchased_purges":1,"victory":false,"max_hp_per_floor":[88,88,88,88,88,88,88,88,88,88,88,88],"card_choices":[{"not_picked":["Wild Strike","Shrug It Off"],"picked":"Armaments","floor":1},{"not_picked":["Searing Blow","Perfected Strike"],"picked":"DemoMod:WhiteBlade","floor":3},{"not_picked":["Flex","Cleave","Twin Strike"],"picked":"SKIP","floor":4},{"not_picked":["Flex","Anger"],"picked":"Shrug It Off","floor":7},{"not_picked":["Carnage","Warcry","Second Wind"],"picked":"SKIP","floor":8},{"not_picked":["Warcry","Flex"],"picked":"DemoMod:WhiteBlade","floor":10}],"player_experience":164301,"relics_obtained":[{"floor":8,"key":"Gremlin Horn"},{"floor":9,"key":"Vajra"}],"event_choices":[],"is_beta":false,"boss_relics":[],"items_purged_floors":[5],"is_endless":false,"potions_floor_spawned":[7],"killed_by":"Gremlin Nob","ascension_level":0}}